3958 6172
305 305 435 356 1(Πῖ

299 419 472 481 ipsum
525 409 867 479 Spat‘tagum,
909 407 973 461 ad
1009 418 1169 478 caput
1222 405 1379 462 Silari
1414 411 1645 463 llmniuis
1673 420 1873 463 castra-

297 511 612 564 metantcm,
665 500 804 554 bello
835 500 1238 569 aggrederetur,
1291 500 1473 554 Gallos
1522 501 1871 554 auxilatores

293 593 410 659 ej'as
447 591 853 659 Germanosque
905 591 1198 658 superavit,
1229 605 1258 644 e
1286 592 1481 660 quibus
1521 592 1736 660 triginta
1770 591 1870 644 tria

299 683 460 737 millia
487 682 765 736 hominum
794 697 914 734 cum
945 681 1076 752 ipsis
1131 682 1354 736 ducibus
1385 684 1600 736 occidit.
1639 681 1873 738 Novissi-

298 789 383 827 me
441 774 614 842 ipsum
667 771 991 842 Spartagum
1032 774 1290 842 diSposita
1345 776 1460 828 acie
1500 791 1870 843 congressum,

298 865 668 933 maximasque
715 880 837 916 cum
891 880 954 918 eo
987 864 1329 931 fugitivorum
1383 867 1566 933 copias
1623 868 1867 935 perculit.

299 955 430 1008 Nam
463 955 737 1023 sexaginta
771 969 957 1008 eorum
989 956 1153 1008 millia
1188 973 1346 1021 caesa,
1382 973 1475 1011 sex
1531 958 1692 1012 millia
1719 969 1870 1027 capta

299 1046 646 1109 referuntur;
699 1047 796 1098 tria
860 1046 1020 1098 millia
1058 1046 1420 1100 Romanorum
1476 1060 1686 1118 recepta
1719 1059 1869 1116 sunt;

295 1135 500 1198 caueri,
528 1136 616 1203 qui
659 1151 720 1188 ex
754 1136 854 1188 hoc
881 1135 1020 1190 bello
1049 1137 1180 1206 lapsi
1217 1140 1563 1203 oberrabant,
1598 1156 1693 1208 per
1721 1157 1873 1196 com-

296 1229 478 1296 plures
504 1229 666 1283 ducrs
695 1227 962 1298 frequenti
985 1231 1240 1300 indagine
1268 1234 1482 1286 contriti
1511 1242 1653 1287 sum.

867 1358 1094 1416 CAPUT
1141 1354 1303 1416 XVII.

299 1449 372 1502 De
396 1451 616 1528 diversis
661 1451 857 1528 prie/iis
892 1455 944 1504 in
974 1451 1186 1528 Oriente
1226 1457 1403 1522 gestis,
1429 1458 1483 1510 id
1509 1469 1602 1520 est,
1626 1477 1742 1528 qum
1767 1460 1872 1513 Mi-

364 1521 618 1597 thridates
647 1523 794 1590 prius
819 1540 1111 1597 prospere,_
1129 1521 1333 1597 devium
1385 1521 1658 1594 infeliciter
1690 1535 1867 1597 gessit.

369 1592 434 1642 Et
457 1591 521 1643 de
544 1592 624 1662 [iis
649 1607 765 1652 qua!
810 1591 956 1662 Sylla
1002 1602 1049 1646 et
1082 1593 1329 1648 Lucullus
1366 1608 1411 1649 et
1442 1591 1612 1650 ἐπιρνὶ
1642 1591 1708 1652 ed
1739 1613 1870 1654 tem-

364 1677 489 1728 pore
534 1659 759 1713 Romani
792 1659 1049 1716 exercitus
1073 1666 1229 1718 duces
1256 1678 1578 1736 peregerunt.

1400 296 1811 353 CllRONICUN.
1862 326 1920 334 ——
1960 295 2122 351 TOMI
2162 297 2179 350 l
2220 297 2345 352 LIB.
2392 299 2471 352 Vl.

3421 308 3554 359 ili'i‘

1907 409 1948 466 Α
1977 421 2185 462 ceruut.
2218 410 2477 463 Similiter
2507 414 2784 482 Smyrnei,
2819 418 3005 478 Sardi,
3042 421 3353 488 Colophonii
3405 428 3554 480 'i'ral-

1976 497 2209 566 lianique
2259 500 2518 554 fecerunt.
2575 501 2923 559 Perturbatus
2960 507 3256 564 Mitridates
3308 528 3403 580 per
3456 515 3552 568 Ar-

1974 589 2218 642 chelaum
2273 591 2461 644 ducem
2515 608 2669 645 suum
2726 611 2847 648 cum
2899 596 3044 666 Sylla
3096 615 3282 666 pacem
3329 605 3546 673 pepigit.

1975 683 2181 736 Interea
2229 683 2489 750 Fimbria,
2540 685 2904 740 lilarianormn
2978 691 3240 746 scelerum
3313 695 3571 759 satelles,‘

1977 775 2135 826 homo
2181 775 2418 828 omnium
2459 777 2848 831 audacissimus
2878 819 2892 842 ,
2951 779 3199 834 Flaccum
3255 786 3547 850 consulem,

1975 866 2127 932 cujus
2162 867 2370 935 legatus
2424 877 2543 922 erat
2593 870 2733 937 apud
2779 869 3142 924 Nicomediam
3173 915 3186 936 ,
3220 877 3414 929 occidit
3445 895 3457 929 :
3489 894 3552 931 ac

1976 973 2096 1009 mox
2130 968 2344 1026 arrepto
2376 961 2616 1012 exercitu
2668 960 2955 1013 Milridatis
3006 961 3172 1016 ﬁlium
3212 981 3274 1018 ex
3325 967 3449 1020 Asia
3485 968 3550 1021 ad

1979 1047 2309 1117 Militopolim
2341 1049 2508 1120 fugat,
2530 1051 2925 1118 stationemque
2951 1053 3091 1120 regis
3110 1053 3332 1118 invadit,
3351 1057 3551 1124 ipsum-

1975 1153 2076 1204 que
2105 1137 2367 1206 Pergamo
2396 1139 2543 1206 pellit
2570 1179 2582 1201 ,
2631 1137 3032 1208 fugientemque
3067 1141 3338 1197 insecutus
3365 1185 3380 1206 ,
3412 1148 3551 1212 apud

1979 1227 2257 1280 Phitanam
2285 1229 2511 1282 obsedit.
2547 1229 2613 1281 Et
2661 1228 2902 1297 profecto
2958 1231 3210 1298 cepisset,
3264 1234 3306 1285 si
3357 1232 3551 1286 Lucius

1975 1317 2227 1371 Lucullus
2254 1318 2500 1372 civilibus
2530 1317 2817 1385 discordiis
2845 1335 3030 1372 curam
3075 1323 3382 1389 reipublicae
3415 1339 3553 1391 pne-

1977 1407 2182 1461 tulisset
2211 1448 2224 1470 ,
2272 1422 2503 1475 eumque
2530 1409 2664 1460 mari
2704 1419 2984 1463 coarctare
3019 1412 3225 1479 objecta
3259 1413 3429 1466 classe
3456 1428 3552 1465 vo-

1977 1498 2177 1550 luisset.
2213 1499 2334 1550 lnde
2376 1497 2608 1550 Fimbria
2638 1499 2917 1552 Iliensibus
2946 1501 3134 1563 iratus,
3177 1518 3205 1552 a
3236 1502 3429 1568 quibus
3455 1518 3550 1570 pro

1977 1587 2205 1658 Syllana:
2258 1589 2427 1656 partis
2486 1589 2663 1642 studio
2707 1588 2918 1666 objecta
2972 1601 3246 1658 portarmn
3307 1591 3550 1659 repulsus

1979 1680 2255 1732 videbatur
2279 1721 2293 1744 ,
2328 1681 2498 1749 ipsam
2532 1681 2716 1735 urbem
2753 1683 2978 1735 militum
3018 1682 3238 1753 [Ilium],
3270 1685 3547 1751 antiquam

366 1767 532 1838 Igitur
586 1768 916 1834 Mitridates,
981 1787 1071 1825 rex
1143 1773 1300 1827 Ponti
1352 1784 1514 1844 atque
1564 1776 1867 1844 Armenta,
1899 1750 1942 1806 Β
1975 1771 2118 1824 illam
2165 1772 2346 1826 Retine
2376 1783 2692 1842 parentem,
2735 1774 2973 1829 funditus
3005 1776 3148 1829 caede
3202 1777 3552 1844 incendioque

294 1869 580 1928 postquam
611 1859 952 1916 Nicomedem
979 1863 1242 1934 Bithynia:
1286 1881 1463 1934 regem
1511 1869 1740 1923 amicum
1771 1886 1870 1939 po-

294 1951 402 2020 puli
440 1952 664 2007 ltomani
697 1969 863 2022 regno
891 1956 1106 2024 privare
1147 1959 1364 2015 molitus
1390 1969 1494 2025 est,
1544 1971 1704 2030 atque
1733 1978 1760 2015 a
1787 1978 1870 2016 se-

295 2049 424 2094 natu
480 2044 740 2107 monitus,
799 2045 842 2098 si
873 2046 922 2100 id
952 2045 1132 2102 facere
1171 2057 1424 2112 tentaret,
1483 2053 1679 2106 bellum
1705 2054 1809 2107 sibi
1839 2071 1868 2108 a

290 2132 493 2201 populo
517 2133 760 2189 Romano
790 2136 1128 2194 inferendum
1177 2142 1291 2198 fore
1317 2162 1328 2196 :
1360 2144 1555 2210 iratus,
1587 2145 1871 2215 Cappado-

294 2223 434 2276 ciam
467 2225 723 2278 continuo
769 2230 1022 2295 pervasit,
1064 2239 1225 2300 atque
1255 2233 1478 2303 expulso
1504 2237 1572 2288 ab
1617 2251 1678 2289 ea
1710 2235 1871 2290 Ario-

294 2311 531 2364 barzane
562 2329 683 2383 rege
707 2327 958 2370 cunctam
984 2321 1316 2386 provinciam
1341 2323 1448 2391 igni
1489 2323 1736 2392 ferroque
1773 2341 1868 2378 va-

295 2403 477 2458 stavit.
518 2403 817 2475 Bithyniam
844 2409 1036 2464 deimle
1061 2412 1175 2478 pari
1211 2412 1361 2467 clade
1390 2416 1668 2482 corripuit.
1695 2416 1867 2470 Palla-

293 2497 510 2564 genium
539 2500 697 2551 simili
725 2501 872 2553 exitu
922 2501 1130 2568 alllixit,
1177 2505 1344 2573 pulsis
1373 2522 1436 2560 ex
1469 2522 1531 2559 ea
1561 2507 1869 2562 Pliilomene

293 2597 347 2639 et
380 2587 668 2644 Nicomede
699 2591 932 2658 regibus.
972 2589 1104 2645 Cum
1133 2595 1367 2648 veniSSet
1417 2597 1710 2665 Ephesum,
1739 2615 1866 2653 cru-

295 2678 401 2732 deli
434 2682 686 2748 przccepit
718 2683 895 2735 edicto
937 2691 989 2735 ut
1023 2699 1117 2750 per
1147 2693 1310 2738 totam
1340 2685 1519 2739 Asiam
1559 2688 1865 2755 quicunque

297 2772 501 2825 inventi
555 2782 737 2827 essent
790 2775 935 2828 cives
992 2775 1240 2838 Romani,
1290 2776 1390 2829 sub
1423 2793 1524 2830 una
1559 2778 1644 2831 die
1673 2794 1864 2832 omnes

299 2873 644 2917 necarentur.
696 2865 758 2918 Et
795 2865 993 2919 factum
1023 2875 1123 2921 est.
1178 2865 1287 2921 Nec
1314 2867 1571 2934 explicari
1601 2877 1693 2922 aut
1720 2885 1867 2922 com-

295 2954 554 3022 prehendi
581 2954 690 3007 ullo
724 2955 883 3009 modo
911 2955 1088 3010 verbis
1128 2964 1304 3025 potest
1325 2973 1444 3024 qua:
1471 2967 1595 3012 tunc
1626 2959 1869 3012 multitu—

295 3045 365 3096 do
397 3043 763 3098 Romanorum
794 3046 988 3100 civium
1017 3063 1154 3102 caesa
1183 3047 1271 3100 sit.
1312 3048 1442 3114 Quis
1469 3064 1670 3105 mteror
1700 3051 1866 3120 pluri-
1895 3087 1938 3148 Ο

295 3149 512 3188 marum
548 3135 961 3203 provinciarum,
1018 3138 1137 3205 quis
1186 3140 1416 3209 gemitus
1450 3142 1866 3196 occidendorum

293 3225 504 3294 pariter
548 3233 711 3294 atque
759 3228 1116 3282 occidentium
1159 3231 1341 3295 fuerit,
1375 3248 1498 3286 cum
1531 3234 1721 3302 singuli
1754 3235 1870 3302 qui-

291 3332 400 3385 que
449 3327 542 3371 aut
594 3321 821 3388 prodere
867 3321 1179 3376 innocentes
1237 3323 1476 3392 hospites
1531 3333 1586 3379 et
1645 3325 1868 3389 amicos,

293 3422 386 3464 aut
419 3412 518 3480 ipsi
553 3413 842 3481 periclitari
900 3428 1055 3483 poena
1096 3415 1363 3482 ImSpitum
1394 3425 1733 3484 cogerentur.
1763 3416 1868 3470 Ar—

293 3499 520 3553 chelaus
541 3516 774 3568 quoque,
804 3503 907 3554 dux
954 3501 1260 3563 Mitridatis,
1291 3517 1411 3554 cum
1438 3513 1653 3556 centum
1682 3505 1868 3573 viginti

293 3588 535 3640 millibus
569 3589 805 3658 peditum
861 3589 1066 3661 [atque]
1095 3591 1332 3658 equitum
1360 3592 1410 3644 in
1441 3591 1699 3646 Achaiam
1728 3609 1869 3662 pra:-

295 3680 518 3742 missus,
550 3679 788 3734 Athenas
826 3692 1182 3750 cunctamque
1226 3680 1446 3736 Graecia:
1472 3693 1676 3751 partem
1700 3685 1748 3737 vi
1778 3702 1872 3754 per

295 3771 626 3824 deditionem
658 3769 965 3840 [Grzeciaim
1005 3773 1200 3841 partim
1230 3774 1301 3836 vi,
1347 3776 1541 3852 partim
1580 3775 1868 3847 deditione]

294 3859 550 3912 obtinuit.
592 3858 772 3928 Sylla,
824 3860 907 3912 cui
959 3870 1081 3930 post
1125 3864 1459 3917 consulatum
1492 3864 1871 3919 Mitridaticum

297 3948 498 4003 bellum
557 3949 867 4012 obvenerat,
909 3951 1229 4006 Archelaum
1277 3955 1414 4022 apud
1449 3955 1677 4023 Pyreum
1708 3955 1873 4009 Athe-

293 4041 568 4093 niensium
600 4049 831 4107 portum,
869 4043 1197 4112 septemplici
1259 4061 1414 4098 muro
1461 4047 1868 4110 communitum,

297 4129 388 4182 diu
420 4129 654 4192 obsedit,
710 4131 987 4200 ipsamque
1041 4133 1446 4189 Atheniensium
1479 4138 1665 4190 urbem
1701 4139 1748 4191 vi
1780 4154 1872 4191 ce-

296 4220 408 4288 pit;
439 4228 622 4286 postea
643 4218 789 4286 justo
813 4222 996 4290 pratlio
1025 4239 1146 4276 eum
1171 4223 1433 4278 Archelao
1458 4226 1716 4278 conﬂixit.
1743 4226 1876 4281 Cen—

296 4320 413 4362 tum
444 4319 497 4362 et
521 4309 706 4363 decem
739 4311 901 4364 millia
931 4312 996 4364 de
1024 4314 1262 4366 exercitu
1297 4315 1540 4369 Archelai
1569 4317 1869 4382 interfecta,

1972 1863 2169 1917 delevit
2199 1879 2212 1916 :
2243 1865 2335 1918 sed
2366 1881 2485 1917 eam
2528 1864 2670 1935 Sylla
2703 1866 2960 1920 continuo
3019 1864 3352 1921 reformavit.
3404 1868 3550 1921 Idem

1971 1956 2207 2010 Fimbria
2241 1957 2382 2027 apud
2413 1957 2707 2010 Tiathiram
2733 1974 2852 2010 cum
2877 1944 3115 2012 exercitu
3148 1958 3306 2026 Sylla:
3338 1959 3552 2012 obside-

1973 2053 2154 2110 retur,
2209 2047 2582 2116 dcsperatione
2617 2048 2839 2100 adactus
2869 2087 2883 2110 ,
2936 2048 2986 2101 in
3027 2049 3223 2117 templo
3257 2048 3550 2117 {Esculapii

1922 2175 1924 2178 ν
1971 2156 2134 2194 manu
2182 2157 2276 2195 sua
2328 2139 2644 2194 intErfectus
2680 2149 2781 2193 est.
2839 2139 3078 2194 Fannius
3133 2150 3186 2194 et
3237 2140 3442 2204 Maius,
3488 2141 3554 2193 de

1970 2234 2210 2287 exercitu
2265 2233 2513 2286 Fimbria:
2557 2231 2768 2300 profugi
2798 2273 2812 2296 ,
2853 2232 3107 2285 Mitridati
3140 2248 3259 2285 sese
3289 2232 3551 2301 adjunxe-

1972 2334 2116 2380 runt.
2146 2323 2383 2390 Quorum
2419 2325 2635 2378 hortatu
2678 2323 2977 2376 Mitridates
3013 2338 3133 2375 cmn
3165 2321 3428 2384 Sertorio,
3457 2336 3552 2389 per

1969 2415 2176 2484 legatos
2204 2415 2256 2468 in
2289 2413 2602 2482 Hispaniam
2633 2412 2828 2465 missos
2854 2452 2867 2473 ,
2909 2409 3081 2464 fuadus
3112 2411 3332 2480 pepigit.
3361 2409 3549 2462 Serto-

1971 2507 2083 2560 rius
2141 2505 2207 2558 ad
2257 2520 2382 2558 eum
2435 2503 2503 2555 M.
2557 2501 2783 2555 Marium
2837 2501 3084 2554 firmandi
3128 2499 3347 2554 hederis
3391 2515 3551 2552 causa

1971 2601 2140 2653 misit.
2187 2599 2359 2666 Quem
2391 2613 2486 2651 rex
2523 2597 2664 2666 apud
2711 2610 2768 2650 se
2801 2603 3071 2648 retentum
3104 2634 3117 2654 ,
3154 2592 3304 2647 brevi
3365 2593 3553 2644 ducem

1971 2690 2098 2745 fecit
2131 2691 2182 2743 in
2211 2689 2387 2744 locum
2413 2687 2686 2750 Archelai,
2713 2688 2803 2758 qui
2835 2703 2892 2740 se
2921 2688 2984 2739 ad
3017 2686 3214 2755 Syllum
3239 2701 3359 2738 eum
3383 2697 3553 2736 uxore

1971 2781 2263 2848 liberisque
2294 2778 2612 2832 contulerat.
2651 2778 2849 2830 Marius
2885 2785 2940 2831 et
2968 2775 3272 2829 Eumachus
3317 2775 3482 2827 duces
3521 2787 3553 2826 a

1972 2871 2242 2924 Mitridate
2277 2869 2534 2923 adversus
2559 2868 2839 2921 Lucullum
2880 2867 3064 2930 missi,
3089 2882 3284 2935 magno
3310 2866 3550 2918 exercitu

1970 2960 2120 3016 brevi
2145 2967 2486 3030 congregato,
2517 2973 2638 3011 cum
2665 2956 2724 3009 Ρ.
2758 2955 2958 3008 Rutilio
2987 2955 3125 3024 apud
3157 2954 3550 3008 Chalcedonam

1971 3052 2246 3120 congressi
2275 3059 2415 3113 sunt,
2434 3064 2661 3117 eumque
2685 3063 2804 3102 eum
2829 3046 3056 3116 plurima
3087 3045 3355 3100 exercitus
3384 3044 3552 3112 ipsius

1974 3153 2126 3214 parte
2173 3143 2502 3197 ceciderunt.
2558 3139 2812 3194 Lucullus
2891 3139 3218 3192 Mitridatem
3269 3136 3550 3194 Cizicenos

1971 3233 2306 3287 obsidentem
2340 3229 2681 3296 fossa,,einxit
2711 3270 2724 3293 ,
2754 3243 2984 3298 eumque
3011 3228 3153 3296 quod
3187 3227 3416 3282 faciebat
3442 3229 3552 3297 pati

1971 3321 2249 3390 compulit.
2284 3321 2468 3389 Itaque
2499 3320 2565 3373 ad
2598 3319 2742 3388 ipsos
2768 3318 3049 3373 Cizicenos
3073 3357 3086 3379 ,
3119 3325 3178 3369 ut
3205 3317 3344 3370 bono
3373 3317 3553 3370 animo

1971 3419 2171 3473 essent,
2202 3409 2446 3462 nuntium
2495 3408 2662 3467 misit,
2701 3423 2866 3459 unum
2891 3423 2955 3460 ex
2984 3405 3244 3459 militibus
3275 3406 3433 3458 nandi
3464 3421 3556 3473 pe-

1972 3501 2132 3554 ritum
2165 3518 2177 3552 :
2203 3499 2292 3568 qui
2323 3497 2530 3551 duobus
2557 3499 2765 3550 utribus
2796 3513 3086 3566 suspensus
3117 3536 3131 3558 ,
3174 3496 3402 3549 mediam
3441 3497 3555 3565 ipse

1971 3589 2212 3657 regulam
2253 3597 2459 3650 tenens,
2492 3587 2693 3654 plantis
2725 3586 3119 3656 subremigans,
3153 3593 3356 3654 septem
3383 3585 3544 3638 millia

1971 3693 2223 3748 passuum
2268 3675 2637 3740 transmeavit.
2694 3674 3012 3737 Mitridates,
3058 3675 3234 3743 inopia
3275 3673 3552 3737 laborans,

1971 3778 2179 3838 partem
2233 3767 2506 3835 copiarum
2563 3766 2880 3818 instructam
2926 3764 3093 3817 armis
3133 3764 3348 3816 domum
3403 3763 3554 3815 abire

1972 3859 2245 3931 prmccpit.
2278 3857 2447 3924 Quam
2475 3855 2727 3909 Lucullus
2753 3854 3029 3922 excipiens
3053 3894 3066 3916 ,
3101 3855 3408 3906 universam
3440 3852 3552 3906 dis-

1973 3951 2222 4023 perdidit.
2259 3949 2392 4003 Nam
2429 3947 2659 4016 amplius
2699 3963 2858 4016 quam
2903 3945 3208 4014 quindecim
3247 3944 3408 3997 millia
3460 3945 3555 3998 ho-

1974 4043 2176 4097 minum
2203 4050 2328 4094 tunc
2357 4039 2689 4092 interfecisse
2735 4047 3005 4091 narratur.
3039 4037 3189 4088 Tunc
3217 4037 3381 4089 etiam
3409 4034 3551 4087 Fan-

1974 4134 2114 4196 nius,
2143 4132 2230 4202 qui
2259 4148 2316 4186 se
2341 4129 2602 4184 Mitridati
2621 4127 2899 4197 junxerat,
2927 4136 2982 4182 et
3011 4124 3355 4188 Mett'ofanes,
3376 4124 3556 4194 regius

1974 4234 2190 4294 praetor,
2223 4239 2252 4275 a
2281 4222 2548 4275 Mamerco
2576 4220 2726 4283 victi,
2751 4234 2872 4273 cum
2900 4217 3104 4272 duobus
3132 4216 3366 4270 millibus
3395 4215 3548 4282 cqui-

1977 4329 2088 4374 tmn
2118 4319 2170 4372 in
2203 4317 2422 4372 Mesiam
2455 4315 2807 4386 profugerunt
2846 4331 2858 4366 :
2891 4322 3054 4381 atque
3101 4310 3223 4364 inde
3270 4309 3550 4363 Mamiliam

293 4399 386 4450 vix
418 4397 603 4451 decem
648 4399 810 4452 millia
847 4399 1175 4469 superfuisse
1213 4403 1538 4458 referuntur.
1585 4406 1869 4476 Comperta
1899 4432 1948 4489 Ι)
1975 4409 2220 4479 digressi,
2255 4410 2307 4461 in
2351 4407 2515 4462 colles
2549 4421 2876 4475 camposque
2918 4419 3176 4460 arenosos
3204 4401 3510 4455 inciderunt
3538 4416 3555 4461 ς

294 4488 479 4552 clade,
506 4487 806 4544 Mitridates
843 4490 1131 4546 lectissima
1173 4495 1510 4564 septuaginta
1540 4499 1702 4551 millia
1734 4502 1876 4554 mili-

295 4589 414 4634 tum
450 4580 714 4634 Archelao
745 4582 796 4634 in
830 4583 1124 4636 subsidium
1175 4585 1319 4638 misit
1354 4601 1417 4638 ex
1453 4587 1596 4640 Asia.
1633 4588 1877 4647 Secundo

293 4670 489 4739 prndio
541 4671 931 4741 quinquaginta
964 4672 1096 4744 [At.,
1124 4675 1453 4747 quindecim]
1489 4679 1648 4732 millia
1678 4694 1741 4734 ex
1795 4684 1879 4736 his

294 4758 589 4813 interfecta
641 4771 794 4825 sunt,
833 4763 1010 4831 ibique
1044 4764 1305 4833 Diogenes
1328 4807 1342 4830 ,
1393 4767 1637 4823 Arelnlai
1698 4770 1835 4826 ﬁlius
1862 4813 1877 4836 ,

295 4852 606 4906 trucidatus
635 4862 737 4906 est.
778 4855 960 4909 Tertio
1009 4856 1145 4910 bello
1191 4875 1378 4913 on'mes
1413 4863 1578 4929 copia:
1617 4879 1752 4931 quas
1779 4863 1880 4917 Ar-

292 4941 528 4998 chelaus
578 4944 807 4998 habebat
835 4947 1114 5001 exstincta:
1139 4957 1280 5000 sunt.
1326 4949 1456 5003 Nam
1499 4953 1684 5020 viginti
1715 4953 1875 5006 millia

291 5035 536 5089 militum
568 5034 683 5102 ejus
725 5036 777 5089 in
824 5037 1068 5105 paludem
1117 5038 1286 5105 pulsa,
1330 5055 1448 5092 cum
1500 5040 1658 5111 Sylla:
1719 5042 1876 5095 fidem

294 5125 677 5194 implorarent,
707 5127 994 5182 insatiabili
1029 5129 1105 5180 ira
1150 5129 1368 5182 victoris
1399 5130 1676 5183 interfecta
1709 5140 1833 5184 sunt
1861 5151 1872 5184 :

295 5217 638 5286 totidemque
668 5217 770 5270 alia
804 5219 854 5270 in
884 5218 1078 5272 ﬂumen
1118 5227 1301 5271 coacta
1333 5234 1395 5271 ac
1423 5229 1608 5273 necata
1636 5260 1650 5284 ,
1687 5222 1876 5288 reliqui

296 5310 628 5363 miserorum
657 5309 854 5377 passim
885 5309 1131 5362 trucidati
1181 5317 1324 5362 sunt.
1380 5309 1546 5362 Porro
1583 5311 1880 5365 Mitridates

293 5399 354 5452 in
388 5399 516 5452 Asia
564 5400 1016 5454 nobilissimarum
1050 5401 1260 5454 urbium
1295 5401 1560 5469 princ’pes
1591 5403 1836 5455 occidere
1864 5443 1876 5465 ,

291 5493 552 5560 bonaque
578 5506 766 5543 eormn
797 5490 1070 5558 publicare
1090 5491 1267 5543 animo
1293 5491 1614 5544 intenderat.
1641 5490 1880 5560 Cumque

283 5579 406 5648 jam
426 5581 570 5634 mille
584 5591 640 5633 et
655 5590 939 5634 sexcentos
955 5583 1024 5634 ita
1043 5581 1418 5639 interfecisset.
1438 5582 1688 5650 Ephesini
1706 5598 1882 5636 exeni-

291 5677 447 5739 plum
477 5685 730 5730 verentes
756 5714 768 5737 ,
802 5673 1016 5727 excluso
1054 5673 1301 5741 przesidio
1335 5673 1450 5740 ejus
1477 5712 1491 5737 ,
1523 5684 1703 5741 portas
1733 5675 1879 5742 olje-

1980 4500 2069 4553 ubi
2100 4515 2205 4553 non
2234 4499 2406 4552 solum
2436 4506 2649 4552 montes
2688 4497 2795 4550 usti
2825 4537 2839 4561 ,
2870 4495 2952 4549 vel
2983 4511 3112 4549 saxa
3138 4494 3293 4564 quasi
3324 4493 3554 4562 quadam

1981 4587 2508 4659 fuligine‘oiiuscata
2559 4593 2893 4648 cernuntur,
2941 4598 3127 4636 verum
3170 4583 3332 4635 etiam
3382 4580 3554 4649 campi

1982 4654 2232 4731 ambusti;
2264 4675 2378 4730 solo
2406 4675 2633 4744 squalidi
2667 4689 2762 4743 per
2792 4672 3182 4741 quinquaginta
3227 4669 3390 4722 millia
3421 4668 3552 4740 [Δία

1979 4767 2258 4836 quinginta
2290 4765 2476 4835 millia]
2510 4779 2763 4833 passuum
2801 4763 2918 4816 sine
2946 4761 3052 4814 ullo
3085 4761 3222 4830 ignis
3261 4759 3343 4811 vel
3377 4759 3557 4810 forna—

1981 4857 2061 4910 cis
2093 4857 2310 4918 indicio,
2352 4864 2406 4908 ct
2438 4853 2670 4922 pendulo
2710 4852 2760 4914 in
2790 4849 3114 4918 profundum
3145 4851 3328 4903 cinere
3372 4858 3556 4915 putres

1972 4945 2176 5014 jaceat.
2211 4947 2404 5000 Tribus
2432 4944 2598 4998 etiam
2630 4943 2762 4997 locis
2793 4942 3009 4995 torrida:
3058 4942 3339 5007 voragines
3376 4946 3555 4991 osten-

1981 5040 2199 5101 duntur,
2229 5052 2364 5105 quas
2407 5035 2580 5088 Graeci
2637 5035 2837 5104 physas
2869 5039 3062 5085 vocant
3097 5049 3108 5082 :
3145 5031 3196 5083 in
3227 5028 3424 5096 quibus
3463 5027 3552 5079 diu

1980 5133 2294 5184 obcrrantes
2325 5168 2339 5189 ,
2401 5127 2693 5194 inopinatis
2748 5124 2963 5178 tandem
3017 5120 3268 5191 periculis
3320 5118 3552 5185 exempti

1980 5229 2125 5284 sunt,
2159 5228 2212 5273 et
2242 5219 2379 5272 clam
2414 5217 2466 5270 in
2519 5217 2656 5286 regis
2686 5224 2862 5270 castra
2889 5219 3170 5268 venerunt.
3224 5209 3508 5262 Deiotarus
3535 5247 3548 5263 .

1981 5330 2073 5367 rex
2104 5311 2466 5379 Gallogrmcia‘.
2503 5350 2517 5374 ,
2566 5309 2846 5378 praefectos
2879 5307 3020 5376 regis
3050 5303 3192 5358 bello
3241 5299 3543 5354 trucidavit.

1980 5403 2187 5457 Interea
2226 5402 2520 5455 Mitridates
2569 5399 2708 5467 apud
2743 5398 2979 5451 Cizieum
3027 5394 3215 5448 eadem
3260 5406 3408 5444 mora
3446 5404 3550 5456 qua

1981 5493 2295 5555 obsidebat,
2341 5493 2595 5544 obsessus
2624 5529 2637 5551 ,
2681 5489 2734 5542 in
2776 5502 3020 5556 magnam
3057 5484 3335 5553 penuriam
3385 5480 3551 5550 pesti-

1982 5581 2310 5651 lentiamque
2365 5581 2662 5634 exercitum
2706 5592 2859 5631 smun
2893 5575 3204 5629 coarctavit.
3245 5573 3377 5626 Nam
3410 5569 3553 5637 plus-

1981 5690 2144 5742 quam
2202 5681 2437 5725 trecenta
2485 5670 2652 5723 millia
2706 5669 2978 5724 hominum
3026 5667 3166 5722 fame
3194 5675 3247 5720 ct
3275 5664 3460 5718 morbo
3496 5662 3550 5716 iu
