3958 6172
1652 284 1670 313 Ι

444 430 583 483 1075

1458 423 1843 479 FRECCLPIH
1884 419 2336 476 LEXOVIENSIS
2374 416 2675 473 EPISCOPI

3554 422 3575 473 1
3589 421 3695 475 076

442 546 629 596 eadem
676 538 952 594 obsidione
994 509 1238 590 amisisse
1268 534 1470 597 fertur,
1501 535 1612 605 ipse
1652 549 1773 589 cum
1801 532 2007 603 paucis,
2040 537 2086 596 Α
2118 540 2227 585 tum
2270 540 2325 586 et
2371 530 2754 600 quinquaginta
2794 528 3064 598 equitibus
3107 527 3394 584 comitatus
3433 530 3645 602 aufugit
3674 572 3693 596 ,

441 640 654 700 arrepta
680 628 825 689 navi,
843 625 980 681 clam
1004 624 1189 693 fugite
1208 625 1420 679 castris.
1439 625 1713 686 Lucullus,
1731 624 2011 676 incruento

441 719 627 784 milite,
659 726 928 787 spectator
956 715 1123 770 cladis
1142 715 1328 769 aliena:
1355 731 1551 769 novum
1578 729 1746 784 genus
1774 712 2011 791 victorias

440 812 665 878 adeptus
689 818 790 862 est.
837 806 957 862 Mox
988 806 1211 859 Marium
1241 806 1480 869 adortus,
1513 805 1643 859 vicit
1677 803 2004 873 fugavitque.

438 902 495 957 In
525 917 633 971 quo
663 899 848 970 ριν.ῐείἱο
890 899 1008 970 plus
1049 914 1210 969 quam
1256 897 1502 951 undecim
1542 895 1705 949 millia
1749 894 2010 948 Mariano-

439 1008 558 1045 rum
594 992 822 1045 militum
862 989 1145 1045 interfecta
1177 988 1503 1043 referuntur.
1545 987 1798 1041 Lucullus
1823 997 2009 1057 postea
2030 1042 2054 1060 κ

437 1095 559 1135 cum
586 1082 774 1134 eodem
806 1078 973 1132 Mario
1002 1078 1176 1132 navali
1204 1078 1386 1147 przelio
1415 1091 1755 1147 congressus,
1791 1076 2007 1145 triginta

436 1182 491 1227 et
525 1174 659 1226 duas
684 1186 850 1225 naves
876 1171 1053 1241 regias
1102 1180 1157 1223 et
1207 1169 1510 1240 complures
1555 1169 1831 1222 onerarias
1857 1208 1870 1231 ,
1917 1174 2009 1219 aut

435 1264 696 1319 demersit
721 1271 815 1316 aut
843 1263 1003 1332 cepit.
1035 1261 1181 1314 Multi
1213 1261 1287 1314 ibi
1314 1276 1381 1314 ex
1410 1260 1492 1314 his
1521 1275 1655 1328 quos
1703 1258 1848 1329 Sylla
1884 1272 2008 1326 pro-

434 1353 751 1422 scripserat,
795 1351 1099 1422 interempti
1132 1359 1275 1405 sunt.
1307 1349 1528 1413 Marius,
1567 1357 1781 1417 postera
1822 1346 1907 1400 die
1941 1347 2007 1400 de

433 1443 688 1513 spelunca
738 1444 829 1497 ubi
880 1442 1079 1496 latebat
1138 1450 1463 1505 extractus,
1517 1439 1739 1493 meritas
1797 1436 2006 1491 hostilis

432 1533 597 1589 animi
625 1548 816 1603 poenas
845 1532 963 1586 luit.
990 1532 1188 1587 Eodem
1213 1546 1341 1586 vero
1363 1529 1615 1584 Lucullus
1642 1529 1839 1596 impetu
1865 1527 2006 1596 Apa-

431 1624 592 1678 miam
642 1625 896 1689 vastavit,
953 1632 1008 1679 et
1056 1625 1156 1679 sub
1212 1631 1393 1677 monte
1444 1620 1702 1692 Olympo,
1754 1619 2001 1685 Prusam,

431 1714 844 1768 munitissimam
896 1712 1169 1767 civitatem
1202 1751 1217 1777 ,
1270 1720 1483 1781 captam
1535 1718 2003 1779 expugnatamque

430 1801 670 1871 diripuit.
724 1802 1024 1858 Mitridates
1076 1802 1334 1857 adversus
1379 1800 1684 1854 Bizantium
1736 1800 2000 1853 instructa

2116 623 2418 677 diademate
2462 630 2516 674 et
2551 620 2726 674 thiara
2755 634 2822 673 ne
2855 630 3237 687 agnosceretur
3269 620 3512 688 abiectis.
3539 622 3696 678 Tunc

2112 711 2177 764 ad
2206 709 2485 763 Lucullum
2530 709 2694 762 totius
2737 723 2872 779 pene
2920 706 3158 762 Orientis
3194 708 3462 778 supplices
3487 726 3695 765 venere

2111 799 2291 868 legati.
2318 797 2425 861 Ille,
2459 797 2771 850 imminente
2794 796 2991 858 hieme,
3021 813 3119 866 per
3145 797 3455 852 Armeniam
3488 800 3543 853 in
3573 800 3691 855 Meo

2110 887 2463 957 sopotamiam
2516 900 2792 954 regressus
2817 925 2833 950 ,
2892 884 3100 939 Nisibin
3125 926 3139 947 ,
3182 887 3367 940 urbem
3410 887 3518 943 illis
3559 897 3692 945 tunc

2110 979 2243 1032 locis
2277 977 2564 1047 inclytam,
2605 976 2929 1046 expugnavit
2966 985 3021 1030 et
3055 976 3221 1046 cepit.
3263 975 3457 1032 Iisdem
3493 978 3691 1033 diebus

2107 1068 2293 1136 pirata:
2344 1082 2437 1136 per
2464 1066 2645 1121 omnia
2686 1066 2857 1135 sparsi
2888 1066 3082 1130 maria,
3110 1073 3165 1120 et
3184 1066 3296 1137 jam
3328 1082 3435 1121 non
3467 1075 3683 1122 tantum

2109 1158 2509 1227 intercipientes
2529 1156 2743 1210 navium
2764 1164 3094 1210 commeatus
3114 1196 3130 1221 ,
3172 1157 3266 1210 sed
3288 1142 3451 1211 etiam
3476 1159 3685 1214 insulas

2107 1246 2518 1316 provinciasque
2591 1253 2901 1309 vastantes,
2972 1246 3291 1315 impunitate
3360 1247 3579 1302 sceleris
3628 1258 3684 1302 et

2106 1337 2363 1390 aviditate
2392 1336 2584 1404 praeda:
2626 1334 2785 1402 vulgo
2817 1349 2935 1387 sese
2963 1335 3313 1397 associantes,
3348 1335 3403 1388 in
3443 1336 3681 1391 immen-

2105 1442 2223 1481 sum
2260 1427 2608 1495 augebantur.
2658 1424 2802 1491 Quos
2843 1424 2909 1479 G.
2952 1424 3236 1495 Pompeius
3281 1435 3404 1496 post
3450 1428 3679 1482 multam

2103 1517 2320 1586 quidem
2354 1516 2707 1571 vastationem
2734 1556 2749 1579 ,
2781 1532 2939 1584 quam
2968 1524 3109 1571 terra
3159 1518 3401 1586 marique
3427 1517 3520 1572 diu
3547 1533 3682 1588 ege-

2104 1617 2243 1671 ram,
2275 1606 2409 1659 mira
2440 1613 2617 1660 tamen
2650 1604 2924 1659 celeritate
2954 1606 3291 1674 compressit.
3316 1606 3521 1661 Eodem
3543 1616 3683 1661 tem-

2101 1709 2233 1764 pore
2265 1694 2478 1749 Cretam
2522 1693 2748 1747 insulam
2775 1708 2874 1762 per
2892 1693 3168 1747 biennium
3194 1694 3435 1749 Metellus
3455 1697 3678 1761 evertit,

2102 1783 2459 1851 diuturnoque
2493 1781 2631 1836 bello
2676 1782 2931 1835 domitam
2972 1782 3025 1835 in
3061 1790 3382 1851 potestatem
3422 1783 3637 1854 redegit
3659 1825 3676 1850 ,

429 1870 601 1946 classe
650 1893 906 1962 navigans
933 1932 948 1956 ,
998 1899 1316 1960 tempestate
1370 1900 1672 1960 correptus,
1724 1890 1992 1961 octoginta

2099 1870 2350 1941 legesque
2377 1870 2569 1926 Minois
2597 1872 2851 1926 Romanis
2875 1872 3082 1943 legibus
3103 1873 3446 1942 permutavit.
3470 1873 3680 1942 Quibus

429 1988 691 2035 rostratas
717 1995 881 2034 naves
910 1980 1161 2050 perdidit.
1193 1979 1309 2050 ipse
1333 1995 1456 2034 cum
1482 1995 1677 2048 quassa
1716 1978 1825 2046 jam
1875 1980 1998 2033 navi

428 2077 776 2138 mergeretur,
826 2069 879 2123 in
920 2084 1297 2141 meoparonem
1326 2068 1753 2142 [myoparonem]
1787 2068 1997 2124 Seleuci

428 2161 636 2224 nirataz,
669 2160 786 2229 ipso
807 2162 981 2230 pirata
1005 2152 1265 2230 juvante',
1299 2161 1606 2215 transilivit.
1650 2160 1777 2215 Inde
1829 2159 1997 2215 Seno-

423 2264 548 2318 ,sem
568 2264 633 2304 ac
660 2259 783 2320 post
812 2250 1013 2306 Anison
1039 2267 1161 2307 cum
1190 2267 1381 2322 magna
1402 2250 1713 2305 difﬁcultate
1732 2252 1993 2320 pervenit.

423 2338 680 2395 Lucullus
725 2338 992 2411 Senopem
1038 2349 1443 2412 expugnaturus
1494 2343 1795 2397 obsederat.
1848 2341 1998 2395 Hanc

426 2424 681 2483 Seleucus
711 2428 1039 2497 archipirata
1072 2439 1129 2484 et
1164 2429 1487 2484 Cleochares
1515 2431 1702 2498 spado,
1737 2430 1828 2499 qui
1859 2444 1998 2499 prae-

424 2516 548 2572 sidii
579 2532 743 2572 causa
774 2527 1022 2587 praeerat,
1055 2520 1346 2589 expilatam
1371 2528 1533 2589 atque
1569 2522 1839 2575 incensam
1872 2521 1995 2575 reli-

421 2616 675 2675 querunt.
727 2608 1019 2674 Lucullus,
1069 2611 1388 2665 miserorum
1448 2612 1682 2666 hostium
1741 2612 1993 2671 intestina

421 2697 576 2752 clade
607 2709 914 2769 permotus,
955 2701 1118 2756 celeri
1160 2717 1387 2757 occursu
1419 2704 1721 2759 immissum
1745 2704 1997 2759 restinxit

422 2788 749 2843 incendium.
789 2789 867 2845 Ita
900 2792 1095 2845 misera
1121 2792 1342 2857 civitas,
1373 2809 1527 2849 versa
1557 2794 1675 2850 vice
1700 2835 1715 2860 ,
1755 2794 1993 2850 hostium

420 2878 815 2950 sociorumque,
843 2881 984 2935 unde
1006 2880 1340 2936 defendenda
1362 2924 1375 2945 ,
1410 2883 1702 2952 disperdita
1725 2901 1739 2949 ;
1773 2891 1828 2939 et
1853 2885 1994 2940 unde

419 2968 808 3038 disperdenda,
839 2981 1052 3027 servata
1102 2982 1204 3027 est.
1238 2972 1307 3027 At
1339 2988 1469 3028 vero
1499 2974 1569 3028 M.
1600 2974 1874 3043 Lucullus,
1901 2976 1992 3047 qui

418 3057 639 3114 Curioni
680 3061 735 3115 in
766 3062 1074 3116 Macedonia
1103 3073 1477 3129 successerat,
1510 3071 1677 3119 totam
1706 3065 1991 3120 Bessorum

416 3160 630 3222 gentem
656 3154 796 3208 bello
821 3156 1132 3224 appetitam,
1165 3155 1218 3209 in
1247 3157 1572 3211 deditionem
1598 3159 1818 3227 recepit.
1847 3158 1991 3213 Prae—

2097 1962 2261 2016 etiam
2287 1962 2475 2017 diebus
2499 1979 2528 2016 a
2556 1962 2779 2017 Lucullo
2814 1963 2953 2017 victa
2997 1963 3251 2018 Armenia
3278 1980 3342 2019 ac
3367 1964 3677 2035 Mesapota-

2099 2052 2229 2119 mia,
2260 2068 2323 2108 ac
2351 2051 2558 2107 Nisibin
2584 2060 2760 2122 capta,
2798 2051 2952 2122 Syria
2983 2052 3036 2106 in
3070 2051 3368 2106 Romanam
3410 2054 3675 2109 ditionem

2096 2143 2296 2208 cessit,
2349 2158 2469 2212 qum
2522 2144 2797 2213 hucusque
2849 2159 2945 2212 per
2998 2158 3155 2214 reges
3201 2143 3554 2200 Macedonum
3606 2146 3677 2200 ab

2093 2233 2399 2288 Alexandro
2436 2248 2683 2303 possessa
2714 2235 2908 2287 fuerat.
2927 2232 3042 2299 Quo
3068 2235 3120 2287 in
3147 2241 3390 2303 tempore
3418 2234 3678 2290 Horatius

2094 2324 2321 2380 Flaccus
2349 2325 2613 2396 satyricus
2635 2332 2790 2394 poeta
2828 2324 3079 2378 libertino
3110 2333 3265 2394 patre
3300 2323 3506 2379 Venusi
3552 2341 3676 2381 nas-

2094 2417 2254 2472 citur.
2276 2415 2628 2486 Apollodorus
2650 2431 2781 2470 vero
2802 2415 3185 2487 Pergamenus,
3214 2415 3435 2472 Graecus
3465 2424 3671 2482 orator,

2092 2515 2389 2576 praeceptor
2414 2505 2608 2561 Calidii
2638 2514 2693 2561 et
2722 2504 2969 2576 Augusti,
2998 2506 3180 2560 clarus
3227 2505 3477 2560 habetur.
3505 2505 3677 2577 Igitur

2093 2612 2212 2667 quae
2240 2598 2306 2653 de
2331 2595 2561 2652 Catilina
2591 2606 2645 2652 et
2670 2596 2910 2660 Lentulo,
2943 2598 3057 2653 sive
3081 2597 3364 2662 Cicerone,
3400 2596 3671 2653 Salustius

2092 2688 2302 2753 scribit,
2328 2689 2430 2743 hoc
2451 2697 2600 2759 gesta
2626 2699 2752 2743 sunt
2780 2697 3040 2757 tempore.
3067 2688 3280 2743 Marcus
3308 2689 3478 2743 etiam
3504 2687 3667 2744 Calli-

2092 2780 2193 2835 dus
2230 2788 2417 2835 orator
2459 2780 2639 2835 clarus
2679 2779 2930 2844 habetur,
2971 2779 3059 2848 qui
3106 2777 3247 2833 bello
3285 2777 3433 2833 civili
3484 2788 3667 2847 postea

2090 2872 2422 2928 Cmsarianas
2446 2879 2629 2940 partes
2676 2877 2892 2924 secutus
2917 2908 2933 2931 ,
2975 2883 3097 2923 cum
3143 2868 3403 2938 Togatam
3440 2867 3666 2923 Galliam

2092 2970 2324 3034 regeret,
2357 2962 2645 3017 Placentia:
2669 2960 2823 3016 obiit.
2855 2952 3008 3013 Nunc
3041 2966 3192 3013 sexto
3219 2957 3482 3012 volumini
3507 2958 3670 3013 ﬁnem

2090 3055 2366 3123 imponere
2390 3052 2639 3117 decrevi,
2669 3060 2729 3105 ut
2755 3050 2891 3105 bella
2932 3058 3041 3104 tam
3087 3048 3455 3103 Romanorum
3491 3049 3666 3103 civilia

2092 3155 2145 3201 et
2170 3146 2408 3202 externis
2433 3146 2628 3215 ubique
2652 3144 2941 3214 permixta,
2965 3158 3125 3213 quam
3146 3143 3308 3197 etiam
3328 3141 3663 3208 Judarorum,

416 3210 562 3296 terea
592 3210 1283 3315 Lucullus-[transgressus
1336 3210 1610 3300 Eufratem
2018 3210 2062 3272 C
2094 3251 2213 3305 (1οω
2267 3235 2411 3290 dicta
2443 3210 2584 3298 51ml»
2620 3210 2704 3288 Vill
2741 3233 2903 3289 εῑίθῐη
2933 3210 3052 3303 (illa?
3083 3239 3419 3302 sequuntur:
3459 3231 3588 3300 quia
3620 3232 3669 3286 εί

415 3329 556 3399 apud
580 3330 1017 3402 Tigranocertam
1042 3333 1226 3387 urbem
1250 3348 1373 3387 cum
1395 3333 1665 3389 Mitridate
1683 3343 1738 3388 et
1760 3334 1990 3405 Tigrane

417 3437 757 3492 congressus,
788 3423 1104 3493 parvissima
1132 3439 1351 3479 suorum
1404 3440 1565 3480 manu
1602 3440 1855 3496 magnum
1886 3427 1984 3482 ho-

413 3512 575 3565 stium
605 3528 887 3567 numerum
914 3514 1127 3569 occidit.
1181 3512 1315 3568 Nam
1352 3514 1569 3583 triginta
1598 3515 1760 3569 millia
1808 3517 1984 3571 homi-

414 3617 543 3655 num
571 3602 625 3657 in
649 3619 715 3659 eo
740 3604 879 3661 bello
904 3621 1043 3661 caesa
1071 3604 1400 3661 referuntur.
1432 3606 1690 3678 Tigranes
1726 3608 1815 3662 vix
1854 3623 1975 3664 cen-

2093 3325 2195 3380 sibi
2248 3323 2601 3379 continuatim
2635 3323 2777 3378 serie
2821 3331 3121 3392 temporum
3164 3331 3218 3376 et
3263 3321 3425 3376 malis
3470 3337 3667 3391 sequa-

2092 3416 2244 3471 cibus
2291 3416 2669 3478 coharserunt,
2716 3414 2839 3468 libri
2880 3413 3073 3468 saltem
3122 3413 3353 3469 termino
3405 3428 3666 3484 separen-

2092 3514 2196 3560 tur.

1581 3899 1879 3977 LIBER
1954 3900 2465 3979 SEPTIMUS

834 4162 851 4178 .
913 4115 1141 4174 CAPUT
1177 4116 1467 4175 smmum.
1544 4086 1553 4095 ’

2075 4125 2212 4181 alter
2237 4123 2462 4179 alterum
2486 4119 2666 4175 valere
2687 4118 2994 4190 iussissent,
3031 4118 3220 4174 domos
3239 4131 3574 4191 permutant,
3605 4137 3663 4183 et

411 4229 540 4287 Cum
574 4228 838 4285 Hircanus
870 4238 1028 4305 atque
1068 4228 1182 4305 eius
1212 4229 1375 4305 frater
1399 4208 1722 4305 ᾼνίξιοὸοιιιε
1748 4234 1813 4288 de
1836 4235 1982 4305 regni

2091 4214 2410 4271 tristobolus
2443 4212 2658 4283 quidem
2693 4209 2899 4266 recedit
2923 4209 2975 4264 in
3008 4210 3234 4279 regiam,
3275 4209 3551 4271 Hircanus
3568 4231 3663 4268 an-

477 4299 1065 4380 ροιεεπαιεει(δοηιῐίεῖιιηιζ
1088 4299 1387 4380 Pompeium
1402 4299 1640 4369 judicent
1660 4299 1939 4373 provocant
1959 4318 1979 4356 :

476 4368 542 4425 ea:
565 4386 667 4441 quo
700 4368 951 4423 Romanis
981 4368 1294 4422 subdantur.

2076 4314 2184 4362 tem
2232 4306 2286 4360 in
2317 4301 2608 4359 Aristoboli
2645 4300 2882 4355 domum.
2931 4298 3105 4354 Metus
3127 4313 3258 4353 vero
3293 4307 3349 4353 et
3373 4301 3516 4357 alios
3542 4301 3659 4371 ejus

2082 4397 2328 4452 inimicos
2371 4401 2569 4465 praeter
2607 4406 2756 4461 spem
2783 4391 3108 4445 dominantis
3139 4400 3372 4461 occupat
3413 4407 3431 4446 :
3467 4402 3524 4449 et
3548 4409 3667 4450 ma-

476 4482 646 4552 lgitur
684 4480 973 4544 Hircanus,
1024 4478 1116 4547 qui
1170 4479 1409 4549 pontifex
1465 4478 1771 4537 Judaaorum
1837 4492 1976 4547 erat,
2004 4485 2058 4545 D
2082 4487 2225 4541 xime
2260 4485 2625 4555 Antipatrum,
2677 4480 2791 4550 jam
2826 4480 3025 4536 dudum
3065 4480 3297 4536 invisum
3323 4480 3659 4541 Aristobulo.

408 4577 570 4631 etiam
601 4574 754 4645 regni
778 4572 1140 4643 gubernacula
1186 4581 1362 4627 matre
1384 4570 1434 4625 ei
1458 4575 1859 4631 contradicente
1901 4576 1984 4648 (ut

406 4661 783 4735 praemisimus)
835 4668 1163 4731 susceperat.
1219 4660 1601 4715 Verumtamen
1655 4663 1825 4752 frater
1864 4667 1981 4736 ejus

404 4751 741 4808 Aristobolus
799 4752 1003 4806 viribus
1061 4759 1221 4821 atque
1283 4750 1605 4805 auctoritate
1668 4750 1973 4823 priestabat.

406 4842 602 4898 Habito
647 4851 826 4897 autem
855 4841 996 4897 inter
1019 4856 1113 4897 eos
1153 4841 1299 4897 circa
1334 4840 1645 4897 Hiericunta
1695 4844 1761 4899 de
1796 4861 1976 4902 rerum

404 4948 615 4993 summa
652 4933 921 5000 conﬂictu,
973 4933 1236 5005 plerique,
1286 4934 1518 4990 Hircano
1540 4934 1748 5002 relicto,
1798 4946 1977 4993 trans-

403 5035 535 5082 eunt
559 5026 626 5081 ad
672 5024 1057 5079 Aristobolum.
1099 5024 1362 5081 Hircanus
1390 5036 1572 5081 autem
1609 5042 1732 5082 cum
1758 5026 1977 5096 reliquis

403 5116 528 5188 fuga
565 5115 826 5187 prtevenit
866 5114 1146 5169 castellum
1192 5114 1508 5181 Antonium,
1566 5116 1749 5185 ibique
1788 5114 1977 5170 salutis

403 5209 622 5265 obsides
660 5220 853 5263 nactus
884 5215 988 5263 est.
1037 5207 1169 5262 Erat
1208 5208 1391 5277 itaque
1427 5209 1499 5262 ibi
1531 5209 1584 5262 in
1608 5208 1852 5263 custodia
1896 5206 1979 5280 (ut

401 5294 782 5372 prmmisimus)
795 5296 988 5367 eonjux
1018 5295 1310 5353 Aristoboli
1334 5313 1456 5352 cum
1485 5296 1631 5353 ﬁliis.
1662 5296 1774 5351 Sed
1802 5296 1978 5365 prius-

403 5404 565 5458 quam
608 5403 770 5459 grave
812 5387 1013 5457 aliquid
1056 5385 1229 5452 ﬁeret,
1279 5401 1344 5441 ea
1378 5387 1495 5456 lege
1532 5386 1587 5440 in
1633 5386 1973 5441 concordiam

402 5481 565 5546 redit,
602 5489 660 5534 ut
679 5495 901 5551 regnum
936 5479 1151 5550 quidem
1191 5477 1532 5533 Aristobolus
1560 5478 1801 5541 haberet,
1848 5476 1975 5533 Hir-

402 5586 569 5625 canus
626 5586 752 5626 vero
798 5571 1082 5626 excederet
1138 5569 1292 5640 quasi
1325 5570 1466 5639 regis
1513 5568 1685 5622 frater
1746 5568 1974 5637 aliisque

400 5668 685 5713 contentus
721 5661 1027 5715 honoribus.
1062 5660 1173 5714 Hoc
1202 5660 1359 5714 modo
1381 5661 1432 5714 in
1460 5659 1587 5715 fano
1616 5659 1966 5726 reconciliati,

402 5760 527 5801 cum
551 5750 605 5801 in
642 5759 926 5816 conspectu
955 5751 1355 5806 circumstantis
1376 5749 1560 5821 populi
1586 5750 1970 5822 benignissime

2084 4578 2214 4631 Erat
2237 4586 2415 4632 autem
2439 4588 2635 4645 genere
2662 4572 2945 4636 ldummus,
2972 4578 3029 4625 et
3055 4570 3336 4627 nobilitate
3360 4589 3428 4629 ac
3454 4575 3665 4632 divitiis

2083 4668 2417 4737 aliarumque
2441 4680 2619 4721 rerum
2642 4664 2794 4734 copia
2818 4665 2995 4733 gentis
3029 4678 3138 4719 suae
3161 4664 3435 4734 princeps.
3457 4666 3509 4721 ls
3528 4682 3667 4737 ergo

2082 4765 2139 4813 et
2176 4757 2466 4816 Hircanum
2508 4762 2569 4809 ut
2605 4754 2672 4808 ad
2707 4753 2926 4808 Aretem
2972 4767 3154 4825 regem
3207 4753 3427 4810 Arabia
3470 4755 3670 4811 confu—

2082 4854 2254 4917 geret,
2285 4845 2508 4916 ejusque
2534 4842 2735 4898 auxilio
2758 4857 2978 4912 regnum
3008 4851 3280 4912 repeteret
3308 4845 3668 4912 hortabatur.

2082 4943 2135 4990 et
2155 4935 2269 5005 ipse
2296 4935 2460 4989 Arete
2484 4942 2546 4987 ut
2601 4932 2895 4986 Hircanum
2941 4932 3243 5001 susciperet
3273 4941 3439 5004 atque
3471 4936 3525 4990 in
3567 4951 3675 4992 re.

2079 5043 2241 5100 gnum
2270 5028 2559 5083 deduceret
2584 5026 2862 5087 suadebat,
2908 5024 3075 5079 multa
3105 5025 3400 5082 detrahens
3445 5027 3679 5085 Aristo-

2078 5120 2184 5176 boli
2214 5120 2475 5183 moribus,
2534 5117 2827 5185 multisque
2851 5115 3141 5171 Hircanum
3169 5115 3422 5172 laudibus
3463 5119 3680 5187 praedi-

2078 5226 2225 5265 cans.
2272 5209 2549 5277 Simulque
2586 5207 2911 5261 admonebat
2934 5206 3076 5274 quod
3108 5220 3233 5261 eum
3254 5206 3460 5262 diceret
3484 5222 3679 5278 regno

2076 5300 2374 5355 clarissimo
2392 5298 2791 5368 praesidentem,
2814 5296 3096 5365 iniquitate
3119 5295 3397 5364 oppressis
3422 5312 3666 5355 manum

2074 5388 2352 5457 porrigere
2376 5405 2389 5440 :
2421 5386 2712 5440 Hircanum
2734 5394 2911 5440 autem
2938 5385 3190 5455 injuriam
3219 5386 3358 5455 pati,
3381 5388 3477 5457 qui
3505 5389 3681 5458 prin-

2075 5479 2255 5548 cipatu
2302 5477 2427 5547 jure
2458 5476 2818 5532 successionis
2867 5476 2971 5530 sibi
2996 5476 3175 5531 debito
3221 5476 3514 5532 caruisset.
3562 5478 3684 5537 Sic

2074 5569 2352 5624 instructis
2387 5577 2442 5622 et
2470 5566 2788 5638 praeparatis
2820 5566 3099 5630 ambobus,
3148 5576 3309 5621 noctu
3352 5583 3479 5622 cum
3524 5568 3679 5626 [lir-

2072 5676 2210 5716 cano
2233 5675 2300 5714 ex
2329 5660 2546 5714 civitate
2567 5657 2817 5727 profugit,
2846 5658 3114 5725 citatoque
3134 5673 3295 5712 cursu
3317 5657 3372 5712 iu
3394 5658 3679 5727 oppidum

2072 5752 2215 5820 quod
2250 5750 2406 5805 Petra
2444 5750 2638 5805 dicitur
2677 5748 2856 5803 salvus
2892 5749 3089 5812 eva"it,
3138 5749 3279 5817 quod
3302 5750 3452 5820 regni
3491 5752 3682 5809 sedes
