3964 6172
256 311 393 368 ἴυὛῚ

1354 303 1762 361 ΟΗΠΟΝΙΟΟΝ.
1804 336 1873 343 --
1912 306 2073 360 rem
2113 305 2131 359 I
2172 305 2295 359 LIB.
2341 272 2447 361 vn.

3368 318 3502 373 I078

249 436 399 481 es~ct
443 420 669 475 Arabim.
729 417 912 484 Ibique
941 424 1224 484 postquam
1263 414 1554 467 Ilircanum
1603 429 1819 466 manum
1851 423 1894 478 Α
1923 414 2073 481 peius
2114 429 2277 467 unum
2315 429 2380 467 ex
2420 414 2645 468 ducibus
2695 416 2794 470 sibi
2833 418 3207 474 obedientibus
3250 421 3501 477 Pisonem

252 517 399 583 regis
426 513 603 565 Arene
628 508 866 569 tradidit,
909 505 1090 561 multis
1122 504 1281 558 dictis
1315 503 1602 571 uiultisque
1634 517 1823 555 mune-

255 608 428 666 ribus,
457 612 516 655 ut
560 599 815 653 auvilium
843 598 891 650 ei
924 596 1209 664 praeberet,
1258 609 1366 661 quo
1405 594 1458 646 in
1484 609 1702 662 regnum
1732 592 1824 645 de-

252 703 563 758 duceretur,
586 691 782 747 eII‘eeit.
808 689 975 760 Igitur
994 703 1088 740 rex
1110 686 1389 741 collectum
1417 685 1651 751 undique
1673 699 1824 736 exer-

254 792 421 844 citum
481 803 535 840 m
574 784 813 840 Iudaeam
862 781 1078 835 direxit.
1156 780 1323 832 Erant
1366 788 1545 830 autem
1584 776 1820 845 peditum

253 872 600 949 equitumque
630 875 795 930 millia
826 872 1230 941 quinquaginta.
1254 869 1458 935 Quibus
1485 882 1821 935 nequaquam

252 970 452 1023 restitit
478 964 830 1025 Aristobolus,
856 963 951 1018 sed
991 962 1163 1032 primo
1193 960 1391 1028 impetu
1415 967 1712 1028 superatus,
1768 958 1819 1011 in

252 1058 680 1127 Hierosolymam
724 1054 911 1122 fugere
935 1052 1170 1123 cogitur.
1195 1051 1369 1119 Atque
1392 1049 1614 1102 omnino
1633 1058 1824 1117 captus

251 1158 413 1211 esset,
461 1147 567 1200 nisi
596 1146 700 1199 dux
731 1143 1094 1197 Romanorum
1133 1142 1368 1194 Scaurus
1410 1139 1599 1192 borum
1648 1138 1824 1190 innui-

250 1247 468 1293 nentcm
490 1236 736 1290 solvisset
762 1234 1115 1288 obsidionem.
1172 1230 1416 1299 Namque
1452 1230 1498 1283 is
1536 1245 1601 1283 ex
1636 1228 1823 1284 Arme-

249 1331 337 1382 nia
358 1329 574 1397 quidem
599 1328 652 1379 in
676 1324 890 1395 Syriam
916 1310 1113 1377 missus
1132 1330 1249 1375 erat
1272 1338 1301 1373 a
1325 1320 1580 1387 Pompeio
1608 1318 1818 1388 Magno,

247 1421 339 1489 qui
371 1419 735 1488 cumTigraue
755 1414 948 1469 bellum
975 1414 1213 1483 gerebat.
1244 1410 1348 1465 Sed
1386 1410 1472 1463 ubi
1498 1409 1818 1463 Damascum

248 1511 416 1575 venit,
461 1523 622 1577 quam
648 1514 909 1562 retentam
936 1519 966 1557 a
998 1502 1209 1556 Metello
1239 1510 1294 1555 et
1322 1499 1490 1554 Lollio
1513 1498 1821 1554 consulibus

247 1612 306 1657 et
338 1608 551 1670 captam
594 1597 811 1667 reperit,
872 1595 957 1648 bis
996 1593 1121 1647 inde
1150 1592 1438 1653 submotis,
1491 1589 1707 1659 cognito
1765 1589 1818 1642 in

244 1689 432 1743 Iudaea
486 1689 609 1757 quid
643 1693 911 1756 ageretur,
952 1684 1079 1738 illuc
1126 1682 1273 1736 velut
1313 1682 1381 1735 ad
1412 1692 1675 1751 qumstum
1722 1696 1819 1734 cu-

242 1779 438 1833 currit.
486 1777 724 1845 Denique
764 1783 824 1829 ut
865 1775 1140 1845 ingressus
1185 1781 1269 1827 est
1322 1772 1456 1825 fines
1488 1770 1814 1836 .ludaeorum,
1848 1766 1892 1824 Β

243 1868 407 1939 legati
431 1868 499 1922 ad
526 1882 648 1922 eum
668 1867 886 1920 veniunt
906 1880 937 1918 a
960 1864 1125 1918 fratre
1150 1871 1377 1932 utroque
1426 1870 1483 1915 ut
1510 1862 1611 1916 sibi
1638 1861 1818 1931 potius

242 1959 557 2028 adjumento
595 1969 737 2013 esset
783 1956 1083 2012 orantibus.
1132 1954 1237 2009 Sed
1284 1955 1692 2024 quadringentis
1732 1964 1815 2007 ta-

244 2054 430 2117 lentis,
481 2066 601 2122 qua:
627 2049 958 2104 Aristobolus
984 2049 1225 2114 miserat,
1266 2047 1476 2119 justitia
1514 2046 1817 2115 posthabita

240 2150 347 2198 cst.
404 2141 506 2195 Tot
543 2140 708 2195 etiam
757 2140 994 2209 acceptis
1045 2138 1284 2193 Scaurus
1329 2139 1397 2192 ad
1428 2137 1719 2191 Hircauum
1762 2146 1817 2192 et

239 2231 452 2284 Arabas
481 2228 683 2299 legatos
731 2228 931 2299 dirigit,
980 2227 1344 2281 Romanorum
1386 2228 1466 2282 eis
1493 2235 1549 2281 et
1577 2227 1817 2295 Pompeii

245 2336 447 2375 nomen
505 2321 803 2384 intentans,
868 2318 970 2373 nisi
1018 2320 1087 2373 ab
1126 2318 1407 2373 obsidione
1469 2317 1812 2373 desisterent.

238 2410 429 2479 Itaque
458 2418 511 2464 et
533 2409 734 2463 Aretba
761 2423 827 2462 ex
853 2406 1036 2461 Iudaea
1068 2408 1120 2461 in
1148 2406 1579 2476 Philadelphiam
1611 2406 1814 2461 recedit

244 2510 390 2554 metu
430 2499 728 2570 perculsus,
777 2506 833 2553 et
855 2497 1089 2552 Scaurus
1126 2498 1442 2552 Damascum
1476 2498 1633 2551 redit.
1694 2497 1816 2552 Ilir-

242 2604 413 2643 canus
459 2604 589 2643 vero
630 2596 686 2642 et
712 2587 1015 2657 Antipater,
1063 2586 1303 2641 Arabum
1340 2588 1537 2658 privati
1590 2589 1812 2654 auxilio,

242 2695 395 2748 spem
420 2680 474 2733 in
500 2679 838 2734 adversarios
866 2679 1235 2733 contulerunt.
1286 2679 1352 2733 Et
1377 2694 1499 2733 cum
1531 2678 1814 2750 Pompeius

243 2769 458 2841 Syriam
513 2776 882 2838 transgressus
942 2769 1266 2823 Damascum
1314 2769 1669 2838 pervenisset,
1744 2770 1812 2825 ad

240 2859 421 2929 ipsum
459 2857 773 2928 confugiunt
799 2857 1088 2926 multisque
1116 2858 1428 2911 muneribus
1450 2856 1504 2912 ei
1528 2858 1692 2923 datis,
1722 2858 1812 2913 illa

241 2954 454 2999 tantum
477 2946 673 3015 quibus
697 2946 836 3014 apud
858 2944 1118 3000 Aretbam
1143 2947 1224 3000 usi
1255 2946 1490 3012 fuerant,
1521 2947 1813 3017 allegantes

240 3051 569 3105 magnopere
630 3036 995 3105 praedicabant
1060 3046 1120 3091 ut
1170 3036 1457 3094 Aristoboli
1497 3040 1809 3096 violentiam

1924 519 2044 557 cum
2072 503 2330 557 militibus
2352 506 2674 558 intromittit.
2708 506 2885 575 Isque,
2913 511 3175 577 prmsidiis
3204 512 3256 567 in
3281 514 3503 569 civitate

1922 593 2213 661 dispositis,
2265 594 2389 662 quia
2430 596 2627 649 nemini
2657 613 2843 651 eorum
2881 600 2972 668 qui
3004 602 3055 655 in
3088 602 3343 674 templum
3373 624 3499 661 eon-

1925 685 2188 754 fugerant,
2224 702 2409 755 pacem
2437 690 2759 757 persuadere
2786 692 2977 760 potuit,
3017 696 3200 749 omnia
3236 713 3356 767 qua:
3380 700 3492 753 cir-

1921 782 2202 826 cumeraut
2267 777 2650 844 expugnationi
2699 780 2921 847 parabat
2955 802 2969 835 ;
2999 781 3226 839 Hircauo
3274 788 3498 858 ejusque

1921 864 2107 918 amicis
2160 866 2228 919 ad
2252 866 2473 919 consilia
2518 867 2843 924 conferenda
2896 880 2951 924 et
2975 874 3042 926 ad
3068 872 3347 931 efficienda
3378 895 3498 948 qua:

1916 953 2132 1022 juberet
2158 955 2412 1010 alacriter
2438 959 2709 1012 animatis.
2762 960 2878 1029 Ipse
2909 978 3040 1017 vero
3064 966 3317 1036 templum
3346 972 3495 1025 obsi-

1921 1043 2081 1097 dione
2101 1045 2286 1115 cingit,
2311 1047 2547 1101 turribus
2570 1048 2834 1118 impositis
2850 1052 3186 1122 admotisque
3206 1059 3495 1125 machinis,

1923 1141 2121 1194 naenia
2183 1144 2432 1195 lentabat
2469 1143 2791 1212 irrumpere,
2839 1147 2934 1201 sed
2964 1147 3230 1216 lapidibus
3275 1154 3498 1221 repelle—

1922 1228 2116 1284 bantur
2150 1240 2206 1284 et
2231 1232 2281 1284 vi
2309 1246 2740 1301 rcpugnantunn.
2792 1234 2973 1291 Mense
2996 1252 3231 1307 namque
3264 1244 3499 1299 obsidio-

1922 1322 2006 1375 nis
2033 1323 2209 1388 tertio,
2239 1324 2325 1378 vix
2356 1341 2462 1379 una
2495 1327 2626 1379 turri
2645 1326 2876 1394 deiecta,
2897 1329 3079 1384 fanum
3103 1331 3369 1402 irrupttnn
3392 1346 3494 1391 est.

1922 1410 2136 1466 Primus
2175 1424 2354 1468 autem
2383 1432 2590 1469 murum
2624 1421 3003 1474 transcendere
3032 1438 3195 1476 ausus
3224 1433 3309 1477 est
3340 1426 3499 1495 Sylla:

1922 1499 2080 1564 filius,
2112 1502 2339 1558 Faustus
2386 1505 2685 1567 Cornelius,
2749 1519 2803 1562 et
2842 1518 2962 1578 post
2989 1527 3109 1565 cuin
3157 1516 3499 1570 centuriones

1920 1593 2048 1659 duo,
2098 1594 2293 1652 Furius
2325 1607 2380 1652 et
2404 1598 2605 1654 Fabius
2624 1616 2745 1655 cum
2776 1603 2889 1657 suis
2920 1604 3238 1673 agminibus.
3297 1607 3362 1660 Et
3393 1609 3501 1661 cir-

1922 1697 2198 1757 cnmsepto
2222 1690 2458 1758 undique
2494 1690 2641 1757 fano,
2666 1692 2800 1748 alios
2823 1694 3195 1763 confugientes
3216 1697 3298 1751 vel
3332 1699 3494 1752 etiam

1918 1779 2188 1848 paulisper
2208 1784 2921 1851 repugnantesinterficiunt.
2948 1785 3135 1840 Multos
3157 1798 3337 1843 autem
3367 1804 3494 1843 suos

1918 1869 2143 1936 gentiles
2165 1871 2406 1926 adversa:
2423 1873 2593 1941 partis
2624 1873 2851 1928 studiosi
2877 1876 3236 1939 trucidabant,
3279 1875 3492 1945 plurimi

1919 1961 2236 2030 semetipsos
2293 1963 2347 2016 in
2390 1979 2548 2033 rupes
2600 1965 3029 2035 praecipitabant,
3074 1968 3313 2021 nonnulli
3360 1967 3489 2022 furi-

1917 2047 2081 2104 bundi
2105 2050 2313 2105 cunctis
2332 2066 2452 2119 qua:
2471 2052 2614 2106 circa
2630 2068 2841 2106 murum
2866 2061 3022 2108 erant
3042 2054 3095 2107 in
3119 2054 3495 2124 desperatione

1917 2140 2188 2194 succensis
2222 2141 2425 2209 pariter
2471 2141 2891 2212 conflagrabant.
2950 2142 3134 2214 Itaque
3184 2144 3493 2202 Iudaeorum

1916 2232 2132 2301 quidem
2174 2232 2458 2290 duodecim
2484 2235 2648 2289 millia
2677 2236 3067 2300 occubuerunt,
3120 2237 3493 2295 Romanorum

1914 2339 2043 2378 vero
2082 2326 2355 2395 perpauci,
2406 2326 2499 2382 sed
2527 2326 2708 2397 plures
2734 2328 2958 2382 sauciati
2981 2337 3126 2381 sunt.
3183 2328 3266 2382 Nil
3303 2338 3487 2385 autem

1913 2415 2131 2485 gravius
2179 2415 2232 2468 in
2269 2415 2359 2469 illa
2410 2415 2561 2470 clade
2613 2414 2921 2471 Judmorum
2971 2418 3117 2486 genti
3168 2418 3345 2473 visum
3382 2428 3486 2483 est,

1913 2520 2072 2574 quam
2104 2515 2351 2561 sanctum
2397 2506 2526 2561 illud
2555 2522 2812 2562 arcanum
2866 2508 2995 2562 nulli
3039 2510 3290 2578 cuiquam
3340 2511 3491 2580 prius

1914 2598 2086 2651 visum
2112 2597 2302 2653 alienis
2327 2610 2448 2652 esse
2476 2598 2764 2652 detectum.
2799 2597 3039 2666 Denique
3068 2598 3352 2668 Pompeius
3386 2616 3491 2654 una

1911 2701 2033 2741 cum
2069 2687 2180 2741 suis
2200 2687 2488 2741 comitibus
2508 2687 2563 2740 in
2590 2688 2841 2756 templum
2873 2687 3167 2758 ingressus,
3200 2689 3290 2743 ubi
3318 2690 3487 2744 nemi-

1910 2792 2036 2830 nem
2086 2784 2280 2846 praeter
2323 2774 2629 2845 pontificem
2672 2778 2858 2831 adesse
2889 2775 2970 2829 fas
3005 2785 3141 2839 erat,
3187 2792 3305 2845 quae
3350 2778 3492 2832 intus

1909 2873 2067 2919 erant
2093 2864 2416 2919 candelabra
2462 2879 2585 2918 cum
2614 2864 2844 2934 lychnis,
2872 2872 2928 2918 et
2962 2880 3176 2918 mensas
3200 2880 3265 2918 ex
3296 2866 3490 2933 quibus

1910 2955 2080 3009 libare
2117 2962 2279 3023 atque
2300 2953 2516 3008 adolere
2549 2953 2716 3007 moris
2745 2962 2881 3016 erat,
2934 2961 2989 3007 et
3019 2953 3233 3007 vascula
3257 2968 3326 3007 ex
3356 2970 3491 3007 auro

1910 3053 2105 3101 cuncta
2150 3044 2441 3115 perspexit,
2483 3052 2898 3113 congestamque
2928 3044 3322 3113 pigmentorum
3370 3060 3488 3099 mo-

239 3125 368 3177 odio
398 3125 611 3195 dignam
653 3134 888 3194 putaret,
941 3141 1213 3197 regnoque
1238 3129 1530 3185 Hircanum
1559 3133 1809 3191 restitue—
1838 3110 1881 3171 (ἶ
1915 3135 2042 3201 lem,
2078 3110 2346 3190 ac'sacra:
2382 3110 2625 3204 pecunia:
2668 3110 2833 3204 prope
2863 3110 3056 3188 adduc
3072 3133 3236 3187 millia
3266 3135 3491 3189 talento-

241 3225 346 3280 ret,
386 3217 474 3271 cui
503 3226 610 3271 tam
636 3227 794 3274 aetate
831 3234 991 3289 quam
1015 3222 1253 3278 moribus
1273 3223 1579 3279 deberetur.
1630 3224 1814 3294 Itaque

238 3307 604 3371 Aristobolus,
643 3309 844 3363 auxilio
875 3308 1062 3364 Scauri
1093 3309 1284 3377 fretus,
1312 3311 1568 3384 Pompeio
1598 3330 1700 3370 nec
1718 3316 1813 3371 de-

240 3397 364 3451 fuit.
393 3397 498 3452 Sed
522 3399 646 3453 dum
676 3400 842 3470 ipsius
864 3401 1090 3470 gratiam
1116 3403 1336 3457 minime
1372 3404 1623 3474 adeptum
1645 3422 1704 3461 se
1726 3422 1814 3462 co-

239 3499 550 3556 gnosceret,
582 3491 633 3543 in
660 3490 1076 3561 Hierosolymam
1099 3508 1223 3547 cum
1243 3493 1603 3564 indignatione
1617 3496 1815 3551 disces-

239 3583 333 3646 sit,
367 3582 611 3652 belloque
650 3584 765 3653 jam
800 3584 1053 3655 congredi
1092 3600 1216 3639 eum
1236 3583 1493 3654 Pompeio
1520 3587 1810 3655 cogitabat.

241 3675 535 3744 I'ompeius
554 3684 731 3729 autem
746 3690 845 3729 nec
862 3675 913 3729 ei
937 3681 1145 3744 tempus
1166 3677 1443 3746 apparatui
1460 3677 1691 3732 dandum
1717 3692 1816 3746 pu-

242 3764 398 3826 tavit,
444 3763 537 3817 sed
565 3766 746 3818 statim
781 3778 904 3818 eum
927 3764 1192 3834 sequitur,
1224 3765 1448 3820 multum
1475 3766 1674 3836 quippe
1706 3766 1816 3820 ala-

240 3852 423 3906 critati
468 3851 584 3921 ejus
614 3854 890 3908 addiderat
930 3854 1074 3910 circa
1114 3854 1420 3911 Hiericunta
1475 3874 1619 3913 mors
1647 3858 1816 3913 Mitri-

242 3944 386 3996 datis
411 3945 673 3999 nuntiata.
723 3945 964 4015 Cumque
994 3945 1101 4000 illic
1120 3955 1510 4015 pernoctasset,
1565 3963 1720 4002 mane
1758 3948 1814 4002 in

240 4038 667 4109 Hierosolymam
707 4038 1047 4107 properabat.
1092 4037 1278 4107 Itaque
1323 4039 1424 4094 hoc
1456 4040 1571 4109 ejus
1614 4040 1813 4110 impetu

238 4131 568 4201 perterritus
609 4128 966 4192 Aristobolus,
995 4128 1216 4199 supplex
1244 4130 1480 4186 occurrit
1505 4133 1813 4200 pecuniam-

240 4234 350 4288 que
377 4217 668 4287 pollicitus,
713 4216 958 4286 quodque
985 4218 1331 4286 semetipsum
1360 4219 1410 4272 ei
1437 4234 1560 4273 cum
1597 4220 1814 4275 civitate

238 4310 603 4380 permitteret,
653 4307 962 4378 Pompeium
992 4309 1201 4379 mitigat
1226 4311 1550 4374 saevientem,
1602 4327 1703 4367 nec
1738 4321 1816 4367 ta-

1912 3240 2055 3279 rum.
2121 3223 2230 3278 Nec
2265 3232 2447 3277 tamen
2487 3222 2571 3277 vel
2605 3223 2721 3277 hmo
2767 3222 2848 3275 vel
2897 3221 3042 3275 aliud
3081 3223 3372 3292 quidquam
3424 3224 3491 3278 de

1914 3316 2275 3373 sacrosanctis
2317 3315 2509 3385 opibus
2570 3314 2684 3369 sive
2734 3312 3105 3368 instrumentis
3143 3313 3337 3384 attigit,
3396 3314 3490 3367 sed

1912 3417 2128 3477 postera
2151 3407 2235 3462 die
2274 3413 2396 3476 post
2419 3405 2685 3460 excidium
2723 3418 2916 3457 curare
2951 3402 3207 3472 templum
3239 3403 3485 3466 aedituos,

1913 3514 1982 3553 ne
2007 3497 2135 3567 quid
2164 3497 2400 3552 sordium
2428 3496 2669 3558 haberet,
2713 3491 2896 3560 jussit,
2932 3499 2988 3547 et
3017 3492 3277 3547 solemnia
3332 3504 3488 3546 sacra

1914 3589 2205 3643 celebrare.
2237 3587 2355 3656 Ipse
2386 3596 2592 3651 autem,
2633 3585 2867 3639 Ilirmno
2904 3585 3153 3653 pontifice
3192 3584 3484 3644 declarato.

1914 3682 2055 3750 quod
2093 3696 2151 3736 se
2177 3689 2232 3735 et
2271 3681 2324 3734 in
2346 3679 2464 3733 aliis
2496 3680 2656 3734 rebus
2684 3679 2916 3734 alacrem
2938 3679 3274 3747 prrebuisset,
3306 3694 3485 3748 prom-

1911 3779 2164 3839 ptamque
2201 3771 2271 3825 ad
2297 3770 2494 3825 bellum
2522 3770 2815 3840 agrestium
2849 3769 3242 3824 multitudinem
3274 3770 3343 3825 ab
3365 3769 3489 3823 Ari~

1913 3859 2122 3916 stobolo
2152 3869 2476 3925 revocasset,
2508 3876 2606 3931 per
2625 3876 2760 3928 quin,
2808 3861 2949 3914 sicut
2977 3860 3356 3929 imperatorem
3388 3861 3483 3915 bo-

1910 3969 2039 4007 num
2056 3953 2253 4016 decuit,
2289 3953 2654 4009 benevolentia
2679 3953 2857 4022 potius
2881 3970 3041 4022 quam
3061 3955 3250 4009 timore
3272 3955 3479 4024 plebem

1913 4046 2014 4101 sibi
2041 4046 2369 4101 conciliavit.
2414 4046 2559 4102 Inter
2586 4048 2827 4116 captivos
2853 4056 3033 4102 autem
3059 4050 3492 4118 comprehensus.

1910 4131 2202 4188 Aristoboli
2256 4148 2430 4199 socer,
2474 4134 2721 4203 idemque
2772 4144 3023 4205 patruus,
3064 4138 3367 4194 tenebatur.
3420 4140 3489 4195 Et

1912 4224 2031 4279 illos
2055 4224 2292 4294 quidem,
2315 4225 2405 4294 qui
2431 4225 2665 4280 maxime
2692 4226 2814 4281 belli
2841 4238 3001 4289 eam:
3028 4225 3291 4301 fuissent,
3310 4231 3486 4287 securi

1912 4318 2175 4387 percussit
2203 4335 2215 4370 :
2243 4317 2501 4371 Faustum
2527 4332 2654 4372 vero
2675 4327 2729 4373 et
2749 4319 2980 4389 quiquna
3004 4315 3221 4391 Ianitor
3243 4319 3486 4378 fecerant

241 4418 370 4457 men
418 4401 706 4471 quidquam
764 4413 952 4453 eorum
974 4415 1093 4468 qua:
1117 4400 1385 4469 promisit,
1424 4400 1671 4457 effectum
1705 4412 1808 4457 est.
1845 4450 1891 4509 Β
1916 4405 2189 4473 praeclaris
2223 4406 2458 4476 prtemiis
2482 4407 2668 4472 donat,
2711 4416 2766 4462 et
2786 4398 3173 4481 Hierosolymis
3224 4422 3245 4465 t
3276 4411 3484 4466 ibutum

240 4499 533 4554 Gabinium
586 4498 771 4564 etiam,
836 4498 928 4567 qui
971 4498 1039 4553 ad
1092 4498 1486 4567 suscipiendam
1533 4501 1813 4570 pecuniam

243 4593 447 4646 missus
481 4590 676 4656 fuerat,
720 4604 820 4646 nec
860 4590 915 4644 in
956 4590 1208 4660 oppidum
1257 4591 1475 4659 quidem
1522 4592 1812 4648 Aristoboli

242 4685 379 4739 socii
419 4691 751 4754 receperunt.
806 4681 901 4736 His
937 4689 1238 4737 commotus
1279 4680 1565 4752 Pompeius
1611 4683 1816 4739 Aristo-

242 4777 430 4833 bolum
459 4777 512 4830 in
541 4774 838 4829 custodiam
860 4773 1106 4829 collocat.
1134 4772 1216 4827 Ad
1237 4773 1506 4829 civitatem
1537 4789 1667 4827 vero
1693 4789 1813 4843 pro-

242 4870 440 4931 fectus,
458 4868 583 4922 dum
608 4865 884 4920 lustrando
925 4879 1042 4919 eam
1094 4864 1402 4919 circumiret
1431 4873 1489 4918 ut
1513 4865 1818 4933 exploraret

243 4973 353 5025 qua
392 4972 459 5011 ex
482 4964 635 5024 parte
661 4954 871 5010 facilior
895 4961 1041 5008 esset
1068 4966 1345 5017 ascensus,
1380 4954 1571 5009 seditio
1605 4955 1657 5007 in
1684 4955 1815 5010 civi-

243 5055 357 5101 tate
384 5053 577 5100 exorta
593 5054 694 5099 est.
725 5042 1014 5097 Aristoboli
1037 5042 1252 5111 quidem
1283 5042 1443 5097 sociis
1470 5042 1666 5099 bellum
1701 5044 1811 5111 geri

242 5141 430 5210 potius
458 5153 744 5209 regemque
766 5138 996 5193 liberare
1017 5136 1234 5205 dignum
1247 5150 1367 5191 esse
1387 5134 1808 5199 afﬁrmantibus;

244 5229 338 5299 qui
359 5242 490 5283 vero
521 5243 642 5283 cum
672 5227 903 5283 Ilircano
941 5221 1265 5287 sentiebant,
1320 5223 1577 5293 Pompeio
1626 5235 1810 5293 portas

247 5319 472 5388 aperiri.
529 5319 768 5387 Denique
803 5318 938 5373 victa
972 5331 1098 5387 pars
1127 5314 1418 5369 Aristoboli
1463 5314 1727 5369 conceSsit
1758 5315 1810 5368 in

249 5410 530 5479 templum,
568 5419 623 5464 et
656 5418 813 5479 ponte
848 5408 939 5479 qui
970 5406 1174 5462 civitati
1205 5406 1525 5475 iungebatur
1550 5405 1811 5471 abscisso,

248 5508 309 5554 ut
338 5499 407 5552 ad
429 5498 673 5552 ultimum
710 5513 876 5567 usque
902 5499 1217 5559 resisterent
1258 5494 1637 5548 instruebatur.
1679 5492 1813 5547 Cum

250 5600 430 5645 autem
462 5589 550 5643 alii
587 5589 856 5643 Itoinanos
882 5590 932 5642 iu
957 5588 1228 5643 civitatem
1267 5584 1589 5653 recepissent
1622 5584 1814 5654 bisque

254 5684 470 5738 domum
503 5683 700 5750 regiam
727 5681 1085 5743 tradidissent,
1118 5676 1182 5732 ad
1206 5678 1319 5732 haec
1346 5675 1633 5731 obtinenda
1657 5676 1813 5730 Pom-

1916 4493 2121 4547 indicit.
2163 4494 2450 4567 Pompeius
2470 4511 2596 4552 vero
2632 4513 2662 4551 a
2692 4496 2911 4553 flumine
2929 4497 3201 4567 Euphrate
3230 4515 3399 4570 usque
3419 4503 3489 4558 ad

1916 4581 2050 4639 fines
2088 4584 2371 4656 zEgyptios
2422 4587 2629 4643 Scauro
2683 4605 2896 4648 summa
2950 4590 3226 4660 regionum
3275 4595 3485 4663 negotia

1916 4692 2038 4730 cum
2073 4678 2278 4734 duabus
2306 4680 2595 4746 commisit,
2638 4681 2968 4752 Romamque
2996 4683 3109 4752 ipse
3134 4698 3228 4753 per
3250 4683 3488 4741 Siciliam

1915 4770 2241 4837 properavit,
2273 4771 2542 4839 captivum
2565 4772 2769 4827 ducens
2802 4772 3164 4828 Aristobolum
3189 4789 3308 4828 cum
3337 4772 3489 4828 fanti-

1918 4856 2005 4910 lia.
2033 4857 2196 4911 Erant
2219 4868 2398 4912 autem
2427 4859 2502 4913 illi
2533 4860 2654 4913 filia:
2684 4861 2802 4913 dua:
2828 4861 3157 4930 totidemque
3189 4862 3306 4927 filii,
3352 4879 3487 4931 quo-

1920 4963 2039 5001 rum
2056 4965 2209 5014 unus,
2236 4950 2557 5013 Alexander,
2572 4966 2638 5004 ex
2668 4952 2857 5005 itinere
2882 4950 3016 5020 fugit
3040 4970 3054 5005 :
3085 4954 3258 5008 minor
3281 4964 3483 5018 autem,

1917 5033 2234 5104 Antigonus,
2265 5052 2385 5090 cum
2401 5037 2675 5091 sororibus
2696 5037 2919 5093 Romam
2950 5047 3244 5092 vectusest.
3278 5040 3484 5095 Interea

1916 5124 2237 5192 Alexander,
2292 5136 2615 5198 congregata
2636 5143 2821 5191 manu,
2868 5129 3101 5183 Hircano
3130 5131 3348 5201 gravius
3386 5132 3486 5185 im-

1919 5217 2176 5283 minebat,
2221 5214 2562 5285 Iudzeamquc
2591 5218 2983 5287 populabatur:
3019 5218 3309 5273 Hircanum
3359 5222 3480 5290 qui-

1920 5307 2038 5361 dem
2066 5316 2275 5362 maturc
2302 5307 2571 5362 debellare
2594 5322 2751 5376 posse
2779 5309 3051 5375 credebat,
3092 5308 3351 5377 villasque
3383 5326 3481 5379 op-

1918 5407 2178 5466 portunas
2201 5398 2388 5461 muris,
2413 5399 2515 5453 hoc
2537 5407 2642 5463 est,
2662 5397 3068 5465 Alexandriam,
3098 5399 3386 5458 Ilireatutm
3431 5410 3486 5455 et

1920 5488 2285 5553 Macherunta,
2329 5503 2434 5543 non
2471 5488 2627 5559 longe
2675 5487 2744 5541 ab
2772 5488 2983 5542 Arabiae
3023 5488 3310 5548 montibus,
3363 5505 3483 5542 nm-

1918 5580 2117 5634 uiebat.
2153 5579 2461 5634 Exercitum
2489 5579 2616 5634 hinc
2646 5578 2768 5633 inde
2796 5577 3047 5645 colligere
3066 5578 3291 5643 curavit,
3316 5578 3486 5631 donec

1920 5675 2059 5727 facta
2090 5678 2215 5725 sunt
2241 5669 2291 5724 ei
2341 5668 2531 5723 decem
2557 5668 2720 5723 millia
2744 5667 3008 5739 peditum,
3066 5677 3121 5722 ct
3149 5667 3291 5721 mille.
3331 5669 3484 5734 quin-
