3964 6172
402 287 540 343 i079

1422 279 1806 337 FRECULPIII
1846 280 2302 336 LEXOVIENSIS
2341 279 2644 335 EPISCOPI

2892 198 2918 210 Ι

3519 284 3669 339 1080

402 400 549 472 genti
575 399 799 468 equites.
828 395 995 465 Igitur
1023 393 1280 448 Gabinius
1310 394 1399 461 qui
1434 395 1485 446 in
1537 393 1750 462 Syriam
1785 392 1980 446 miSsus
2009 398 2055 455 Α
2083 392 2256 443 Causa
2282 390 2478 459 quippe
2503 397 2773 442 tantorum
2805 387 3037 441 ﬁliorum
3073 388 3158 442 vir
3179 392 3428 462 egregius
3457 402 3544 448 est
3578 394 3668 447 fa-

402 495 611 545 Seauro
642 494 997 548 successerat,
1023 486 1282 539 adversus
1310 484 1674 537 Alexandrum
1721 499 1843 538 eutn
1875 499 1970 536 va-

2078 489 2220 543 ctus,
2248 478 2313 532 ad
2340 479 2620 533 emendam
2645 478 2959 532 muneribus
2983 487 3146 547 atque
3168 480 3407 535 amicitia
3430 485 3671 539 societa-

404 581 511 635 lida
543 594 702 633 manu
742 577 970 631 militum
1012 584 1171 644 atque
1203 575 1546 629 multitudine
1582 576 1844 643 processit
1884 573 1977 626 .Iu-
2077 580 2183 623 tem
2214 578 2516 638 potentum.
2548 568 2665 623 Prae
2702 558 2915 623 caeteris
2943 584 3074 624 vero
3113 572 3257 640 regis
3285 573 3384 626 sibi
3412 575 3673 633 Arabum

407 673 665 723 ineorum.
704 668 821 734 Quo
849 667 1036 737 prmlio
1070 668 1248 721 victus
1292 664 1616 729 Alexander,
1643 665 1857 717 amissis
1879 678 1972 717 sex

397 760 654 824 millibus,
704 775 932 830 quorum
983 758 1081 813 tria
1116 758 1235 810 viva
1292 765 1444 826 capta
1487 763 1642 819 sunt,
1694 755 1793 809 tria
1845 770 1972 809 vero

397 861 686 922 prostrata,
747 852 859 920 ipse
896 850 949 904 in
984 849 1366 903 Alexandrium
1395 846 1635 917 confugit
1669 846 1968 901 castellum.

396 942 514 1006 Quo
537 942 818 998 obsidione
850 942 1076 1002 cinctus,
1133 939 1260 991 dum
1284 937 1655 992 vehementius
1690 934 1867 1006 urgeri
1912 949 1970 990 se

395 1031 735 1084 abbostibus
782 1038 1049 1093 cerneret,
1097 1029 1318 1082 territus
1339 1026 1665 1089 Alexander,
1721 1025 1970 1079 omnibus

396 1121 713 1189 desperatis,
768 1120 967 1190 legatos
1012 1120 1080 1172 ad
1114 1117 1400 1172 Gabinium
1432 1118 1616 1180 mittit,
1661 1127 1716 1171 et
1766 1116 1967 1187 ignosci

396 1209 610 1263 delictis
624 1225 809 1272 orans,
832 1220 884 1263 et
904 1225 1023 1279 quae
1044 1209 1144 1263 sibi
1170 1216 1360 1278 parent
1374 1208 1590 1263 castella
1621 1207 1968 1262 Macherunta

394 1309 449 1353 et
472 1300 782 1353 Ilircanium
816 1301 1027 1354 tradere
1053 1316 1157 1354 non
1184 1299 1456 1363 dubitans,
1490 1299 1616 1368 quin
1648 1297 1811 1351 etiam
1848 1296 1970 1350 Ale-

393 1396 677 1448 xantlrium
725 1394 961 1461 ejus-iam
987 1394 1236 1464 potestati
1292 1393 1554 1462 permisit.
1602 1391 1732 1458 Quae
1787 1391 1967 1446 omnia

395 1484 612 1553 quidem
640 1483 917 1547 Gabinius,
941 1483 1168 1538 consilio
1186 1483 1372 1536 matris
1396 1481 1705 1545 Alexandri,
1731 1479 1969 1536 funditus

398 1574 559 1628 eruit.
611 1573 736 1628 Post
774 1575 888 1629 lucc
908 1589 1036 1628 vero
1071 1573 1351 1636 Gabinius,
1383 1572 1616 1628 Hircano
1663 1571 1969 1643 Hierosoly-

392 1679 534 1718 mam
567 1665 815 1727 dedueto,
853 1665 901 1718 ei
930 1663 1038 1718 fani
1076 1678 1260 1718 curam
1303 1663 1718 1729 commendavit,
1758 1661 1968 1716 caeteris

2075 660 2460 715 conciliaverat
2488 659 2746 728 gratiam,
2780 658 2908 727 quia
2951 657 3017 711 de
3049 658 3183 713 locis
3222 659 3439 716 Arabiae
3474 667 3676 722 uxoris

2074 759 2312 819 accept-t3
2337 748 2705 819 praetendebat
2735 748 3209 802 necessitudinem.
3241 748 3368 804 Hmc
3408 752 3482 807 de
3513 751 3676 809 Iose—

2071 844 2163 913 phi
2200 841 2567 910 excerpsimus
2597 840 2777 894 dictis.
2808 838 3095 894 Africanus
3125 855 3285 905 vero,
3320 843 3414 911 qui
3444 851 3505 897 et
3544 845 3671 913 ipse

2059 935 2372 1005 praecipuus
2395 933 2447 986 in
2480 930 2932 1001 historiograpbis
2954 931 3215 985 habetur:
3241 933 3431 999 Aiunt,
3458 936 3669 1005 inquit,

2071 1024 2161 1094 qui
2183 1024 2248 1078 de
2273 1038 2338 1076 eo
2361 1021 2672 1091 diligentius
2691 1019 3060 1088 explorarunt,
3088 1021 3437 1090 Antipatrum
3463 1040 3671 1092 quem-

2070 1116 2191 1170 dam
2224 1122 2429 1185 patrem
2464 1128 2584 1167 esse
2618 1111 2846 1166 Herodis
2893 1110 3247 1175 Ascaloniae,
3296 1114 3387 1183 qui
3431 1125 3491 1169 et
3544 1117 3667 1185 ipse

2071 1206 2232 1259 fuerit
2261 1203 2486 1257 Herodis
2513 1201 2792 1269 cujusdam
2825 1200 2987 1264 ﬁlius,
3022 1201 3203 1270 templi
3233 1202 3501 1272 Apollinis
3519 1207 3665 1260 aedi-

2070 1298 2167 1351 tui.
2200 1298 2298 1351 Hic
2327 1296 2624 1365 Antipater,
2656 1299 2724 1349 ab
2752 1297 2998 1351 Idummis
3018 1280 3322 1352 latronibus
3341 1309 3540 1369 captus
3561 1303 3667 1356 ad—

2069 1389 2286 1444 modum
2330 1404 2486 1458 pner,
2528 1389 2825 1456 permansit
2869 1403 2990 1442 cum
3034 1390 3399 1457 praedonibus,
3436 1408 3542 1461 pro
3591 1407 3667 1447 eo

2069 1480 2209 1549 quod
2228 1490 2381 1549 pater
2401 1480 2516 1546 ejus
2540 1480 2822 1534 familiaris
2844 1480 3022 1549 inopia
3053 1480 3221 1534 lilium
3249 1483 3520 1537 redimere
3543 1501 3664 1539 non

2067 1570 2293 1624 valeret.
2324 1570 2520 1624 Verum
2552 1586 2687 1639 puer
2710 1570 2978 1623 latronum
3006 1570 3119 1623 vita
3144 1579 3200 1624 et
3227 1573 3472 1627 moribus
3501 1574 3668 1628 insti-

2070 1666 2239 1723 tutus,
2266 1660 2607 1729 postmodum
2636 1660 2867 1714 llircano
2893 1660 3106 1715 cuidam
3137 1659 3444 1717 Judzeorum
3472 1666 3667 1735 ponti-

390 1754 698 1823 reipublieze
718 1756 963 1823 partibus
1009 1754 1296 1824 optimates
1337 1752 1596 1823 praifecit,
1643 1766 1966 1822 omnemque
2001 1732 2045 1791 Β
2074 1750 2158 1806 fici
2191 1752 2476 1806 familiaris
2501 1750 2747 1805 efficitur.
2775 1752 2848 1806 Ex
2879 1767 2986 1821 quo
3014 1754 3257 1808 nascitur
3282 1732 3529 1811 Herodcs
3564 1758 3665 1812 hic

391 1843 698 1899 Judmorum
745 1854 957 1915 gentem
1019 1847 1072 1900 in
1105 1853 1401 1901 conventus
1441 1845 1680 1914 quinque
1739 1844 1959 1898 divisit:

390 1948 555 1989 unum
585 1935 992 2008 Hierosolymis,
1021 1937 1251 1990 alterum
1283 1936 1461 2000 Doris,
1486 1936 1725 2004 itemque
1742 1934 1961 1989 tertium

389 2026 530 2095 τρυά
559 2024 906 2089 Amathunta,
933 2034 1183 2096 quartum
1218 2025 1449 2087 Hierico,
1499 2033 1557 2079 et
1577 2026 1821 2094 quintum
1846 2023 1966 2078 Sef-

450 2115 494 2168 εἰ
520 2115 735 2170 civitate
757 2115 1283 2186 Galibemdisposuit.
1310 2114 1579 2185 Singulari
1604 2123 1781 2168 autem
1806 2114 1964 2169 unius

392 2208 756 2262 dominatione
783 2207 950 2263 .Iudtei
988 2208 1223 2273 liberati,
1251 2206 1482 2263 libenter
1519 2207 1588 2261 ab
1616 2206 1963 2276 optimatibus

388 2298 732 2367 regebantur.

736 2396 751 2423 ‘
1006 2389 1233 2444 CAPUT
1268 2389 1332 2443 II.

393 2497 633 2569 Qualiter
675 2498 899 2551 Crassus
952 2498 1249 2568 spoliauerit
1289 2499 1568 2569 templum,
1622 2508 1669 2552 et
1711 2496 1960 2554 Parthico

464 2567 594 2621 bello
614 2583 736 2621 mea:
748 2578 821 2621 est
842 2567 1141 2631 exstinctus.
1156 2569 1234 2622 De
1254 2567 1457 2638 patreiet
1464 2569 1567 2621 iam
1581 2578 1842 2638 matreque
1858 2569 1962 2623 He-

461 2638 626 2701 rodis,
645 2647 701 2708 et
721 2638 970 2708 fratribus
998 2646 1152 2708 atque
1169 2653 1365 2708 sorore.
1391 2637 1458 2690 Et
1478 2638 1616 2708 quod
1637 2637 1790 2708 aliter
1815 2639 1961 2708 Afri-

463 2723 624 2777 canus
649 2705 1282 2777 ltistoriograpltus_quam
1304 2705 1562 2777 Iosephus
1585 2708 1650 2777 de
1665 2707 1842 2777 eodem
1864 2705 1957 2777 pa-

462 2774 794 2846 tregllerodis
823 2774 1056 2846 sentiret.
1088 2774 1437 2846 DeﬂLucullo,
1465 2777 1554 2846 qui
1598 2774 1958 2832 Mithridatem

458 2854 504 2897 et
537 2844 810 2915 Tigranem
838 2844 969 2898 bello
992 2845 1130 2899 vicit.
1159 2845 1226 2898 Et
1248 2844 1736 2915 dePumpeio,ejus
1755 2864 1960 2901 succes-

458 2912 611 2978 sore,
624 2914 714 2984 qui
740 2915 967 2969 maxima
988 2931 1054 2968 ea:
1076 2924 1224 2983 parte
1238 2912 1509 2969 Orientem
1523 2912 1711 2970 dicioni
1727 2917 1959 2972 subdidit

459 2982 833 3036 Romanorum.

508 3000 725 3038 οηιαηοῐ
728 3000 833 3037 um.

458 3113 629 3185 Igitur
662 3113 747 3170 his
775 3122 935 3184 atque
958 3110 1081 3172 aliis
1106 3116 1181 3172 ita
1212 3118 1376 3188 gestis
1393 3159 1408 3184 ,
1453 3119 1660 3174 interea
1687 3118 1920 3176 Crassus
1941 3161 1957 3183 ,

391 3205 603 3260 Gabinii
628 3219 928 3271 successor,
950 3206 1201 3261 ducatum
1226 3189 1396 3278 Syria:
1415 3209 1654 3278 suscepit
1681 3227 1693 3262 :
1718 3209 1809 3278 qui
1838 3224 1961 3280 pro-

390 3298 631 3354 fecturus
661 3298 727 3351 ad
756 3298 1068 3354 Parthicum
1091 3299 1311 3364 bellum,
1336 3315 1495 3354 omne
1519 3301 1661 3369 quod
1689 3309 1807 3355 erat
1834 3299 1961 3356 Hie.

389 3386 672 3456 rosolymis
704 3385 755 3440 in
784 3388 983 3457 templo
1004 3388 1226 3442 abstulit
1245 3404 1459 3455 aurum,
1489 3399 1543 3445 et
1571 3401 1830 3461 praeterea
1854 3392 1962 3448 duo

387 3472 555 3527 millia
587 3472 784 3528 talenta
813 3474 1023 3529 detrahi
1048 3474 1210 3543 jussit
1239 3478 1304 3531 de
1332 3477 1588 3534 interiore
1613 3481 1815 3551 templi,
1843 3496 1962 3550 quae

387 3557 674 3631 Pompeius
707 3563 906 3618 intacta
954 3563 1262 3634 reliquerat.
1302 3564 1413 3622 Nec
1455 3567 1669 3639 longum
1712 3569 1959 3627 laetatus:

387 3655 476 3709 ubi
498 3656 745 3710 transivit
760 3656 1425 3726 Euphratem,exercitum
1445 3661 1626 3715 amisit
1640 3663 1957 3729 maximum,

386 3755 444 3801 et
471 3748 583 3816 ipse
603 3763 633 3801 a
661 3749 827 3818 copiis
853 3748 1135 3804 Persarum
1157 3750 1455 3805 exstinctus
1484 3759 1586 3805 est.
1610 3751 1691 3806 Eo
1707 3767 1961 3810 successu

358 3887 362 3891 _
387 3838 573 3894 Parthi
593 3840 863 3907 elatiores,
884 3843 1267 3898 transeundum
1288 3844 1341 3897 in
1365 3843 1576 3915 Syriam
1596 3844 1957 3900 crediderunt.

389 3932 535 3997 Quos
572 3941 793 3986 strenue
822 3932 1033 3989 insidiis
1055 3934 1267 4004 excepit
1293 3934 1512 3990 Cassius
1533 3975 1547 3999 ,
1578 3942 1633 3989 et
1660 3936 1962 3990 commissa:

389 4022 488 4076 sibi
517 4024 806 4093 provincia:
835 4024 1031 4081 finibus
1068 4026 1295 4095 repulit,
1322 4042 1430 4081 non
1466 4027 1582 4082 sine
1615 4027 1762 4097 gravi
1799 4028 1962 4082 detri-

387 4125 571 4171 mento
599 4117 854 4182 hostium,
882 4133 1007 4174 cum
1033 4117 1200 4174 effuse
1222 4108 1501 4173 venientes
1520 4121 1661 4188 quod
1689 4119 1959 4175 neminem

389 4207 490 4261 sibi
520 4208 781 4263 obsistere
822 4224 1077 4264 ausurum
1121 4209 1538 4275 arbitrarentur,
1567 4210 1683 4265 loca
1720 4225 1960 4281 praeven—

388 4305 477 4350 tus
505 4299 747 4369 angustia
778 4300 1432 4369 occupavisset.'l)enique
1456 4298 1591 4355 fusis
1608 4301 1827 4355 fortium
1848 4300 1961 4371 plu-

2046 1843 2158 1912 -qui
2183 1841 2479 1896 Salvatoris
2508 1842 2839 1912 temporibus
2865 1841 2988 1896 fuit.
3016 1843 3142 1899 Hmc
3169 1844 3476 1902 Africanus.

2679 1952 2905 2008 CAPUT
2944 1952 3029 2007 III.

2061 2043 2410 2116 De_Lueull_o,
2438 2046 2528 2115 qui
2560 2043 2920 2116 Mithridatem
2948 2055 2998 2098 et
3027 2044 3302 2116 Tigranem
3337 2047 3472 2103 bello
3496 2053 3649 2105 eicit.

2135 2114 2202 2167 Et
2237 2113 2300 2168 de
2324 2113 2635 2186 ‘Pompeio,
2662 2114 2787 2186 ejus
2822 2113 3151 2186 successore,
3187 2118 3277 2186 qui
3310 2121 3550 2174 maxima
3586 2138 3659 2176 es

2135 2194 2283 2254 parte
2309 2181 2574 2238 Orientem
2603 2181 2791 2238 ditioni
2818 2184 3052 2239 subdidit
3089 2181 3360 2241 Romam.

2132 2292 2299 2363 Igitur
2321 2307 2388 2347 eo
2417 2300 2657 2363 tempore
2679 2294 2818 2363 apud
2853 2294 3127 2351 Romanos
3161 2297 3275 2352 hmo
3303 2298 3640 2369 agebantur.

2062 2384 2316 2439 Lucullus
2364 2392 2645 2455 postquam
2684 2385 3010 2442 Mitridatem
3046 2396 3101 2443 et
3137 2387 3421 2458 Tigranem
3476 2408 3653 2464 reges

2060 2476 2295 2538 vicerat,
2330 2475 2728 2545 maximamque
2755 2484 2961 2546 partem
2991 2477 3229 2533 Orientis
3268 2478 3524 2537 Romana:
3555 2485 3652 2538 di-

2063 2564 2191 2617 tioni
2211 2564 2520 2633 subegerat,
2544 2578 2910 2620 successorem
2935 2566 3124 2620 habuit
3142 2566 3476 2637 Pompeium.
3494 2572 3653 2642 Ergo

2060 2651 2346 2724 Pompeius
2371 2656 2423 2708 in
2450 2656 2659 2709 minore
2683 2656 2962 2720 Armenia,
2982 2657 3139 2727 juxta
3162 2666 3392 2713 montem
3414 2661 3659 2717 Dastra-

2060 2760 2181 2800 cum
2204 2754 2379 2800 castra
2413 2747 2554 2815 regis
2590 2746 2874 2801 Mitridatis
2903 2748 3179 2803 obsidione
3208 2751 3497 2809 concludit.
3522 2754 3647 2809 Rex

2060 2855 2181 2894 cum
2207 2841 2456 2895 omnibus
2481 2841 2650 2911 copiis
2677 2842 2959 2912 eruptione
2984 2857 3081 2912 per
3103 2851 3313 2899 noctem
3345 2843 3490 2901 facta
3511 2889 3527 2909 ,
3556 2850 3657 2903 in-

2060 2945 2220 2999 super
2261 2931 2426 2986 etiam
2467 2940 2879 3002 persequentem
2929 2933 3072 2989 bello
3112 2936 3366 3006 repellere
3413 2942 3642 2995 statuit.

2060 3018 2345 3089 Pompeius
2374 3020 2638 3090 fugientes
2660 3023 2913 3093 persequi
2943 3023 3189 3079 intendit.
3225 3025 3409 3096 Itaque
3431 3029 3646 3085 bellum

2062 3116 2221 3162 nocte
2241 3109 2588 3164 commissum
2617 3118 2719 3165 est.
2742 3110 2894 3165 Luna
2917 3120 3046 3167 tunc
3066 3122 3183 3167 orta
3205 3130 3234 3167 a
3256 3124 3402 3187 tergo
3426 3117 3645 3174 Roma-

2061 3196 2146 3251 nis
2194 3205 2331 3253 erat.
2376 3197 2596 3269 Regiam
2645 3199 2843 3273 [Regii]
2887 3201 3268 3273 longitudinem
3316 3207 3647 3266 umbrarum

2058 3290 2461 3360 proximitatem
2510 3291 2746 3346 hostium
2793 3293 2929 3357 rati,
2962 3305 3153 3349 cuncta
3189 3295 3242 3349 in
3271 3297 3491 3352 irritum
3531 3301 3643 3355 tela

2060 3385 2336 3439 fuderunt.
2354 3383 2582 3438 Romani
2611 3384 2757 3438 velut
2779 3385 3013 3440 inermes
3032 3395 3218 3455 postea
3247 3390 3493 3458 aggressi
3520 3392 3647 3446 sine

2059 3474 2244 3530 labore
2269 3475 2535 3529 vicerunt.
2568 3472 2811 3542 Namque
2847 3473 2915 3528 de
2940 3474 3177 3530 exercitu
3219 3477 3369 3546 regio
3394 3481 3647 3547 quadra-

2060 3565 2209 3636 ginta
2239 3563 2407 3617 millia
2436 3577 2574 3618 caesa
2602 3562 2688 3617 vel
2717 3571 2872 3633 capta
2903 3573 3066 3618 sunt:
3097 3564 3326 3620 Romani
3366 3568 3647 3626 vulnerati

2060 3655 2206 3709 mille
2231 3694 2245 3719 ,
2280 3655 2370 3709 vix
2405 3663 2585 3709 autem
2625 3654 2983 3725 quadraginta
3030 3655 3320 3712 interfecti.
3349 3658 3468 3713 Rex
3500 3661 3651 3717 inter

2062 3745 2322 3799 tumultus
2347 3745 2470 3799 belli
2499 3742 2622 3816 fuga
2653 3744 2901 3815 elapsus,
2924 3744 3138 3813 adjutus
3166 3756 3346 3803 autem
3376 3749 3653 3807 beneﬁcio

2061 3836 2346 3893 sublustris
2388 3838 2593 3903 noctis,
2632 3839 2806 3893 evasit
2846 3857 2859 3893 :
2899 3838 3222 3910 relictusque
3268 3839 3339 3895 ab
3385 3841 3651 3897 omnibus

2062 3932 2278 3996 amicis,
2303 3932 2638 4002 philosophis
2666 3974 2680 3996 ,
2716 3933 3070 4004 scriptoribus
3102 3947 3281 3988 rerum
3307 3934 3396 3989 vel
3436 3936 3651 3989 canni—

2061 4042 2210 4088 num,
2237 4040 2302 4079 ac
2330 4025 2572 4089 medicis,
2604 4025 2748 4081 solus
2773 4041 2870 4096 per
2898 4027 3053 4082 devia
3089 4041 3285 4096 equum
3324 4044 3493 4083 manu
3522 4037 3645 4082 tra-

2062 4117 2211 4177 hens,
2248 4125 2410 4186 atque
2431 4117 2499 4171 ad
2526 4133 2715 4172 omnes
2746 4127 3038 4172 nocturnos
3059 4120 3314 4187 strepitus
3338 4122 3645 4189 trepidans,

2063 4207 2115 4261 in
2138 4207 2408 4276 quoddam
2442 4206 2718 4261 castellum
2747 4209 2985 4274 divertit,
3016 4218 3175 4278 atque
3204 4210 3330 4264 inde
3358 4211 3410 4264 in
3445 4212 3653 4266 Arme-

2062 4299 2205 4356 niam
2247 4298 2503 4368 perrexit.
2546 4298 2834 4368 Pompeius
2872 4314 3052 4368 regem
3091 4300 3469 4365 insecuturos,
3501 4303 3654 4359 inter

384 4387 538 4440 rimis
568 4427 583 4451 ,
630 4388 829 4442 bellum
882 4389 1166 4444 deseruere
1211 4391 1417 4445 Parthi.
1471 4389 1694 4446 Cassius
1742 4390 1957 4460 repulso
1988 4414 2039 4474 ι)
2064 4392 2170 4446 duo
2197 4389 2444 4453 ﬂumina,
2480 4406 2599 4461 quae
2625 4392 2694 4446 ab
2721 4407 2828 4446 uno
2864 4399 3047 4447 mente
3092 4392 3320 4447 diversis
3365 4398 3655 4462 specubus

384 4475 563 4541 hoste,
590 4490 814 4532 securus
842 4480 1117 4546 provincia
1138 4520 1152 4544 ,
1190 4481 1245 4533 in
1267 4479 1505 4536 Judatam
1532 4482 1710 4548 irruit,
1738 4493 1793 4539 et
1818 4482 1962 4538 Tha-

384 4564 588 4619 riclteis
615 4565 803 4621 deletis
830 4567 1051 4635 triginta
1085 4569 1250 4623 millia
1282 4568 1591 4625 Iudaeorum
1634 4572 1689 4625 in
1726 4572 1959 4627 servitu-

389 4661 495 4705 tem
522 4653 799 4708 vendidit:
828 4653 1130 4709 Phitalaum
1170 4672 1383 4726 quoque
1407 4698 1421 4722 ,
1462 4667 1773 4726 suspectum
1810 4660 1957 4726 doli,

384 4742 528 4810 quod
558 4751 740 4811 partes
766 4744 1056 4801 Aristoboli
1097 4745 1312 4802 fulciret
1332 4788 1347 4813 ,
1379 4747 1613 4819 iugulari
1638 4748 1823 4818 jussit.
1856 4749 1959 4806 Ne-

386 4846 493 4901 que
520 4846 713 4900 expers
756 4833 963 4890 consilii
994 4833 1110 4904 ejus
1148 4835 1432 4907 Antipater
1452 4836 1549 4891 fuit
1576 4877 1591 4903 ,
1619 4845 1677 4892 ut
1703 4838 1955 4893 aemulum

384 4927 638 4995 potent-ite
663 4943 822 4998 quam
850 4930 1085 4986 maxime
1113 4931 1445 4987 excluderet.
1468 4931 1638 5000 Igitur
1673 4932 1959 5001 Antipater

389 5016 436 5070 is
461 5019 711 5088 cognovit
740 5035 962 5089 uxorem
991 5064 1005 5085 ,
1035 5023 1120 5077 cui
1157 5038 1351 5078 nomen
1392 5022 1581 5094 Cypris
1599 5063 1614 5088 ,
1642 5024 1959 5094 splendidis-

386 5108 524 5163 simo
547 5109 689 5163 inter
711 5110 926 5165 Arabiae
954 5109 1183 5167 feminas
1225 5113 1345 5167 loco
1372 5120 1579 5178 ortam,
1607 5121 1768 5182 atque
1793 5129 1860 5168 ex
1894 5130 1957 5169 ea

386 5198 623 5267 suscepit
650 5198 847 5254 liberos
871 5207 1102 5270 quatuor
1134 5217 1296 5256 sexus
1324 5203 1513 5267 virilis,
1542 5210 1596 5257 et
1622 5220 1781 5258 unam
1808 5202 1959 5258 femi-

386 5299 530 5339 nam.
563 5286 813 5341 Virorum
856 5288 1160 5356 liujusmodi
1200 5290 1460 5345 vocabula
1512 5301 1676 5344 erant
1704 5308 1717 5344 :
1741 5291 1965 5346 Primus

384 5373 664 5441 Pbasclus,
698 5392 932 5446 sequens
962 5376 1198 5434 Herodes
1225 5380 1422 5443 vocati,
1449 5380 1643 5434 tertius
1667 5378 1952 5450 Josephus,

385 5474 610 5531 quartus
638 5466 863 5529 Ferora,
893 5477 947 5522 et
974 5467 1190 5523 Salome
1213 5468 1319 5522 lilia
1354 5471 1533 5524 unica.
1566 5470 1667 5537 Qui
1693 5484 1814 5524 cum
1839 5469 1947 5524 Ga-

385 5553 495 5606 bini
513 5552 747 5610 favoreni
771 5559 1083 5613 muneribus
1105 5569 1266 5628 atque
1283 5558 1555 5629 obsequiis
1577 5559 1813 5614 maxime
1833 5575 1958 5629 pro-

389 5635 703 5710 uwruisset,
730 5646 902 5701 Cassii
929 5650 1090 5704 etiam
1121 5649 1541 5705 familiaritatem
1589 5651 1814 5721 adeptus
1850 5661 1950 5707 est.

2062 4483 2403 4547 exoriuntur,
2438 4484 2543 4537 hoc
2573 4491 2657 4537 est
2684 4481 2941 4536 Eufraten
2962 4489 3018 4536 et
3046 4482 3297 4547 Araxen,
3322 4483 3515 4538 urbem
3550 4484 3658 4541 Ni-

2057 4573 2308 4642 copolim,
2333 4573 2573 4636 senibus,
2605 4572 2730 4627 lixis
2753 4580 2808 4627 et
2832 4572 2990 4643 aegris
3014 4572 3339 4635 volentibus,
3355 4575 3645 4637 condidit;

2055 4664 2233 4718 oranti
2257 4663 2478 4734 Tigrani
2510 4663 2720 4717 veniam
2746 4662 2919 4727 dedit;
2951 4663 3251 4729 exercitum
3275 4662 3511 4719 Herodis
3536 4665 3651 4718 Al-

2055 4755 2316 4808 banorum
2348 4753 2493 4822 regis
2518 4793 2532 4816 ,
2568 4752 2956 4822 praefectosque
2984 4752 3101 4822 ejus
3132 4760 3215 4806 ter
3242 4752 3432 4821 praelia
3460 4754 3602 4809 vicit
3630 4774 3647 4808 :

2056 4854 2242 4914 postea
2272 4842 2527 4913 epistolas
2563 4842 2793 4896 Herodis
2818 4850 2875 4897 et
2897 4857 3120 4897 munera
3151 4856 3251 4912 pro
3277 4843 3649 4899 instauranda

2058 4948 2179 4985 cum
2202 4932 2426 4986 Albanis
2458 4932 2715 4986 societate
2742 4931 2975 4985 libenter
3011 4932 3237 5001 accepit.
3264 4932 3520 4987 Artacem
3546 4948 3654 4989 νδ

2060 5036 2180 5090 gem
2214 5020 2445 5075 Hiberiae
2472 5020 2608 5075 bello
2636 5020 2803 5084 fudit,
2835 5028 3113 5090 totamque
3150 5020 3424 5075 Hiberiam
3457 5022 3513 5076 in
3546 5023 3655 5077 de—

2061 5110 2317 5165 ditionem
2366 5110 2595 5177 accepit.
2629 5109 2757 5164 Inde
2800 5126 2921 5165 cum
2968 5110 3315 5174 Armeniam,
3363 5110 3653 5175 Colchos.

2060 5200 2451 5270 Cappadociam
2486 5207 2541 5253 et
2571 5199 2783 5270 Syriam
2811 5203 3076 5258 ordinatis
3104 5202 3263 5257 rebus
3293 5204 3657 5272 composuis-

2060 5299 2165 5354 set,
2188 5303 2510 5360 promovens
2542 5292 2608 5345 de
2630 5290 2801 5346 Ponto
2826 5292 2877 5345 in
2904 5290 3215 5355 Parthiam,
3257 5300 3315 5346 et
3352 5301 3477 5360 post
3514 5293 3657 5348 haec

2059 5382 2355 5435 Bathanam
2383 5379 2757 5452 [Ecbatanam]
2782 5382 2990 5446 urbem,
3013 5390 3173 5451 caput
3192 5382 3433 5436 Parthici
3452 5384 3649 5452 regni,

2058 5470 2504 5542 quinquagesimo
2543 5469 2630 5524 die
2662 5470 2828 5525 venit.
2856 5469 3007 5524 Tunc
3040 5471 3095 5525 in
3138 5469 3418 5541 Bosphoro
3458 5469 3614 5523 nitri
3634 5501 3654 5511 -

2058 5562 2184 5616 date
2205 5561 2448 5616 Cerealia
2473 5576 2627 5616 sacra
2654 5562 2961 5617 celebrante
2983 5572 3319 5618 teri-remotus
3339 5562 3478 5617 adeo
3498 5578 3647 5631 gra-

2060 5653 2140 5707 vis
2169 5660 2388 5722 repente
2412 5660 2635 5706 exortus
2661 5660 2745 5706 est
2764 5691 2779 5717 ,
2807 5660 2866 5705 ut
2906 5668 3097 5722 magna
3138 5652 3319 5707 clades
3342 5668 3409 5708 ex
3439 5667 3507 5707 eo
3542 5667 3667 5706 ur-
