  <div class='ocr_page' id='page_1' title='image "/cluster/home/n/w/nwhite01/storage/ocr_20150623/106/hvd.32044054759717/546.png"; bbox 0 0 3964 6172; ppageno 0'>
   <div class='ocr_carea' id='block_1_1' title="bbox 314 278 440 336">
    <p class='ocr_par' dir='ltr' id='par_1_1' title="bbox 314 278 440 336">
     <span class='ocr_line' id='line_1_1' title="bbox 314 278 440 336; baseline -0.016 -3"><span class='ocrx_word' id='word_1_1' title='bbox 314 278 440 336; x_wconf 69' lang='grc'>1081</span> 
     </span>
    </p>
   </div>
   <div class='ocr_carea' id='block_1_2' title="bbox 1403 272 2491 332">
    <p class='ocr_par' dir='ltr' id='par_1_2' title="bbox 1403 272 2491 332">
     <span class='ocr_line' id='line_1_2' title="bbox 1403 272 2491 332; baseline 0.002 -2"><span class='ocrx_word' id='word_1_2' title='bbox 1403 272 1812 330; x_wconf 77' lang='lat' dir='ltr'><strong>CHRONICON.</strong></span> <span class='ocrx_word' id='word_1_3' title='bbox 1849 304 1919 313; x_wconf 96' lang='lat'><strong>—</strong></span> <span class='ocrx_word' id='word_1_4' title='bbox 1957 273 2121 330; x_wconf 80' lang='lat' dir='ltr'><strong>TOMI</strong></span> <span class='ocrx_word' id='word_1_5' title='bbox 2158 276 2178 330; x_wconf 86' lang='grc' dir='ltr'>Ι</span> <span class='ocrx_word' id='word_1_6' title='bbox 2217 276 2343 331; x_wconf 84' lang='lat' dir='ltr'><strong>LIB.</strong></span> <span class='ocrx_word' id='word_1_7' title='bbox 2385 277 2491 332; x_wconf 71' lang='grc' dir='ltr'><strong>γιι.</strong></span> 
     </span>
    </p>
   </div>
   <div class='ocr_carea' id='block_1_3' title="bbox 3420 285 3557 341">
    <p class='ocr_par' dir='ltr' id='par_1_3' title="bbox 3420 285 3557 341">
     <span class='ocr_line' id='line_1_3' title="bbox 3420 285 3557 341; baseline 0.007 -3"><span class='ocrx_word' id='word_1_8' title='bbox 3420 285 3443 338; x_wconf 85' lang='lat' dir='ltr'><strong>l</strong></span> <span class='ocrx_word' id='word_1_9' title='bbox 3453 285 3557 341; x_wconf 69' lang='lat'><strong>082</strong></span> 
     </span>
    </p>
   </div>
   <div class='ocr_carea' id='block_1_4' title="bbox 304 388 3554 462">
    <p class='ocr_par' dir='ltr' id='par_1_4' title="bbox 304 388 3554 462">
     <span class='ocr_line' id='line_1_4' title="bbox 304 388 3554 462; baseline 0 -13"><span class='ocrx_word' id='word_1_10' title='bbox 304 395 454 449; x_wconf 88' lang='lat' dir='ltr'><strong>bium</strong></span> <span class='ocrx_word' id='word_1_11' title='bbox 486 402 647 460; x_wconf 87' lang='lat' dir='ltr'><strong>atque</strong></span> <span class='ocrx_word' id='word_1_12' title='bbox 675 405 923 462; x_wconf 78' lang='lat' dir='ltr'><strong>agrorum</strong></span> <span class='ocrx_word' id='word_1_13' title='bbox 957 399 1140 446; x_wconf 91' lang='lat' dir='ltr'><strong>secuta</strong></span> <span class='ocrx_word' id='word_1_14' title='bbox 1166 397 1503 444; x_wconf 73' lang='lat' dir='ltr'><strong>narraretur.</strong></span> <span class='ocrx_word' id='word_1_15' title='bbox 1522 388 1726 442; x_wconf 83' lang='lat' dir='ltr'><strong>Eodem</strong></span> <span class='ocrx_word' id='word_1_16' title='bbox 1749 399 1881 442; x_wconf 88' lang='lat' dir='ltr'><strong>tcm-</strong></span> <span class='ocrx_word' id='word_1_17' title='bbox 1907 392 1955 450; x_wconf 77' lang='grc' dir='ltr'><strong>Α</strong></span> <span class='ocrx_word' id='word_1_18' title='bbox 1981 391 2373 460; x_wconf 87' lang='lat' dir='ltr'><strong>vebeutemque</strong></span> <span class='ocrx_word' id='word_1_19' title='bbox 2415 405 2598 446; x_wconf 81' lang='lat' dir='ltr'><strong>secum</strong></span> <span class='ocrx_word' id='word_1_20' title='bbox 2645 391 2985 449; x_wconf 81' lang='lat' dir='ltr'><strong>incredibiles</strong></span> <span class='ocrx_word' id='word_1_21' title='bbox 3029 388 3425 449; x_wconf 90' lang='lat' dir='ltr'><strong>Germanorum</strong></span> <span class='ocrx_word' id='word_1_22' title='bbox 3467 411 3554 450; x_wconf 85' lang='lat' dir='ltr'><strong>co-</strong></span> 
     </span>
    </p>
   </div>
   <div class='ocr_carea' id='block_1_5' title="bbox 304 478 1883 557">
    <p class='ocr_par' dir='ltr' id='par_1_5' title="bbox 304 478 1883 557">
     <span class='ocr_line' id='line_1_5' title="bbox 304 478 1883 557; baseline -0.002 -20"><span class='ocrx_word' id='word_1_23' title='bbox 304 500 438 557; x_wconf 86' lang='lat' dir='ltr'><strong>pore</strong></span> <span class='ocrx_word' id='word_1_24' title='bbox 484 483 677 538; x_wconf 91' lang='lat' dir='ltr'><strong>Castor</strong></span> <span class='ocrx_word' id='word_1_25' title='bbox 724 483 1012 538; x_wconf 83' lang='lat' dir='ltr'><strong>Mitridatis</strong></span> <span class='ocrx_word' id='word_1_26' title='bbox 1056 482 1371 553; x_wconf 72' lang='lat' dir='ltr'><strong>prefectus,</strong></span> <span class='ocrx_word' id='word_1_27' title='bbox 1427 482 1517 549; x_wconf 92' lang='lat' dir='ltr'><strong>qui</strong></span> <span class='ocrx_word' id='word_1_28' title='bbox 1580 478 1883 549; x_wconf 89' lang='lat' dir='ltr'><strong>Panagorio</strong></span> 
     </span>
    </p>
   </div>
   <div class='ocr_carea' id='block_1_6' title="bbox 304 575 1878 653">
    <p class='ocr_par' dir='ltr' id='par_1_6' title="bbox 304 575 1878 653">
     <span class='ocr_line' id='line_1_6' title="bbox 304 575 1878 653; baseline -0.004 -18"><span class='ocrx_word' id='word_1_29' title='bbox 304 588 561 653; x_wconf 70' lang='lat' dir='ltr'><strong>prmerat,</strong></span> <span class='ocrx_word' id='word_1_30' title='bbox 592 578 894 634; x_wconf 76' lang='lat' dir='ltr'><strong>interfectis</strong></span> <span class='ocrx_word' id='word_1_31' title='bbox 920 580 1108 633; x_wconf 77' lang='lat' dir='ltr'><strong>amicis</strong></span> <span class='ocrx_word' id='word_1_32' title='bbox 1131 578 1323 649; x_wconf 81' lang='lat' dir='ltr'><strong>regiis,</strong></span> <span class='ocrx_word' id='word_1_33' title='bbox 1356 589 1537 633; x_wconf 77' lang='lat' dir='ltr'><strong>arcem</strong></span> <span class='ocrx_word' id='word_1_34' title='bbox 1569 575 1878 644; x_wconf 73' lang='lat' dir='ltr'><strong>occupavit,</strong></span> 
     </span>
    </p>
   </div>
   <div class='ocr_carea' id='block_1_7' title="bbox 304 665 1882 743">
    <p class='ocr_par' dir='ltr' id='par_1_7' title="bbox 304 665 1882 743">
     <span class='ocr_line' id='line_1_7' title="bbox 304 665 1882 743; baseline -0.008 -12"><span class='ocrx_word' id='word_1_35' title='bbox 304 684 362 731; x_wconf 92' lang='lat' dir='ltr'><strong>et</strong></span> <span class='ocrx_word' id='word_1_36' title='bbox 400 680 634 743; x_wconf 85' lang='lat' dir='ltr'><strong>quatuor</strong></span> <span class='ocrx_word' id='word_1_37' title='bbox 716 668 1003 726; x_wconf 78' lang='lat' dir='ltr'><strong>Mitridatis</strong></span> <span class='ocrx_word' id='word_1_38' title='bbox 1055 670 1193 725; x_wconf 91' lang='lat' dir='ltr'><strong>ﬁlios</strong></span> <span class='ocrx_word' id='word_1_39' title='bbox 1239 670 1308 723; x_wconf 89' lang='lat' dir='ltr'><strong>ad</strong></span> <span class='ocrx_word' id='word_1_40' title='bbox 1354 666 1600 738; x_wconf 62' lang='lat' dir='ltr'><strong>praesidia</strong></span> <span class='ocrx_word' id='word_1_41' title='bbox 1640 665 1882 719; x_wconf 84' lang='lat' dir='ltr'><strong>Romana</strong></span> 
     </span>
    </p>
   </div>
   <div class='ocr_carea' id='block_1_8' title="bbox 306 758 1882 825">
    <p class='ocr_par' dir='ltr' id='par_1_8' title="bbox 306 758 1882 825">
     <span class='ocr_line' id='line_1_8' title="bbox 306 758 1882 825; baseline -0.005 -7"><span class='ocrx_word' id='word_1_42' title='bbox 306 764 628 818; x_wconf 89' lang='lat' dir='ltr'><strong>transmisit.</strong></span> <span class='ocrx_word' id='word_1_43' title='bbox 658 761 986 825; x_wconf 80' lang='lat' dir='ltr'><strong>Mitridates,</strong></span> <span class='ocrx_word' id='word_1_44' title='bbox 1020 776 1282 816; x_wconf 87' lang='lat' dir='ltr'><strong>accensus</strong></span> <span class='ocrx_word' id='word_1_45' title='bbox 1316 761 1396 821; x_wconf 89' lang='lat' dir='ltr'><strong>ira</strong></span> <span class='ocrx_word' id='word_1_46' title='bbox 1418 800 1432 825; x_wconf 95' lang='lat'><strong>,</strong></span> <span class='ocrx_word' id='word_1_47' title='bbox 1461 760 1515 814; x_wconf 94' lang='lat' dir='ltr'><strong>in</strong></span> <span class='ocrx_word' id='word_1_48' title='bbox 1547 758 1750 814; x_wconf 91' lang='lat' dir='ltr'><strong>scelera</strong></span> <span class='ocrx_word' id='word_1_49' title='bbox 1787 771 1882 811; x_wconf 91' lang='lat' dir='ltr'><strong>ex-</strong></span> 
     </span>
    </p>
   </div>
   <div class='ocr_carea' id='block_1_9' title="bbox 306 850 1883 923">
    <p class='ocr_par' dir='ltr' id='par_1_9' title="bbox 306 850 1883 923">
     <span class='ocr_line' id='line_1_9' title="bbox 306 850 1883 923; baseline -0.004 -13"><span class='ocrx_word' id='word_1_50' title='bbox 306 855 465 910; x_wconf 83' lang='lat' dir='ltr'><strong>arsit.</strong></span> <span class='ocrx_word' id='word_1_51' title='bbox 499 853 634 908; x_wconf 79' lang='lat' dir='ltr'><strong>Nam</strong></span> <span class='ocrx_word' id='word_1_52' title='bbox 669 852 973 923; x_wconf 85' lang='lat' dir='ltr'><strong>complures</strong></span> <span class='ocrx_word' id='word_1_53' title='bbox 1001 860 1127 906; x_wconf 92' lang='lat' dir='ltr'><strong>tunc</strong></span> <span class='ocrx_word' id='word_1_54' title='bbox 1161 853 1368 907; x_wconf 90' lang='lat' dir='ltr'><strong>amicos</strong></span> <span class='ocrx_word' id='word_1_55' title='bbox 1394 867 1556 914; x_wconf 89' lang='lat' dir='ltr'><strong>suos,</strong></span> <span class='ocrx_word' id='word_1_56' title='bbox 1589 862 1644 905; x_wconf 87' lang='lat' dir='ltr'><strong>et</strong></span> <span class='ocrx_word' id='word_1_57' title='bbox 1687 850 1883 919; x_wconf 78' lang='grc' dir='ltr'><strong>Εκίρο-</strong></span> 
     </span>
    </p>
   </div>
   <div class='ocr_carea' id='block_1_10' title="bbox 305 940 1882 1009">
    <p class='ocr_par' dir='ltr' id='par_1_10' title="bbox 305 940 1882 1009">
     <span class='ocr_line' id='line_1_10' title="bbox 305 940 1882 1009; baseline -0.004 -9"><span class='ocrx_word' id='word_1_58' title='bbox 305 946 461 1000; x_wconf 89' lang='lat' dir='ltr'><strong>dram</strong></span> <span class='ocrx_word' id='word_1_59' title='bbox 498 944 666 998; x_wconf 92' lang='lat' dir='ltr'><strong>ﬁlium</strong></span> <span class='ocrx_word' id='word_1_60' title='bbox 688 958 845 997; x_wconf 90' lang='lat' dir='ltr'><strong>suum</strong></span> <span class='ocrx_word' id='word_1_61' title='bbox 872 941 1166 1007; x_wconf 81' lang='lat' dir='ltr'><strong>interfecit,</strong></span> <span class='ocrx_word' id='word_1_62' title='bbox 1197 958 1317 997; x_wconf 90' lang='lat' dir='ltr'><strong>cum</strong></span> <span class='ocrx_word' id='word_1_63' title='bbox 1341 950 1468 997; x_wconf 89' lang='lat' dir='ltr'><strong>ante</strong></span> <span class='ocrx_word' id='word_1_64' title='bbox 1491 940 1605 1009; x_wconf 83' lang='lat' dir='ltr'><strong>jam</strong></span> <span class='ocrx_word' id='word_1_65' title='bbox 1640 940 1882 994; x_wconf 80' lang='lat' dir='ltr'><strong>Alioma-</strong></span> 
     </span>
    </p>
   </div>
   <div class='ocr_carea' id='block_1_11' title="bbox 306 1030 1882 1108">
    <p class='ocr_par' dir='ltr' id='par_1_11' title="bbox 306 1030 1882 1108">
     <span class='ocr_line' id='line_1_11' title="bbox 306 1030 1882 1108; baseline -0.006 -15"><span class='ocrx_word' id='word_1_66' title='bbox 306 1038 526 1093; x_wconf 86' lang='lat' dir='ltr'><strong>charem</strong></span> <span class='ocrx_word' id='word_1_67' title='bbox 553 1034 742 1108; x_wconf 82' lang='lat' dir='ltr'><strong>[alium</strong></span> <span class='ocrx_word' id='word_1_68' title='bbox 779 1033 1084 1089; x_wconf 77' lang='lat' dir='ltr'><strong>Macharem</strong></span> <span class='ocrx_word' id='word_1_69' title='bbox 1112 1031 1351 1103; x_wconf 90' lang='lat' dir='ltr'><strong>nomine]</strong></span> <span class='ocrx_word' id='word_1_70' title='bbox 1389 1031 1683 1101; x_wconf 89' lang='lat' dir='ltr'><strong>parricidio</strong></span> <span class='ocrx_word' id='word_1_71' title='bbox 1719 1030 1882 1084; x_wconf 88' lang='lat' dir='ltr'><strong>truci-</strong></span> 
     </span>
    </p>
   </div>
   <div class='ocr_carea' id='block_1_12' title="bbox 275 1118 1878 1191">
    <p class='ocr_par' dir='ltr' id='par_1_12' title="bbox 275 1118 1878 1191">
     <span class='ocr_line' id='line_1_12' title="bbox 275 1118 1878 1191; baseline -0.006 -10"><span class='ocrx_word' id='word_1_72' title='bbox 275 1151 278 1154; x_wconf 53' lang='grc'><strong>’</strong></span> <span class='ocrx_word' id='word_1_73' title='bbox 305 1127 506 1181; x_wconf 86' lang='lat' dir='ltr'><strong>dasset.</strong></span> <span class='ocrx_word' id='word_1_74' title='bbox 538 1125 866 1186; x_wconf 86' lang='lat' dir='ltr'><strong>Pharnaces,</strong></span> <span class='ocrx_word' id='word_1_75' title='bbox 898 1123 1037 1177; x_wconf 88' lang='lat' dir='ltr'><strong>alter</strong></span> <span class='ocrx_word' id='word_1_76' title='bbox 1067 1121 1207 1177; x_wconf 92' lang='lat' dir='ltr'><strong>ﬁlius</strong></span> <span class='ocrx_word' id='word_1_77' title='bbox 1223 1122 1359 1191; x_wconf 87' lang='lat' dir='ltr'><strong>ejus,</strong></span> <span class='ocrx_word' id='word_1_78' title='bbox 1382 1119 1627 1188; x_wconf 88' lang='lat' dir='ltr'><strong>exemplo</strong></span> <span class='ocrx_word' id='word_1_79' title='bbox 1650 1118 1878 1173; x_wconf 78' lang='lat' dir='ltr'><strong>fratrum</strong></span> 
     </span>
    </p>
   </div>
   <div class='ocr_carea' id='block_1_13' title="bbox 307 1199 1876 1282">
    <p class='ocr_par' dir='ltr' id='par_1_13' title="bbox 307 1199 1876 1282">
     <span class='ocr_line' id='line_1_13' title="bbox 307 1199 1876 1282; baseline -0.004 -12"><span class='ocrx_word' id='word_1_80' title='bbox 307 1199 556 1278; x_wconf 76' lang='lat' dir='ltr'><strong>terrilus,</strong></span> <span class='ocrx_word' id='word_1_81' title='bbox 587 1214 883 1269; x_wconf 83' lang='lat' dir='ltr'><strong>exercitum</strong></span> <span class='ocrx_word' id='word_1_82' title='bbox 912 1213 979 1267; x_wconf 89' lang='lat' dir='ltr'><strong>ad</strong></span> <span class='ocrx_word' id='word_1_83' title='bbox 1015 1211 1447 1282; x_wconf 90' lang='lat' dir='ltr'><strong>persequendum</strong></span> <span class='ocrx_word' id='word_1_84' title='bbox 1489 1224 1610 1265; x_wconf 87' lang='lat' dir='ltr'><strong>sese</strong></span> <span class='ocrx_word' id='word_1_85' title='bbox 1654 1210 1876 1263; x_wconf 87' lang='lat' dir='ltr'><strong>missum</strong></span> 
     </span>
    </p>
   </div>
   <div class='ocr_carea' id='block_1_14' title="bbox 302 1300 1876 1372">
    <p class='ocr_par' dir='ltr' id='par_1_14' title="bbox 302 1300 1876 1372">
     <span class='ocr_line' id='line_1_14' title="bbox 302 1300 1876 1372; baseline -0.005 -12"><span class='ocrx_word' id='word_1_86' title='bbox 302 1306 404 1360; x_wconf 89' lang='lat' dir='ltr'><strong>sibi</strong></span> <span class='ocrx_word' id='word_1_87' title='bbox 442 1304 768 1371; x_wconf 83' lang='lat' dir='ltr'><strong>conciliavit,</strong></span> <span class='ocrx_word' id='word_1_88' title='bbox 792 1313 847 1358; x_wconf 90' lang='lat' dir='ltr'><strong>et</strong></span> <span class='ocrx_word' id='word_1_89' title='bbox 875 1319 1000 1357; x_wconf 82' lang='lat' dir='ltr'><strong>mox</strong></span> <span class='ocrx_word' id='word_1_90' title='bbox 1038 1303 1297 1358; x_wconf 86' lang='lat' dir='ltr'><strong>adversus</strong></span> <span class='ocrx_word' id='word_1_91' title='bbox 1328 1310 1537 1372; x_wconf 78' lang='lat' dir='ltr'><strong>patrem</strong></span> <span class='ocrx_word' id='word_1_92' title='bbox 1566 1301 1739 1354; x_wconf 85' lang='lat' dir='ltr'><strong>duxit.</strong></span> <span class='ocrx_word' id='word_1_93' title='bbox 1775 1300 1876 1353; x_wconf 76' lang='lat' dir='ltr'><strong>Mi—</strong></span> 
     </span>
    </p>
   </div>
   <div class='ocr_carea' id='block_1_15' title="bbox 304 1391 1879 1461">
    <p class='ocr_par' dir='ltr' id='par_1_15' title="bbox 304 1391 1879 1461">
     <span class='ocr_line' id='line_1_15' title="bbox 304 1391 1879 1461; baseline -0.002 -12"><span class='ocrx_word' id='word_1_94' title='bbox 304 1396 530 1450; x_wconf 83' lang='lat' dir='ltr'><strong>tridates</strong></span> <span class='ocrx_word' id='word_1_95' title='bbox 569 1396 658 1449; x_wconf 80' lang='lat' dir='ltr'><strong>diu</strong></span> <span class='ocrx_word' id='word_1_96' title='bbox 685 1410 752 1450; x_wconf 90' lang='lat' dir='ltr'><strong>ex</strong></span> <span class='ocrx_word' id='word_1_97' title='bbox 789 1395 1052 1449; x_wconf 90' lang='lat' dir='ltr'><strong>altissimo</strong></span> <span class='ocrx_word' id='word_1_98' title='bbox 1101 1409 1257 1448; x_wconf 91' lang='lat' dir='ltr'><strong>muro</strong></span> <span class='ocrx_word' id='word_1_99' title='bbox 1303 1391 1471 1447; x_wconf 91' lang='lat' dir='ltr'><strong>ﬁlium</strong></span> <span class='ocrx_word' id='word_1_100' title='bbox 1522 1391 1725 1446; x_wconf 82' lang='lat' dir='ltr'><strong>frustra</strong></span> <span class='ocrx_word' id='word_1_101' title='bbox 1755 1406 1879 1461; x_wconf 88' lang='lat' dir='ltr'><strong>pre-</strong></span> 
     </span>
    </p>
   </div>
   <div class='ocr_carea' id='block_1_16' title="bbox 302 1482 1876 1548">
    <p class='ocr_par' dir='ltr' id='par_1_16' title="bbox 302 1482 1876 1548">
     <span class='ocr_line' id='line_1_16' title="bbox 302 1482 1876 1548; baseline -0.003 -9"><span class='ocrx_word' id='word_1_102' title='bbox 302 1493 478 1548; x_wconf 87' lang='lat' dir='ltr'><strong>catus,</strong></span> <span class='ocrx_word' id='word_1_103' title='bbox 501 1486 589 1539; x_wconf 90' lang='lat' dir='ltr'><strong>ubi</strong></span> <span class='ocrx_word' id='word_1_104' title='bbox 622 1485 1006 1539; x_wconf 84' lang='lat' dir='ltr'><strong>inexorabilem</strong></span> <span class='ocrx_word' id='word_1_105' title='bbox 1035 1484 1189 1548; x_wconf 80' lang='lat' dir='ltr'><strong>vidit,</strong></span> <span class='ocrx_word' id='word_1_106' title='bbox 1220 1484 1516 1539; x_wconf 91' lang='lat' dir='ltr'><strong>moriturus</strong></span> <span class='ocrx_word' id='word_1_107' title='bbox 1541 1482 1876 1537; x_wconf 77' lang='lat' dir='ltr'><strong>exclamasse</strong></span> 
     </span>
    </p>
   </div>
   <div class='ocr_carea' id='block_1_17' title="bbox 301 1570 1872 1642">
    <p class='ocr_par' dir='ltr' id='par_1_17' title="bbox 301 1570 1872 1642">
     <span class='ocr_line' id='line_1_17' title="bbox 301 1570 1872 1642; baseline -0.001 -16"><span class='ocrx_word' id='word_1_108' title='bbox 301 1574 507 1628; x_wconf 81' lang='lat' dir='ltr'><strong>fertur:</strong></span> <span class='ocrx_word' id='word_1_109' title='bbox 530 1573 791 1640; x_wconf 86' lang='lat' dir='ltr'><strong>Quoniam</strong></span> <span class='ocrx_word' id='word_1_110' title='bbox 814 1573 1142 1637; x_wconf 86' lang='lat' dir='ltr'><strong>Pharnaces,</strong></span> <span class='ocrx_word' id='word_1_111' title='bbox 1168 1573 1359 1642; x_wconf 86' lang='lat' dir='ltr'><strong>inquit,</strong></span> <span class='ocrx_word' id='word_1_112' title='bbox 1379 1572 1514 1627; x_wconf 90' lang='lat' dir='ltr'><strong>mori</strong></span> <span class='ocrx_word' id='word_1_113' title='bbox 1540 1570 1694 1639; x_wconf 88' lang='lat' dir='ltr'><strong>jubet</strong></span> <span class='ocrx_word' id='word_1_114' title='bbox 1719 1590 1731 1625; x_wconf 90' lang='lat'>:</span> <span class='ocrx_word' id='word_1_115' title='bbox 1755 1586 1872 1635; x_wconf 91' lang='lat' dir='ltr'><strong>vos,</strong></span> 
     </span>
    </p>
   </div>
   <div class='ocr_carea' id='block_1_18' title="bbox 301 1663 1874 1737">
    <p class='ocr_par' dir='ltr' id='par_1_18' title="bbox 301 1663 1874 1737">
     <span class='ocr_line' id='line_1_18' title="bbox 301 1663 1874 1737; baseline -0.003 -16"><span class='ocrx_word' id='word_1_116' title='bbox 301 1666 347 1721; x_wconf 87' lang='lat' dir='ltr'><strong>si</strong></span> <span class='ocrx_word' id='word_1_117' title='bbox 369 1666 522 1731; x_wconf 89' lang='lat' dir='ltr'><strong>estis,</strong></span> <span class='ocrx_word' id='word_1_118' title='bbox 550 1666 622 1719; x_wconf 89' lang='lat' dir='ltr'><strong>dii</strong></span> <span class='ocrx_word' id='word_1_119' title='bbox 644 1665 827 1737; x_wconf 86' lang='lat' dir='ltr'><strong>patrii,</strong></span> <span class='ocrx_word' id='word_1_120' title='bbox 851 1679 1066 1735; x_wconf 89' lang='lat' dir='ltr'><strong>precor,</strong></span> <span class='ocrx_word' id='word_1_121' title='bbox 1094 1673 1155 1719; x_wconf 93' lang='lat' dir='ltr'><strong>ut</strong></span> <span class='ocrx_word' id='word_1_122' title='bbox 1174 1663 1494 1735; x_wconf 81' lang='lat' dir='ltr'><strong>quandoque</strong></span> <span class='ocrx_word' id='word_1_123' title='bbox 1519 1672 1573 1717; x_wconf 92' lang='lat' dir='ltr'><strong>et</strong></span> <span class='ocrx_word' id='word_1_124' title='bbox 1600 1663 1714 1733; x_wconf 88' lang='lat' dir='ltr'><strong>ipse</strong></span> <span class='ocrx_word' id='word_1_125' title='bbox 1733 1663 1874 1717; x_wconf 90' lang='lat' dir='ltr'><strong>hanc</strong></span> 
     </span>
    </p>
   </div>
   <div class='ocr_carea' id='block_1_19' title="bbox 302 1754 1878 1823">
    <p class='ocr_par' dir='ltr' id='par_1_19' title="bbox 302 1754 1878 1823">
     <span class='ocr_line' id='line_1_19' title="bbox 302 1754 1878 1823; baseline -0.001 -13"><span class='ocrx_word' id='word_1_126' title='bbox 302 1772 491 1811; x_wconf 80' lang='lat' dir='ltr'><strong>vocem</strong></span> <span class='ocrx_word' id='word_1_127' title='bbox 510 1772 553 1810; x_wconf 75' lang='lat' dir='ltr'><strong>&#39;a</strong></span> <span class='ocrx_word' id='word_1_128' title='bbox 581 1756 765 1812; x_wconf 90' lang='lat' dir='ltr'><strong>liberis</strong></span> <span class='ocrx_word' id='word_1_129' title='bbox 808 1755 921 1811; x_wconf 89' lang='lat' dir='ltr'><strong>suis</strong></span> <span class='ocrx_word' id='word_1_130' title='bbox 961 1756 1163 1811; x_wconf 87' lang='lat' dir='ltr'><strong>audiat.</strong></span> <span class='ocrx_word' id='word_1_131' title='bbox 1202 1754 1502 1823; x_wconf 87' lang='lat' dir='ltr'><strong>Statimque</strong></span> <span class='ocrx_word' id='word_1_132' title='bbox 1544 1754 1878 1808; x_wconf 86' lang='lat' dir='ltr'><strong>descendens</strong></span> 
     </span>
    </p>
   </div>
   <div class='ocr_carea' id='block_1_20' title="bbox 302 1844 1877 1917">
    <p class='ocr_par' dir='ltr' id='par_1_20' title="bbox 302 1844 1877 1917">
     <span class='ocr_line' id='line_1_20' title="bbox 302 1844 1877 1917; baseline -0.003 -14"><span class='ocrx_word' id='word_1_133' title='bbox 302 1849 371 1904; x_wconf 87' lang='lat' dir='ltr'><strong>ad</strong></span> <span class='ocrx_word' id='word_1_134' title='bbox 396 1863 614 1913; x_wconf 80' lang='lat' dir='ltr'><strong>uxores,</strong></span> <span class='ocrx_word' id='word_1_135' title='bbox 640 1847 860 1917; x_wconf 91' lang='lat' dir='ltr'><strong>pellices</strong></span> <span class='ocrx_word' id='word_1_136' title='bbox 889 1863 953 1903; x_wconf 89' lang='lat' dir='ltr'><strong>ac</strong></span> <span class='ocrx_word' id='word_1_137' title='bbox 982 1847 1121 1902; x_wconf 90' lang='lat' dir='ltr'><strong>ﬁlias</strong></span> <span class='ocrx_word' id='word_1_138' title='bbox 1149 1861 1274 1901; x_wconf 88' lang='lat' dir='ltr'><strong>suas</strong></span> <span class='ocrx_word' id='word_1_139' title='bbox 1294 1887 1309 1910; x_wconf 94' lang='lat'><strong>,</strong></span> <span class='ocrx_word' id='word_1_140' title='bbox 1336 1859 1599 1899; x_wconf 87' lang='lat' dir='ltr'><strong>venenum</strong></span> <span class='ocrx_word' id='word_1_141' title='bbox 1627 1844 1877 1899; x_wconf 87' lang='lat' dir='ltr'><strong>omnibus</strong></span> 
     </span>
    </p>
   </div>
   <div class='ocr_carea' id='block_1_21' title="bbox 300 1935 1876 2007">
    <p class='ocr_par' dir='ltr' id='par_1_21' title="bbox 300 1935 1876 2007">
     <span class='ocr_line' id='line_1_21' title="bbox 300 1935 1876 2007; baseline -0.003 -12"><span class='ocrx_word' id='word_1_142' title='bbox 300 1940 470 1995; x_wconf 85' lang='lat' dir='ltr'><strong>dedit.</strong></span> <span class='ocrx_word' id='word_1_143' title='bbox 498 1937 649 2006; x_wconf 85' lang='lat' dir='ltr'><strong>Quod</strong></span> <span class='ocrx_word' id='word_1_144' title='bbox 679 1954 802 1993; x_wconf 92' lang='lat' dir='ltr'><strong>cum</strong></span> <span class='ocrx_word' id='word_1_145' title='bbox 832 1939 944 2007; x_wconf 90' lang='lat' dir='ltr'><strong>ipse</strong></span> <span class='ocrx_word' id='word_1_146' title='bbox 971 1937 1298 1994; x_wconf 84' lang='lat' dir='ltr'><strong>novissimus</strong></span> <span class='ocrx_word' id='word_1_147' title='bbox 1334 1935 1636 2000; x_wconf 85' lang='lat' dir='ltr'><strong>hausisset,</strong></span> <span class='ocrx_word' id='word_1_148' title='bbox 1664 1949 1763 1990; x_wconf 92' lang='lat' dir='ltr'><strong>nec</strong></span> <span class='ocrx_word' id='word_1_149' title='bbox 1794 1943 1876 1989; x_wconf 91' lang='lat' dir='ltr'><strong>ta—</strong></span> 
     </span>
    </p>
   </div>
   <div class='ocr_carea' id='block_1_22' title="bbox 301 2025 1877 2099">
    <p class='ocr_par' dir='ltr' id='par_1_22' title="bbox 301 2025 1877 2099">
     <span class='ocr_line' id='line_1_22' title="bbox 301 2025 1877 2099; baseline -0.001 -17"><span class='ocrx_word' id='word_1_150' title='bbox 301 2043 458 2091; x_wconf 88' lang='lat' dir='ltr'><strong>men,</strong></span> <span class='ocrx_word' id='word_1_151' title='bbox 488 2036 710 2099; x_wconf 89' lang='lat' dir='ltr'><strong>propter</strong></span> <span class='ocrx_word' id='word_1_152' title='bbox 754 2029 989 2084; x_wconf 83' lang='lat' dir='ltr'><strong>remedia</strong></span> <span class='ocrx_word' id='word_1_153' title='bbox 1036 2028 1235 2097; x_wconf 85' lang='lat' dir='ltr'><strong>quibus</strong></span> <span class='ocrx_word' id='word_1_154' title='bbox 1263 2025 1446 2079; x_wconf 86' lang='lat' dir='ltr'><strong>vitalia</strong></span> <span class='ocrx_word' id='word_1_155' title='bbox 1489 2041 1586 2079; x_wconf 90' lang='lat' dir='ltr'><strong>sua</strong></span> <span class='ocrx_word' id='word_1_156' title='bbox 1618 2027 1877 2080; x_wconf 87' lang='lat' dir='ltr'><strong>adversus</strong></span> 
     </span>
    </p>
   </div>
   <div class='ocr_carea' id='block_1_23' title="bbox 298 2114 1878 2187">
    <p class='ocr_par' dir='ltr' id='par_1_23' title="bbox 298 2114 1878 2187">
     <span class='ocr_line' id='line_1_23' title="bbox 298 2114 1878 2187; baseline -0.001 -16"><span class='ocrx_word' id='word_1_157' title='bbox 298 2118 493 2172; x_wconf 87' lang='lat' dir='ltr'><strong>noxios</strong></span> <span class='ocrx_word' id='word_1_158' title='bbox 520 2132 712 2174; x_wconf 82' lang='lat' dir='ltr'><strong>succos</strong></span> <span class='ocrx_word' id='word_1_159' title='bbox 737 2132 880 2187; x_wconf 73' lang='lat' dir='ltr'><strong>saepe</strong></span> <span class='ocrx_word' id='word_1_160' title='bbox 914 2116 1280 2180; x_wconf 88' lang='lat' dir='ltr'><strong>obstruxerat,</strong></span> <span class='ocrx_word' id='word_1_161' title='bbox 1308 2130 1516 2170; x_wconf 88' lang='lat' dir='ltr'><strong>veneno</strong></span> <span class='ocrx_word' id='word_1_162' title='bbox 1538 2114 1728 2169; x_wconf 90' lang='lat' dir='ltr'><strong>conﬁci</strong></span> <span class='ocrx_word' id='word_1_163' title='bbox 1755 2130 1878 2183; x_wconf 85' lang='lat' dir='ltr'><strong>pos—</strong></span> 
     </span>
    </p>
   </div>
   <div class='ocr_carea' id='block_1_24' title="bbox 298 2202 1876 2276">
    <p class='ocr_par' dir='ltr' id='par_1_24' title="bbox 298 2202 1876 2276">
     <span class='ocr_line' id='line_1_24' title="bbox 298 2202 1876 2276; baseline -0.001 -17"><span class='ocrx_word' id='word_1_164' title='bbox 298 2213 409 2269; x_wconf 85' lang='lat' dir='ltr'><strong>set,</strong></span> <span class='ocrx_word' id='word_1_165' title='bbox 458 2204 669 2261; x_wconf 83' lang='lat' dir='ltr'><strong>Gallum</strong></span> <span class='ocrx_word' id='word_1_166' title='bbox 720 2206 1007 2276; x_wconf 85' lang='lat' dir='ltr'><strong>quemdam</strong></span> <span class='ocrx_word' id='word_1_167' title='bbox 1056 2204 1282 2259; x_wconf 88' lang='lat' dir='ltr'><strong>militem</strong></span> <span class='ocrx_word' id='word_1_168' title='bbox 1330 2203 1443 2272; x_wconf 87' lang='lat' dir='ltr'><strong>jam</strong></span> <span class='ocrx_word' id='word_1_169' title='bbox 1502 2202 1675 2259; x_wconf 89' lang='lat' dir='ltr'><strong>fracto</strong></span> <span class='ocrx_word' id='word_1_170' title='bbox 1721 2218 1876 2258; x_wconf 90' lang='lat' dir='ltr'><strong>muro</strong></span> 
     </span>
    </p>
   </div>
   <div class='ocr_carea' id='block_1_25' title="bbox 298 2294 1872 2365">
    <p class='ocr_par' dir='ltr' id='par_1_25' title="bbox 298 2294 1872 2365">
     <span class='ocr_line' id='line_1_25' title="bbox 298 2294 1872 2365; baseline -0.002 -15"><span class='ocrx_word' id='word_1_171' title='bbox 298 2295 725 2362; x_wconf 82' lang='lat' dir='ltr'><strong>discurrentem,</strong></span> <span class='ocrx_word' id='word_1_172' title='bbox 783 2296 1061 2361; x_wconf 77' lang='lat' dir='ltr'><strong>invitavit,</strong></span> <span class='ocrx_word' id='word_1_173' title='bbox 1115 2296 1276 2365; x_wconf 86' lang='lat' dir='ltr'><strong>eique</strong></span> <span class='ocrx_word' id='word_1_174' title='bbox 1326 2294 1570 2365; x_wconf 85' lang='lat' dir='ltr'><strong>jugulum</strong></span> <span class='ocrx_word' id='word_1_175' title='bbox 1624 2294 1872 2365; x_wconf 67' lang='lat' dir='ltr'><strong>praebuit.</strong></span> 
     </span>
    </p>
   </div>
   <div class='ocr_carea' id='block_1_26' title="bbox 299 2384 1878 2453">
    <p class='ocr_par' dir='ltr' id='par_1_26' title="bbox 299 2384 1878 2453">
     <span class='ocr_line' id='line_1_26' title="bbox 299 2384 1878 2453; baseline -0.003 -13"><span class='ocrx_word' id='word_1_176' title='bbox 299 2384 458 2441; x_wconf 84' lang='lat' dir='ltr'><strong>Hunc</strong></span> <span class='ocrx_word' id='word_1_177' title='bbox 481 2387 685 2440; x_wconf 82' lang='lat' dir='ltr'><strong>exitum</strong></span> <span class='ocrx_word' id='word_1_178' title='bbox 708 2386 834 2441; x_wconf 63' lang='lat' dir='ltr'><strong>vita;</strong></span> <span class='ocrx_word' id='word_1_179' title='bbox 860 2385 1159 2440; x_wconf 82' lang='lat' dir='ltr'><strong>Mitridates</strong></span> <span class='ocrx_word' id='word_1_180' title='bbox 1182 2385 1390 2439; x_wconf 89' lang='lat' dir='ltr'><strong>habuit.</strong></span> <span class='ocrx_word' id='word_1_181' title='bbox 1417 2384 1704 2453; x_wconf 82' lang='lat' dir='ltr'><strong>Pompeius</strong></span> <span class='ocrx_word' id='word_1_182' title='bbox 1723 2397 1878 2437; x_wconf 88' lang='lat' dir='ltr'><strong>nam-</strong></span> 
     </span>
    </p>
   </div>
   <div class='ocr_carea' id='block_1_27' title="bbox 297 2473 1875 2546">
    <p class='ocr_par' dir='ltr' id='par_1_27' title="bbox 297 2473 1875 2546">
     <span class='ocr_line' id='line_1_27' title="bbox 297 2473 1875 2546; baseline -0.001 -17"><span class='ocrx_word' id='word_1_183' title='bbox 297 2491 429 2546; x_wconf 86' lang='lat' dir='ltr'><strong>que,</strong></span> <span class='ocrx_word' id='word_1_184' title='bbox 460 2476 621 2531; x_wconf 89' lang='lat' dir='ltr'><strong>occisi</strong></span> <span class='ocrx_word' id='word_1_185' title='bbox 646 2475 936 2531; x_wconf 79' lang='lat' dir='ltr'><strong>Mitridatis</strong></span> <span class='ocrx_word' id='word_1_186' title='bbox 960 2476 1150 2531; x_wconf 92' lang='lat' dir='ltr'><strong>nuntio</strong></span> <span class='ocrx_word' id='word_1_187' title='bbox 1179 2483 1424 2545; x_wconf 89' lang='lat' dir='ltr'><strong>accepto,</strong></span> <span class='ocrx_word' id='word_1_188' title='bbox 1450 2474 1661 2545; x_wconf 86' lang='lat' dir='ltr'><strong>Syriam</strong></span> <span class='ocrx_word' id='word_1_189' title='bbox 1691 2473 1875 2529; x_wconf 74' lang='lat' dir='ltr'><strong>Ctelen</strong></span> 
     </span>
    </p>
   </div>
   <div class='ocr_carea' id='block_1_28' title="bbox 297 2564 1879 2637">
    <p class='ocr_par' dir='ltr' id='par_1_28' title="bbox 297 2564 1879 2637">
     <span class='ocr_line' id='line_1_28' title="bbox 297 2564 1879 2637; baseline -0.001 -17"><span class='ocrx_word' id='word_1_190' title='bbox 297 2573 350 2620; x_wconf 88' lang='lat' dir='ltr'><strong>et</strong></span> <span class='ocrx_word' id='word_1_191' title='bbox 385 2564 697 2621; x_wconf 68' lang='lat' dir='ltr'><strong>Phoenicem</strong></span> <span class='ocrx_word' id='word_1_192' title='bbox 726 2565 866 2622; x_wconf 88' lang='lat' dir='ltr'><strong>bello</strong></span> <span class='ocrx_word' id='word_1_193' title='bbox 897 2580 1188 2637; x_wconf 85' lang='lat' dir='ltr'><strong>aggressus</strong></span> <span class='ocrx_word' id='word_1_194' title='bbox 1207 2606 1222 2631; x_wconf 94' lang='lat'><strong>,</strong></span> <span class='ocrx_word' id='word_1_195' title='bbox 1253 2566 1460 2621; x_wconf 89' lang='lat' dir='ltr'><strong>ltureos</strong></span> <span class='ocrx_word' id='word_1_196' title='bbox 1487 2565 1719 2635; x_wconf 80' lang='lat' dir='ltr'><strong>primum</strong></span> <span class='ocrx_word' id='word_1_197' title='bbox 1743 2564 1879 2618; x_wconf 85' lang='lat' dir='ltr'><strong>Ara-</strong></span> 
     </span>
    </p>
   </div>
   <div class='ocr_carea' id='block_1_29' title="bbox 299 2654 1876 2726">
    <p class='ocr_par' dir='ltr' id='par_1_29' title="bbox 299 2654 1876 2726">
     <span class='ocr_line' id='line_1_29' title="bbox 299 2654 1876 2726; baseline -0.001 -15"><span class='ocrx_word' id='word_1_198' title='bbox 299 2655 504 2725; x_wconf 81' lang='lat' dir='ltr'><strong>basque</strong></span> <span class='ocrx_word' id='word_1_199' title='bbox 530 2657 853 2726; x_wconf 86' lang='lat' dir='ltr'><strong>perdomuit,</strong></span> <span class='ocrx_word' id='word_1_200' title='bbox 885 2658 1185 2726; x_wconf 89' lang='lat' dir='ltr'><strong>urbemque</strong></span> <span class='ocrx_word' id='word_1_201' title='bbox 1212 2671 1432 2717; x_wconf 89' lang='lat' dir='ltr'><strong>eorum,</strong></span> <span class='ocrx_word' id='word_1_202' title='bbox 1466 2671 1625 2725; x_wconf 89' lang='lat' dir='ltr'><strong>quam</strong></span> <span class='ocrx_word' id='word_1_203' title='bbox 1659 2654 1876 2710; x_wconf 85' lang='lat' dir='ltr'><strong>Petram</strong></span> 
     </span>
    </p>
   </div>
   <div class='ocr_carea' id='block_1_30' title="bbox 299 2746 1878 2817">
    <p class='ocr_par' dir='ltr' id='par_1_30' title="bbox 299 2746 1878 2817">
     <span class='ocr_line' id='line_1_30' title="bbox 299 2746 1878 2817; baseline 0.001 -17"><span class='ocrx_word' id='word_1_204' title='bbox 299 2747 612 2812; x_wconf 89' lang='lat' dir='ltr'><strong>nominant,</strong></span> <span class='ocrx_word' id='word_1_205' title='bbox 660 2749 822 2817; x_wconf 88' lang='lat' dir='ltr'><strong>cepit.</strong></span> <span class='ocrx_word' id='word_1_206' title='bbox 864 2748 1022 2813; x_wconf 89' lang='lat' dir='ltr'><strong>llinc,</strong></span> <span class='ocrx_word' id='word_1_207' title='bbox 1072 2757 1132 2803; x_wconf 88' lang='lat' dir='ltr'><strong>ut</strong></span> <span class='ocrx_word' id='word_1_208' title='bbox 1162 2748 1543 2817; x_wconf 64' lang='lat' dir='ltr'><strong>praemisimus,</strong></span> <span class='ocrx_word' id='word_1_209' title='bbox 1572 2748 1638 2803; x_wconf 90' lang='lat' dir='ltr'><strong>ad</strong></span> <span class='ocrx_word' id='word_1_210' title='bbox 1663 2746 1878 2802; x_wconf 80' lang='lat' dir='ltr'><strong>Judaeos</strong></span> 
     </span>
    </p>
   </div>
   <div class='ocr_carea' id='block_1_31' title="bbox 300 2836 1877 2909">
    <p class='ocr_par' dir='ltr' id='par_1_31' title="bbox 300 2836 1877 2909">
     <span class='ocr_line' id='line_1_31' title="bbox 300 2836 1877 2909; baseline 0.003 -22"><span class='ocrx_word' id='word_1_211' title='bbox 300 2836 649 2905; x_wconf 89' lang='lat' dir='ltr'><strong>properavit,</strong></span> <span class='ocrx_word' id='word_1_212' title='bbox 694 2837 1119 2909; x_wconf 83' lang='lat' dir='ltr'><strong>Hierosolymam</strong></span> <span class='ocrx_word' id='word_1_213' title='bbox 1161 2838 1331 2893; x_wconf 82' lang='lat' dir='ltr'><strong>everti</strong></span> <span class='ocrx_word' id='word_1_214' title='bbox 1361 2837 1582 2907; x_wconf 90' lang='lat' dir='ltr'><strong>soloque</strong></span> <span class='ocrx_word' id='word_1_215' title='bbox 1609 2837 1877 2905; x_wconf 69' lang='lat' dir='ltr'><strong>cozequari</strong></span> 
     </span>
    </p>
   </div>
   <div class='ocr_carea' id='block_1_32' title="bbox 298 2924 1878 2998">
    <p class='ocr_par' dir='ltr' id='par_1_32' title="bbox 298 2924 1878 2998">
     <span class='ocr_line' id='line_1_32' title="bbox 298 2924 1878 2998; baseline -0.001 -18"><span class='ocrx_word' id='word_1_216' title='bbox 298 2924 606 2996; x_wconf 81' lang='lat' dir='ltr'><strong>imperavit.</strong></span> <span class='ocrx_word' id='word_1_217' title='bbox 636 2927 703 2982; x_wconf 83' lang='lat' dir='ltr'><strong>Et</strong></span> <span class='ocrx_word' id='word_1_218' title='bbox 748 2942 870 2982; x_wconf 90' lang='lat' dir='ltr'><strong>cum</strong></span> <span class='ocrx_word' id='word_1_219' title='bbox 912 2927 1215 2998; x_wconf 81' lang='lat' dir='ltr'><strong>aliquantus</strong></span> <span class='ocrx_word' id='word_1_220' title='bbox 1256 2927 1528 2997; x_wconf 86' lang='lat' dir='ltr'><strong>principes</strong></span> <span class='ocrx_word' id='word_1_221' title='bbox 1570 2925 1878 2981; x_wconf 67' lang='lat' dir='ltr'><strong>Iudaeorum</strong></span> 
     </span>
    </p>
   </div>
   <div class='ocr_carea' id='block_1_33' title="bbox 299 3017 1872 3089">
    <p class='ocr_par' dir='ltr' id='par_1_33' title="bbox 299 3017 1872 3089">
     <span class='ocr_line' id='line_1_33' title="bbox 299 3017 1872 3089; baseline -0.002 -15"><span class='ocrx_word' id='word_1_222' title='bbox 299 3018 480 3074; x_wconf 85' lang='lat' dir='ltr'><strong>securi</strong></span> <span class='ocrx_word' id='word_1_223' title='bbox 506 3020 893 3089; x_wconf 83' lang='lat' dir='ltr'><strong>percussisset,</strong></span> <span class='ocrx_word' id='word_1_224' title='bbox 939 3020 1175 3075; x_wconf 82' lang='lat' dir='ltr'><strong>Hircano</strong></span> <span class='ocrx_word' id='word_1_225' title='bbox 1202 3019 1563 3075; x_wconf 89' lang='lat' dir='ltr'><strong>sacerdotium</strong></span> <span class='ocrx_word' id='word_1_226' title='bbox 1602 3017 1872 3082; x_wconf 90' lang='lat' dir='ltr'><strong>restituit,</strong></span> 
     </span>
    </p>
   </div>
   <div class='ocr_carea' id='block_1_34' title="bbox 300 3074 1947 3179">
    <p class='ocr_par' dir='ltr' id='par_1_34' title="bbox 300 3074 1947 3179">
     <span class='ocr_line' id='line_1_34' title="bbox 300 3074 1947 3179; baseline -0.001 -18"><span class='ocrx_word' id='word_1_227' title='bbox 300 3074 689 3163; x_wconf 66' lang='lat' dir='ltr'><strong>Aristobolum</strong></span> <span class='ocrx_word' id='word_1_228' title='bbox 713 3074 982 3179; x_wconf 62' lang='lat' dir='ltr'><strong>captivum</strong></span> <span class='ocrx_word' id='word_1_229' title='bbox 1037 3074 1266 3164; x_wconf 64' lang='lat' dir='ltr'><strong>Romam</strong></span> <span class='ocrx_word' id='word_1_230' title='bbox 1315 3108 1489 3163; x_wconf 84' lang='lat' dir='ltr'><strong>duxit.</strong></span> <span class='ocrx_word' id='word_1_231' title='bbox 1526 3106 1640 3162; x_wconf 82' lang='lat' dir='ltr'><strong>Hoc</strong></span> <span class='ocrx_word' id='word_1_232' title='bbox 1678 3074 1874 3161; x_wconf 84' lang='lat' dir='ltr'><strong>bellum</strong></span> <span class='ocrx_word' id='word_1_233' title='bbox 1903 3074 1947 3137; x_wconf 68' lang='grc' dir='ltr'><strong>Ο</strong></span> 
     </span>
    </p>
   </div>
   <div class='ocr_carea' id='block_1_35' title="bbox 299 3196 1877 3269">
    <p class='ocr_par' dir='ltr' id='par_1_35' title="bbox 299 3196 1877 3269">
     <span class='ocr_line' id='line_1_35' title="bbox 299 3196 1877 3269; baseline -0.001 -16"><span class='ocrx_word' id='word_1_234' title='bbox 299 3196 542 3253; x_wconf 83' lang='lat' dir='ltr'><strong>Orientis</strong></span> <span class='ocrx_word' id='word_1_235' title='bbox 567 3212 688 3251; x_wconf 89' lang='lat' dir='ltr'><strong>eum</strong></span> <span class='ocrx_word' id='word_1_236' title='bbox 716 3198 902 3269; x_wconf 77' lang='lat' dir='ltr'><strong>viginti</strong></span> <span class='ocrx_word' id='word_1_237' title='bbox 930 3206 986 3253; x_wconf 88' lang='lat' dir='ltr'><strong>et</strong></span> <span class='ocrx_word' id='word_1_238' title='bbox 1010 3198 1218 3253; x_wconf 88' lang='lat' dir='ltr'><strong>duobus</strong></span> <span class='ocrx_word' id='word_1_239' title='bbox 1243 3198 1461 3268; x_wconf 80' lang='lat' dir='ltr'><strong>regibus</strong></span> <span class='ocrx_word' id='word_1_240' title='bbox 1497 3210 1616 3251; x_wconf 88' lang='lat' dir='ltr'><strong>sese</strong></span> <span class='ocrx_word' id='word_1_241' title='bbox 1643 3196 1877 3266; x_wconf 77' lang='lat' dir='ltr'><strong>gessisse</strong></span> 
     </span>
    </p>
   </div>
   <div class='ocr_carea' id='block_1_36' title="bbox 299 3286 1416 3359">
    <p class='ocr_par' dir='ltr' id='par_1_36' title="bbox 299 3286 1416 3359">
     <span class='ocr_line' id='line_1_36' title="bbox 299 3286 1416 3359; baseline -0.001 -17"><span class='ocrx_word' id='word_1_242' title='bbox 299 3287 419 3359; x_wconf 87' lang='lat' dir='ltr'><strong>ipse</strong></span> <span class='ocrx_word' id='word_1_243' title='bbox 439 3286 730 3358; x_wconf 88' lang='lat' dir='ltr'><strong>Pompeius</strong></span> <span class='ocrx_word' id='word_1_244' title='bbox 755 3303 853 3359; x_wconf 91' lang='lat' dir='ltr'><strong>pro</strong></span> <span class='ocrx_word' id='word_1_245' title='bbox 872 3289 1132 3344; x_wconf 88' lang='lat' dir='ltr'><strong>concione</strong></span> <span class='ocrx_word' id='word_1_246' title='bbox 1153 3288 1416 3343; x_wconf 91' lang='lat' dir='ltr'><strong>narravit.</strong></span> 
     </span>
    </p>
   </div>
   <div class='ocr_carea' id='block_1_37' title="bbox 916 3398 1270 3456">
    <p class='ocr_par' dir='ltr' id='par_1_37' title="bbox 916 3398 1270 3456">
     <span class='ocr_line' id='line_1_37' title="bbox 916 3398 1270 3456; baseline -0.003 -1"><span class='ocrx_word' id='word_1_247' title='bbox 916 3398 1144 3455; x_wconf 84' lang='lat' dir='ltr'><strong>CAPUT</strong></span> <span class='ocrx_word' id='word_1_248' title='bbox 1181 3400 1270 3456; x_wconf 79' lang='lat' dir='ltr'><strong>IV.</strong></span> 
     </span>
    </p>
   </div>
   <div class='ocr_carea' id='block_1_38' title="bbox 303 3491 1877 3559">
    <p class='ocr_par' dir='ltr' id='par_1_38' title="bbox 303 3491 1877 3559">
     <span class='ocr_line' id='line_1_38' title="bbox 303 3491 1877 3559; baseline -0.001 -12"><span class='ocrx_word' id='word_1_249' title='bbox 303 3492 546 3559; x_wconf 75' lang='lat' dir='ltr'><strong>Qualiter</strong></span> <span class='ocrx_word' id='word_1_250' title='bbox 573 3494 773 3549; x_wconf 76' lang='grc' dir='ltr'><strong>σιωαή</strong></span> <span class='ocrx_word' id='word_1_251' title='bbox 812 3491 1107 3547; x_wconf 84' lang='lat' dir='ltr'><strong>Galliarum</strong></span> <span class='ocrx_word' id='word_1_252' title='bbox 1150 3493 1428 3557; x_wconf 66' lang='lat' dir='ltr'><strong>provincia:</strong></span> <span class='ocrx_word' id='word_1_253' title='bbox 1464 3510 1497 3547; x_wconf 93' lang='lat' dir='ltr'><strong>a</strong></span> <span class='ocrx_word' id='word_1_254' title='bbox 1538 3502 1726 3547; x_wconf 86' lang='lat' dir='ltr'><strong>senatu</strong></span> <span class='ocrx_word' id='word_1_255' title='bbox 1769 3493 1877 3546; x_wconf 86' lang='lat' dir='ltr'><strong>sint</strong></span> 
     </span>
    </p>
   </div>
   <div class='ocr_carea' id='block_1_39' title="bbox 374 3560 1804 3635">
    <p class='ocr_par' dir='ltr' id='par_1_39' title="bbox 374 3560 1804 3635">
     <span class='ocr_line' id='line_1_39' title="bbox 374 3560 1804 3635; baseline -0.001 -18"><span class='ocrx_word' id='word_1_256' title='bbox 374 3564 699 3629; x_wconf 68' lang='lat' dir='ltr'><strong>distributae;</strong></span> <span class='ocrx_word' id='word_1_257' title='bbox 727 3573 775 3618; x_wconf 89' lang='lat' dir='ltr'><strong>et</strong></span> <span class='ocrx_word' id='word_1_258' title='bbox 801 3564 867 3618; x_wconf 82' lang='lat' dir='ltr'><strong>de</strong></span> <span class='ocrx_word' id='word_1_259' title='bbox 887 3563 1083 3635; x_wconf 70' lang='lat' dir='ltr'><strong>prwliis</strong></span> <span class='ocrx_word' id='word_1_260' title='bbox 1105 3563 1320 3616; x_wconf 76' lang='lat' dir='ltr'><strong>diversis</strong></span> <span class='ocrx_word' id='word_1_261' title='bbox 1348 3565 1403 3615; x_wconf 86' lang='lat' dir='ltr'><strong>in</strong></span> <span class='ocrx_word' id='word_1_262' title='bbox 1431 3560 1606 3615; x_wconf 88' lang='lat' dir='ltr'><strong>Gallia</strong></span> <span class='ocrx_word' id='word_1_263' title='bbox 1628 3564 1804 3632; x_wconf 79' lang='lat' dir='ltr'><strong>gestis.</strong></span> 
     </span>
    </p>
   </div>
   <div class='ocr_carea' id='block_1_40' title="bbox 373 3649 1877 3720">
    <p class='ocr_par' dir='ltr' id='par_1_40' title="bbox 373 3649 1877 3720">
     <span class='ocr_line' id='line_1_40' title="bbox 373 3649 1877 3720; baseline -0.001 -15"><span class='ocrx_word' id='word_1_264' title='bbox 373 3651 585 3706; x_wconf 82' lang='lat' dir='ltr'><strong>Interea</strong></span> <span class='ocrx_word' id='word_1_265' title='bbox 611 3650 673 3706; x_wconf 94' lang='lat' dir='ltr'><strong>C.</strong></span> <span class='ocrx_word' id='word_1_266' title='bbox 706 3650 908 3707; x_wconf 55' lang='lat' dir='ltr'><strong>Caesari</strong></span> <span class='ocrx_word' id='word_1_267' title='bbox 934 3651 1146 3707; x_wconf 90' lang='lat' dir='ltr'><strong>consuli</strong></span> <span class='ocrx_word' id='word_1_268' title='bbox 1176 3659 1289 3705; x_wconf 87' lang='lat' dir='ltr'><strong>tres</strong></span> <span class='ocrx_word' id='word_1_269' title='bbox 1313 3651 1607 3720; x_wconf 66' lang='lat' dir='ltr'><strong>provincia:</strong></span> <span class='ocrx_word' id='word_1_270' title='bbox 1643 3666 1765 3705; x_wconf 93' lang='lat' dir='ltr'><strong>cum</strong></span> <span class='ocrx_word' id='word_1_271' title='bbox 1798 3649 1877 3704; x_wconf 89' lang='lat' dir='ltr'><strong>le-</strong></span> 
     </span>
    </p>
   </div>
   <div class='ocr_carea' id='block_1_41' title="bbox 302 3739 1881 3811">
    <p class='ocr_par' dir='ltr' id='par_1_41' title="bbox 302 3739 1881 3811">
     <span class='ocr_line' id='line_1_41' title="bbox 302 3739 1881 3811; baseline 0.001 -18"><span class='ocrx_word' id='word_1_272' title='bbox 302 3740 556 3811; x_wconf 87' lang='lat' dir='ltr'><strong>gionibus</strong></span> <span class='ocrx_word' id='word_1_273' title='bbox 606 3749 815 3809; x_wconf 88' lang='lat' dir='ltr'><strong>septem</strong></span> <span class='ocrx_word' id='word_1_274' title='bbox 872 3741 925 3795; x_wconf 95' lang='lat' dir='ltr'><strong>in</strong></span> <span class='ocrx_word' id='word_1_275' title='bbox 978 3741 1404 3810; x_wconf 88' lang='lat' dir='ltr'><strong>quinquennium</strong></span> <span class='ocrx_word' id='word_1_276' title='bbox 1460 3742 1600 3797; x_wconf 68' lang='lat' dir='ltr'><strong>datae</strong></span> <span class='ocrx_word' id='word_1_277' title='bbox 1648 3759 1662 3795; x_wconf 87' lang='lat'><strong>:</strong></span> <span class='ocrx_word' id='word_1_278' title='bbox 1706 3739 1881 3795; x_wconf 88' lang='lat' dir='ltr'><strong>Gallia</strong></span> 
     </span>
    </p>
   </div>
   <div class='ocr_carea' id='block_1_42' title="bbox 305 3830 1882 3903">
    <p class='ocr_par' dir='ltr' id='par_1_42' title="bbox 305 3830 1882 3903">
     <span class='ocr_line' id='line_1_42' title="bbox 305 3830 1882 3903; baseline 0.003 -19"><span class='ocrx_word' id='word_1_279' title='bbox 305 3830 687 3901; x_wconf 86' lang='lat' dir='ltr'><strong>Transalpina,</strong></span> <span class='ocrx_word' id='word_1_280' title='bbox 710 3839 767 3886; x_wconf 91' lang='lat' dir='ltr'><strong>et</strong></span> <span class='ocrx_word' id='word_1_281' title='bbox 786 3830 1056 3902; x_wconf 86' lang='lat' dir='ltr'><strong>Cisalpina</strong></span> <span class='ocrx_word' id='word_1_282' title='bbox 1077 3873 1092 3898; x_wconf 92' lang='lat'><strong>,</strong></span> <span class='ocrx_word' id='word_1_283' title='bbox 1115 3841 1172 3887; x_wconf 92' lang='lat' dir='ltr'><strong>et</strong></span> <span class='ocrx_word' id='word_1_284' title='bbox 1197 3832 1458 3903; x_wconf 75' lang='lat' dir='ltr'><strong>Illyricos.</strong></span> <span class='ocrx_word' id='word_1_285' title='bbox 1489 3832 1718 3888; x_wconf 86' lang='lat' dir='ltr'><strong>Galliam</strong></span> <span class='ocrx_word' id='word_1_286' title='bbox 1752 3847 1882 3888; x_wconf 88' lang='lat' dir='ltr'><strong>vero</strong></span> 
     </span>
    </p>
   </div>
   <div class='ocr_carea' id='block_1_43' title="bbox 303 3918 1883 3992">
    <p class='ocr_par' dir='ltr' id='par_1_43' title="bbox 303 3918 1883 3992">
     <span class='ocr_line' id='line_1_43' title="bbox 303 3918 1883 3992; baseline 0.003 -19"><span class='ocrx_word' id='word_1_287' title='bbox 303 3918 585 3974; x_wconf 86' lang='lat' dir='ltr'><strong>Comatam</strong></span> <span class='ocrx_word' id='word_1_288' title='bbox 630 3929 817 3989; x_wconf 89' lang='lat' dir='ltr'><strong>postea</strong></span> <span class='ocrx_word' id='word_1_289' title='bbox 865 3929 1088 3975; x_wconf 89' lang='lat' dir='ltr'><strong>senatus</strong></span> <span class='ocrx_word' id='word_1_290' title='bbox 1135 3920 1347 3988; x_wconf 83' lang='lat' dir='ltr'><strong>adjecit.</strong></span> <span class='ocrx_word' id='word_1_291' title='bbox 1392 3922 1708 3976; x_wconf 86' lang='lat' dir='ltr'><strong>Elvitiorum</strong></span> <span class='ocrx_word' id='word_1_292' title='bbox 1751 3936 1883 3992; x_wconf 87' lang='lat' dir='ltr'><strong>ergo</strong></span> 
     </span>
    </p>
   </div>
   <div class='ocr_carea' id='block_1_44' title="bbox 302 4007 1881 4081">
    <p class='ocr_par' dir='ltr' id='par_1_44' title="bbox 302 4007 1881 4081">
     <span class='ocr_line' id='line_1_44' title="bbox 302 4007 1881 4081; baseline 0.002 -18"><span class='ocrx_word' id='word_1_293' title='bbox 302 4009 540 4073; x_wconf 83' lang='lat' dir='ltr'><strong>animos,</strong></span> <span class='ocrx_word' id='word_1_294' title='bbox 567 4007 876 4064; x_wconf 74' lang='lat' dir='ltr'><strong>fortissim</strong></span> <span class='ocrx_word' id='word_1_295' title='bbox 899 4009 1176 4065; x_wconf 86' lang='lat' dir='ltr'><strong>Gallorum</strong></span> <span class='ocrx_word' id='word_1_296' title='bbox 1209 4011 1451 4065; x_wconf 90' lang='lat' dir='ltr'><strong>omnium</strong></span> <span class='ocrx_word' id='word_1_297' title='bbox 1482 4012 1677 4081; x_wconf 91' lang='lat' dir='ltr'><strong>gentis,</strong></span> <span class='ocrx_word' id='word_1_298' title='bbox 1705 4026 1770 4066; x_wconf 90' lang='lat' dir='ltr'><strong>ea</strong></span> <span class='ocrx_word' id='word_1_299' title='bbox 1796 4012 1881 4066; x_wconf 89' lang='lat' dir='ltr'><strong>vel</strong></span> 
     </span>
    </p>
   </div>
   <div class='ocr_carea' id='block_1_45' title="bbox 303 4101 1884 4173">
    <p class='ocr_par' dir='ltr' id='par_1_45' title="bbox 303 4101 1884 4173">
     <span class='ocr_line' id='line_1_45' title="bbox 303 4101 1884 4173; baseline 0.002 -18"><span class='ocrx_word' id='word_1_300' title='bbox 303 4101 544 4155; x_wconf 87' lang='lat' dir='ltr'><strong>maxime</strong></span> <span class='ocrx_word' id='word_1_301' title='bbox 587 4115 751 4155; x_wconf 89' lang='lat' dir='ltr'><strong>causa</strong></span> <span class='ocrx_word' id='word_1_302' title='bbox 802 4102 946 4172; x_wconf 91' lang='lat' dir='ltr'><strong>quod</strong></span> <span class='ocrx_word' id='word_1_303' title='bbox 989 4110 1254 4173; x_wconf 83' lang='lat' dir='ltr'><strong>perpetuo</strong></span> <span class='ocrx_word' id='word_1_304' title='bbox 1277 4116 1416 4172; x_wconf 90' lang='lat' dir='ltr'><strong>pene</strong></span> <span class='ocrx_word' id='word_1_305' title='bbox 1451 4118 1574 4156; x_wconf 90' lang='lat' dir='ltr'><strong>cum</strong></span> <span class='ocrx_word' id='word_1_306' title='bbox 1599 4102 1884 4158; x_wconf 88' lang='lat' dir='ltr'><strong>Germanis</strong></span> 
     </span>
    </p>
   </div>
   <div class='ocr_carea' id='block_1_46' title="bbox 306 4187 1883 4260">
    <p class='ocr_par' dir='ltr' id='par_1_46' title="bbox 306 4187 1883 4260">
     <span class='ocr_line' id='line_1_46' title="bbox 306 4187 1883 4260; baseline 0.002 -17"><span class='ocrx_word' id='word_1_307' title='bbox 306 4187 452 4243; x_wconf 88' lang='lat' dir='ltr'><strong>bello</strong></span> <span class='ocrx_word' id='word_1_308' title='bbox 486 4188 909 4256; x_wconf 85' lang='lat' dir='ltr'><strong>altercabantur,</strong></span> <span class='ocrx_word' id='word_1_309' title='bbox 932 4205 963 4244; x_wconf 90' lang='lat' dir='ltr'><strong>a</strong></span> <span class='ocrx_word' id='word_1_310' title='bbox 986 4191 1183 4260; x_wconf 88' lang='lat' dir='ltr'><strong>quibus</strong></span> <span class='ocrx_word' id='word_1_311' title='bbox 1210 4189 1402 4245; x_wconf 83' lang='lat' dir='ltr'><strong>Rheno</strong></span> <span class='ocrx_word' id='word_1_312' title='bbox 1433 4199 1638 4244; x_wconf 90' lang='lat' dir='ltr'><strong>tantum</strong></span> <span class='ocrx_word' id='word_1_313' title='bbox 1662 4189 1883 4246; x_wconf 85' lang='lat' dir='ltr'><strong>ﬂumine</strong></span> 
     </span>
    </p>
   </div>
   <div class='ocr_carea' id='block_1_47' title="bbox 305 4278 1884 4353">
    <p class='ocr_par' dir='ltr' id='par_1_47' title="bbox 305 4278 1884 4353">
     <span class='ocr_line' id='line_1_47' title="bbox 305 4278 1884 4353; baseline 0.002 -20"><span class='ocrx_word' id='word_1_314' title='bbox 305 4278 650 4346; x_wconf 89' lang='lat' dir='ltr'><strong>dirimuntur,</strong></span> <span class='ocrx_word' id='word_1_315' title='bbox 672 4279 870 4351; x_wconf 88' lang='lat' dir='ltr'><strong>Orgeto</strong></span> <span class='ocrx_word' id='word_1_316' title='bbox 894 4295 988 4335; x_wconf 86' lang='lat' dir='ltr'><strong>rex</strong></span> <span class='ocrx_word' id='word_1_317' title='bbox 1013 4280 1345 4353; x_wconf 78' lang='lat' dir='ltr'><strong>[Orgetorix]</strong></span> <span class='ocrx_word' id='word_1_318' title='bbox 1369 4281 1609 4349; x_wconf 90' lang='lat' dir='ltr'><strong>quidam,</strong></span> <span class='ocrx_word' id='word_1_319' title='bbox 1632 4280 1884 4350; x_wconf 88' lang='lat' dir='ltr'><strong>princeps</strong></span> 
     </span>
    </p>
   </div>
   <div class='ocr_carea' id='block_1_48' title="bbox 304 4368 1881 4439">
    <p class='ocr_par' dir='ltr' id='par_1_48' title="bbox 304 4368 1881 4439">
     <span class='ocr_line' id='line_1_48' title="bbox 304 4368 1881 4439; baseline 0.001 -17"><span class='ocrx_word' id='word_1_320' title='bbox 304 4369 516 4439; x_wconf 89' lang='lat' dir='ltr'><strong>gentis,</strong></span> <span class='ocrx_word' id='word_1_321' title='bbox 544 4382 640 4438; x_wconf 89' lang='lat' dir='ltr'><strong>spe</strong></span> <span class='ocrx_word' id='word_1_322' title='bbox 680 4378 822 4425; x_wconf 89' lang='lat' dir='ltr'><strong>totas</strong></span> <span class='ocrx_word' id='word_1_323' title='bbox 862 4368 1150 4425; x_wconf 85' lang='lat' dir='ltr'><strong>invadendi</strong></span> <span class='ocrx_word' id='word_1_324' title='bbox 1177 4368 1398 4434; x_wconf 88' lang='lat' dir='ltr'><strong>Gallias,</strong></span> <span class='ocrx_word' id='word_1_325' title='bbox 1429 4369 1484 4423; x_wconf 93' lang='lat' dir='ltr'><strong>in</strong></span> <span class='ocrx_word' id='word_1_326' title='bbox 1510 4385 1660 4423; x_wconf 81' lang='lat' dir='ltr'><strong>arma</strong></span> <span class='ocrx_word' id='word_1_327' title='bbox 1690 4384 1881 4424; x_wconf 89' lang='lat' dir='ltr'><strong>accen-</strong></span> 
     </span>
    </p>
   </div>
   <div class='ocr_carea' id='block_1_49' title="bbox 304 4459 1884 4530">
    <p class='ocr_par' dir='ltr' id='par_1_49' title="bbox 304 4459 1884 4530">
     <span class='ocr_line' id='line_1_49' title="bbox 304 4459 1884 4530; baseline 0 -15"><span class='ocrx_word' id='word_1_328' title='bbox 304 4461 483 4515; x_wconf 85' lang='lat' dir='ltr'><strong>derat.</strong></span> <span class='ocrx_word' id='word_1_329' title='bbox 507 4459 676 4526; x_wconf 79' lang='lat' dir='ltr'><strong>Qnem</strong></span> <span class='ocrx_word' id='word_1_330' title='bbox 701 4462 882 4515; x_wconf 81' lang='lat' dir='ltr'><strong>caeteri</strong></span> <span class='ocrx_word' id='word_1_331' title='bbox 911 4462 1199 4530; x_wconf 90' lang='lat' dir='ltr'><strong>optimates</strong></span> <span class='ocrx_word' id='word_1_332' title='bbox 1225 4469 1534 4530; x_wconf 88' lang='lat' dir='ltr'><strong>correptum</strong></span> <span class='ocrx_word' id='word_1_333' title='bbox 1568 4470 1624 4515; x_wconf 89' lang='lat' dir='ltr'><strong>et</strong></span> <span class='ocrx_word' id='word_1_334' title='bbox 1644 4461 1712 4515; x_wconf 89' lang='lat' dir='ltr'><strong>ad</strong></span> <span class='ocrx_word' id='word_1_335' title='bbox 1738 4476 1884 4515; x_wconf 87' lang='lat' dir='ltr'><strong>mor-</strong></span> 
     </span>
    </p>
   </div>
   <div class='ocr_carea' id='block_1_50' title="bbox 305 4551 1883 4617">
    <p class='ocr_par' dir='ltr' id='par_1_50' title="bbox 305 4551 1883 4617">
     <span class='ocr_line' id='line_1_50' title="bbox 305 4551 1883 4617; baseline -0.001 -11"><span class='ocrx_word' id='word_1_336' title='bbox 305 4560 417 4606; x_wconf 88' lang='lat' dir='ltr'><strong>tem</strong></span> <span class='ocrx_word' id='word_1_337' title='bbox 461 4560 706 4606; x_wconf 87' lang='lat' dir='ltr'><strong>eoactum</strong></span> <span class='ocrx_word' id='word_1_338' title='bbox 732 4591 748 4617; x_wconf 91' lang='lat'><strong>,</strong></span> <span class='ocrx_word' id='word_1_339' title='bbox 793 4553 1046 4607; x_wconf 88' lang='lat' dir='ltr'><strong>cohibere</strong></span> <span class='ocrx_word' id='word_1_340' title='bbox 1093 4560 1270 4607; x_wconf 88' lang='lat' dir='ltr'><strong>tamen</strong></span> <span class='ocrx_word' id='word_1_341' title='bbox 1320 4551 1487 4606; x_wconf 89' lang='lat' dir='ltr'><strong>semel</strong></span> <span class='ocrx_word' id='word_1_342' title='bbox 1523 4553 1789 4605; x_wconf 89' lang='lat' dir='ltr'><strong>animatas</strong></span> <span class='ocrx_word' id='word_1_343' title='bbox 1828 4552 1883 4606; x_wconf 91' lang='lat' dir='ltr'><strong>in</strong></span> 
     </span>
    </p>
   </div>
   <div class='ocr_carea' id='block_1_51' title="bbox 302 4641 1881 4714">
    <p class='ocr_par' dir='ltr' id='par_1_51' title="bbox 302 4641 1881 4714">
     <span class='ocr_line' id='line_1_51' title="bbox 302 4641 1881 4714; baseline 0.001 -19"><span class='ocrx_word' id='word_1_344' title='bbox 302 4642 543 4713; x_wconf 66' lang='lat' dir='ltr'><strong>praedam</strong></span> <span class='ocrx_word' id='word_1_345' title='bbox 571 4641 757 4713; x_wconf 82' lang='lat' dir='ltr'><strong>plebes</strong></span> <span class='ocrx_word' id='word_1_346' title='bbox 783 4644 1166 4714; x_wconf 87' lang='lat' dir='ltr'><strong>nequiverunt.</strong></span> <span class='ocrx_word' id='word_1_347' title='bbox 1191 4643 1314 4710; x_wconf 92' lang='lat' dir='ltr'><strong>Qui,</strong></span> <span class='ocrx_word' id='word_1_348' title='bbox 1343 4642 1714 4712; x_wconf 74' lang='lat' dir='ltr'><strong>coniuratione</strong></span> <span class='ocrx_word' id='word_1_349' title='bbox 1738 4643 1881 4697; x_wconf 86' lang='lat' dir='ltr'><strong>facta</strong></span> 
     </span>
    </p>
   </div>
   <div class='ocr_carea' id='block_1_52' title="bbox 303 4732 1883 4801">
    <p class='ocr_par' dir='ltr' id='par_1_52' title="bbox 303 4732 1883 4801">
     <span class='ocr_line' id='line_1_52' title="bbox 303 4732 1883 4801; baseline 0.001 -16"><span class='ocrx_word' id='word_1_350' title='bbox 303 4747 373 4787; x_wconf 84' lang='lat' dir='ltr'><strong>ac</strong></span> <span class='ocrx_word' id='word_1_351' title='bbox 401 4732 668 4798; x_wconf 91' lang='lat' dir='ltr'><strong>die-dicta,</strong></span> <span class='ocrx_word' id='word_1_352' title='bbox 700 4733 909 4788; x_wconf 77' lang='lat' dir='ltr'><strong>exustis</strong></span> <span class='ocrx_word' id='word_1_353' title='bbox 934 4733 1068 4789; x_wconf 88' lang='lat' dir='ltr'><strong>vicis</strong></span> <span class='ocrx_word' id='word_1_354' title='bbox 1098 4748 1163 4789; x_wconf 91' lang='lat' dir='ltr'><strong>ac</strong></span> <span class='ocrx_word' id='word_1_355' title='bbox 1188 4733 1441 4789; x_wconf 89' lang='lat' dir='ltr'><strong>domibus</strong></span> <span class='ocrx_word' id='word_1_356' title='bbox 1474 4733 1613 4795; x_wconf 91' lang='lat' dir='ltr'><strong>suis,</strong></span> <span class='ocrx_word' id='word_1_357' title='bbox 1640 4748 1708 4787; x_wconf 91' lang='lat' dir='ltr'><strong>ne</strong></span> <span class='ocrx_word' id='word_1_358' title='bbox 1736 4732 1883 4801; x_wconf 91' lang='lat' dir='ltr'><strong>quod</strong></span> 
     </span>
    </p>
   </div>
   <div class='ocr_carea' id='block_1_53' title="bbox 304 4824 1877 4895">
    <p class='ocr_par' dir='ltr' id='par_1_53' title="bbox 304 4824 1877 4895">
     <span class='ocr_line' id='line_1_53' title="bbox 304 4824 1877 4895; baseline 0.001 -17"><span class='ocrx_word' id='word_1_359' title='bbox 304 4824 634 4879; x_wconf 87' lang='lat' dir='ltr'><strong>desiderium</strong></span> <span class='ocrx_word' id='word_1_360' title='bbox 681 4840 749 4880; x_wconf 81' lang='lat' dir='ltr'><strong>ex</strong></span> <span class='ocrx_word' id='word_1_361' title='bbox 797 4840 891 4895; x_wconf 89' lang='lat' dir='ltr'><strong>spe</strong></span> <span class='ocrx_word' id='word_1_362' title='bbox 939 4824 1241 4880; x_wconf 90' lang='lat' dir='ltr'><strong>revertendi</strong></span> <span class='ocrx_word' id='word_1_363' title='bbox 1279 4825 1453 4890; x_wconf 87' lang='lat' dir='ltr'><strong>foret,</strong></span> <span class='ocrx_word' id='word_1_364' title='bbox 1477 4824 1704 4894; x_wconf 87' lang='lat' dir='ltr'><strong>profecti</strong></span> <span class='ocrx_word' id='word_1_365' title='bbox 1735 4833 1877 4879; x_wconf 89' lang='lat' dir='ltr'><strong>sunt.</strong></span> 
     </span>
    </p>
   </div>
   <div class='ocr_carea' id='block_1_54' title="bbox 305 4899 1878 4986">
    <p class='ocr_par' dir='ltr' id='par_1_54' title="bbox 305 4899 1878 4986">
     <span class='ocr_line' id='line_1_54' title="bbox 305 4899 1878 4986; baseline 0.002 -19"><span class='ocrx_word' id='word_1_366' title='bbox 305 4915 457 4981; x_wconf 88' lang='lat' dir='ltr'><strong>Quos</strong></span> <span class='ocrx_word' id='word_1_367' title='bbox 485 4929 605 4969; x_wconf 91' lang='lat' dir='ltr'><strong>cum</strong></span> <span class='ocrx_word' id='word_1_368' title='bbox 631 4916 769 4986; x_wconf 88' lang='lat' dir='ltr'><strong>apud</strong></span> <span class='ocrx_word' id='word_1_369' title='bbox 793 4915 1113 4971; x_wconf 81' lang='lat' dir='ltr'><strong>Rhodanum</strong></span> <span class='ocrx_word' id='word_1_370' title='bbox 1143 4917 1339 4969; x_wconf 88' lang='lat' dir='ltr'><strong>ﬁumen</strong></span> <span class='ocrx_word' id='word_1_371' title='bbox 1372 4899 1559 4971; x_wconf 82' lang='lat' dir='ltr'><strong>obvios</strong></span> <span class='ocrx_word' id='word_1_372' title='bbox 1580 4915 1759 4971; x_wconf 73' lang='lat' dir='ltr'><strong>Ctesar</strong></span> <span class='ocrx_word' id='word_1_373' title='bbox 1778 4915 1878 4970; x_wconf 86' lang='lat' dir='ltr'><strong>ha-</strong></span> 
     </span>
    </p>
   </div>
   <div class='ocr_carea' id='block_1_55' title="bbox 303 5004 1884 5076">
    <p class='ocr_par' dir='ltr' id='par_1_55' title="bbox 303 5004 1884 5076">
     <span class='ocr_line' id='line_1_55' title="bbox 303 5004 1884 5076; baseline 0.001 -15"><span class='ocrx_word' id='word_1_374' title='bbox 303 5004 535 5070; x_wconf 89' lang='lat' dir='ltr'><strong>buisset,</strong></span> <span class='ocrx_word' id='word_1_375' title='bbox 566 5022 762 5076; x_wconf 88' lang='lat' dir='ltr'><strong>magno</strong></span> <span class='ocrx_word' id='word_1_376' title='bbox 788 5006 1096 5075; x_wconf 63' lang='lat' dir='ltr'><strong>diﬁcilique</strong></span> <span class='ocrx_word' id='word_1_377' title='bbox 1123 5006 1263 5062; x_wconf 88' lang='lat' dir='ltr'><strong>bello</strong></span> <span class='ocrx_word' id='word_1_378' title='bbox 1293 5008 1375 5062; x_wconf 88' lang='lat' dir='ltr'><strong>bis</strong></span> <span class='ocrx_word' id='word_1_379' title='bbox 1399 5007 1490 5061; x_wconf 87' lang='lat' dir='ltr'><strong>vix</strong></span> <span class='ocrx_word' id='word_1_380' title='bbox 1524 5008 1654 5063; x_wconf 90' lang='lat' dir='ltr'><strong>vicit</strong></span> <span class='ocrx_word' id='word_1_381' title='bbox 1685 5008 1884 5062; x_wconf 84' lang='lat' dir='ltr'><strong>victos-</strong></span> 
     </span>
    </p>
   </div>
   <div class='ocr_carea' id='block_1_56' title="bbox 304 5095 1877 5168">
    <p class='ocr_par' dir='ltr' id='par_1_56' title="bbox 304 5095 1877 5168">
     <span class='ocr_line' id='line_1_56' title="bbox 304 5095 1877 5168; baseline 0.003 -22"><span class='ocrx_word' id='word_1_382' title='bbox 304 5109 416 5162; x_wconf 87' lang='lat' dir='ltr'><strong>que</strong></span> <span class='ocrx_word' id='word_1_383' title='bbox 442 5095 509 5150; x_wconf 92' lang='lat' dir='ltr'><strong>ad</strong></span> <span class='ocrx_word' id='word_1_384' title='bbox 533 5095 858 5153; x_wconf 87' lang='lat' dir='ltr'><strong>deditionem</strong></span> <span class='ocrx_word' id='word_1_385' title='bbox 886 5097 1078 5168; x_wconf 80' lang='lat' dir='ltr'><strong>coegit.</strong></span> <span class='ocrx_word' id='word_1_386' title='bbox 1106 5095 1308 5151; x_wconf 85' lang='lat' dir='ltr'><strong>Horum</strong></span> <span class='ocrx_word' id='word_1_387' title='bbox 1372 5097 1619 5165; x_wconf 79' lang='lat' dir='ltr'><strong>fuit,cutn</strong></span> <span class='ocrx_word' id='word_1_388' title='bbox 1645 5098 1877 5166; x_wconf 89' lang='lat' dir='ltr'><strong>primum</strong></span> 
     </span>
    </p>
   </div>
   <div class='ocr_carea' id='block_1_57' title="bbox 307 5186 1878 5256">
    <p class='ocr_par' dir='ltr' id='par_1_57' title="bbox 307 5186 1878 5256">
     <span class='ocr_line' id='line_1_57' title="bbox 307 5186 1878 5256; baseline 0.003 -20"><span class='ocrx_word' id='word_1_389' title='bbox 307 5198 595 5254; x_wconf 87' lang='lat' dir='ltr'><strong>progressa</strong></span> <span class='ocrx_word' id='word_1_390' title='bbox 623 5196 725 5252; x_wconf 87' lang='lat' dir='ltr'><strong>est,</strong></span> <span class='ocrx_word' id='word_1_391' title='bbox 753 5188 930 5244; x_wconf 89' lang='lat' dir='ltr'><strong>omnis</strong></span> <span class='ocrx_word' id='word_1_392' title='bbox 957 5187 1241 5242; x_wconf 91' lang='lat' dir='ltr'><strong>multitudo</strong></span> <span class='ocrx_word' id='word_1_393' title='bbox 1264 5186 1598 5250; x_wconf 88' lang='lat' dir='ltr'><strong>Elvitiorum,</strong></span> <span class='ocrx_word' id='word_1_394' title='bbox 1623 5186 1878 5256; x_wconf 86' lang='lat' dir='ltr'><strong>Tulingo-</strong></span> 
     </span>
    </p>
   </div>
   <div class='ocr_carea' id='block_1_58' title="bbox 307 5275 1879 5343">
    <p class='ocr_par' dir='ltr' id='par_1_58' title="bbox 307 5275 1879 5343">
     <span class='ocr_line' id='line_1_58' title="bbox 307 5275 1879 5343; baseline 0.003 -15"><span class='ocrx_word' id='word_1_395' title='bbox 307 5289 453 5339; x_wconf 85' lang='lat' dir='ltr'><strong>rum,</strong></span> <span class='ocrx_word' id='word_1_396' title='bbox 476 5275 906 5343; x_wconf 87' lang='lat' dir='ltr'><strong>Latobroiorum,</strong></span> <span class='ocrx_word' id='word_1_397' title='bbox 935 5279 1304 5333; x_wconf 86' lang='lat' dir='ltr'><strong>Rauracorum</strong></span> <span class='ocrx_word' id='word_1_398' title='bbox 1324 5285 1379 5330; x_wconf 91' lang='lat' dir='ltr'><strong>et</strong></span> <span class='ocrx_word' id='word_1_399' title='bbox 1398 5276 1648 5332; x_wconf 87' lang='lat' dir='ltr'><strong>Boiorqu</strong></span> <span class='ocrx_word' id='word_1_400' title='bbox 1677 5278 1879 5332; x_wconf 84' lang='lat' dir='ltr'><strong>utrius-</strong></span> 
     </span>
    </p>
   </div>
   <div class='ocr_carea' id='block_1_59' title="bbox 307 5368 1877 5440">
    <p class='ocr_par' dir='ltr' id='par_1_59' title="bbox 307 5368 1877 5440">
     <span class='ocr_line' id='line_1_59' title="bbox 307 5368 1877 5440; baseline 0.003 -21"><span class='ocrx_word' id='word_1_401' title='bbox 307 5380 418 5436; x_wconf 89' lang='lat' dir='ltr'><strong>que</strong></span> <span class='ocrx_word' id='word_1_402' title='bbox 445 5382 609 5424; x_wconf 69' lang='lat' dir='ltr'><strong>sevus</strong></span> <span class='ocrx_word' id='word_1_403' title='bbox 636 5370 704 5424; x_wconf 87' lang='lat' dir='ltr'><strong>ad</strong></span> <span class='ocrx_word' id='word_1_404' title='bbox 732 5379 948 5425; x_wconf 91' lang='lat' dir='ltr'><strong>centum</strong></span> <span class='ocrx_word' id='word_1_405' title='bbox 975 5368 1359 5440; x_wconf 83' lang='lat' dir='ltr'><strong>quinquaginta</strong></span> <span class='ocrx_word' id='word_1_406' title='bbox 1383 5377 1438 5421; x_wconf 91' lang='lat' dir='ltr'><strong>et</strong></span> <span class='ocrx_word' id='word_1_407' title='bbox 1475 5375 1681 5436; x_wconf 88' lang='lat' dir='ltr'><strong>septem</strong></span> <span class='ocrx_word' id='word_1_408' title='bbox 1711 5368 1877 5422; x_wconf 93' lang='lat' dir='ltr'><strong>millia</strong></span> 
     </span>
    </p>
   </div>
   <div class='ocr_carea' id='block_1_60' title="bbox 306 5455 1880 5529">
    <p class='ocr_par' dir='ltr' id='par_1_60' title="bbox 306 5455 1880 5529">
     <span class='ocr_line' id='line_1_60' title="bbox 306 5455 1880 5529; baseline 0.001 -19"><span class='ocrx_word' id='word_1_409' title='bbox 306 5455 611 5511; x_wconf 79' lang='lat' dir='ltr'><strong>hominum.</strong></span> <span class='ocrx_word' id='word_1_410' title='bbox 641 5458 720 5512; x_wconf 80' lang='lat' dir='ltr'><strong>Ex</strong></span> <span class='ocrx_word' id='word_1_411' title='bbox 747 5459 864 5524; x_wconf 82' lang='lat' dir='ltr'><strong>bis,</strong></span> <span class='ocrx_word' id='word_1_412' title='bbox 891 5458 1244 5529; x_wconf 84' lang='lat' dir='ltr'><strong>quadraginta</strong></span> <span class='ocrx_word' id='word_1_413' title='bbox 1283 5464 1338 5511; x_wconf 89' lang='lat' dir='ltr'><strong>et</strong></span> <span class='ocrx_word' id='word_1_414' title='bbox 1382 5466 1586 5525; x_wconf 86' lang='lat' dir='ltr'><strong>septem</strong></span> <span class='ocrx_word' id='word_1_415' title='bbox 1631 5457 1795 5511; x_wconf 87' lang='lat' dir='ltr'><strong>millia</strong></span> <span class='ocrx_word' id='word_1_416' title='bbox 1827 5457 1880 5512; x_wconf 92' lang='lat' dir='ltr'><strong>in</strong></span> 
     </span>
    </p>
   </div>
   <div class='ocr_carea' id='block_1_61' title="bbox 307 5544 1880 5615">
    <p class='ocr_par' dir='ltr' id='par_1_61' title="bbox 307 5544 1880 5615">
     <span class='ocr_line' id='line_1_61' title="bbox 307 5544 1880 5615; baseline 0.001 -15"><span class='ocrx_word' id='word_1_417' title='bbox 307 5544 453 5600; x_wconf 83' lang='lat' dir='ltr'><strong>bello</strong></span> <span class='ocrx_word' id='word_1_418' title='bbox 475 5548 808 5613; x_wconf 87' lang='lat' dir='ltr'><strong>ceciderunt,</strong></span> <span class='ocrx_word' id='word_1_419' title='bbox 838 5562 1032 5604; x_wconf 66' lang='lat' dir='ltr'><strong>cmtera</strong></span> <span class='ocrx_word' id='word_1_420' title='bbox 1074 5550 1126 5602; x_wconf 92' lang='lat' dir='ltr'><strong>in</strong></span> <span class='ocrx_word' id='word_1_421' title='bbox 1169 5558 1342 5602; x_wconf 85' lang='lat' dir='ltr'><strong>terras</strong></span> <span class='ocrx_word' id='word_1_422' title='bbox 1380 5548 1626 5615; x_wconf 70' lang='lat' dir='ltr'><strong>proprias</strong></span> <span class='ocrx_word' id='word_1_423' title='bbox 1656 5547 1880 5602; x_wconf 89' lang='lat' dir='ltr'><strong>remissa</strong></span> 
     </span>
    </p>
   </div>
   <div class='ocr_carea' id='block_1_62' title="bbox 307 5638 1882 5706">
    <p class='ocr_par' dir='ltr' id='par_1_62' title="bbox 307 5638 1882 5706">
     <span class='ocr_line' id='line_1_62' title="bbox 307 5638 1882 5706; baseline -0.002 -12"><span class='ocrx_word' id='word_1_424' title='bbox 307 5645 457 5694; x_wconf 66' lang='lat' dir='ltr'><strong>sunt.</strong></span> <span class='ocrx_word' id='word_1_425' title='bbox 486 5638 675 5695; x_wconf 77' lang='lat' dir='ltr'><strong>Postea</strong></span> <span class='ocrx_word' id='word_1_426' title='bbox 697 5638 878 5694; x_wconf 52' lang='lat' dir='ltr'><strong>Caesar</strong></span> <span class='ocrx_word' id='word_1_427' title='bbox 898 5640 1222 5695; x_wconf 82' lang='lat' dir='ltr'><strong>Ariobistum</strong></span> <span class='ocrx_word' id='word_1_428' title='bbox 1254 5652 1430 5706; x_wconf 83' lang='lat' dir='ltr'><strong>regem</strong></span> <span class='ocrx_word' id='word_1_429' title='bbox 1451 5638 1774 5692; x_wconf 77' lang='lat' dir='ltr'><strong>excitantem</strong></span> <span class='ocrx_word' id='word_1_430' title='bbox 1802 5638 1882 5691; x_wconf 87' lang='lat' dir='ltr'><strong>in-</strong></span> 
     </span>
    </p>
   </div>
   <div class='ocr_carea' id='block_1_63' title="bbox 1908 4412 1960 4472">
    <p class='ocr_par' dir='ltr' id='par_1_63' title="bbox 1908 4412 1960 4472">
     <span class='ocr_line' id='line_1_63' title="bbox 1908 4412 1960 4472; baseline 0 0"><span class='ocrx_word' id='word_1_431' title='bbox 1908 4412 1960 4472; x_wconf 89' lang='lat' dir='ltr'><strong>D</strong></span> 
     </span>
    </p>
   </div>
   <div class='ocr_carea' id='block_1_64' title="bbox 1980 482 3552 555">
    <p class='ocr_par' dir='ltr' id='par_1_64' title="bbox 1980 482 3552 555">
     <span class='ocr_line' id='line_1_64' title="bbox 1980 482 3552 555; baseline 0.004 -22"><span class='ocrx_word' id='word_1_432' title='bbox 1980 482 2129 550; x_wconf 86' lang='lat' dir='ltr'><strong>pias.</strong></span> <span class='ocrx_word' id='word_1_433' title='bbox 2153 482 2349 550; x_wconf 87' lang='lat' dir='ltr'><strong>quibus</strong></span> <span class='ocrx_word' id='word_1_434' title='bbox 2379 496 2549 549; x_wconf 89' lang='lat' dir='ltr'><strong>nuper</strong></span> <span class='ocrx_word' id='word_1_435' title='bbox 2592 483 2869 539; x_wconf 85' lang='lat' dir='ltr'><strong>universos</strong></span> <span class='ocrx_word' id='word_1_436' title='bbox 2896 483 3188 539; x_wconf 88' lang='lat' dir='ltr'><strong>Galliarum</strong></span> <span class='ocrx_word' id='word_1_437' title='bbox 3220 485 3448 555; x_wconf 88' lang='lat' dir='ltr'><strong>populos</strong></span> <span class='ocrx_word' id='word_1_438' title='bbox 3492 501 3552 540; x_wconf 89' lang='lat' dir='ltr'><strong>se</strong></span> 
     </span>
    </p>
   </div>
   <div class='ocr_carea' id='block_1_65' title="bbox 1981 569 3554 643">
    <p class='ocr_par' dir='ltr' id='par_1_65' title="bbox 1981 569 3554 643">
     <span class='ocr_line' id='line_1_65' title="bbox 1981 569 3554 643; baseline 0.004 -19"><span class='ocrx_word' id='word_1_439' title='bbox 1981 571 2257 641; x_wconf 87' lang='lat' dir='ltr'><strong>subegisse</strong></span> <span class='ocrx_word' id='word_1_440' title='bbox 2290 569 2535 639; x_wconf 88' lang='lat' dir='ltr'><strong>jactabat</strong></span> <span class='ocrx_word' id='word_1_441' title='bbox 2559 612 2574 635; x_wconf 91' lang='lat'><strong>,</strong></span> <span class='ocrx_word' id='word_1_442' title='bbox 2605 573 2747 641; x_wconf 89' lang='lat' dir='ltr'><strong>apud</strong></span> <span class='ocrx_word' id='word_1_443' title='bbox 2794 572 3076 643; x_wconf 90' lang='lat' dir='ltr'><strong>Sequanas</strong></span> <span class='ocrx_word' id='word_1_444' title='bbox 3115 574 3264 630; x_wconf 87' lang='lat' dir='ltr'><strong>vicit.</strong></span> <span class='ocrx_word' id='word_1_445' title='bbox 3298 574 3433 630; x_wconf 89' lang='lat' dir='ltr'><strong>Cum</strong></span> <span class='ocrx_word' id='word_1_446' title='bbox 3462 575 3554 630; x_wconf 90' lang='lat' dir='ltr'><strong>diu</strong></span> 
     </span>
    </p>
   </div>
   <div class='ocr_carea' id='block_1_66' title="bbox 1981 662 3555 726">
    <p class='ocr_par' dir='ltr' id='par_1_66' title="bbox 1981 662 3555 726">
     <span class='ocr_line' id='line_1_66' title="bbox 1981 662 3555 726; baseline 0.003 -9"><span class='ocrx_word' id='word_1_447' title='bbox 1981 662 2248 718; x_wconf 83' lang='lat' dir='ltr'><strong>exercitus</strong></span> <span class='ocrx_word' id='word_1_448' title='bbox 2271 662 2527 726; x_wconf 66' lang='lat' dir='ltr'><strong>Caesaris,</strong></span> <span class='ocrx_word' id='word_1_449' title='bbox 2558 662 2954 719; x_wconf 84' lang='lat' dir='ltr'><strong>Germanorum</strong></span> <span class='ocrx_word' id='word_1_450' title='bbox 2991 664 3334 721; x_wconf 90' lang='lat' dir='ltr'><strong>multitudine</strong></span> <span class='ocrx_word' id='word_1_451' title='bbox 3368 674 3423 722; x_wconf 89' lang='lat' dir='ltr'><strong>et</strong></span> <span class='ocrx_word' id='word_1_452' title='bbox 3449 667 3555 721; x_wconf 77' lang='lat' dir='ltr'><strong>vir-</strong></span> 
     </span>
    </p>
   </div>
   <div class='ocr_carea' id='block_1_67' title="bbox 1980 751 3552 821">
    <p class='ocr_par' dir='ltr' id='par_1_67' title="bbox 1980 751 3552 821">
     <span class='ocr_line' id='line_1_67' title="bbox 1980 751 3552 821; baseline 0.004 -17"><span class='ocrx_word' id='word_1_453' title='bbox 1980 759 2094 805; x_wconf 89' lang='lat' dir='ltr'><strong>tute</strong></span> <span class='ocrx_word' id='word_1_454' title='bbox 2118 751 2460 820; x_wconf 88' lang='lat' dir='ltr'><strong>perterritus,</strong></span> <span class='ocrx_word' id='word_1_455' title='bbox 2488 767 2720 821; x_wconf 79' lang='lat' dir='ltr'><strong>pugnam</strong></span> <span class='ocrx_word' id='word_1_456' title='bbox 2753 752 3143 817; x_wconf 88' lang='lat' dir='ltr'><strong>detrectasset,</strong></span> <span class='ocrx_word' id='word_1_457' title='bbox 3167 755 3472 810; x_wconf 87' lang='lat' dir='ltr'><strong>Ariobistus</strong></span> <span class='ocrx_word' id='word_1_458' title='bbox 3499 758 3552 810; x_wconf 91' lang='lat' dir='ltr'><strong>in</strong></span> 
     </span>
    </p>
   </div>
   <div class='ocr_carea' id='block_1_68' title="bbox 1979 839 3554 908">
    <p class='ocr_par' dir='ltr' id='par_1_68' title="bbox 1979 839 3554 908">
     <span class='ocr_line' id='line_1_68' title="bbox 1979 839 3554 908; baseline 0.004 -14"><span class='ocrx_word' id='word_1_459' title='bbox 1979 839 2341 902; x_wconf 87' lang='lat' dir='ltr'><strong>Germaniam,</strong></span> <span class='ocrx_word' id='word_1_460' title='bbox 2371 848 2584 908; x_wconf 89' lang='lat' dir='ltr'><strong>arrepta</strong></span> <span class='ocrx_word' id='word_1_461' title='bbox 2607 841 2882 906; x_wconf 85' lang='lat' dir='ltr'><strong>navicula,</strong></span> <span class='ocrx_word' id='word_1_462' title='bbox 2927 842 3175 898; x_wconf 78' lang='lat' dir='ltr'><strong>Rhenum</strong></span> <span class='ocrx_word' id='word_1_463' title='bbox 3218 853 3554 901; x_wconf 87' lang='lat' dir='ltr'><strong>transvectus</strong></span> 
     </span>
    </p>
   </div>
   <div class='ocr_carea' id='block_1_69' title="bbox 1977 928 3550 1005">
    <p class='ocr_par' dir='ltr' id='par_1_69' title="bbox 1977 928 3550 1005">
     <span class='ocr_line' id='line_1_69' title="bbox 1977 928 3550 1005; baseline 0.005 -23"><span class='ocrx_word' id='word_1_464' title='bbox 1977 928 2180 1000; x_wconf 72' lang='lat' dir='ltr'><strong>effugit.</strong></span> <span class='ocrx_word' id='word_1_465' title='bbox 2228 928 2435 985; x_wconf 82' lang='lat' dir='ltr'><strong>Uxores</strong></span> <span class='ocrx_word' id='word_1_466' title='bbox 2472 932 2590 984; x_wconf 77' lang='lat' dir='ltr'><strong>diue</strong></span> <span class='ocrx_word' id='word_1_467' title='bbox 2642 932 2972 1001; x_wconf 83' lang='lat' dir='ltr'><strong>totidemque</strong></span> <span class='ocrx_word' id='word_1_468' title='bbox 3022 934 3147 989; x_wconf 67' lang='lat' dir='ltr'><strong>ﬁlia:</strong></span> <span class='ocrx_word' id='word_1_469' title='bbox 3192 944 3362 1005; x_wconf 70' lang='lat' dir='ltr'><strong>capue</strong></span> <span class='ocrx_word' id='word_1_470' title='bbox 3404 947 3550 991; x_wconf 90' lang='lat' dir='ltr'><strong>sunt.</strong></span> 
     </span>
    </p>
   </div>
   <div class='ocr_carea' id='block_1_70' title="bbox 1977 1017 3554 1092">
    <p class='ocr_par' dir='ltr' id='par_1_70' title="bbox 1977 1017 3554 1092">
     <span class='ocr_line' id='line_1_70' title="bbox 1977 1017 3554 1092; baseline 0.008 -22"><span class='ocrx_word' id='word_1_471' title='bbox 1977 1017 2217 1074; x_wconf 84' lang='lat' dir='ltr'><strong>Fuerunt</strong></span> <span class='ocrx_word' id='word_1_472' title='bbox 2266 1030 2445 1074; x_wconf 90' lang='lat' dir='ltr'><strong>autem</strong></span> <span class='ocrx_word' id='word_1_473' title='bbox 2474 1021 2526 1074; x_wconf 95' lang='lat' dir='ltr'><strong>in</strong></span> <span class='ocrx_word' id='word_1_474' title='bbox 2566 1022 2807 1076; x_wconf 81' lang='lat' dir='ltr'><strong>exercitu</strong></span> <span class='ocrx_word' id='word_1_475' title='bbox 2841 1022 3100 1079; x_wconf 81' lang='lat' dir='ltr'><strong>Ariobisti</strong></span> <span class='ocrx_word' id='word_1_476' title='bbox 3147 1024 3384 1092; x_wconf 81' lang='lat' dir='ltr'><strong>Arudes,</strong></span> <span class='ocrx_word' id='word_1_477' title='bbox 3415 1028 3554 1082; x_wconf 79' lang='lat' dir='ltr'><strong>Mar-</strong></span> 
     </span>
    </p>
   </div>
   <div class='ocr_carea' id='block_1_71' title="bbox 1978 1110 3557 1182">
    <p class='ocr_par' dir='ltr' id='par_1_71' title="bbox 1978 1110 3557 1182">
     <span class='ocr_line' id='line_1_71' title="bbox 1978 1110 3557 1182; baseline 0.006 -19"><span class='ocrx_word' id='word_1_478' title='bbox 1978 1124 2290 1175; x_wconf 82' lang='lat' dir='ltr'><strong>romannes,</strong></span> <span class='ocrx_word' id='word_1_479' title='bbox 2321 1110 2553 1174; x_wconf 81' lang='lat' dir='ltr'><strong>Triboci,</strong></span> <span class='ocrx_word' id='word_1_480' title='bbox 2589 1111 2933 1182; x_wconf 86' lang='lat' dir='ltr'><strong>Wangiones,</strong></span> <span class='ocrx_word' id='word_1_481' title='bbox 2961 1114 3231 1179; x_wconf 84' lang='lat' dir='ltr'><strong>Nemetes,</strong></span> <span class='ocrx_word' id='word_1_482' title='bbox 3265 1117 3473 1172; x_wconf 84' lang='lat' dir='ltr'><strong>Edures</strong></span> <span class='ocrx_word' id='word_1_483' title='bbox 3501 1128 3557 1173; x_wconf 91' lang='lat' dir='ltr'><strong>et</strong></span> 
     </span>
    </p>
   </div>
   <div class='ocr_carea' id='block_1_72' title="bbox 1980 1200 3554 1277">
    <p class='ocr_par' dir='ltr' id='par_1_72' title="bbox 1980 1200 3554 1277">
     <span class='ocr_line' id='line_1_72' title="bbox 1980 1200 3554 1277; baseline 0.003 -21"><span class='ocrx_word' id='word_1_484' title='bbox 1980 1200 2160 1256; x_wconf 87' lang='lat' dir='ltr'><strong>Suevi.</strong></span> <span class='ocrx_word' id='word_1_485' title='bbox 2189 1203 2373 1272; x_wconf 82' lang='lat' dir='ltr'><strong>Pugna</strong></span> <span class='ocrx_word' id='word_1_486' title='bbox 2404 1204 2634 1257; x_wconf 84' lang='lat' dir='ltr'><strong>maxima</strong></span> <span class='ocrx_word' id='word_1_487' title='bbox 2658 1205 2836 1273; x_wconf 87' lang='lat' dir='ltr'><strong>gravis</strong></span> <span class='ocrx_word' id='word_1_488' title='bbox 2864 1206 3143 1277; x_wconf 73' lang='lat' dir='ltr'><strong>phalanga:</strong></span> <span class='ocrx_word' id='word_1_489' title='bbox 3165 1205 3554 1261; x_wconf 88' lang='lat' dir='ltr'><strong>Germanorum</strong></span> 
     </span>
    </p>
   </div>
   <div class='ocr_carea' id='block_1_73' title="bbox 1977 1294 3556 1368">
    <p class='ocr_par' dir='ltr' id='par_1_73' title="bbox 1977 1294 3556 1368">
     <span class='ocr_line' id='line_1_73' title="bbox 1977 1294 3556 1368; baseline 0.003 -20"><span class='ocrx_word' id='word_1_490' title='bbox 1977 1294 2097 1359; x_wconf 85' lang='lat' dir='ltr'><strong>fuit,</strong></span> <span class='ocrx_word' id='word_1_491' title='bbox 2126 1311 2287 1365; x_wconf 88' lang='lat' dir='ltr'><strong>quam</strong></span> <span class='ocrx_word' id='word_1_492' title='bbox 2330 1305 2517 1350; x_wconf 91' lang='lat' dir='ltr'><strong>coacto</strong></span> <span class='ocrx_word' id='word_1_493' title='bbox 2544 1296 2596 1349; x_wconf 91' lang='lat' dir='ltr'><strong>in</strong></span> <span class='ocrx_word' id='word_1_494' title='bbox 2625 1311 2792 1350; x_wconf 90' lang='lat' dir='ltr'><strong>unum</strong></span> <span class='ocrx_word' id='word_1_495' title='bbox 2824 1298 3067 1367; x_wconf 86' lang='lat' dir='ltr'><strong>agmine,</strong></span> <span class='ocrx_word' id='word_1_496' title='bbox 3099 1299 3372 1368; x_wconf 83' lang='lat' dir='ltr'><strong>scutisque</strong></span> <span class='ocrx_word' id='word_1_497' title='bbox 3395 1314 3556 1368; x_wconf 90' lang='lat' dir='ltr'><strong>supra</strong></span> 
     </span>
    </p>
   </div>
   <div class='ocr_carea' id='block_1_74' title="bbox 1977 1386 3558 1467">
    <p class='ocr_par' dir='ltr' id='par_1_74' title="bbox 1977 1386 3558 1467">
     <span class='ocr_line' id='line_1_74' title="bbox 1977 1386 3558 1467; baseline 0.003 -28"><span class='ocrx_word' id='word_1_498' title='bbox 1977 1387 2152 1454; x_wconf 82' lang='lat' dir='ltr'><strong>capita</strong></span> <span class='ocrx_word' id='word_1_499' title='bbox 2174 1386 2461 1450; x_wconf 82' lang='lat' dir='ltr'><strong>contextis,</strong></span> <span class='ocrx_word' id='word_1_500' title='bbox 2489 1387 2555 1440; x_wconf 91' lang='lat' dir='ltr'><strong>ad</strong></span> <span class='ocrx_word' id='word_1_501' title='bbox 2579 1388 2979 1467; x_wconf 83' lang='lat' dir='ltr'><strong>irrumpendam</strong></span> <span class='ocrx_word' id='word_1_502' title='bbox 2996 1387 3361 1443; x_wconf 84' lang='lat' dir='ltr'><strong>Romanorum</strong></span> <span class='ocrx_word' id='word_1_503' title='bbox 3384 1389 3558 1443; x_wconf 87' lang='lat' dir='ltr'><strong>aciem</strong></span> 
     </span>
    </p>
   </div>
   <div class='ocr_carea' id='block_1_75' title="bbox 1978 1477 3555 1549">
    <p class='ocr_par' dir='ltr' id='par_1_75' title="bbox 1978 1477 3555 1549">
     <span class='ocr_line' id='line_1_75' title="bbox 1978 1477 3555 1549; baseline 0.002 -20"><span class='ocrx_word' id='word_1_504' title='bbox 1978 1477 2077 1530; x_wconf 90' lang='lat' dir='ltr'><strong>tuti</strong></span> <span class='ocrx_word' id='word_1_505' title='bbox 2123 1477 2361 1547; x_wconf 90' lang='lat' dir='ltr'><strong>undique</strong></span> <span class='ocrx_word' id='word_1_506' title='bbox 2404 1486 2850 1547; x_wconf 70' lang='lat' dir='ltr'><strong>prtestruxerant.</strong></span> <span class='ocrx_word' id='word_1_507' title='bbox 2901 1478 3007 1533; x_wconf 87' lang='lat' dir='ltr'><strong>Sed</strong></span> <span class='ocrx_word' id='word_1_508' title='bbox 3052 1488 3337 1549; x_wconf 88' lang='lat' dir='ltr'><strong>postquam</strong></span> <span class='ocrx_word' id='word_1_509' title='bbox 3394 1479 3555 1548; x_wconf 89' lang='lat' dir='ltr'><strong>aliqui</strong></span> 
     </span>
    </p>
   </div>
   <div class='ocr_carea' id='block_1_76' title="bbox 1977 1566 3560 1641">
    <p class='ocr_par' dir='ltr' id='par_1_76' title="bbox 1977 1566 3560 1641">
     <span class='ocr_line' id='line_1_76' title="bbox 1977 1566 3560 1641; baseline 0.003 -20"><span class='ocrx_word' id='word_1_510' title='bbox 1977 1566 2342 1622; x_wconf 84' lang='lat' dir='ltr'><strong>Romanorum</strong></span> <span class='ocrx_word' id='word_1_511' title='bbox 2381 1569 2612 1623; x_wconf 90' lang='lat' dir='ltr'><strong>militum</strong></span> <span class='ocrx_word' id='word_1_512' title='bbox 2652 1570 2892 1641; x_wconf 83' lang='lat' dir='ltr'><strong>agilitate</strong></span> <span class='ocrx_word' id='word_1_513' title='bbox 2933 1570 3263 1638; x_wconf 89' lang='lat' dir='ltr'><strong>audaciaque</strong></span> <span class='ocrx_word' id='word_1_514' title='bbox 3319 1570 3560 1641; x_wconf 89' lang='lat' dir='ltr'><strong>insignes</strong></span> 
     </span>
    </p>
   </div>
   <div class='ocr_carea' id='block_1_77' title="bbox 1977 1656 3559 1731">
    <p class='ocr_par' dir='ltr' id='par_1_77' title="bbox 1977 1656 3559 1731">
     <span class='ocr_line' id='line_1_77' title="bbox 1977 1656 3559 1731; baseline 0.003 -21"><span class='ocrx_word' id='word_1_515' title='bbox 1977 1671 2138 1726; x_wconf 87' lang='lat' dir='ltr'><strong>supra</strong></span> <span class='ocrx_word' id='word_1_516' title='bbox 2164 1656 2452 1712; x_wconf 86' lang='lat' dir='ltr'><strong>obductam</strong></span> <span class='ocrx_word' id='word_1_517' title='bbox 2477 1659 2672 1714; x_wconf 89' lang='lat' dir='ltr'><strong>saliere</strong></span> <span class='ocrx_word' id='word_1_518' title='bbox 2698 1659 3044 1721; x_wconf 90' lang='lat' dir='ltr'><strong>testudinem,</strong></span> <span class='ocrx_word' id='word_1_519' title='bbox 3068 1660 3344 1729; x_wconf 86' lang='lat' dir='ltr'><strong>scutisque</strong></span> <span class='ocrx_word' id='word_1_520' title='bbox 3373 1660 3559 1731; x_wconf 91' lang='lat' dir='ltr'><strong>singil-</strong></span> 
     </span>
    </p>
   </div>
   <div class='ocr_carea' id='block_1_78' title="bbox 1906 1732 3555 1820">
    <p class='ocr_par' dir='ltr' id='par_1_78' title="bbox 1906 1732 3555 1820">
     <span class='ocr_line' id='line_1_78' title="bbox 1906 1732 3555 1820; baseline 0.004 -21"><span class='ocrx_word' id='word_1_521' title='bbox 1906 1732 1954 1791; x_wconf 86' lang='grc' dir='ltr'><strong>Β</strong></span> <span class='ocrx_word' id='word_1_522' title='bbox 1980 1746 2130 1800; x_wconf 90' lang='lat' dir='ltr'><strong>latim</strong></span> <span class='ocrx_word' id='word_1_523' title='bbox 2151 1787 2168 1812; x_wconf 91' lang='lat'><strong>,</strong></span> <span class='ocrx_word' id='word_1_524' title='bbox 2190 1747 2336 1801; x_wconf 91' lang='lat' dir='ltr'><strong>velut</strong></span> <span class='ocrx_word' id='word_1_525' title='bbox 2361 1750 2603 1818; x_wconf 89' lang='lat' dir='ltr'><strong>squamis</strong></span> <span class='ocrx_word' id='word_1_526' title='bbox 2633 1750 2882 1815; x_wconf 82' lang='lat' dir='ltr'><strong>revulsis,</strong></span> <span class='ocrx_word' id='word_1_527' title='bbox 2902 1751 3137 1820; x_wconf 88' lang='lat' dir='ltr'><strong>desuper</strong></span> <span class='ocrx_word' id='word_1_528' title='bbox 3165 1751 3338 1807; x_wconf 90' lang='lat' dir='ltr'><strong>nudos</strong></span> <span class='ocrx_word' id='word_1_529' title='bbox 3365 1752 3555 1820; x_wconf 85' lang='lat' dir='ltr'><strong>depre-</strong></span> 
     </span>
    </p>
   </div>
   <div class='ocr_carea' id='block_1_79' title="bbox 1976 1839 3558 1911">
    <p class='ocr_par' dir='ltr' id='par_1_79' title="bbox 1976 1839 3558 1911">
     <span class='ocr_line' id='line_1_79' title="bbox 1976 1839 3558 1911; baseline 0.001 -17"><span class='ocrx_word' id='word_1_530' title='bbox 1976 1839 2266 1895; x_wconf 91' lang='lat' dir='ltr'><strong>hensorum</strong></span> <span class='ocrx_word' id='word_1_531' title='bbox 2293 1840 2738 1911; x_wconf 89' lang='lat' dir='ltr'><strong>detectorumque</strong></span> <span class='ocrx_word' id='word_1_532' title='bbox 2766 1843 3023 1897; x_wconf 86' lang='lat' dir='ltr'><strong>humeros</strong></span> <span class='ocrx_word' id='word_1_533' title='bbox 3043 1842 3419 1911; x_wconf 90' lang='lat' dir='ltr'><strong>perfoderunt,</strong></span> <span class='ocrx_word' id='word_1_534' title='bbox 3446 1852 3558 1897; x_wconf 88' lang='lat' dir='ltr'><strong>ter-</strong></span> 
     </span>
    </p>
   </div>
   <div class='ocr_carea' id='block_1_80' title="bbox 1977 1929 3557 2001">
    <p class='ocr_par' dir='ltr' id='par_1_80' title="bbox 1977 1929 3557 2001">
     <span class='ocr_line' id='line_1_80' title="bbox 1977 1929 3557 2001; baseline 0.003 -19"><span class='ocrx_word' id='word_1_535' title='bbox 1977 1929 2067 1983; x_wconf 92' lang='lat' dir='ltr'><strong>riti</strong></span> <span class='ocrx_word' id='word_1_536' title='bbox 2094 1929 2274 1984; x_wconf 86' lang='lat' dir='ltr'><strong>hostes</strong></span> <span class='ocrx_word' id='word_1_537' title='bbox 2302 1945 2443 1984; x_wconf 88' lang='lat' dir='ltr'><strong>novo</strong></span> <span class='ocrx_word' id='word_1_538' title='bbox 2466 1931 2659 1986; x_wconf 88' lang='lat' dir='ltr'><strong>mortis</strong></span> <span class='ocrx_word' id='word_1_539' title='bbox 2684 1930 2925 2001; x_wconf 87' lang='lat' dir='ltr'><strong>periculo</strong></span> <span class='ocrx_word' id='word_1_540' title='bbox 2946 1930 3241 1985; x_wconf 88' lang='lat' dir='ltr'><strong>terribilem</strong></span> <span class='ocrx_word' id='word_1_541' title='bbox 3261 1930 3557 1986; x_wconf 88' lang='lat' dir='ltr'><strong>dissolvere</strong></span> 
     </span>
    </p>
   </div>
   <div class='ocr_carea' id='block_1_81' title="bbox 1976 2019 3556 2092">
    <p class='ocr_par' dir='ltr' id='par_1_81' title="bbox 1976 2019 3556 2092">
     <span class='ocr_line' id='line_1_81' title="bbox 1976 2019 3556 2092; baseline 0.002 -20"><span class='ocrx_word' id='word_1_542' title='bbox 1976 2034 2309 2090; x_wconf 86' lang='lat' dir='ltr'><strong>compagem.</strong></span> <span class='ocrx_word' id='word_1_543' title='bbox 2337 2019 2544 2075; x_wconf 70' lang='lat' dir='ltr'><strong>Exinde</strong></span> <span class='ocrx_word' id='word_1_544' title='bbox 2568 2021 2621 2074; x_wconf 93' lang='lat' dir='ltr'><strong>in</strong></span> <span class='ocrx_word' id='word_1_545' title='bbox 2651 2020 2831 2091; x_wconf 87' lang='lat' dir='ltr'><strong>fugam</strong></span> <span class='ocrx_word' id='word_1_546' title='bbox 2858 2023 3002 2077; x_wconf 85' lang='lat' dir='ltr'><strong>versi</strong></span> <span class='ocrx_word' id='word_1_547' title='bbox 3034 2036 3134 2091; x_wconf 91' lang='lat' dir='ltr'><strong>per</strong></span> <span class='ocrx_word' id='word_1_548' title='bbox 3167 2021 3556 2092; x_wconf 87' lang='lat' dir='ltr'><strong>quinquaginta</strong></span> 
     </span>
    </p>
   </div>
   <div class='ocr_carea' id='block_1_82' title="bbox 1975 2110 3549 2181">
    <p class='ocr_par' dir='ltr' id='par_1_82' title="bbox 1975 2110 3549 2181">
     <span class='ocr_line' id='line_1_82' title="bbox 1975 2110 3549 2181; baseline 0.001 -16"><span class='ocrx_word' id='word_1_549' title='bbox 1975 2110 2140 2165; x_wconf 88' lang='lat' dir='ltr'><strong>millia</strong></span> <span class='ocrx_word' id='word_1_550' title='bbox 2167 2126 2422 2180; x_wconf 90' lang='lat' dir='ltr'><strong>passuum</strong></span> <span class='ocrx_word' id='word_1_551' title='bbox 2455 2110 2837 2167; x_wconf 88' lang='lat' dir='ltr'><strong>insatiabiliter</strong></span> <span class='ocrx_word' id='word_1_552' title='bbox 2874 2113 3001 2168; x_wconf 54' lang='lat' dir='ltr'><strong>cassi</strong></span> <span class='ocrx_word' id='word_1_553' title='bbox 3034 2121 3179 2168; x_wconf 91' lang='lat' dir='ltr'><strong>sunt.</strong></span> <span class='ocrx_word' id='word_1_554' title='bbox 3213 2112 3397 2181; x_wconf 84' lang='lat' dir='ltr'><strong>Neque</strong></span> <span class='ocrx_word' id='word_1_555' title='bbox 3419 2127 3549 2167; x_wconf 63' lang='lat' dir='ltr'><strong>cono</strong></span> 
     </span>
    </p>
   </div>
   <div class='ocr_carea' id='block_1_83' title="bbox 1969 2201 3557 2273">
    <p class='ocr_par' dir='ltr' id='par_1_83' title="bbox 1969 2201 3557 2273">
     <span class='ocr_line' id='line_1_83' title="bbox 1969 2201 3557 2273; baseline 0 -17"><span class='ocrx_word' id='word_1_556' title='bbox 1969 2201 2063 2272; x_wconf 88' lang='lat' dir='ltr'><strong>jici</strong></span> <span class='ocrx_word' id='word_1_557' title='bbox 2091 2217 2351 2257; x_wconf 89' lang='lat' dir='ltr'><strong>numerus</strong></span> <span class='ocrx_word' id='word_1_558' title='bbox 2375 2205 2552 2273; x_wconf 91' lang='lat' dir='ltr'><strong>potuit</strong></span> <span class='ocrx_word' id='word_1_559' title='bbox 2569 2202 2989 2268; x_wconf 88' lang='lat' dir='ltr'><strong>Germanorum,</strong></span> <span class='ocrx_word' id='word_1_560' title='bbox 3007 2203 3092 2260; x_wconf 90' lang='lat' dir='ltr'><strong>vel</strong></span> <span class='ocrx_word' id='word_1_561' title='bbox 3113 2212 3346 2273; x_wconf 87' lang='lat' dir='ltr'><strong>quantus</strong></span> <span class='ocrx_word' id='word_1_562' title='bbox 3367 2217 3557 2272; x_wconf 77' lang='lat' dir='ltr'><strong>pugna:</strong></span> 
     </span>
    </p>
   </div>
   <div class='ocr_carea' id='block_1_84' title="bbox 1975 2291 3555 2363">
    <p class='ocr_par' dir='ltr' id='par_1_84' title="bbox 1975 2291 3555 2363">
     <span class='ocr_line' id='line_1_84' title="bbox 1975 2291 3555 2363; baseline 0.003 -18"><span class='ocrx_word' id='word_1_563' title='bbox 1975 2291 2236 2359; x_wconf 84' lang='lat' dir='ltr'><strong>adfuerit,</strong></span> <span class='ocrx_word' id='word_1_564' title='bbox 2281 2294 2364 2348; x_wconf 90' lang='lat' dir='ltr'><strong>vel</strong></span> <span class='ocrx_word' id='word_1_565' title='bbox 2408 2302 2642 2363; x_wconf 82' lang='lat' dir='ltr'><strong>quantus</strong></span> <span class='ocrx_word' id='word_1_566' title='bbox 2688 2294 2853 2351; x_wconf 89' lang='lat' dir='ltr'><strong>fuerit</strong></span> <span class='ocrx_word' id='word_1_567' title='bbox 2894 2296 3221 2350; x_wconf 88' lang='lat' dir='ltr'><strong>occisorum.</strong></span> <span class='ocrx_word' id='word_1_568' title='bbox 3264 2293 3392 2350; x_wconf 86' lang='lat' dir='ltr'><strong>Post</strong></span> <span class='ocrx_word' id='word_1_569' title='bbox 3437 2295 3555 2349; x_wconf 63' lang='lat' dir='ltr'><strong>haec</strong></span> 
     </span>
    </p>
   </div>
   <div class='ocr_carea' id='block_1_85' title="bbox 1974 2381 3559 2455">
    <p class='ocr_par' dir='ltr' id='par_1_85' title="bbox 1974 2381 3559 2455">
     <span class='ocr_line' id='line_1_85' title="bbox 1974 2381 3559 2455; baseline 0.003 -20"><span class='ocrx_word' id='word_1_570' title='bbox 1974 2381 2257 2453; x_wconf 86' lang='lat' dir='ltr'><strong>Belgarum</strong></span> <span class='ocrx_word' id='word_1_571' title='bbox 2284 2400 2447 2454; x_wconf 89' lang='lat' dir='ltr'><strong>gens,</strong></span> <span class='ocrx_word' id='word_1_572' title='bbox 2473 2400 2595 2455; x_wconf 78' lang='lat' dir='ltr'><strong>qua:</strong></span> <span class='ocrx_word' id='word_1_573' title='bbox 2625 2386 2784 2440; x_wconf 90' lang='lat' dir='ltr'><strong>tertia</strong></span> <span class='ocrx_word' id='word_1_574' title='bbox 2822 2401 2951 2455; x_wconf 89' lang='lat' dir='ltr'><strong>pars</strong></span> <span class='ocrx_word' id='word_1_575' title='bbox 2978 2384 3274 2441; x_wconf 87' lang='lat' dir='ltr'><strong>Galliarum</strong></span> <span class='ocrx_word' id='word_1_576' title='bbox 3315 2395 3433 2450; x_wconf 90' lang='lat' dir='ltr'><strong>est,</strong></span> <span class='ocrx_word' id='word_1_577' title='bbox 3463 2386 3559 2440; x_wconf 80' lang='lat' dir='ltr'><strong>ad-</strong></span> 
     </span>
    </p>
   </div>
   <div class='ocr_carea' id='block_1_86' title="bbox 1976 2472 3558 2542">
    <p class='ocr_par' dir='ltr' id='par_1_86' title="bbox 1976 2472 3558 2542">
     <span class='ocr_line' id='line_1_86' title="bbox 1976 2472 3558 2542; baseline 0.004 -18"><span class='ocrx_word' id='word_1_578' title='bbox 1976 2486 2166 2527; x_wconf 87' lang='lat' dir='ltr'><strong>versus</strong></span> <span class='ocrx_word' id='word_1_579' title='bbox 2204 2472 2471 2529; x_wconf 66' lang='lat' dir='ltr'><strong>Caesarem</strong></span> <span class='ocrx_word' id='word_1_580' title='bbox 2514 2476 2740 2529; x_wconf 86' lang='lat' dir='ltr'><strong>exarsit.</strong></span> <span class='ocrx_word' id='word_1_581' title='bbox 2784 2476 3024 2542; x_wconf 86' lang='lat' dir='ltr'><strong>Quorum</strong></span> <span class='ocrx_word' id='word_1_582' title='bbox 3070 2477 3401 2531; x_wconf 84' lang='lat' dir='ltr'><strong>distributim</strong></span> <span class='ocrx_word' id='word_1_583' title='bbox 3442 2478 3558 2532; x_wconf 60' lang='lat' dir='ltr'><strong>haec</strong></span> 
     </span>
    </p>
   </div>
   <div class='ocr_carea' id='block_1_87' title="bbox 1977 2561 3564 2635">
    <p class='ocr_par' dir='ltr' id='par_1_87' title="bbox 1977 2561 3564 2635">
     <span class='ocr_line' id='line_1_87' title="bbox 1977 2561 3564 2635; baseline 0.003 -18"><span class='ocrx_word' id='word_1_584' title='bbox 1977 2563 2126 2631; x_wconf 85' lang='lat' dir='ltr'><strong>cupia</strong></span> <span class='ocrx_word' id='word_1_585' title='bbox 2157 2561 2296 2618; x_wconf 88' lang='lat' dir='ltr'><strong>fuit:</strong></span> <span class='ocrx_word' id='word_1_586' title='bbox 2327 2564 2619 2633; x_wconf 89' lang='lat' dir='ltr'><strong>Bellovagi,</strong></span> <span class='ocrx_word' id='word_1_587' title='bbox 2652 2567 2745 2635; x_wconf 91' lang='lat' dir='ltr'><strong>qui</strong></span> <span class='ocrx_word' id='word_1_588' title='bbox 2775 2568 2987 2623; x_wconf 65' lang='lat' dir='ltr'><strong>caeteris</strong></span> <span class='ocrx_word' id='word_1_589' title='bbox 3010 2582 3239 2622; x_wconf 89' lang='lat' dir='ltr'><strong>numero</strong></span> <span class='ocrx_word' id='word_1_590' title='bbox 3267 2576 3325 2622; x_wconf 93' lang='lat' dir='ltr'><strong>et</strong></span> <span class='ocrx_word' id='word_1_591' title='bbox 3363 2568 3564 2623; x_wconf 88' lang='lat' dir='ltr'><strong>virtute</strong></span> 
     </span>
    </p>
   </div>
   <div class='ocr_carea' id='block_1_88' title="bbox 1974 2654 3561 2728">
    <p class='ocr_par' dir='ltr' id='par_1_88' title="bbox 1974 2654 3561 2728">
     <span class='ocr_line' id='line_1_88' title="bbox 1974 2654 3561 2728; baseline 0.003 -22"><span class='ocrx_word' id='word_1_592' title='bbox 1974 2661 2235 2721; x_wconf 73' lang='lat' dir='ltr'><strong>prmstare</strong></span> <span class='ocrx_word' id='word_1_593' title='bbox 2262 2654 2597 2721; x_wconf 87' lang='lat' dir='ltr'><strong>viderentur,</strong></span> <span class='ocrx_word' id='word_1_594' title='bbox 2630 2656 2871 2712; x_wconf 87' lang='lat' dir='ltr'><strong>habuere</strong></span> <span class='ocrx_word' id='word_1_595' title='bbox 2890 2657 3185 2712; x_wconf 88' lang='lat' dir='ltr'><strong>lectissima</strong></span> <span class='ocrx_word' id='word_1_596' title='bbox 3205 2658 3561 2728; x_wconf 80' lang='lat' dir='ltr'><strong>quadraginta</strong></span> 
     </span>
    </p>
   </div>
   <div class='ocr_carea' id='block_1_89' title="bbox 1976 2740 3569 2817">
    <p class='ocr_par' dir='ltr' id='par_1_89' title="bbox 1976 2740 3569 2817">
     <span class='ocr_line' id='line_1_89' title="bbox 1976 2740 3569 2817; baseline 0.004 -23"><span class='ocrx_word' id='word_1_597' title='bbox 1976 2740 2143 2795; x_wconf 85' lang='lat' dir='ltr'><strong>millia</strong></span> <span class='ocrx_word' id='word_1_598' title='bbox 2173 2741 2308 2813; x_wconf 84' lang='lat' dir='ltr'><strong>[Al.,</strong></span> <span class='ocrx_word' id='word_1_599' title='bbox 2335 2744 2616 2814; x_wconf 77' lang='lat' dir='ltr'><strong>sexaginta</strong></span> <span class='ocrx_word' id='word_1_600' title='bbox 2643 2744 2838 2817; x_wconf 87' lang='lat' dir='ltr'><strong>millia]</strong></span> <span class='ocrx_word' id='word_1_601' title='bbox 2862 2755 3226 2811; x_wconf 87' lang='lat' dir='ltr'><strong>armatorum;</strong></span> <span class='ocrx_word' id='word_1_602' title='bbox 3253 2746 3569 2801; x_wconf 75' lang='lat' dir='ltr'><strong>Successies</strong></span> 
     </span>
    </p>
   </div>
   <div class='ocr_carea' id='block_1_90' title="bbox 1979 2828 3563 2905">
    <p class='ocr_par' dir='ltr' id='par_1_90' title="bbox 1979 2828 3563 2905">
     <span class='ocr_line' id='line_1_90' title="bbox 1979 2828 3563 2905; baseline 0.004 -22"><span class='ocrx_word' id='word_1_603' title='bbox 1979 2828 2344 2902; x_wconf 78' lang='lat' dir='ltr'><strong>[Suessiones]</strong></span> <span class='ocrx_word' id='word_1_604' title='bbox 2370 2846 2437 2885; x_wconf 81' lang='lat' dir='ltr'><strong>ex</strong></span> <span class='ocrx_word' id='word_1_605' title='bbox 2467 2833 2747 2887; x_wconf 92' lang='lat' dir='ltr'><strong>duodecim</strong></span> <span class='ocrx_word' id='word_1_606' title='bbox 2777 2834 2991 2903; x_wconf 90' lang='lat' dir='ltr'><strong>oppidis</strong></span> <span class='ocrx_word' id='word_1_607' title='bbox 3018 2835 3413 2905; x_wconf 87' lang='lat' dir='ltr'><strong>quinquaginta</strong></span> <span class='ocrx_word' id='word_1_608' title='bbox 3442 2835 3563 2890; x_wconf 90' lang='lat' dir='ltr'><strong>mil-</strong></span> 
     </span>
    </p>
   </div>
   <div class='ocr_carea' id='block_1_91' title="bbox 1977 2921 3565 2999">
    <p class='ocr_par' dir='ltr' id='par_1_91' title="bbox 1977 2921 3565 2999">
     <span class='ocr_line' id='line_1_91' title="bbox 1977 2921 3565 2999; baseline 0.004 -25"><span class='ocrx_word' id='word_1_609' title='bbox 1977 2921 2255 2986; x_wconf 85' lang='lat' dir='ltr'><strong>lia;Nervii</strong></span> <span class='ocrx_word' id='word_1_610' title='bbox 2284 2963 2298 2987; x_wconf 93' lang='lat'><strong>,</strong></span> <span class='ocrx_word' id='word_1_611' title='bbox 2330 2937 2561 2992; x_wconf 90' lang='lat' dir='ltr'><strong>quorum</strong></span> <span class='ocrx_word' id='word_1_612' title='bbox 2602 2925 2737 2980; x_wconf 88' lang='lat' dir='ltr'><strong>adeo</strong></span> <span class='ocrx_word' id='word_1_613' title='bbox 2777 2925 3039 2981; x_wconf 90' lang='lat' dir='ltr'><strong>indomita</strong></span> <span class='ocrx_word' id='word_1_614' title='bbox 3075 2926 3266 2982; x_wconf 87' lang='lat' dir='ltr'><strong>feritas</strong></span> <span class='ocrx_word' id='word_1_615' title='bbox 3302 2928 3565 2999; x_wconf 68' lang='lat' dir='ltr'><strong>praedica-</strong></span> 
     </span>
    </p>
   </div>
   <div class='ocr_carea' id='block_1_92' title="bbox 1978 3012 3564 3087">
    <p class='ocr_par' dir='ltr' id='par_1_92' title="bbox 1978 3012 3564 3087">
     <span class='ocr_line' id='line_1_92' title="bbox 1978 3012 3564 3087; baseline 0.004 -20"><span class='ocrx_word' id='word_1_616' title='bbox 1978 3012 2158 3077; x_wconf 86' lang='lat' dir='ltr'><strong>batur,</strong></span> <span class='ocrx_word' id='word_1_617' title='bbox 2189 3020 2249 3067; x_wconf 91' lang='lat' dir='ltr'><strong>ut</strong></span> <span class='ocrx_word' id='word_1_618' title='bbox 2275 3028 2553 3083; x_wconf 88' lang='lat' dir='ltr'><strong>nunquam</strong></span> <span class='ocrx_word' id='word_1_619' title='bbox 2580 3015 2634 3069; x_wconf 92' lang='lat' dir='ltr'><strong>in</strong></span> <span class='ocrx_word' id='word_1_620' title='bbox 2664 3015 2717 3070; x_wconf 92' lang='lat' dir='ltr'><strong>id</strong></span> <span class='ocrx_word' id='word_1_621' title='bbox 2758 3017 3021 3087; x_wconf 91' lang='lat' dir='ltr'><strong>temporis</strong></span> <span class='ocrx_word' id='word_1_622' title='bbox 3049 3028 3380 3074; x_wconf 83' lang='lat' dir='ltr'><strong>mercatores</strong></span> <span class='ocrx_word' id='word_1_623' title='bbox 3407 3019 3476 3072; x_wconf 88' lang='lat' dir='ltr'><strong>ad</strong></span> <span class='ocrx_word' id='word_1_624' title='bbox 3502 3033 3564 3074; x_wconf 88' lang='lat' dir='ltr'><strong>se</strong></span> 
     </span>
    </p>
   </div>
   <div class='ocr_carea' id='block_1_93' title="bbox 1979 3102 3564 3177">
    <p class='ocr_par' dir='ltr' id='par_1_93' title="bbox 1979 3102 3564 3177">
     <span class='ocr_line' id='line_1_93' title="bbox 1979 3102 3564 3177; baseline 0.004 -20"><span class='ocrx_word' id='word_1_625' title='bbox 1979 3102 2295 3157; x_wconf 88' lang='lat' dir='ltr'><strong>admiserint</strong></span> <span class='ocrx_word' id='word_1_626' title='bbox 2336 3103 2461 3158; x_wconf 89' lang='lat' dir='ltr'><strong>vina</strong></span> <span class='ocrx_word' id='word_1_627' title='bbox 2502 3113 2807 3175; x_wconf 73' lang='lat' dir='ltr'><strong>cteteraque</strong></span> <span class='ocrx_word' id='word_1_628' title='bbox 2831 3106 3044 3161; x_wconf 88' lang='lat' dir='ltr'><strong>venalia</strong></span> <span class='ocrx_word' id='word_1_629' title='bbox 3088 3106 3338 3172; x_wconf 84' lang='lat' dir='ltr'><strong>deferre,</strong></span> <span class='ocrx_word' id='word_1_630' title='bbox 3368 3108 3564 3177; x_wconf 85' lang='lat' dir='ltr'><strong>quibus</strong></span> 
     </span>
    </p>
   </div>
   <div class='ocr_carea' id='block_1_94' title="bbox 1978 3192 3565 3264">
    <p class='ocr_par' dir='ltr' id='par_1_94' title="bbox 1978 3192 3565 3264">
     <span class='ocr_line' id='line_1_94' title="bbox 1978 3192 3565 3264; baseline 0.003 -17"><span class='ocrx_word' id='word_1_631' title='bbox 1978 3194 2189 3247; x_wconf 85' lang='lat' dir='ltr'><strong>inducta</strong></span> <span class='ocrx_word' id='word_1_632' title='bbox 2212 3192 2524 3262; x_wconf 87' lang='lat' dir='ltr'><strong>jucunditas</strong></span> <span class='ocrx_word' id='word_1_633' title='bbox 2545 3205 2821 3264; x_wconf 85' lang='lat' dir='ltr'><strong>torporem</strong></span> <span class='ocrx_word' id='word_1_634' title='bbox 2851 3196 3071 3250; x_wconf 89' lang='lat' dir='ltr'><strong>virtutis</strong></span> <span class='ocrx_word' id='word_1_635' title='bbox 3101 3196 3339 3261; x_wconf 78' lang='lat' dir='ltr'><strong>afferret,</strong></span> <span class='ocrx_word' id='word_1_636' title='bbox 3363 3197 3565 3251; x_wconf 87' lang='lat' dir='ltr'><strong>habue-</strong></span> 
     </span>
    </p>
   </div>
   <div class='ocr_carea' id='block_1_95' title="bbox 1978 3284 3565 3356">
    <p class='ocr_par' dir='ltr' id='par_1_95' title="bbox 1978 3284 3565 3356">
     <span class='ocr_line' id='line_1_95' title="bbox 1978 3284 3565 3356; baseline 0.003 -18"><span class='ocrx_word' id='word_1_637' title='bbox 1978 3293 2103 3338; x_wconf 87' lang='lat' dir='ltr'><strong>runt</strong></span> <span class='ocrx_word' id='word_1_638' title='bbox 2139 3284 2387 3339; x_wconf 85' lang='lat' dir='ltr'><strong>similiter</strong></span> <span class='ocrx_word' id='word_1_639' title='bbox 2428 3285 2819 3356; x_wconf 80' lang='lat' dir='ltr'><strong>quinquaginta</strong></span> <span class='ocrx_word' id='word_1_640' title='bbox 2862 3287 3066 3352; x_wconf 87' lang='lat' dir='ltr'><strong>mil-lia;</strong></span> <span class='ocrx_word' id='word_1_641' title='bbox 3100 3288 3360 3342; x_wconf 89' lang='lat' dir='ltr'><strong>Trebates</strong></span> <span class='ocrx_word' id='word_1_642' title='bbox 3398 3287 3565 3342; x_wconf 88' lang='lat' dir='ltr'><strong>etiam</strong></span> 
     </span>
    </p>
   </div>
   <div class='ocr_carea' id='block_1_96' title="bbox 1978 3373 3565 3447">
    <p class='ocr_par' dir='ltr' id='par_1_96' title="bbox 1978 3373 3565 3447">
     <span class='ocr_line' id='line_1_96' title="bbox 1978 3373 3565 3447; baseline 0.001 -17"><span class='ocrx_word' id='word_1_643' title='bbox 1978 3382 2034 3430; x_wconf 86' lang='lat' dir='ltr'><strong>et</strong></span> <span class='ocrx_word' id='word_1_644' title='bbox 2052 3373 2301 3429; x_wconf 86' lang='lat' dir='ltr'><strong>Ambiani</strong></span> <span class='ocrx_word' id='word_1_645' title='bbox 2323 3375 2508 3430; x_wconf 89' lang='lat' dir='ltr'><strong>decem</strong></span> <span class='ocrx_word' id='word_1_646' title='bbox 2536 3375 2732 3441; x_wconf 87' lang='lat' dir='ltr'><strong>millia;</strong></span> <span class='ocrx_word' id='word_1_647' title='bbox 2760 3376 2955 3431; x_wconf 79' lang='lat' dir='ltr'><strong>Morini</strong></span> <span class='ocrx_word' id='word_1_648' title='bbox 2977 3377 3167 3447; x_wconf 87' lang='lat' dir='ltr'><strong>viginti</strong></span> <span class='ocrx_word' id='word_1_649' title='bbox 3187 3378 3425 3447; x_wconf 85' lang='lat' dir='ltr'><strong>quinque</strong></span> <span class='ocrx_word' id='word_1_650' title='bbox 3446 3378 3565 3432; x_wconf 86' lang='lat' dir='ltr'><strong>mil-</strong></span> 
     </span>
    </p>
   </div>
   <div class='ocr_carea' id='block_1_97' title="bbox 1976 3465 3566 3536">
    <p class='ocr_par' dir='ltr' id='par_1_97' title="bbox 1976 3465 3566 3536">
     <span class='ocr_line' id='line_1_97' title="bbox 1976 3465 3566 3536; baseline 0.003 -17"><span class='ocrx_word' id='word_1_651' title='bbox 1976 3465 2078 3533; x_wconf 89' lang='lat' dir='ltr'><strong>lia;</strong></span> <span class='ocrx_word' id='word_1_652' title='bbox 2112 3466 2343 3536; x_wconf 81' lang='lat' dir='ltr'><strong>Menapii</strong></span> <span class='ocrx_word' id='word_1_653' title='bbox 2374 3482 2567 3522; x_wconf 90' lang='lat' dir='ltr'><strong>novem</strong></span> <span class='ocrx_word' id='word_1_654' title='bbox 2590 3468 2792 3532; x_wconf 89' lang='lat' dir='ltr'><strong>millia;</strong></span> <span class='ocrx_word' id='word_1_655' title='bbox 2816 3468 2989 3523; x_wconf 91' lang='lat' dir='ltr'><strong>Caleti</strong></span> <span class='ocrx_word' id='word_1_656' title='bbox 3018 3470 3204 3524; x_wconf 89' lang='lat' dir='ltr'><strong>decem</strong></span> <span class='ocrx_word' id='word_1_657' title='bbox 3231 3470 3436 3533; x_wconf 89' lang='lat' dir='ltr'><strong>millia;</strong></span> <span class='ocrx_word' id='word_1_658' title='bbox 3461 3470 3566 3523; x_wconf 72' lang='lat' dir='ltr'><strong>But-</strong></span> 
     </span>
    </p>
   </div>
   <div class='ocr_carea' id='block_1_98' title="bbox 1978 3557 3563 3628">
    <p class='ocr_par' dir='ltr' id='par_1_98' title="bbox 1978 3557 3563 3628">
     <span class='ocr_line' id='line_1_98' title="bbox 1978 3557 3563 3628; baseline 0.001 -17"><span class='ocrx_word' id='word_1_659' title='bbox 1978 3558 2244 3614; x_wconf 87' lang='lat' dir='ltr'><strong>loccasses</strong></span> <span class='ocrx_word' id='word_1_660' title='bbox 2269 3567 2322 3614; x_wconf 90' lang='lat' dir='ltr'><strong>et</strong></span> <span class='ocrx_word' id='word_1_661' title='bbox 2348 3557 2671 3614; x_wconf 81' lang='lat' dir='ltr'><strong>Veromaudi</strong></span> <span class='ocrx_word' id='word_1_662' title='bbox 2700 3574 2853 3628; x_wconf 68' lang='lat' dir='ltr'><strong>aeque</strong></span> <span class='ocrx_word' id='word_1_663' title='bbox 2881 3561 3068 3616; x_wconf 85' lang='lat' dir='ltr'><strong>decem</strong></span> <span class='ocrx_word' id='word_1_664' title='bbox 3110 3559 3295 3614; x_wconf 89' lang='lat' dir='ltr'><strong>millia.</strong></span> <span class='ocrx_word' id='word_1_665' title='bbox 3334 3559 3563 3613; x_wconf 79' lang='lat' dir='ltr'><strong>Attuatii</strong></span> 
     </span>
    </p>
   </div>
   <div class='ocr_carea' id='block_1_99' title="bbox 1978 3647 3562 3716">
    <p class='ocr_par' dir='ltr' id='par_1_99' title="bbox 1978 3647 3562 3716">
     <span class='ocr_line' id='line_1_99' title="bbox 1978 3647 3562 3716; baseline -0.002 -12"><span class='ocrx_word' id='word_1_666' title='bbox 1978 3649 2273 3704; x_wconf 84' lang='lat' dir='ltr'><strong>octodecim</strong></span> <span class='ocrx_word' id='word_1_667' title='bbox 2317 3648 2484 3703; x_wconf 89' lang='lat' dir='ltr'><strong>millia</strong></span> <span class='ocrx_word' id='word_1_668' title='bbox 2522 3667 2535 3701; x_wconf 92' lang='lat'><strong>:</strong></span> <span class='ocrx_word' id='word_1_669' title='bbox 2574 3647 2920 3716; x_wconf 88' lang='lat' dir='ltr'><strong>Condurses,</strong></span> <span class='ocrx_word' id='word_1_670' title='bbox 2973 3650 3278 3714; x_wconf 59' lang='lat' dir='ltr'><strong>Eburones,</strong></span> <span class='ocrx_word' id='word_1_671' title='bbox 3326 3648 3562 3713; x_wconf 75' lang='lat' dir='ltr'><strong>Cmrosi,</strong></span> 
     </span>
    </p>
   </div>
   <div class='ocr_carea' id='block_1_100' title="bbox 1979 3741 3556 3811">
    <p class='ocr_par' dir='ltr' id='par_1_100' title="bbox 1979 3741 3556 3811">
     <span class='ocr_line' id='line_1_100' title="bbox 1979 3741 3556 3811; baseline -0.001 -14"><span class='ocrx_word' id='word_1_672' title='bbox 1979 3741 2257 3805; x_wconf 74' lang='lat' dir='ltr'><strong>Cernanni,</strong></span> <span class='ocrx_word' id='word_1_673' title='bbox 2302 3741 2393 3811; x_wconf 89' lang='lat' dir='ltr'><strong>qui</strong></span> <span class='ocrx_word' id='word_1_674' title='bbox 2438 3757 2547 3797; x_wconf 90' lang='lat' dir='ltr'><strong>uno</strong></span> <span class='ocrx_word' id='word_1_675' title='bbox 2574 3742 2791 3797; x_wconf 92' lang='lat' dir='ltr'><strong>nomine</strong></span> <span class='ocrx_word' id='word_1_676' title='bbox 2821 3743 3077 3799; x_wconf 89' lang='lat' dir='ltr'><strong>Germani</strong></span> <span class='ocrx_word' id='word_1_677' title='bbox 3112 3752 3399 3806; x_wconf 80' lang='lat' dir='ltr'><strong>vocantur,</strong></span> <span class='ocrx_word' id='word_1_678' title='bbox 3426 3757 3556 3810; x_wconf 87' lang='lat' dir='ltr'><strong>qua-</strong></span> 
     </span>
    </p>
   </div>
   <div class='ocr_carea' id='block_1_101' title="bbox 1979 3830 3563 3901">
    <p class='ocr_par' dir='ltr' id='par_1_101' title="bbox 1979 3830 3563 3901">
     <span class='ocr_line' id='line_1_101' title="bbox 1979 3830 3563 3901; baseline -0.001 -14"><span class='ocrx_word' id='word_1_679' title='bbox 1979 3831 2226 3901; x_wconf 80' lang='lat' dir='ltr'><strong>draginta</strong></span> <span class='ocrx_word' id='word_1_680' title='bbox 2247 3830 2433 3886; x_wconf 90' lang='lat' dir='ltr'><strong>millia.</strong></span> <span class='ocrx_word' id='word_1_681' title='bbox 2456 3831 2534 3886; x_wconf 90' lang='lat' dir='ltr'><strong>lta</strong></span> <span class='ocrx_word' id='word_1_682' title='bbox 2556 3832 2722 3887; x_wconf 87' lang='lat' dir='ltr'><strong>fuisse</strong></span> <span class='ocrx_word' id='word_1_683' title='bbox 2747 3832 3060 3887; x_wconf 87' lang='lat' dir='ltr'><strong>referuntur</strong></span> <span class='ocrx_word' id='word_1_684' title='bbox 3096 3833 3324 3887; x_wconf 83' lang='lat' dir='ltr'><strong>ducenta</strong></span> <span class='ocrx_word' id='word_1_685' title='bbox 3350 3839 3563 3900; x_wconf 76' lang='lat' dir='ltr'><strong>septua-</strong></span> 
     </span>
    </p>
   </div>
   <div class='ocr_carea' id='block_1_102' title="bbox 1980 3921 3567 3993">
    <p class='ocr_par' dir='ltr' id='par_1_102' title="bbox 1980 3921 3567 3993">
     <span class='ocr_line' id='line_1_102' title="bbox 1980 3921 3567 3993; baseline -0.001 -16"><span class='ocrx_word' id='word_1_686' title='bbox 1980 3924 2127 3993; x_wconf 87' lang='lat' dir='ltr'><strong>ginta</strong></span> <span class='ocrx_word' id='word_1_687' title='bbox 2174 3930 2230 3975; x_wconf 91' lang='lat' dir='ltr'><strong>et</strong></span> <span class='ocrx_word' id='word_1_688' title='bbox 2273 3922 2380 3977; x_wconf 92' lang='lat' dir='ltr'><strong>duo</strong></span> <span class='ocrx_word' id='word_1_689' title='bbox 2423 3922 2589 3977; x_wconf 91' lang='lat' dir='ltr'><strong>millia</strong></span> <span class='ocrx_word' id='word_1_690' title='bbox 2634 3932 2970 3977; x_wconf 89' lang='lat' dir='ltr'><strong>armatorum</strong></span> <span class='ocrx_word' id='word_1_691' title='bbox 3012 3923 3328 3978; x_wconf 89' lang='lat' dir='ltr'><strong>lectissima.</strong></span> <span class='ocrx_word' id='word_1_692' title='bbox 3360 3921 3456 3975; x_wconf 89' lang='lat' dir='ltr'><strong>llis</strong></span> <span class='ocrx_word' id='word_1_693' title='bbox 3484 3936 3567 3976; x_wconf 89' lang='lat' dir='ltr'><strong>re-</strong></span> 
     </span>
    </p>
   </div>
   <div class='ocr_carea' id='block_1_103' title="bbox 1979 4012 3561 4083">
    <p class='ocr_par' dir='ltr' id='par_1_103' title="bbox 1979 4012 3561 4083">
     <span class='ocr_line' id='line_1_103' title="bbox 1979 4012 3561 4083; baseline -0.001 -17"><span class='ocrx_word' id='word_1_694' title='bbox 1979 4022 2142 4082; x_wconf 82' lang='lat' dir='ltr'><strong>pente</strong></span> <span class='ocrx_word' id='word_1_695' title='bbox 2167 4012 2301 4068; x_wconf 89' lang='lat' dir='ltr'><strong>silva</strong></span> <span class='ocrx_word' id='word_1_696' title='bbox 2323 4013 2735 4083; x_wconf 90' lang='lat' dir='ltr'><strong>erumpentibus</strong></span> <span class='ocrx_word' id='word_1_697' title='bbox 2763 4013 3038 4068; x_wconf 81' lang='lat' dir='ltr'><strong>exercitus</strong></span> <span class='ocrx_word' id='word_1_698' title='bbox 3077 4012 3307 4067; x_wconf 54' lang='lat' dir='ltr'><strong>Caesaris</strong></span> <span class='ocrx_word' id='word_1_699' title='bbox 3345 4019 3561 4081; x_wconf 83' lang='lat' dir='ltr'><strong>pertur-</strong></span> 
     </span>
    </p>
   </div>
   <div class='ocr_carea' id='block_1_104' title="bbox 1980 4099 3562 4173">
    <p class='ocr_par' dir='ltr' id='par_1_104' title="bbox 1980 4099 3562 4173">
     <span class='ocr_line' id='line_1_104' title="bbox 1980 4099 3562 4173; baseline -0.004 -14"><span class='ocrx_word' id='word_1_700' title='bbox 1980 4105 2137 4159; x_wconf 87' lang='lat' dir='ltr'><strong>batus</strong></span> <span class='ocrx_word' id='word_1_701' title='bbox 2158 4110 2320 4172; x_wconf 88' lang='lat' dir='ltr'><strong>atque</strong></span> <span class='ocrx_word' id='word_1_702' title='bbox 2342 4102 2397 4156; x_wconf 93' lang='lat' dir='ltr'><strong>in</strong></span> <span class='ocrx_word' id='word_1_703' title='bbox 2424 4102 2601 4173; x_wconf 89' lang='lat' dir='ltr'><strong>fugam</strong></span> <span class='ocrx_word' id='word_1_704' title='bbox 2620 4111 2799 4167; x_wconf 87' lang='lat' dir='ltr'><strong>actus,</strong></span> <span class='ocrx_word' id='word_1_705' title='bbox 2818 4102 3067 4173; x_wconf 91' lang='lat' dir='ltr'><strong>plurimis</strong></span> <span class='ocrx_word' id='word_1_706' title='bbox 3087 4115 3309 4156; x_wconf 90' lang='lat' dir='ltr'><strong>suorum</strong></span> <span class='ocrx_word' id='word_1_707' title='bbox 3325 4099 3562 4165; x_wconf 87' lang='lat' dir='ltr'><strong>amissis,</strong></span> 
     </span>
    </p>
   </div>
   <div class='ocr_carea' id='block_1_105' title="bbox 1985 4192 3566 4261">
    <p class='ocr_par' dir='ltr' id='par_1_105' title="bbox 1985 4192 3566 4261">
     <span class='ocr_line' id='line_1_105' title="bbox 1985 4192 3566 4261; baseline -0.003 -13"><span class='ocrx_word' id='word_1_708' title='bbox 1985 4193 2201 4248; x_wconf 89' lang='lat' dir='ltr'><strong>tandem</strong></span> <span class='ocrx_word' id='word_1_709' title='bbox 2227 4194 2442 4247; x_wconf 89' lang='lat' dir='ltr'><strong>hortatu</strong></span> <span class='ocrx_word' id='word_1_710' title='bbox 2473 4193 2626 4247; x_wconf 88' lang='lat' dir='ltr'><strong>ducis</strong></span> <span class='ocrx_word' id='word_1_711' title='bbox 2648 4192 2879 4257; x_wconf 91' lang='lat' dir='ltr'><strong>restitit,</strong></span> <span class='ocrx_word' id='word_1_712' title='bbox 2910 4192 3252 4261; x_wconf 78' lang='lat' dir='ltr'><strong>victoresque</strong></span> <span class='ocrx_word' id='word_1_713' title='bbox 3276 4203 3566 4261; x_wconf 85' lang='lat' dir='ltr'><strong>aggressus</strong></span> 
     </span>
    </p>
   </div>
   <div class='ocr_carea' id='block_1_106' title="bbox 1981 4281 3098 4351">
    <p class='ocr_par' dir='ltr' id='par_1_106' title="bbox 1981 4281 3098 4351">
     <span class='ocr_line' id='line_1_106' title="bbox 1981 4281 3098 4351; baseline -0.004 -14"><span class='ocrx_word' id='word_1_714' title='bbox 1981 4297 2152 4351; x_wconf 90' lang='lat' dir='ltr'><strong>usque</strong></span> <span class='ocrx_word' id='word_1_715' title='bbox 2179 4282 2246 4337; x_wconf 91' lang='lat' dir='ltr'><strong>ad</strong></span> <span class='ocrx_word' id='word_1_716' title='bbox 2272 4282 2694 4338; x_wconf 90' lang='lat' dir='ltr'><strong>internecionem</strong></span> <span class='ocrx_word' id='word_1_717' title='bbox 2721 4296 2859 4350; x_wconf 89' lang='lat' dir='ltr'><strong>pene</strong></span> <span class='ocrx_word' id='word_1_718' title='bbox 2879 4281 3098 4336; x_wconf 88' lang='lat' dir='ltr'><strong>delevit.</strong></span> 
     </span>
    </p>
   </div>
   <div class='ocr_carea' id='block_1_107' title="bbox 2609 4391 2938 4447">
    <p class='ocr_par' dir='ltr' id='par_1_107' title="bbox 2609 4391 2938 4447">
     <span class='ocr_line' id='line_1_107' title="bbox 2609 4391 2938 4447; baseline -0.006 0"><span class='ocrx_word' id='word_1_719' title='bbox 2609 4391 2837 4447; x_wconf 80' lang='lat' dir='ltr'><strong>CAPUT</strong></span> <span class='ocrx_word' id='word_1_720' title='bbox 2873 4392 2938 4446; x_wconf 82' lang='lat' dir='ltr'><strong>V.</strong></span> 
     </span>
    </p>
   </div>
   <div class='ocr_carea' id='block_1_108' title="bbox 1987 4457 3562 4533">
    <p class='ocr_par' dir='ltr' id='par_1_108' title="bbox 1987 4457 3562 4533">
     <span class='ocr_line' id='line_1_108' title="bbox 1987 4457 3562 4533; baseline -0.004 -18"><span class='ocrx_word' id='word_1_721' title='bbox 1987 4462 2229 4528; x_wconf 82' lang='lat' dir='ltr'><strong>Qualiter</strong></span> <span class='ocrx_word' id='word_1_722' title='bbox 2257 4463 2435 4518; x_wconf 78' lang='lat' dir='ltr'><strong>Julius</strong></span> <span class='ocrx_word' id='word_1_723' title='bbox 2462 4461 2641 4518; x_wconf 68' lang='lat' dir='ltr'><strong>Ca&#39;sar</strong></span> <span class='ocrx_word' id='word_1_724' title='bbox 2664 4458 3197 4533; x_wconf 77' lang='lat' dir='ltr'><strong>postquam_Galliam</strong></span> <span class='ocrx_word' id='word_1_725' title='bbox 3238 4459 3295 4533; x_wconf 70' lang='lat' dir='ltr'><strong>in</strong></span> <span class='ocrx_word' id='word_1_726' title='bbox 3336 4457 3562 4533; x_wconf 75' lang='lat' dir='ltr'><strong>deditio—</strong></span> 
     </span>
    </p>
   </div>
   <div class='ocr_carea' id='block_1_109' title="bbox 2058 4525 3560 4617">
    <p class='ocr_par' dir='ltr' id='par_1_109' title="bbox 2058 4525 3560 4617">
     <span class='ocr_line' id='line_1_109' title="bbox 2058 4525 3560 4617; baseline -0.007 -29"><span class='ocrx_word' id='word_1_727' title='bbox 2058 4550 2173 4614; x_wconf 70' lang='lat' dir='ltr'><strong>nem</strong></span> <span class='ocrx_word' id='word_1_728' title='bbox 2197 4533 2483 4617; x_wconf 50' lang='lat' dir='ltr'><strong>subjectum</strong></span> <span class='ocrx_word' id='word_1_729' title='bbox 2512 4525 2758 4617; x_wconf 69' lang='lat' dir='ltr'><strong>credidit,</strong></span> <span class='ocrx_word' id='word_1_730' title='bbox 2782 4525 2829 4585; x_wconf 74' lang='lat' dir='ltr'><strong>et</strong></span> <span class='ocrx_word' id='word_1_731' title='bbox 2853 4532 2907 4585; x_wconf 87' lang='lat' dir='ltr'><strong>in</strong></span> <span class='ocrx_word' id='word_1_732' title='bbox 2935 4529 3146 4617; x_wconf 60' lang='lat' dir='ltr'><strong>Italian}</strong></span> <span class='ocrx_word' id='word_1_733' title='bbox 3183 4528 3349 4608; x_wconf 66' lang='lat' dir='ltr'><strong>redire</strong></span> <span class='ocrx_word' id='word_1_734' title='bbox 3379 4525 3560 4617; x_wconf 54' lang='lat' dir='ltr'><strong>poliat,</strong></span> 
     </span>
    </p>
   </div>
   <div class='ocr_carea' id='block_1_110' title="bbox 2054 4601 3561 4725">
    <p class='ocr_par' dir='ltr' id='par_1_110' title="bbox 2054 4601 3561 4725">
     <span class='ocr_line' id='line_1_110' title="bbox 2054 4601 3561 4725; baseline -0.005 -71"><span class='ocrx_word' id='word_1_735' title='bbox 2054 4603 2244 4725; x_wconf 59' lang='lat' dir='ltr'><strong>intZeIu</strong></span> <span class='ocrx_word' id='word_1_736' title='bbox 2268 4601 2541 4657; x_wconf 82' lang='lat' dir='ltr'><strong>Gallorum</strong></span> <span class='ocrx_word' id='word_1_737' title='bbox 2564 4611 2840 4667; x_wconf 78' lang='lat' dir='ltr'><strong>retractus,</strong></span> <span class='ocrx_word' id='word_1_738' title='bbox 2863 4601 3059 4671; x_wconf 65' lang='lat' dir='ltr'><strong>prarliis</strong></span> <span class='ocrx_word' id='word_1_739' title='bbox 3076 4601 3289 4652; x_wconf 77' lang='lat' dir='ltr'><strong>diversis</strong></span> <span class='ocrx_word' id='word_1_740' title='bbox 3316 4601 3561 4677; x_wconf 65' lang='lat' dir='ltr'><strong>infectus,</strong></span> 
     </span>
     <span class='ocr_line' id='line_1_111' title="bbox 2054 4671 3558 4725; baseline -0.006 0"><span class='ocrx_word' id='word_1_741' title='bbox 2054 4689 2086 4725; x_wconf 88' lang='lat' dir='ltr'><strong>a</strong></span> <span class='ocrx_word' id='word_1_742' title='bbox 2146 4671 2281 4725; x_wconf 86' lang='lat' dir='ltr'><strong>&#39;allis</strong></span> <span class='ocrx_word' id='word_1_743' title='bbox 2311 4673 2365 4725; x_wconf 88' lang='lat' dir='ltr'><strong>in</strong></span> <span class='ocrx_word' id='word_1_744' title='bbox 2394 4673 2726 4725; x_wconf 84' lang='lat' dir='ltr'><strong>Britanniam</strong></span> <span class='ocrx_word' id='word_1_745' title='bbox 2758 4671 2999 4725; x_wconf 86' lang='lat' dir='ltr'><strong>transiit.</strong></span> <span class='ocrx_word' id='word_1_746' title='bbox 3026 4678 3073 4722; x_wconf 83' lang='lat' dir='ltr'><strong>et</strong></span> <span class='ocrx_word' id='word_1_747' title='bbox 3102 4685 3216 4722; x_wconf 83' lang='lat' dir='ltr'><strong>eum</strong></span> <span class='ocrx_word' id='word_1_748' title='bbox 3238 4674 3558 4725; x_wconf 59' lang='lat' dir='ltr'><strong>subiugavit,</strong></span> 
     </span>
    </p>
   </div>
   <div class='ocr_carea' id='block_1_111' title="bbox 2054 4689 2086 4725">
    <p class='ocr_par' dir='ltr' id='par_1_111' title="bbox 2054 4689 2086 4725">
     <span class='ocr_line' id='line_1_112' title="bbox 2054 4689 2086 4725; baseline 0 0"><span class='ocrx_word' id='word_1_749' title='bbox 2054 4689 2086 4725; x_wconf 88' lang='lat' dir='ltr'><strong>a</strong></span> 
     </span>
    </p>
   </div>
   <div class='ocr_carea' id='block_1_112' title="bbox 2162 4667 3558 4736">
    <p class='ocr_par' dir='ltr' id='par_1_112' title="bbox 2162 4667 3558 4736">
     <span class='ocr_line' id='line_1_113' title="bbox 2162 4667 3558 4736; baseline -0.007 -10"><span class='ocrx_word' id='word_1_750' title='bbox 2162 4672 2281 4726; x_wconf 88' lang='lat' dir='ltr'><strong>allis</strong></span> <span class='ocrx_word' id='word_1_751' title='bbox 2311 4673 2365 4725; x_wconf 86' lang='lat' dir='ltr'><strong>in</strong></span> <span class='ocrx_word' id='word_1_752' title='bbox 2394 4673 2726 4726; x_wconf 83' lang='lat' dir='ltr'><strong>Britanniam</strong></span> <span class='ocrx_word' id='word_1_753' title='bbox 2758 4667 2999 4733; x_wconf 85' lang='lat' dir='ltr'><strong>transiit,</strong></span> <span class='ocrx_word' id='word_1_754' title='bbox 3026 4678 3073 4722; x_wconf 84' lang='lat' dir='ltr'><strong>et</strong></span> <span class='ocrx_word' id='word_1_755' title='bbox 3102 4685 3216 4722; x_wconf 84' lang='lat' dir='ltr'><strong>eum</strong></span> <span class='ocrx_word' id='word_1_756' title='bbox 3238 4667 3558 4736; x_wconf 72' lang='lat' dir='ltr'><strong>subjugtwit,</strong></span> 
     </span>
    </p>
   </div>
   <div class='ocr_carea' id='block_1_113' title="bbox 2056 4742 3099 4811">
    <p class='ocr_par' dir='ltr' id='par_1_113' title="bbox 2056 4742 3099 4811">
     <span class='ocr_line' id='line_1_114' title="bbox 2056 4742 3099 4811; baseline -0.004 -16"><span class='ocrx_word' id='word_1_757' title='bbox 2056 4759 2159 4796; x_wconf 83' lang='lat' dir='ltr'><strong>non</strong></span> <span class='ocrx_word' id='word_1_758' title='bbox 2186 4744 2297 4797; x_wconf 86' lang='lat' dir='ltr'><strong>sine</strong></span> <span class='ocrx_word' id='word_1_759' title='bbox 2319 4759 2508 4811; x_wconf 84' lang='lat' dir='ltr'><strong>magno</strong></span> <span class='ocrx_word' id='word_1_760' title='bbox 2535 4742 2839 4795; x_wconf 80' lang='lat' dir='ltr'><strong>discrimine</strong></span> <span class='ocrx_word' id='word_1_761' title='bbox 2862 4755 3099 4792; x_wconf 86' lang='lat' dir='ltr'><strong>suorum.</strong></span> 
     </span>
    </p>
   </div>
   <div class='ocr_carea' id='block_1_114' title="bbox 2054 4828 3562 4902">
    <p class='ocr_par' dir='ltr' id='par_1_114' title="bbox 2054 4828 3562 4902">
     <span class='ocr_line' id='line_1_115' title="bbox 2054 4828 3562 4902; baseline -0.005 -18"><span class='ocrx_word' id='word_1_762' title='bbox 2054 4830 2220 4900; x_wconf 84' lang='lat' dir='ltr'><strong>Igitur</strong></span> <span class='ocrx_word' id='word_1_763' title='bbox 2244 4832 2446 4895; x_wconf 63' lang='lat' dir='ltr'><strong>Caesar,</strong></span> <span class='ocrx_word' id='word_1_764' title='bbox 2475 4832 2685 4902; x_wconf 84' lang='lat' dir='ltr'><strong>magnis</strong></span> <span class='ocrx_word' id='word_1_765' title='bbox 2714 4831 2766 4883; x_wconf 93' lang='lat' dir='ltr'><strong>in</strong></span> <span class='ocrx_word' id='word_1_766' title='bbox 2802 4828 2976 4882; x_wconf 85' lang='lat' dir='ltr'><strong>Gallia</strong></span> <span class='ocrx_word' id='word_1_767' title='bbox 3004 4828 3166 4883; x_wconf 87' lang='lat' dir='ltr'><strong>rebus</strong></span> <span class='ocrx_word' id='word_1_768' title='bbox 3199 4828 3367 4898; x_wconf 81' lang='lat' dir='ltr'><strong>gestis</strong></span> <span class='ocrx_word' id='word_1_769' title='bbox 3391 4865 3406 4889; x_wconf 93' lang='lat'><strong>,</strong></span> <span class='ocrx_word' id='word_1_770' title='bbox 3439 4839 3562 4879; x_wconf 90' lang='lat' dir='ltr'><strong>cum</strong></span> 
     </span>
    </p>
   </div>
   <div class='ocr_carea' id='block_1_115' title="bbox 1984 4914 3558 4990">
    <p class='ocr_par' dir='ltr' id='par_1_115' title="bbox 1984 4914 3558 4990">
     <span class='ocr_line' id='line_1_116' title="bbox 1984 4914 3558 4990; baseline -0.006 -15"><span class='ocrx_word' id='word_1_771' title='bbox 1984 4920 2193 4975; x_wconf 87' lang='lat' dir='ltr'><strong>Italiam</strong></span> <span class='ocrx_word' id='word_1_772' title='bbox 2238 4921 2506 4990; x_wconf 88' lang='lat' dir='ltr'><strong>proﬁcisci</strong></span> <span class='ocrx_word' id='word_1_773' title='bbox 2536 4920 2896 4981; x_wconf 89' lang='lat' dir='ltr'><strong>decrevisset,</strong></span> <span class='ocrx_word' id='word_1_774' title='bbox 2930 4917 3157 4972; x_wconf 88' lang='lat' dir='ltr'><strong>Galbam</strong></span> <span class='ocrx_word' id='word_1_775' title='bbox 3193 4932 3319 4972; x_wconf 83' lang='lat' dir='ltr'><strong>eum</strong></span> <span class='ocrx_word' id='word_1_776' title='bbox 3348 4914 3558 4985; x_wconf 87' lang='lat' dir='ltr'><strong>legione</strong></span> 
     </span>
    </p>
   </div>
   <div class='ocr_carea' id='block_1_116' title="bbox 1985 5004 3560 5079">
    <p class='ocr_par' dir='ltr' id='par_1_116' title="bbox 1985 5004 3560 5079">
     <span class='ocr_line' id='line_1_117' title="bbox 1985 5004 3560 5079; baseline -0.006 -14"><span class='ocrx_word' id='word_1_777' title='bbox 1985 5010 2301 5065; x_wconf 83' lang='lat' dir='ltr'><strong>duodecima</strong></span> <span class='ocrx_word' id='word_1_778' title='bbox 2333 5011 2399 5064; x_wconf 87' lang='lat' dir='ltr'><strong>ad</strong></span> <span class='ocrx_word' id='word_1_779' title='bbox 2423 5010 2693 5079; x_wconf 80' lang='lat' dir='ltr'><strong>Veragros</strong></span> <span class='ocrx_word' id='word_1_780' title='bbox 2719 5004 3074 5075; x_wconf 87' lang='lat' dir='ltr'><strong>Sedunosque</strong></span> <span class='ocrx_word' id='word_1_781' title='bbox 3108 5008 3277 5060; x_wconf 88' lang='lat' dir='ltr'><strong>misit.</strong></span> <span class='ocrx_word' id='word_1_782' title='bbox 3307 5005 3406 5071; x_wconf 88' lang='lat' dir='ltr'><strong>Qui</strong></span> <span class='ocrx_word' id='word_1_783' title='bbox 3439 5017 3560 5057; x_wconf 92' lang='lat' dir='ltr'><strong>cum</strong></span> 
     </span>
    </p>
   </div>
   <div class='ocr_carea' id='block_1_117' title="bbox 1984 5096 3564 5168">
    <p class='ocr_par' dir='ltr' id='par_1_117' title="bbox 1984 5096 3564 5168">
     <span class='ocr_line' id='line_1_118' title="bbox 1984 5096 3564 5168; baseline -0.007 -13"><span class='ocrx_word' id='word_1_784' title='bbox 1984 5101 2257 5155; x_wconf 88' lang='lat' dir='ltr'><strong>hiemandi</strong></span> <span class='ocrx_word' id='word_1_785' title='bbox 2282 5114 2445 5154; x_wconf 91' lang='lat' dir='ltr'><strong>causa</strong></span> <span class='ocrx_word' id='word_1_786' title='bbox 2475 5099 2528 5152; x_wconf 90' lang='lat' dir='ltr'><strong>in</strong></span> <span class='ocrx_word' id='word_1_787' title='bbox 2560 5099 2680 5153; x_wconf 90' lang='lat' dir='ltr'><strong>vico</strong></span> <span class='ocrx_word' id='word_1_788' title='bbox 2705 5098 3089 5168; x_wconf 82' lang='lat' dir='ltr'><strong>Veragrorum,</strong></span> <span class='ocrx_word' id='word_1_789' title='bbox 3111 5096 3195 5149; x_wconf 90' lang='lat' dir='ltr'><strong>cui</strong></span> <span class='ocrx_word' id='word_1_790' title='bbox 3226 5109 3417 5148; x_wconf 87' lang='lat' dir='ltr'><strong>nomen</strong></span> <span class='ocrx_word' id='word_1_791' title='bbox 3444 5098 3564 5146; x_wconf 90' lang='lat' dir='ltr'><strong>erat</strong></span> 
     </span>
    </p>
   </div>
   <div class='ocr_carea' id='block_1_118' title="bbox 1983 5187 3560 5260">
    <p class='ocr_par' dir='ltr' id='par_1_118' title="bbox 1983 5187 3560 5260">
     <span class='ocr_line' id='line_1_119' title="bbox 1983 5187 3560 5260; baseline -0.007 -13"><span class='ocrx_word' id='word_1_792' title='bbox 1983 5192 2307 5255; x_wconf 88' lang='lat' dir='ltr'><strong>Octodorus,</strong></span> <span class='ocrx_word' id='word_1_793' title='bbox 2338 5189 3071 5260; x_wconf 34' lang='lat' dir='ltr'><strong>consedissethmediamque</strong></span> <span class='ocrx_word' id='word_1_794' title='bbox 3096 5187 3275 5257; x_wconf 88' lang='lat' dir='ltr'><strong>oppidi</strong></span> <span class='ocrx_word' id='word_1_795' title='bbox 3318 5194 3560 5255; x_wconf 89' lang='lat' dir='ltr'><strong>partem,</strong></span> 
     </span>
    </p>
   </div>
   <div class='ocr_carea' id='block_1_119' title="bbox 1983 5274 3559 5351">
    <p class='ocr_par' dir='ltr' id='par_1_119' title="bbox 1983 5274 3559 5351">
     <span class='ocr_line' id='line_1_120' title="bbox 1983 5274 3559 5351; baseline -0.005 -17"><span class='ocrx_word' id='word_1_796' title='bbox 1983 5296 2104 5351; x_wconf 67' lang='lat' dir='ltr'><strong>qua:</strong></span> <span class='ocrx_word' id='word_1_797' title='bbox 2152 5288 2393 5335; x_wconf 83' lang='lat' dir='ltr'><strong>torrente</strong></span> <span class='ocrx_word' id='word_1_798' title='bbox 2434 5278 2888 5349; x_wconf 87' lang='lat' dir='ltr'><strong>distinguebatur,</strong></span> <span class='ocrx_word' id='word_1_799' title='bbox 2932 5278 3133 5332; x_wconf 90' lang='lat' dir='ltr'><strong>accolis</strong></span> <span class='ocrx_word' id='word_1_800' title='bbox 3168 5274 3559 5338; x_wconf 87' lang='lat' dir='ltr'><strong>concessisset,</strong></span> 
     </span>
    </p>
   </div>
   <div class='ocr_carea' id='block_1_120' title="bbox 1985 5362 3565 5440">
    <p class='ocr_par' dir='ltr' id='par_1_120' title="bbox 1985 5362 3565 5440">
     <span class='ocr_line' id='line_1_121' title="bbox 1985 5362 3565 5440; baseline -0.006 -15"><span class='ocrx_word' id='word_1_801' title='bbox 1985 5371 2217 5440; x_wconf 89' lang='lat' dir='ltr'><strong>quadam</strong></span> <span class='ocrx_word' id='word_1_802' title='bbox 2244 5370 2332 5424; x_wconf 90' lang='lat' dir='ltr'><strong>die</strong></span> <span class='ocrx_word' id='word_1_803' title='bbox 2352 5369 2567 5423; x_wconf 91' lang='lat' dir='ltr'><strong>eosdem</strong></span> <span class='ocrx_word' id='word_1_804' title='bbox 2597 5369 2912 5424; x_wconf 87' lang='lat' dir='ltr'><strong>discessisse</strong></span> <span class='ocrx_word' id='word_1_805' title='bbox 2940 5382 3039 5438; x_wconf 88' lang='lat' dir='ltr'><strong>per</strong></span> <span class='ocrx_word' id='word_1_806' title='bbox 3061 5375 3271 5421; x_wconf 90' lang='lat' dir='ltr'><strong>noctem</strong></span> <span class='ocrx_word' id='word_1_807' title='bbox 3299 5379 3363 5417; x_wconf 89' lang='lat' dir='ltr'><strong>ac</strong></span> <span class='ocrx_word' id='word_1_808' title='bbox 3385 5362 3565 5433; x_wconf 75' lang='lat' dir='ltr'><strong>proxi-</strong></span> 
     </span>
    </p>
   </div>
   <div class='ocr_carea' id='block_1_121' title="bbox 1988 5452 3563 5528">
    <p class='ocr_par' dir='ltr' id='par_1_121' title="bbox 1988 5452 3563 5528">
     <span class='ocr_line' id='line_1_122' title="bbox 1988 5452 3563 5528; baseline -0.005 -14"><span class='ocrx_word' id='word_1_809' title='bbox 1988 5476 2077 5514; x_wconf 90' lang='lat' dir='ltr'><strong>mo</strong></span> <span class='ocrx_word' id='word_1_810' title='bbox 2106 5460 2368 5513; x_wconf 89' lang='lat' dir='ltr'><strong>insedisse</strong></span> <span class='ocrx_word' id='word_1_811' title='bbox 2394 5459 2516 5514; x_wconf 92' lang='lat' dir='ltr'><strong>colli</strong></span> <span class='ocrx_word' id='word_1_812' title='bbox 2547 5459 2713 5515; x_wconf 89' lang='lat' dir='ltr'><strong>videt.</strong></span> <span class='ocrx_word' id='word_1_813' title='bbox 2740 5458 2950 5528; x_wconf 83' lang='lat' dir='ltr'><strong>Quippe</strong></span> <span class='ocrx_word' id='word_1_814' title='bbox 2986 5458 3059 5511; x_wconf 91' lang='lat' dir='ltr'><strong>illi</strong></span> <span class='ocrx_word' id='word_1_815' title='bbox 3102 5455 3430 5527; x_wconf 87' lang='lat' dir='ltr'><strong>paucitatem</strong></span> <span class='ocrx_word' id='word_1_816' title='bbox 3470 5452 3563 5507; x_wconf 89' lang='lat' dir='ltr'><strong>vix</strong></span> 
     </span>
    </p>
   </div>
   <div class='ocr_carea' id='block_1_122' title="bbox 1989 5543 3559 5621">
    <p class='ocr_par' dir='ltr' id='par_1_122' title="bbox 1989 5543 3559 5621">
     <span class='ocr_line' id='line_1_123' title="bbox 1989 5543 3559 5621; baseline -0.004 -17"><span class='ocrx_word' id='word_1_817' title='bbox 1989 5550 2178 5604; x_wconf 67' lang='lat' dir='ltr'><strong>mediae</strong></span> <span class='ocrx_word' id='word_1_818' title='bbox 2219 5550 2442 5621; x_wconf 87' lang='lat' dir='ltr'><strong>legionis</strong></span> <span class='ocrx_word' id='word_1_819' title='bbox 2471 5551 2746 5621; x_wconf 84' lang='lat' dir='ltr'><strong>despectui</strong></span> <span class='ocrx_word' id='word_1_820' title='bbox 2785 5549 3078 5614; x_wconf 85' lang='lat' dir='ltr'><strong>habentes,</strong></span> <span class='ocrx_word' id='word_1_821' title='bbox 3111 5549 3415 5603; x_wconf 87' lang='lat' dir='ltr'><strong>ultroneam</strong></span> <span class='ocrx_word' id='word_1_822' title='bbox 3455 5543 3559 5598; x_wconf 90' lang='lat' dir='ltr'><strong>sibi</strong></span> 
     </span>
    </p>
   </div>
   <div class='ocr_carea' id='block_1_123' title="bbox 1989 5634 3565 5712">
    <p class='ocr_par' dir='ltr' id='par_1_123' title="bbox 1989 5634 3565 5712">
     <span class='ocr_line' id='line_1_124' title="bbox 1989 5634 3565 5712; baseline -0.002 -19"><span class='ocrx_word' id='word_1_823' title='bbox 1989 5641 2225 5709; x_wconf 53' lang='lat' dir='ltr'><strong>praedam</strong></span> <span class='ocrx_word' id='word_1_824' title='bbox 2254 5641 2398 5697; x_wconf 90' lang='lat' dir='ltr'><strong>nullo</strong></span> <span class='ocrx_word' id='word_1_825' title='bbox 2441 5657 2713 5697; x_wconf 87' lang='lat' dir='ltr'><strong>cessuram</strong></span> <span class='ocrx_word' id='word_1_826' title='bbox 2742 5642 2957 5712; x_wconf 88' lang='lat' dir='ltr'><strong>negotio</strong></span> <span class='ocrx_word' id='word_1_827' title='bbox 2987 5640 3411 5705; x_wconf 86' lang='lat' dir='ltr'><strong>arbitrabantur,</strong></span> <span class='ocrx_word' id='word_1_828' title='bbox 3443 5634 3565 5691; x_wconf 64' lang='lat' dir='ltr'><strong>ﬁnio</strong></span> 
     </span>
    </p>
   </div>
  </div>
