3964 6172
404 346 541 404 108⁵5

1412 327 1796 384 FRECULPHI
1834 319 2289 378 LEXOVIENSIS
2329 316 2629 373 EPISCOPI

3508 298 3645 352 1038

404 458 666 520 lituosque
696 464 820 505 suos
858 452 912 506 in
955 448 1094 502 hanc
1125 444 1284 500 cmdis
1312 450 1366 496 et
1406 440 1598 511 praedas
1644 438 1956 492 societatem
1987 436 2036 492 Α
2061 447 2153 487 sus
2171 446 2293 485 cum
2318 430 2369 482 in
2393 427 2737 496 Aquitaniam
2761 420 3086 492 perveniret,
3104 416 3242 470 bello
3261 419 3519 481 exceptus
3540 420 3651 463 est.

401 552 745 600 vocaverunt.
770 541 936 611 Igitur
963 555 1084 595 cum
1106 537 1273 593 Galba
1305 543 1411 588 tam
1448 529 1798 603 praesentibus
1823 525 1966 595 peri-

403 637 537 691 culis
585 637 979 700 circumseptus
1016 645 1078 683 ac
1120 627 1385 696 trepidus,
1419 633 1579 691 atque
1611 621 1751 673 inter
1788 615 1967 670 varias

404 723 822 781 consultationes
852 721 982 775 certi
1013 717 1223 772 consilii
1259 716 1500 769 incertus
1527 717 1709 771 esset,
1748 713 1969 775 repente

404 814 536 869 Galli
574 814 832 867 descensu
868 809 1069 863 montis
1099 806 1274 869 effusi,
1304 813 1482 857 castra
1521 797 1832 868 imperfecta
1866 795 1970 849 cir-

404 904 681 967 cumdant,
707 917 859 956 raros
881 916 979 969 per
1001 898 1199 951 vallum
1220 900 1648 965 propugnatores
1668 888 1813 942 saxis
1835 886 1975 940 telis-

406 1013 509 1067 que
554 1001 797 1051 onerant.
842 991 1081 1060 Cumque
1122 988 1234 1056 jam
1283 993 1461 1039 castra
1514 983 1971 1048 irrumperentur,

408 1088 623 1143 Pacuvii
682 1083 1030 1155 primipilaris
1080 1089 1135 1135 et
1188 1077 1430 1134 Volusini
1489 1072 1693 1128 tribuni
1750 1068 1975 1125 consilio

406 1177 587 1234 cuncti
618 1174 842 1230 Romani
872 1172 1045 1242 portis
1077 1175 1391 1237 eruperunt,
1423 1166 1773 1230 incautosque
1797 1158 1975 1213 subito

410 1268 648 1341 aggressi
679 1269 879 1328 hostes,
907 1263 1139 1332 primum
1178 1259 1667 1329 perturbaverunt,
1696 1250 1890 1315 deinde
1921 1248 1975 1301 in

412 1338 588 1433 fugam
615 1372 797 1412 versos
820 1351 1108 1409 miserabili
1135 1350 1277 1405 caede
1300 1346 1571 1400 fuderunt.
1597 1341 1730 1395 Nam
1753 1338 1980 1408 amplius

412 1430 630 1521 triginta
680 1447 847 1501 millia
895 1443 1248 1498 barbarorum
1295 1447 1422 1491 tunc
1469 1449 1606 1489 cassa
1647 1430 1976 1486 referuntur.

414 1520 578 1615 Igitur
609 1540 808 1596 Czesar.
839 1551 960 1591 eum
982 1533 1093 1602 jam
1125 1538 1345 1600 paratas
1373 1527 1652 1581 universas
1688 1520 1982 1576 Galliarum

414 1642 603 1706 gentes
631 1636 862 1702 putaret,
891 1636 945 1681 et
967 1639 1162 1679 novum
1188 1632 1242 1677 et
1266 1620 1559 1675 maximum
1584 1616 1778 1670 bellum
1812 1622 1985 1667 retra-

415 1734 533 1778 ctus
560 1730 660 1777 est.
707 1719 946 1786 Namque
982 1716 1109 1769 dum
1150 1712 1208 1766 P.
1238 1710 1467 1766 Crassus
1513 1706 1825 1760 adolescens
1861 1716 1984 1756 cum

416 1813 626 1884 legione
662 1784 889 1879 septima
930 1807 1143 1862 Oceano
1174 1812 1327 1857 tenus
1375 1799 1514 1869 apud
1538 1795 1839 1849 Andicavos
1866 1792 1981 1845 hie-
2010 1784 2058 1843 B

419 1911 643 1968 masset,
668 1899 857 1954 Veneti
895 1895 1183 1963 caeterique
1223 1891 1463 1946 contines
1491 1894 1713 1957 repente
1752 1884 1805 1938 in
1834 1895 1987 1936 arma

421 1991 726 2060 conjurant,
761 1989 965 2058 legatos
988 1985 1350 2039 Romanorum
1378 1978 1651 2042 vinciunt,
1688 1988 1888 2043 eosque
1915 1974 1989 2025 ita

419 2084 632 2137 demum
664 2096 720 2134 se
749 2079 1073 2140 reddituros,
1099 2075 1143 2129 si
1170 2073 1384 2128 obsides
1415 2086 1540 2125 suos
1571 2067 1851 2136 recipiant,
1885 2064 1990 2120 Ro-

420 2172 594 2227 manis
624 2170 878 2224 indicant.
913 2166 1100 2221 Socios
1133 2165 1234 2219 sibi
1270 2163 1336 2216 ad
1369 2162 1420 2215 id
1457 2160 1654 2215 bellum
1684 2157 1986 2220 Ossismos,

419 2262 701 2326 Lixovios,
734 2252 1037 2321 Nannetes,
1066 2256 1426 2311 Ambivaritas
1445 2294 1460 2318 ,
1506 2250 1775 2315 Morinos,
1806 2247 1992 2301 Mena-

419 2351 540 2420 pios
561 2357 616 2403 et
639 2348 915 2403 Diahlutes
944 2346 1246 2407 asciscant;
1274 2342 1468 2396 auxilia
1493 2353 1705 2409 quoque
1726 2353 1754 2390 a
1779 2335 1994 2389 Britan-

422 2440 512 2493 nia
563 2446 861 2494 arcessunt.
914 2436 1094 2492 Caesar
1138 2451 1236 2505 per
1278 2433 1533 2488 Crassum
1584 2431 1650 2485 de
1700 2425 1994 2482 rebellione

425 2529 805 2598 praedictarum
839 2527 1075 2598 gentium
1106 2526 1305 2580 certior
1341 2523 1533 2585 factus,
1564 2518 1810 2590 quamvis
1838 2516 1993 2571 intel-

426 2618 617 2687 ligeret
651 2624 852 2684 quanta
896 2613 1111 2668 ineundi
1141 2612 1262 2667 belli
1301 2609 1583 2665 difﬁcultas
1607 2614 1776 2671 esset,
1811 2614 1994 2660 tamen

424 2723 540 2762 rem
567 2705 700 2760 tanti
732 2703 928 2774 negotii
957 2720 1064 2758 non
1092 2702 1465 2773 negligendam
1488 2706 1640 2753 ratus
1664 2705 1769 2764 est,
1801 2711 1870 2751 ne
1887 2711 1995 2752 cte-

427 2797 559 2852 teris
588 2796 832 2865 exemplo
864 2794 1125 2864 ejusmodi
1171 2792 1400 2847 audendi
1441 2791 1657 2845 licentia
1697 2789 1993 2843 laxaretur.

426 2885 613 2955 Itaque
656 2884 902 2940 terrestri
930 2882 1116 2954 prtelio
1156 2881 1407 2953 persequi
1440 2881 1624 2934 hostes
1662 2877 1863 2932 frustra
1905 2891 1999 2947 ag-

429 2992 673 3046 gressus;
706 2975 901 3045 quippe
926 2989 1047 3030 cum
1072 2973 1253 3029 hostes
1286 2987 1382 3041 per
1408 2968 1665 3024 interfusa
1692 2982 1759 3022 ex
1784 2966 1998 3022 Oceano

426 3069 683 3123 aestuaria
728 3075 889 3135 atque
921 3066 1223 3120 inaccessos
1255 3076 1501 3117 recessus
1524 3101 1539 3126 ,
1573 3059 1700 3113 tutis
1732 3067 1996 3112 terrarum

2066 522 2307 589 Namque
2343 519 2639 572 Societates
2668 507 3007 584 [Sentiates]
3050 522 3240 575 magno
3280 503 3522 572 equitatu
3556 515 3658 568 pe-

2066 610 2441 676 destribusque
2468 603 2635 674 copiis
2671 599 2974 671 praevalidis
3004 596 3275 648 Romanos
3314 591 3484 644 adorti
3508 630 3523 651 ,
3557 589 3658 641 diu

2066 698 2303 769 graviter
2330 696 2701 749 turbaverunt.
2749 689 2878 743 Post
2914 685 3043 740 victi
3091 692 3253 751 atque
3293 681 3345 733 in
3388 679 3657 747 oppidum

2070 788 2344 843 Sociatum
2373 779 2722 855 [Sontiatum]
2749 778 2921 834 coacti
2952 773 3286 842 obsessique,
3317 785 3438 824 cum
3466 787 3528 822 se
3555 784 3665 821 ex-

2068 877 2291 950 pugnari
2315 870 2761 938 viderent,armis
2789 867 2996 924 traditis
3015 880 3068 919 ιιι
3091 863 3416 919 deditionem
3445 858 3663 927 recepti

2072 976 2214 1025 sunt.
2237 965 2515 1037 Aquitani,
2531 964 2683 1019 clade
2701 962 2803 1016 bac
2820 958 3067 1030 permoti,
3092 956 3327 1024 undique
3348 952 3593 1007 exercitu
3604 968 3665 1002 m

2072 1058 2416 1119 contrahunt,
2451 1056 2517 1110 de
2540 1054 2797 1134 interiore
2823 1063 3036 1119 quoque
3059 1045 3314 1115 Hispania
3344 1042 3545 1097 auxilia
3570 1057 3667 1093 ac-

2018 1150 2023 1159 ’
2073 1157 2373 1212 cerserunt,
2403 1148 2569 1202 duces
2611 1133 2755 1199 bello
2798 1141 3032 1196 maxime
3075 1153 3169 1193 eos
3213 1134 3518 1205 praeficiunt
3564 1133 3665 1201 qni

2077 1255 2198 1294 eum
2229 1237 2469 1294 Sertorio
2496 1235 2874 1290 militaverant.
2916 1229 2982 1283 Hi
3014 1243 3226 1290 omnes,
3258 1226 3385 1280 dum
3412 1223 3663 1277 obsidio-

2077 1342 2199 1382 nem
2221 1327 2418 1382 Crasso
2445 1331 2659 1394 parant,
2687 1322 2741 1375 in
2764 1318 2959 1374 castris
2985 1317 3117 1381 suis,
3148 1314 3345 1369 Crasso
3366 1312 3666 1374 obruente.

2078 1417 2240 1473 deleti
2267 1424 2412 1473 sunt.
2450 1414 2582 1467 Nam
2608 1427 2675 1466 ex
2703 1407 2989 1479 Aquitanis
3012 1412 3067 1460 et
3096 1402 3404 1468 Cantabris,
3424 1416 3668 1469 quorum

2080 1508 2464 1581 quinquaginta
2494 1505 2660 1559 millia
2695 1510 2824 1556 tunc
2870 1500 2922 1554 in
2961 1495 3219 1552 auxilium
3261 1500 3543 1555 venerant,
3575 1493 3667 1545 vi-

2082 1601 2215 1672 ginti
2247 1607 2301 1655 et
2328 1608 2449 1654 octo
2478 1596 2640 1651 millia
2681 1609 2819 1649 czesa
2856 1588 3184 1646 referuntur.
3229 1585 3408 1640 Czcsar
3431 1582 3673 1638 Germa—

2084 1708 2203 1758 nos,
2233 1691 2325 1761 qui
2370 1689 2619 1742 Rhenum
2661 1700 2783 1740 eum
2826 1678 3103 1736 immensis
3144 1676 3312 1745 copiis
3351 1673 3675 1728 transmise-

2085 1790 2228 1847 rant,
2256 1779 2416 1836 simul
2457 1790 2512 1833 et
2554 1784 2697 1832 totas
2720 1773 2921 1830 Gallias
2950 1769 3218 1838 subjicere
3246 1766 3347 1821 sibi
3372 1763 3673 1835 parabant,

2088 1872 2228 1929 bello
2254 1871 2497 1933 adortus,
2524 1881 2695 1937 usque
2723 1865 2792 1920 ad
2820 1861 3243 1917 internecionem
3272 1855 3485 1912 cecidit.
3518 1853 3679 1920 Quo-

2091 1983 2207 2022 rum
2235 1965 2402 2021 fuisse
2423 1977 2705 2018 numerum
2731 1962 2798 2015 ad
2820 1957 3208 2029 quadringenta
3233 1963 3289 2008 et
3303 1952 3676 2022 quadraginta

2090 2063 2256 2116 millia
2280 2062 2476 2116 ferunt.
2496 2060 2647 2113 Tunc
2664 2057 2844 2113 Caesar
2864 2057 2918 2110 in
2939 2053 3305 2116 Germaniam,
3320 2051 3459 2105 facto
3478 2059 3675 2120 ponte,

2093 2152 2508 2221 transgreditur,
2540 2149 2852 2205 Sicambros
2880 2154 2935 2201 et
2965 2144 3192 2201 Utubios
3224 2143 3502 2197 obsidione
3530 2140 3677 2195 libe-

2092 2253 2198 2309 rat,
2232 2241 2439 2298 Suevos
2463 2240 2751 2296 maximam
2777 2246 2832 2293 et
2856 2236 3246 2292 ferocissimam
3271 2242 3505 2303 gentem,
3536 2246 3685 2300 quo.

2092 2350 2214 2389 rum
2237 2348 2360 2389 esse
2384 2339 2601 2389 centum
2628 2344 2796 2401 pagos
2829 2335 2886 2384 et
2908 2325 3130 2396 populos
3164 2322 3319 2379 multi
3346 2320 3642 2392 prodidere
3658 2359 3680 2385 ,

2093 2430 2370 2493 totamque
2405 2422 2753 2477 Germaniam
2796 2419 3029 2473 adventu
3077 2430 3176 2470 suo
3224 2422 3407 2469 terret.
3444 2410 3571 2465 Mox
3616 2412 3682 2465 in

2092 2513 2286 2577 Gallia,
2308 2514 2539 2568 rescisso
2566 2518 2749 2582 ponte,
2776 2507 3045 2570 concedit,
3066 2505 3133 2559 ad
3162 2503 3396 2558 Morinos
3420 2500 3549 2555 inde
3577 2515 3678 2553 ve-

2094 2606 2193 2669 nit,
2238 2603 2380 2658 unde
2426 2603 2481 2660 in
2518 2600 2849 2656 Britanniam
2896 2596 3175 2666 proximus
3220 2601 3276 2647 et
3318 2590 3682 2646 brevissimus

2095 2694 2354 2750 transitus
2385 2701 2489 2748 est.
2518 2691 2753 2748 Navibus
2780 2687 3049 2743 onerariis
3085 2693 3246 2755 atque
3278 2682 3539 2738 actuariis
3566 2682 3679 2737 cir—

2094 2786 2231 2842 citer
2258 2784 2531 2854 octoginta
2560 2780 2910 2852 praeparatis,
2946 2779 2999 2832 in
3039 2775 3373 2830 Britanniam
3420 2782 3677 2827 transve-

2095 2879 2264 2934 hitur.
2306 2875 2409 2932 Ubi
2454 2874 2645 2930 acerba
2672 2872 2906 2942 primum
2950 2883 3131 2939 pugna
3172 2865 3446 2935 fatigatus,
3476 2863 3684 2917 deinde

2097 2972 2323 3025 adversa
2347 2972 2665 3037 tempestate
2681 2971 2984 3032 correptus,
3001 2959 3286 3030 plurimam
3309 2964 3517 3025 partem
3540 2953 3686 3008 clas-

2098 3059 2206 3123 sis,
2250 3064 2308 3112 et
2344 3070 2451 3110 non
2481 3068 2703 3123 parvum
2732 3064 3013 3106 numerum
3060 3047 3319 3111 militum,
3374 3042 3686 3112 equitatum

435 3158 632 3213 finibus
660 3130 1015 3219 munirentur,
1039 3170 1206 3210 naves
1242 3154 1426 3223 longas
1450 3151 1703 3206 aedificari
1727 3151 1782 3204 in
1802 3148 1997 3220 Ligero
2023 3130 2068 3192 Ο
2099 3162 2228 3201 vero
2251 3161 2387 3215 pene
2413 3158 2649 3205 omnem,
2676 3139 3011 3210 disperdidit.
3040 3136 3337 3207 Regressus
3363 3134 3418 3188 in
3443 3132 3685 3188 Galliam

432 3248 650 3301 flumine
680 3245 854 3315 jubet,
885 3261 982 3314 per
1008 3259 1165 3314 quem
1195 3243 1248 3297 in
1274 3240 1548 3297 Oceanum
1575 3241 1843 3301 deductae,
1875 3252 2001 3292 mox

432 3348 488 3394 ut
522 3339 765 3393 hostibus
798 3338 917 3392 siste
944 3342 1103 3400 sunt,
1131 3334 1387 3388 continuo
1420 3333 1664 3386 ducentae
1688 3329 1877 3401 viginti
1908 3343 2003 3382 na-

434 3445 531 3485 ves
554 3444 741 3483 eorum
770 3435 974 3498 paratm
1014 3433 1175 3494 atque
1214 3422 1361 3478 omni
1389 3436 1586 3493 genere
1618 3433 1891 3473 armorum
1921 3417 2005 3471 in-

435 3519 828 3583 structissima,
858 3530 1155 3587 progressze
1181 3522 1365 3584 portu,
1393 3528 1460 3566 ex
1489 3512 1719 3566 adverso
1744 3509 2002 3565 constite-

435 3619 580 3666 runt.
618 3611 784 3665 Bruto
821 3604 1278 3677 circumspicienti
1315 3604 1573 3674 imparem
1608 3602 1764 3673 longe
1783 3599 2004 3670 navium

437 3715 557 3756 esse
579 3697 1045 3767 conflictum,quia
1063 3696 1416 3752 barbarorum
1434 3706 1600 3747 naves
1622 3691 1793 3746 solido
1817 3690 2008 3745 robore

439 3792 679 3857 intextae,
703 3789 1056 3858 cavernisque
1083 3784 1387 3856 praevalidis
1410 3784 1716 3846 obduraue,
1749 3796 2007 3836 saxorum

444 3880 606 3936 modo
642 3880 862 3935 adactos
895 3884 1249 3932 rostratarum
1293 3874 1432 3930 ictus
1465 3871 1855 3936 retundebant,
1904 3870 2008 3926 hoc

441 3969 675 4038 primum
702 3966 902 4022 auxilio
927 3964 1029 4021 fuit
1055 3964 1195 4035 quod
1219 3962 1381 4018 falces
1402 3960 1741 4016 acutissimas
1764 3975 1869 4016 non
1890 3974 2010 4029 per-

445 4058 695 4111 tinaciter
741 4055 917 4111 contis
961 4052 1235 4125 praefixas,
1280 4049 1497 4106 funibus
1535 4057 1714 4104 autem
1741 4047 2011 4104 subnexas

442 4153 749 4216 paraverat,
765 4145 980 4214 quibus,
1001 4159 1122 4199 cum
1143 4157 1278 4212 opus
1301 4148 1463 4206 esset,
1490 4139 1855 4210 apprehensus
1881 4137 2014 4191 emi-

445 4251 549 4291 nus
577 4236 828 4291 rndentes
854 4233 1135 4290 subductis
1164 4233 1447 4290 hastilibus
1482 4247 1578 4302 per
1605 4231 1784 4287 funem
1819 4229 2012 4287 falcem

446 4325 768 4380 retrahendo
793 4324 1149 4381 succiderent.
1174 4320 1271 4377 His
1294 4322 1547 4377 celeriter
1578 4320 1866 4391 expeditis,
1903 4319 2014 4375 dis-

446 4412 621 4481 rumpi
667 4413 899 4467 hostium
951 4420 1305 4465 antennarum
1351 4417 1686 4464 armamenta
1737 4410 2007 4478 praecepit.

446 4504 525 4557 lta
550 4505 798 4559 antennis
827 4503 1104 4558 ruentibus
1147 4502 1450 4571 complures
1479 4501 1622 4556 illico
1665 4516 1832 4555 naves
1868 4499 2015 4554 velut

447 4600 632 4662 captas
662 4592 962 4647 immobiles
991 4591 1239 4646 reddidit.
1263 4590 1367 4644 Alii
1404 4591 1507 4645 hoc
1538 4589 1777 4658 periculo
1802 4588 1973 4643 territi
1993 4629 2009 4656 ,

449 4682 726 4751 suspensis
752 4683 902 4745 velis,
937 4697 1041 4751 qua
1064 4690 1255 4735 ventus
1281 4681 1584 4734 intenderet
1604 4679 1787 4749 fugere
1811 4679 2007 4743 conati,

449 4781 695 4828 cessante
724 4789 848 4828 mox
870 4782 1030 4827 vento
1067 4771 1341 4836 destituti,
1371 4770 1604 4825 ludibrio
1634 4769 1787 4825 fuere
1816 4770 2013 4825 Roma-

449 4864 553 4918 nis.
582 4863 765 4932 Itaque
789 4862 1023 4918 incensis
1048 4863 1298 4916 omnibus
1327 4861 1577 4926 navibus,
1605 4858 2009 4929 interfectisque

451 4955 536 5010 his
562 4955 653 5025 qui
681 4962 1067 5025 pugnaverant,
1094 4951 1231 5007 Galli
1262 4952 1449 5020 reliqui
1496 4966 1615 5006 sese
1649 4965 1840 5007 omnes
1875 4952 2018 5006 dedi-

450 5047 665 5102 derunt.
704 5046 810 5103 Sed
836 5046 1016 5102 Caesar
1042 5045 1273 5099 maxime
1301 5044 1370 5099 ob
1399 5040 1652 5111 iniuriam
1686 5041 2012 5112 legatorum,

452 5147 508 5192 et
532 5148 592 5193 ut
612 5139 755 5209 genti
785 5137 853 5191 ad
871 5136 1053 5191 omnia
1083 5133 1308 5190 consilia
1332 5132 1514 5187 mobili
1547 5130 1803 5186 terribilis
1836 5146 2019 5186 exem-

452 5230 524 5299 pli
551 5237 729 5283 notam
748 5230 1007 5292 inureret,
1037 5227 1247 5281 cunctis
1272 5224 1603 5294 principibus
1630 5239 1727 5291 per
1749 5233 2019 5279 tormenta

453 5318 778 5384 interfectis,
806 5319 1042 5386 reliquos
1063 5317 1161 5371 sub
1185 5304 1385 5371 corona
1415 5313 1676 5368 vendidit.

525 5409 717 5464 Iisdem
756 5408 946 5462 diebus
988 5407 1227 5461 Titurius
1265 5404 1496 5459 Sabinus
1533 5402 1787 5457 Alvercos
1813 5441 1828 5466 ,
1870 5400 2016 5454 Ebu-

458 5497 684 5561 rovices,
706 5496 1087 5565 Lixoviosque,
1104 5495 1194 5563 qui
1213 5494 1468 5562 primates
1488 5506 1614 5545 suos
1630 5504 1751 5544 cum
1766 5497 2015 5542 auctores

455 5586 579 5639 belli
604 5586 955 5641 resuscitandi
977 5602 1099 5642 esse
1115 5586 1334 5647 nollent,
1352 5582 1764 5644 interfecerant,
1788 5579 2019 5648 eruptio-

457 5689 527 5728 ne
549 5674 713 5741 facta,
733 5675 1028 5730 incredibili
1056 5677 1201 5731 czede
1234 5673 1448 5731 delevit.
1471 5671 1691 5726 Publius
1714 5685 1838 5724 vero
1859 5667 2018 5724 Cras-

2098 3239 2334 3308 legiones
2355 3237 2410 3290 in
2433 3234 2657 3289 hiberna
2678 3231 2899 3295 dimisit,
2918 3244 2982 3285 ac
3000 3235 3287 3284 sexcentas
3299 3240 3464 3280 naves
3477 3223 3689 3277 utrius-

2099 3344 2202 3399 que
2228 3326 2492 3383 commodi
2533 3325 2649 3380 fieri
2679 3322 2980 3392 imperavit.
3009 3320 3215 3387 Quibus
3243 3319 3438 3372 iterum
3467 3315 3527 3368 in
3564 3313 3690 3368 Bri—

2102 3418 2339 3472 tanniam
2366 3416 2540 3486 primo
2569 3430 2694 3469 vere
2724 3410 3227 3477 transvectus,dum
3250 3409 3364 3476 ipse
3388 3406 3443 3460 in
3466 3405 3689 3459 hostem

2103 3528 2225 3569 cum
2253 3509 2491 3565 exercitu
2522 3508 2718 3579 pergit,
2747 3520 2913 3561 naves
2939 3506 2993 3559 in
3022 3502 3275 3558 anchoris
3294 3507 3527 3561 stantes,
3556 3507 3688 3551 tem-

2102 3610 2311 3674 pestate
2332 3609 2611 3670 correptae,
2626 3599 2711 3654 vel
2732 3598 2933 3653 collisae
2952 3597 3093 3651 inter
3117 3610 3175 3649 se
3196 3593 3278 3649 vel
3299 3591 3481 3647 arenis
3505 3591 3690 3653 illisae,

2105 3691 2379 3748 dissoluta:
2416 3696 2576 3745 sunt:
2623 3703 2692 3743 ex
2731 3686 2929 3756 quibus
2968 3683 3325 3755 quadraginta
3369 3679 3690 3750 perierunt,

2105 3787 2314 3836 caetera:
2337 3793 2461 3834 eum
2490 3774 2687 3848 magna
2709 3773 3022 3831 difﬁcultate
3050 3779 3313 3841 reparata:
3341 3775 3486 3824 sunt.
3516 3768 3695 3822 Caesa-

2106 3872 2185 3926 ris
2211 3871 2486 3940 equitatus
2508 3870 2686 3940 primo
2712 3881 3004 3936 congressu
3031 3879 3063 3919 e
3088 3861 3365 3917 Britannis
3386 3861 3565 3915 victus
3583 3869 3692 3922 est,

2108 3961 2286 4031 ibique
2314 3960 2584 4015 Labienus
2602 3958 2851 4013 tribunus
2869 3955 3082 4010 occisus
3100 3959 3203 4007 est.
3229 3947 3486 4005 Secundo
3503 3947 3699 4017 pradio

2110 4069 2233 4110 eum
2268 4068 2465 4123 magno
2502 4065 2725 4106 suorum
2766 4046 3077 4103 discrimine
3106 4044 3277 4098 victos
3303 4041 3599 4096 Britannos
3635 4039 3696 4094 in

2110 4142 2292 4213 fugam
2333 4142 2513 4197 vertit.
2556 4139 2684 4196 Inde
2722 4138 2791 4194 ad
2831 4135 3029 4191 ﬂumen
3070 4132 3378 4189 Tamensim
3417 4128 3705 4200 profectus

2110 4244 2214 4301 est,
2237 4249 2395 4303 quem
2426 4248 2534 4288 uno
2559 4239 2767 4286 tantum
2795 4229 2912 4285 loco
2948 4226 3101 4282 vadis
3130 4220 3575 4279 transmeabilem
3612 4219 3701 4274 fe-

2112 4332 2261 4380 runt.
2289 4323 2349 4377 In
2374 4322 2535 4392 hujus
2565 4320 2820 4375 ulteriore
2848 4318 2968 4388 ripa
2997 4331 3120 4372 cum
3157 4311 3531 4370 Cassoblauno
3560 4311 3705 4365 duco

2113 4416 2378 4471 immensa
2421 4412 2656 4467 hostium
2686 4409 2971 4464 multitudo
3016 4404 3367 4467 consederat,
3408 4402 3705 4471 ripamque

2113 4504 2350 4560 fluminis
2375 4517 2439 4557 ac
2466 4516 2602 4572 pene
2628 4508 2798 4556 totum
2829 4500 2930 4554 sub
2959 4513 3099 4567 aqua
3127 4495 3325 4549 vadum
3360 4492 3705 4549 acutissimis

2117 4597 2340 4651 sudibus
2365 4599 2769 4665 prtestruxerat.
2803 4590 2955 4658 Quod
2984 4589 3075 4643 ubi
3114 4584 3374 4642 Romanis
3402 4584 3710 4653 deprehen-

2118 4700 2239 4740 sum
2268 4700 2333 4738 ac
2359 4684 2589 4739 vitatum
2617 4690 2722 4746 est,
2760 4678 3002 4741 barbari,
3029 4677 3298 4746 legionum
3324 4675 3564 4743 impetus
3589 4688 3705 4726 non

2115 4773 2351 4830 ferentes
2380 4773 2530 4827 silvis
2555 4786 2675 4828 sese
2708 4770 2993 4833 abdidere,
3031 4768 3175 4823 unde
3215 4765 3425 4821 crebris
3447 4764 3707 4833 eruptio-

2116 4866 2274 4920 nibus
2303 4865 2578 4919 Romanos
2597 4864 2835 4933 graviter
2862 4876 2929 4916 ac
2953 4876 3097 4930 saepe
3123 4859 3456 4915 lacerabant.
3481 4857 3708 4912 interea

2115 4954 2504 5009 Trinovantum
2528 4952 2834 5007 firmissima
2857 4952 3050 5007 civitas
3071 4967 3193 5006 cum
3215 4948 3516 5019 Adrogorio
3536 4948 3709 5014 duce,

2116 5046 2254 5101 datis
2278 5045 2633 5116 quadraginta
2655 5043 2955 5102 obsidibus.
2980 5041 3183 5096 Cmsari
3210 5038 3513 5095 sesededit.
3543 5037 3710 5104 Quod

2117 5132 2418 5202 exemplum
2461 5141 2660 5188 secuta:
2688 5132 2851 5186 urbes
2887 5131 3006 5187 alite
3044 5128 3384 5199 complures,
3440 5143 3475 5182 n
3521 5126 3713 5183 foedus

2116 5223 2483 5276 Romanorum
2524 5230 2819 5285 venerunt,
2863 5220 3161 5288 iisdemque
3198 5215 3715 5272 demonstrantibus

2119 5313 2301 5366 Caesar
2331 5311 2583 5381 oppidum
2628 5308 3060 5373 Cassobelauno,
3108 5307 3250 5361 inter
3293 5304 3432 5359 duas
3475 5302 3719 5373 paludes

2121 5402 2304 5468 situm,
2337 5401 2557 5457 obtentu
2606 5388 2839 5477 insuper
2873 5398 3128 5453 silvarum
3177 5394 3477 5458 munitum,
3524 5395 3718 5448 omni-

2122 5493 2330 5561 busque
2365 5491 2526 5547 rebus
2561 5488 3052 5553 confertissimum,
3081 5485 3295 5540 tandem
3336 5483 3488 5555 gravi
3521 5496 3717 5553 pugna

2123 5583 2286 5651 cepit.

2196 5672 2405 5727 Exhinc
2430 5671 2640 5737 Οωεςπ,
2680 5687 2711 5726 a
2746 5669 3021 5725 Britannis
3055 5683 3306 5725 reversus
3348 5669 3409 5725 in
3449 5665 3721 5729 Galliam.
