3958 6172
281 313 417 372 1085

1373 319 1782 376 CHRONICON.
1821 354 1894 362 —
1931 322 2092 379 ΤΟΜΙ
2131 324 2152 378 l
2194 324 2319 379 LIB.
2366 329 2473 382 γιι.

3402 345 3535 400 i086

272 433 558 497 postquam
586 425 827 495 legiones
864 426 916 480 in
948 427 1171 481 hiberna
1210 428 1388 494 misit,
1418 432 1717 499 repentinis
1739 431 1852 486 bel-
1880 439 1927 495 Α
1956 443 2097 487 runt.
2150 433 2320 504 Igitur
2368 437 2583 505 Ctesar,
2630 443 2941 515 priusquam
2994 449 3047 503 in
3096 466 3261 505 unum
3297 453 3532 509 hostium

273 520 449 572 lorum
494 517 816 572 tumultibus
857 518 1093 587 undique
1136 520 1534 576 circumventus
1572 531 1627 577 et
1665 522 1854 578 conﬂi-

271 617 451 665 ctatus
496 617 599 661 est.
651 607 893 677 Namque
934 608 1213 663 Ambiorix
1253 625 1375 664 cum
1420 610 1763 668 Eburonibus
1800 622 1855 669 et

270 701 559 757 Attuaticis
583 700 920 769 conspirans,
951 702 1219 756 animatus
1239 702 1585 757 Trevirorum
1606 705 1850 769 consilio,

271 793 486 848 Cottam
530 799 584 846 et
627 790 921 852 Sabinum,
965 791 1169 861 legatos
1202 793 1343 862 apud
1387 793 1698 859 Eburonas,
1730 810 1852 849 cum

269 895 384 940 tota
407 885 649 938 funditus
672 884 880 953 legione
902 883 1111 937 insidiis
1132 884 1532 939 circumventos
1559 884 1848 940 interfecit.

266 975 573 1037 Ambiorix,
605 975 705 1027 hac
731 974 959 1027 victoria
1001 973 1203 1035 elatus,
1244 972 1494 1028 Attuatos
1521 985 1576 1028 et
1606 974 1850 1038 Nervios,

266 1068 638 1138 plurimosque
666 1063 798 1118 alios
846 1064 1038 1132 raptim
1077 1064 1133 1119 in
1177 1079 1329 1119 arma
1367 1066 1659 1130 contrahit,
1690 1076 1852 1136 atque

268 1156 338 1210 ad
365 1153 683 1209 Ciceronem
712 1152 976 1223 legatum,
1015 1154 1105 1222 qui
1137 1154 1387 1208 similiter
1418 1164 1545 1210 tunc
1569 1155 1764 1224 legioni
1796 1156 1850 1210 in

266 1245 513 1301 hibernis
543 1251 805 1314 przeerat,
847 1245 1143 1299 contendit.
1190 1244 1470 1300 Multitudo
1508 1248 1744 1301 hostium
1781 1262 1849 1302 ex

267 1338 374 1392 hoc
401 1336 577 1406 colligi
600 1336 790 1406 potuit,
824 1337 950 1404 quia
980 1351 1100 1390 cum
1144 1336 1197 1390 in
1240 1336 1519 1392 obsidione
1546 1347 1847 1393 castrorum

264 1429 467 1483 vallum
495 1427 938 1484 circumdandum
963 1442 1082 1482 esse
1104 1444 1132 1481 a
1159 1430 1384 1498 captivis
1408 1430 1666 1486 Romanis
1691 1432 1851 1487 doce—

265 1527 475 1582 rentur,
504 1527 560 1573 et
586 1518 942 1572 instrumenta
969 1518 1166 1571 ruralia
1199 1534 1306 1572 non
1340 1519 1631 1585 haberent,
1660 1520 1850 1592 gladiis

262 1610 603 1665 concidendo
628 1618 848 1673 terram,
879 1618 934 1664 et
959 1612 1187 1666 sarculis
1214 1611 1459 1685 [sagulis]
1491 1616 1845 1684 exportando,

260 1702 353 1754 vix
388 1701 565 1756 tribus
593 1699 740 1755 horis
762 1700 958 1755 vallum
988 1703 1185 1772 pedum
1213 1702 1423 1769 decem,
1452 1715 1507 1760 et
1532 1705 1732 1762 fossam
1761 1723 1849 1779 pe-

259 1792 390 1847 dum
435 1790 744 1861 quindecim
792 1807 891 1861 per
934 1791 1099 1846 millia
1144 1808 1399 1862 passuum
1445 1796 1753 1865 quindecim
1792 1798 1847 1851 in

259 1883 497 1938 circuitu
526 1881 888 1952 perfecerunt.
913 1883 1191 1939 Praeterea
1208 1894 1424 1940 centum
1447 1895 1501 1942 et
1527 1888 1715 1958 viginti
1743 1898 1851 1943 tur~

259 1988 351 2027 res
385 1973 539 2027 mirae
574 1972 874 2028 altitudinis
905 1982 1309 2030 exstruxerunt.
1347 1977 1412 2030 Et
1452 1994 1573 2033 cum
1605 1980 1717 2049 jam
1758 1996 1847 2036 se-

256 2072 410 2133 ptem
434 2063 553 2118 dies
574 2072 866 2133 noctesque
903 2066 1143 2120 succidui
1182 2067 1414 2122 hostium
1451 2071 1607 2125 cunei
1638 2086 1846 2142 pugna-

260 2164 404 2217 rent,
439 2170 504 2209 ac
533 2164 721 2210 ventus
744 2158 919 2210 subito
950 2158 1212 2227 plurimus
1240 2171 1462 2216 exortus
1488 2171 1648 2225 esset,
1682 2173 1847 2218 testas

256 2242 539 2296 ferventes
569 2242 835 2298 intersere
879 2245 1057 2299 fundis
1079 2286 1093 2309 ,
1122 2245 1503 2317 flammamque
1542 2250 1647 2304 tela
1689 2250 1844 2316 focis,

256 2345 323 2385 ac
351 2345 479 2384 mox
506 2338 770 2400 concepto
814 2332 936 2400 igne
975 2333 1280 2397 rutilantia,
1315 2336 1457 2391 intra
1492 2347 1671 2393 castra
1693 2339 1847 2408 jece-

257 2426 411 2473 runt.
434 2422 554 2486 Quo
576 2419 739 2482 facto,
767 2436 866 2489 per
883 2421 1116 2477 culmina
1139 2426 1331 2494 raptim
1356 2437 1548 2483 ventus
1570 2429 1844 2494 insistens,

258 2524 514 2579 sparsum
554 2511 814 2565 animavit
862 2512 1186 2569 incendium.
1237 2515 1343 2571 Sed
1384 2532 1484 2573 nec
1516 2520 1595 2574 sic
1629 2520 1845 2588 quidem

260 2597 516 2664 Romani,
549 2615 672 2654 cum
711 2591 948 2671 undique
977 2604 1366 2672 obruerentur,
1397 2608 1731 2675 vulneribus,
1763 2611 1846 2663 la-

244 2688 510 2754 boribus,
528 2690 744 2759 vigiliis,
760 2690 1004 2759 jejuniis,
1027 2694 1357 2751 incendiisve
1381 2709 1679 2754 cesserunt.
1708 2701 1847 2755 Tan-

259 2783 384 2836 dem
419 2781 622 2836 Ctesari
649 2787 954 2838 nuntiatum
982 2794 1066 2840 est
1089 2802 1250 2841 unam
1278 2788 1509 2845 deletam
1538 2806 1659 2846 esse
1682 2792 1848 2864 legio-

258 2890 406 2937 nem,
437 2875 663 2929 alteram
694 2876 805 2946 jam
837 2893 975 2947 pene
1000 2877 1325 2933 confectam.
1356 2880 1695 2937 Adventante
1722 2900 1846 2939 cum

259 2966 472 3020 duabus
498 2965 796 3034 legionibus
824 2967 1036 3023 Caesare
1058 3009 1073 3033 ,
1122 2969 1377 3024 deserunt
1405 2972 1588 3027 hostes
1616 2972 1849 3027 obsidio-

258 3071 410 3118 nem,
427 3067 591 3127 atque
618 3058 672 3112 in
686 3073 807 3113 eum
830 3060 1033 3126 cuncti,
1058 3062 1228 3130 raptis
1248 3062 1434 3132 copiis,
1456 3072 1638 3118 ruunt.
1664 3064 1848 3120 Caesar

1956 527 2123 595 copim
2171 528 2408 595 coirent,
2462 531 2683 588 ineunte
2722 552 2889 592 verno
2935 542 3150 612 aggredi
3199 547 3436 615 trepidos
3481 556 3536 603 ct

1954 617 2256 686 opprimere
2280 635 2498 689 sparsos
2528 623 2578 676 in
2608 626 2718 679 suis
2745 626 2939 684 finibus
2964 643 3139 700 parat.
3166 629 3407 692 Prinium
3435 639 3537 693 ita-

1946 714 2058 772 que
2087 704 2387 762 Nervorum
2423 710 2557 764 fines
2586 712 2803 782 diripit:
2842 720 3078 786 praedam
3114 738 3260 790 vero,
3293 742 3413 797 qua:
3439 744 3533 784 co-

1953 794 2254 862 piosissima
2281 808 2417 863 erat,
2444 803 2704 856 exercitui
2729 808 2993 872 permisit.
3017 810 3217 869 Deinde
3239 794 3532 887 Menapios,

1954 882 2043 951 qui
2071 884 2169 940 sibi
2208 895 2425 955 propter
2470 889 2763 947 immensas
2789 896 3008 964 paludes
3042 909 3203 969 atque
3233 882 3530 974 impeditis;

1952 976 2118 1031 simas
2157 975 2319 1029 silvas
2356 978 2703 1034 munitissimi
2732 983 3072 1051 videbantur,
3110 989 3279 1045 tribus
3307 994 3535 1063 agmini-

1951 1081 2051 1120 ous
2080 1066 2300 1131 invadit,
2337 1067 2611 1137 nimiaque
2651 1072 2796 1126 cmde
2834 1073 2993 1144 vulgo
3021 1076 3240 1145 agitata,
3288 1083 3534 1138 residuos

1952 1156 2217 1226 supplices
2246 1157 2297 1211 in
2332 1157 2656 1213 deditionem
2700 1163 2924 1231 recepit.
2970 1165 3241 1223 Labienus
3284 1173 3530 1240 sequenti

1950 1246 2136 1315 praelio
2161 1261 2349 1301 omnes
2377 1249 2561 1317 copias
2583 1251 2932 1307 Trevirorum
2974 1256 3281 1325 interfecit,
3323 1270 3439 1316 arte
3479 1263 3531 1317 in

1950 1334 2151 1389 bellum
2180 1346 2523 1405 provocatas,
2554 1341 2868 1410 priusquam
2907 1342 3192 1401 Germanis
3240 1349 3536 1404 adventan-

1953 1423 2485 1495 tibusjungerentur,
2516 1437 2571 1482 et
2592 1432 2850 1485 continuo
2876 1433 3046 1501 ipsam
3077 1436 3346 1491 civitatem
3371 1439 3529 1509 cepit.

1950 1512 2129 1569 Caesar
2153 1516 2341 1570 ulcisci
2370 1526 2600 1572 mortem
2632 1519 2818 1575 Sabini
2844 1532 2896 1576 et
2918 1521 3088 1576 Cottae
3111 1523 3405 1594 legatorum
3433 1543 3530 1582 vo-

1950 1603 2085 1669 lens,
2109 1604 2470 1677 Ambiorigem
2495 1617 2547 1662 et
2570 1608 2870 1675 Eburones,
2896 1612 3082 1666 deleta:
3107 1612 3333 1681 legionis
3351 1625 3534 1673 aucto-

1952 1708 2058 1760 res,
2088 1703 2370 1764 postquam
2402 1697 2454 1750 in
2478 1697 2786 1753 Ardennam
2819 1701 3007 1755 silvam
3037 1701 3297 1774 refugisse
3325 1721 3535 1776 compe-

1877 1785 1923 1843 B
1954 1784 2043 1849 rit,
2072 1799 2191 1853 qua:
2219 1785 2352 1839 silva
2386 1785 2549 1840 totius
2568 1785 2754 1842 Gallia:
2776 1789 3008 1842 maxima
3037 1798 3142 1855 est,
3165 1801 3325 1860 atque
3345 1808 3374 1846 a
3402 1794 3533 1863 ripis

1951 1875 2126 1929 Rheni
2156 1876 2459 1945 finibusque
2490 1877 2836 1932 Trevirorum
2871 1879 2939 1933 ad
2963 1878 3187 1935 Nervios
3218 1896 3386 1951 usque
3409 1898 3533 1952 per-

1950 1968 2126 2038 tingit,
2168 1969 2300 2023 etin
2344 1968 2677 2039 longitudine
2710 1970 2995 2039 plusquam
3037 1972 3326 2043 quingenta
3369 1974 3532 2027 millia

1948 2073 2202 2129 passuum
2229 2068 2399 2129 patet,
2428 2061 2773 2130 permetiens,
2794 2076 2909 2116 rem
2931 2063 3043 2117 suis
3064 2064 3286 2117 maximi
3312 2064 3532 2134 periculi

1947 2146 2086 2212 fore,
2110 2148 2154 2201 si
2177 2164 2274 2218 per
2301 2150 2609 2203 obstructas
2629 2151 3000 2220 spatiosasque
3021 2153 3182 2209 silvas
3210 2155 3374 2225 ignoti
3399 2155 3536 2209 divi-

1950 2237 2229 2303 derentur,
2272 2240 2591 2309 hostemque
2637 2240 2771 2297 locis
2816 2243 3151 2299 notissimum
3194 2255 3532 2315 quaererent,

1948 2342 2165 2382 omnem
2202 2325 2430 2383 Galliam
2471 2344 2569 2397 per
2602 2330 2822 2386 nuntios
2865 2332 3061 2387 invitat
3092 2342 3154 2388 ut
3193 2335 3421 2404 quisque
3449 2350 3536 2389 se-

1949 2419 2183 2473 cundum
2213 2420 2471 2489 placitum
2491 2437 2647 2476 suum
2678 2424 2981 2479 reconditas
3007 2425 3062 2478 in
3127 2428 3378 2486 Ardenna
3398 2425 3535 2480 silva

1946 2512 2157 2581 praedas
2175 2520 2422 2581 quaerant
2441 2513 2824 2584 diripiantque.
2852 2516 2970 2583 Quo
2995 2516 3158 2581 facto,
3174 2516 3341 2572 Gallis
3364 2517 3535 2571 utrin-

1948 2616 2053 2670 que
2081 2602 2456 2665 morientibus,
2491 2603 2758 2658 maximas
2783 2605 3148 2660 Romanorum
3177 2604 3400 2673 injurias
3419 2607 3537 2661 sine

1947 2690 2267 2760 cujusquam
2298 2692 2527 2746 Romani
2552 2693 2861 2749 discrimine
2884 2696 3194 2751 vindicavit.
3227 2696 3304 2751 Ita
3329 2699 3431 2752 hoc
3456 2706 3533 2750 tuo

1949 2782 2156 2837 tissime
2187 2783 2434 2837 vincendi
2458 2796 2652 2854 genere
2678 2799 2902 2841 securus
2931 2786 2984 2841 in
3007 2786 3214 2841 Italiam
3249 2788 3437 2843 rediit.

2564 2917 2792 2974 CAPUT
2832 2917 2918 2973 Vl.

1954 3007 2176 3063 Reverso
2201 3007 2407 3063 Ca'sare
2436 3008 2489 3061 in
2518 3007 2757 3072 Italiam,
2786 3009 2975 3062 iterum
2997 3003 3137 3061 Galli
3157 3008 3211 3062 in
3240 3025 3388 3061 arma
3410 3024 3534 3062 con-

2011 3080 2201 3149 jurant
2224 3090 2244 3129 :
2283 3078 2352 3149 ad
2388 3094 2517 3148 quos
2547 3079 2649 3149 cito
2672 3076 2738 3149 β.
2766 3076 2945 3132 Caesar
2973 3080 3264 3149 revertitur,
3297 3078 3534 3149 quotidi-

257 3165 317 3205 se
349 3126 689 3221 parvissimis
710 3155 904 3209 castris
929 3156 1174 3209 consulto
1196 3158 1453 3224 condidit,
1473 3160 1847 3230 equitibusque
1875 3126 1918 3188 Ο
2011 3126 2178 3202 ’δενεῦ
2205 3126 2739 3218 Ρτίείίίδτεοηινίυίίεῖ
2761 3157 2971 3201 ίττετηω
2994 3147 3227 3201 δεηίίπτί
3252 3126 3490 3201 "Edidi"

252 3242 576 3310 praemissis,
604 3251 660 3296 ut
685 3242 865 3314 fugam
894 3244 1154 3314 ﬁngerent
1174 3248 1480 3315 imperavit,
1503 3258 1562 3304 ut
1584 3251 1648 3304 ad
1675 3260 1850 3305 trans-

257 3332 398 3387 itum
430 3333 608 3399 vallis,
642 3350 762 3404 quae
791 3338 967 3391 media
993 3346 1140 3404 erat,
1185 3341 1395 3411 sibique
1425 3343 1729 3412 periculosa
1762 3344 1847 3398 vi-

257 3423 515 3487 debatur,
542 3426 728 3481 hostes
750 3435 1058 3497 contemptu
1100 3430 1182 3485 sui
1214 3431 1489 3487 invitaret.
1524 3432 1731 3499 Quibus
1756 3435 1851 3489 ad-

253 3515 609 3568 ventantibus
659 3516 881 3587 insuper
923 3518 1128 3573 obstrui
1172 3530 1359 3589 portas
1410 3525 1682 3593 praecepit.
1733 3526 1850 3592 Quo

252 3605 377 3659 viso
405 3605 570 3671 Galli,
600 3607 754 3676 quasi
784 3609 896 3678 jam
925 3609 1201 3672 vicissent,
1244 3611 1312 3665 ad
1350 3612 1723 3667 obducendum
1751 3627 1849 3667 ex-

251 3695 535 3751 trinsecus
570 3696 772 3751 vallum
805 3699 1053 3753 conversi
1084 3707 1228 3754 sunt.
1263 3701 1443 3756 Caesar
1474 3701 1600 3756 totis
1628 3713 1850 3772 repente

252 3787 437 3855 portis
461 3795 706 3856 paratum
727 3787 916 3843 eil'udit
937 3791 1257 3856 exercitum,
1272 3806 1564 3861 versosque
1590 3792 1644 3847 in
1668 3792 1850 3862 fugam

251 3874 449 3931 Gallos
476 3877 783 3933 vastissima
811 3879 956 3934 caade
984 3878 1237 3935 confecit.
1270 3879 1403 3935 Nam
1434 3882 1709 3953 sexaginta
1740 3882 1853 3937 mii-

249 3964 327 4021 lia
361 3975 494 4021 tunc
524 3965 692 4022 fuisse
716 3967 1042 4033 referuntur,
1064 3984 1095 4024 e
1115 3970 1311 4040 quibus
1329 3971 1489 4039 pauci
1512 3987 1611 4041 per
1629 3971 1852 4042 paludes

251 4057 443 4112 invias
486 4067 797 4114 evaserunt.
827 4059 1236 4117 lnduciomarus
1256 4103 1271 4127 ,
1302 4062 1651 4119 Trevirorum
1697 4065 1850 4133 prin-

247 4165 413 4220 ceps,
441 4165 668 4220 magnas
697 4159 1029 4205 armatorum
1056 4153 1241 4220 copias
1285 4152 1519 4217 habens,
1565 4162 1852 4222 postquam

249 4241 323 4297 de
350 4255 627 4296 consensu
664 4241 829 4295 totius
856 4240 1040 4297 Gallia:
1080 4243 1282 4297 certior
1321 4243 1563 4298 redditus
1598 4251 1709 4308 est,
1751 4242 1855 4298 La-

248 4330 412 4385 bieni
449 4343 632 4386 castra
655 4330 1026 4403 legionemque
1052 4332 1137 4388 cui
1169 4333 1216 4386 is
1237 4340 1486 4400 praeerat,
1528 4334 1670 4403 quod
1696 4332 1854 4389 facile

2018 3255 2187 3326 igitur
2210 3253 2422 3309 Cmsare
2452 3254 2505 3307 in
2531 3252 2741 3307 Italiam
2776 3268 3014 3317 reverso,
3048 3252 3219 3308 Gallia
3253 3269 3441 3309 rursus
3474 3254 3530 3308 in

1949 3364 2099 3404 arma
2126 3346 2395 3415 coniurat,
2438 3345 2701 3413 multique
2741 3345 2902 3400 simul
2945 3344 3120 3414 populi
3163 3352 3375 3399 coeunt.
3415 3344 3532 3398 Dux

1949 3441 2033 3495 his
2066 3437 2462 3508 Vergingitorix
2488 3435 2606 3490 fuit.
2648 3434 2817 3503 Cujus
2862 3436 3089 3490 consilio
3126 3436 3307 3489 statim
3346 3448 3539 3493 omnes

1948 3530 2083 3584 Galli
2109 3528 2355 3582 civitates
2380 3540 2505 3580 suas
2546 3524 2688 3578 ultro
2723 3526 3115 3589 incenderunt,
3158 3525 3330 3592 prima
3358 3539 3387 3576 a
3420 3524 3535 3580 suis

1950 3619 2168 3673 incensa
2197 3615 2469 3686 Byturico.
2495 3613 2623 3667 Inde
2656 3614 2722 3667 ad
2754 3613 3047 3678 Caesarem,
3082 3613 3172 3682 qui
3200 3613 3410 3682 magnis
3436 3612 3530 3667 iti-

1948 3708 2169 3764 neribus
2195 3721 2293 3775 per
2316 3703 2722 3759 Narbonensem
2754 3702 3084 3773 provinciam
3106 3702 3243 3756 clam
3274 3703 3340 3757 ad
3371 3715 3530 3755 exer-

1948 3797 2117 3853 citmu
2143 3801 2469 3859 recurrerat,
2498 3794 2757 3862 impetum
2788 3791 3008 3846 faciunt.
3031 3791 3209 3846 Caesm
3236 3799 3364 3845 tunc
3384 3791 3536 3862 oppi-

1950 3886 2074 3941 dum
2106 3886 2321 3939 nomine
2349 3883 2637 3952 Caenapum
2665 3881 2943 3936 obsidione
2970 3880 3329 3935 concluserat.
3374 3879 3533 3946 Quod

1949 3978 2039 4032 diu
2085 3983 2449 4046 oppugnatum
2503 3974 2714 4027 tandem
2763 3980 2884 4042 post
2924 3971 3120 4025 multas
3168 3971 3534 4025 Romanorum

1951 4064 2157 4128 clades,
2188 4064 2366 4135 pluvia
2414 4060 2642 4134 [pluvio]
2669 4061 2757 4115 die
2789 4075 2911 4114 cum
2950 4059 3228 4114 hostilium
3259 4059 3537 4114 machina-

1950 4172 2068 4212 rum
2099 4161 2386 4225 augmenta
2421 4150 2706 4224 [amenta]
2743 4151 3003 4220 nervique
3044 4149 3412 4219 elanguerent,
3444 4165 3539 4219 ap-

1948 4244 2147 4316 plicitis
2175 4243 2416 4298 turribus
2442 4248 2657 4311 captum
2693 4248 2856 4309 atque
2894 4238 3127 4294 deletum
3155 4248 3257 4294 est.
3295 4239 3537 4305 Quadra-

1954 4336 2105 4405 ginta
2131 4332 2300 4387 millia
2323 4331 2598 4386 hominum
2621 4329 2694 4384 ibi
2722 4329 2889 4384 fuisse
2909 4328 3237 4394 referuntur,
3253 4344 3317 4383 ex
3345 4330 3540 4397 quibus

246 4419 413 4476 factu
448 4421 837 4488 arbitrabatur,
870 4422 1047 4477 delere
1078 4422 1301 4477 statuit:
1336 4439 1400 4477 ac
1428 4424 1621 4479 deinde
1650 4425 1854 4479 Eburo—
1875 4460 1930 4519 Ι)
1955 4424 2044 4479 vix
2067 4423 2341 4490 octoginta
2366 4418 2665 4519 pernfugam
2696 4419 2851 4519 lapsi,
2895 4418 2959 4519 ad
2994 4417 3538 4519 proximeallorum

246 4514 429 4568 nibus
451 4511 748 4582 Nervisque
778 4513 1117 4583 conjunctus,
1142 4514 1209 4568 ad
1234 4514 1646 4583 opprimendum
1675 4516 1853 4570 Cassa-

245 4617 378 4657 rem
431 4614 679 4671 pergere.
729 4599 1036 4666 Labienus,
1092 4602 1288 4672 quibus
1337 4611 1550 4672 poterat
1602 4603 1850 4669 artibus,

245 4693 519 4746 timorem
546 4689 783 4754 simulat,
815 4700 977 4759 atque
1004 4690 1076 4744 ita
1115 4689 1547 4746 lnduciomarum
1572 4692 1851 4762 negligen-

241 4783 463 4836 tiorem
483 4794 606 4834 cum
632 4779 1014 4836 insultantibus
1038 4782 1207 4852 copiis
1226 4797 1324 4849 pro
1346 4781 1484 4836 vallo
1506 4782 1851 4837 oberrantem

243 4871 551 4942 repentina
576 4870 857 4940 eruptione
884 4872 1192 4940 prostravit.
1226 4871 1337 4927 Hac
1364 4871 1592 4925 victoria
1621 4870 1851 4926 Labieni

242 4960 467 5031 reliqui
514 4958 790 5015 Gallorum
822 4970 1045 5015 conatus
1088 4962 1319 5030 repressi
1375 4969 1535 5027 sunt,
1580 4968 1633 5016 el
1674 4961 1854 5016 Caesar

240 5050 435 5123 paulo
456 5050 693 5119 quietior
714 5049 918 5120 reliqua
951 5059 1102 5120 parte
1128 5052 1323 5105 hiemis
1348 5050 1469 5105 fuit.
1512 5049 1617 5106 Sed
1658 5051 1854 5105 intelli-

240 5157 402 5215 gens
448 5140 550 5194 sibi
600 5139 806 5210 majora
848 5140 971 5195 belli
1006 5152 1286 5209 superesse
1327 5141 1575 5210 negotia,
1621 5140 1856 5193 maxime

242 5234 418 5301 quia,
451 5228 682 5298 plurima
714 5236 863 5297 parte
904 5229 1175 5283 exercitus
1216 5229 1436 5293 amissa,
1468 5227 1697 5296 aliisque
1732 5242 1856 5298 gra-

238 5324 410 5378 viter
431 5320 652 5384 sauciis,
676 5335 743 5373 ne
763 5319 830 5374 ad
854 5320 1224 5374 sustinendum
1245 5319 1461 5387 quidem
1483 5317 1583 5372 sibi
1610 5318 1852 5383 idoneus,

242 5426 374 5467 non
409 5408 587 5464 dicam
614 5408 683 5463 ad
708 5409 1165 5478 comprimendum
1193 5407 1467 5462 Gallorum
1498 5406 1753 5476 impetum
1778 5407 1856 5461 vi-

239 5503 515 5566 deretur,
543 5515 575 5553 a
613 5499 718 5555 Gn.
760 5498 1013 5569 Pompeio
1036 5500 1355 5568 proconsule
1388 5498 1656 5553 conscribi
1689 5498 1856 5569 legio—

247 5606 394 5655 nes,
421 5588 635 5658 sibique
661 5588 802 5642 mitti
832 5588 887 5643 in
929 5589 1186 5642 auxilium
1216 5589 1369 5657 petit.
1398 5588 1580 5658 itaque
1612 5597 1738 5644 ante
1765 5605 1860 5645 ex-

251 5687 454 5734 actam
485 5678 719 5733 hiemem
748 5686 859 5733 tres
892 5677 958 5732 ad
978 5691 1099 5733 eum
1133 5678 1368 5749 legiones
1397 5678 1451 5733 in
1481 5687 1660 5734 castra
1696 5695 1859 5736 vene-

1954 4522 2131 4569 castra
2152 4519 2434 4567 venerunt.
2459 4509 2726 4564 Praeterea
2748 4509 2946 4564 Arveni
2970 4511 3257 4579 caeterique
3275 4510 3537 4577 confines,

1954 4602 2259 4658 sollicitatis
2284 4601 2446 4655 etiam
2477 4601 2545 4655 ad
2572 4614 2630 4654 se
2654 4600 2823 4665 Ediis,
2846 4601 3027 4656 multis
3054 4602 3338 4657 adversum
3360 4602 3541 4659 Caesa-

1954 4706 2071 4745 rem
2098 4690 2299 4758 prteliis
2331 4688 2686 4742 bellaverunt.
2726 4687 2826 4754 Qui
2866 4703 2988 4743 cum
3015 4704 3074 4743 se
3099 4692 3388 4760 pugnando
3413 4691 3540 4746 fati-

1955 4780 2084 4851 gati,
2102 4780 2154 4833 in
2174 4779 2445 4848 quoddam
2467 4776 2745 4832 castellum
2768 4779 3116 4847 recepissent,
3129 4780 3327 4834 milites
3346 4784 3540 4850 pnedze

1957 4870 2226 4924 inhiantes
2249 4908 2264 4932 ,
2292 4868 2359 4921 ad
2385 4867 2838 4937 expugnationem
2867 4868 3045 4936 oppidi
3082 4874 3321 4923 animum
3366 4873 3540 4925 inten-

1955 4960 2111 5023 dunt,
2137 4958 2339 5012 frustra
2369 4957 2581 5011 Caesare
2604 4955 2670 5009 de
2694 4955 2797 5009 loci
2821 4955 3105 5024 iniquitate
3132 4967 3409 5012 causante.
3439 4961 3541 5012 ita-

1956 5065 2060 5118 que
2088 5049 2159 5103 ibi
2187 5048 2390 5111 Caesar,
2422 5046 2831 5113 erumpentibus
2868 5047 3098 5116 desuper
3119 5049 3364 5102 hostibus
3390 5064 3540 5116 pres-

1956 5155 2069 5201 sus,
2100 5139 2266 5192 multa
2288 5137 2561 5191 exercitus
2586 5135 2669 5189 sui
2691 5146 2847 5203 parte
2867 5137 3095 5205 perdita,
3121 5138 3294 5191 victus
3313 5138 3536 5209 aufugit.

1958 5230 2096 5284 Dum
2128 5228 2242 5281 hate
2267 5227 2334 5279 ad
2363 5224 2634 5279 Halestam
2666 5223 2946 5297 [Alesiam]
2983 5234 3272 5294 geruntur,
3316 5227 3540 5297 Vergin-

1961 5316 2178 5388 gitorix,
2221 5329 2379 5385 quem
2406 5326 2595 5369 omnes
2625 5329 2892 5370 consensu
2921 5315 3035 5384 pari
3067 5330 3248 5385 regem
3272 5327 3541 5385 prmopta-

1965 5416 2173 5473 verant,
2197 5406 2386 5461 suadet
2402 5412 2469 5459 'ut
2490 5420 2555 5459 ex
2583 5413 2692 5460 tota
2711 5404 2881 5460 Gallia
2901 5422 3091 5461 omnes
3112 5406 3203 5474 qui
3224 5421 3377 5460 arma
3399 5405 3543 5461 ferre

1962 5506 2201 5567 possent,
2232 5496 2358 5551 huic
2383 5494 2525 5550 bello
2551 5503 2752 5565 praesto
2776 5494 2906 5548 sint.
2934 5493 3047 5549 Hoc
3066 5495 3208 5549 enim
3231 5511 3354 5551 esse
3374 5512 3541 5552 unum

1966 5590 2184 5652 bellum,
2198 5603 2305 5658 quo
2325 5594 2386 5640 ut
2406 5593 2662 5656 perpetua
2685 5584 2924 5648 libertas,
2949 5593 3043 5639 aut
3064 5595 3265 5642 aeterna
3289 5602 3538 5649 servitus.

1965 5689 2059 5734 aut
2098 5693 2246 5733 mors
2292 5676 2530 5732 omnium
2576 5683 2962 5743 consequatur.
3001 5673 3185 5745 Itaque
3226 5677 3430 5747 absque
3474 5690 3539 5732 eo
