3964 6172
13 322 109 374 0όῖ

0 450 222 496 nunero,
251 447 408 502 quem
439 427 704 483 infinitum
737 435 862 480 ante
898 433 1274 484 contraxerat,
1313 423 1554 491 equitum
1584 428 1631 483 Α

0 531 190 585 :irciter
218 536 342 579 octo
387 521 549 575 millia
596 518 833 586 peditum
854 556 869 579 ,
900 515 1128 569 ducenta
1159 512 1551 582 quinquaginta

0 620 142 676 uillia
169 622 441 670 contracta
461 619 604 666 sunt.
624 609 825 664 Dehinc
851 607 987 661 duos
1007 605 1172 660 colles
1194 604 1295 658 sibi
1325 604 1553 657 invicem

0 713 231 765 lbversos
278 704 508 758 Romani
552 701 799 768 Gallique
845 704 1124 767 ceperunt.
1174 694 1327 752 Unde
1372 693 1558 748 multis

0 815 119 869 ιι)ρο
145 795 518 865 eruptionibus
546 801 601 846 et
628 790 798 844 variis
836 784 1182 858 proventibus
1218 784 1553 853 prmliantes,

2 890 194 944 andem
244 884 474 940 Romani
525 882 791 953 praecipue
839 877 1232 933 Germanorum
1279 873 1555 941 equitum,

0 996 113 1050 [uos
137 979 237 1033 sibi
258 975 575 1046 jamdudum
608 971 831 1033 amicos,
863 984 1005 1022 nunc
1031 966 1192 1021 etiam
1218 965 1270 1018 in
1298 963 1558 1016 auxilium

0 1072 309 1131 Icciverant,
347 1066 547 1120 virtute
578 1062 841 1116 vicerunt.
876 1056 1271 1128 Vergingitorix
1304 1054 1408 1108 alia
1436 1052 1523 1107 die
1543 1093 1557 1117 ,

0 1157 323 1227 :ougregatis
343 1155 596 1210 omnibus
625 1152 715 1221 qui
740 1150 860 1219 fuga
893 1157 1198 1212 evaserant,
1226 1146 1362 1201 dixit
1387 1160 1444 1200 se
1466 1160 1561 1199 au-

0 1265 186 1306 :torem
217 1248 358 1302 bona
396 1245 498 1298 fide
528 1240 874 1297 defendendae
916 1238 1183 1292 libertatis
1222 1245 1383 1306 atque
1413 1249 1560 1289 rum-

0 1341 141 1397 )endi
173 1340 390 1394 fmderis
420 1337 584 1391 fuisse
609 1354 621 1389 :
664 1342 719 1390 et
744 1348 887 1387 nunc
916 1333 1028 1386 sive
1054 1329 1314 1385 Romanis
1350 1343 1472 1383 sese
1494 1327 1562 1381 ad

2 1440 209 1485 uertem
236 1442 426 1483 omnes
454 1426 704 1488 offerant,
736 1424 848 1478 sive
870 1422 1040 1477 solum
1069 1435 1168 1491 pro
1195 1419 1445 1473 omnibus
1474 1419 1565 1472 de-

0 1523 133 1585 lant,
164 1528 410 1590 paratum
449 1518 631 1571 animo
657 1516 789 1570 fore.
822 1514 1007 1582 Itaque
1038 1511 1175 1567 Galli
1204 1510 1558 1575 voluntatem,

0 1628 140 1682 luam
167 1611 369 1681 pudore
395 1608 707 1679 aliquandiu
742 1611 1007 1667 texerant,
1040 1602 1194 1672 quasi
1232 1618 1298 1656 ex
1335 1600 1562 1656 consilio

0 1704 126 1773 egis
149 1708 508 1764 assumerent,
535 1698 680 1753 illico
719 1697 820 1752 sibi
859 1695 1073 1750 veniam
1099 1700 1412 1763 precantes,
1439 1706 1563 1744 eum

0 1766 153 1848 mlum
177 1792 320 1847 velut
360 1803 643 1846 auctorem
670 1790 847 1859 magni
878 1778 1101 1843 sceleris
1128 1786 1411 1840 dederunt.
1442 1781 1564 1836 Bel-
1594 1766 1642 1825 B

0 1886 152 1954 ovagi
182 1882 433 1937 omnibus
460 1880 735 1936 Gallorum
763 1878 1014 1950 gentibus
1040 1877 1279 1946 ipsorum
1308 1872 1564 1942 Opinione

0 1972 233 2028 'ortiores
258 1972 620 2026 habebantur.
657 1969 719 2023 Hi
767 1967 1010 2023 Chorreo
1053 1965 1190 2019 duce
1232 1963 1433 2018 bellum
1479 1961 1565 2014 in-

0 2070 250 2128 ttaurant,
289 2062 499 2131 sibique
529 2063 582 2115 in
623 2061 760 2114 hanc
795 2057 1033 2127 suscepti
1076 2055 1201 2110 belli
1249 2054 1567 2109 societatem

0 2152 296 2218 lmbianos,
324 2151 600 2214 Alvercos,
628 2149 835 2204 Saletos
856 2189 870 2212 ,
897 2147 1230 2201 Beliocasses
1257 2144 1568 2197 Atrebates-

0 2261 91 2315 jue
111 2242 462 2315 conjungunt,
494 2253 550 2297 et
580 2242 761 2297 locum
790 2240 1077 2310 quemdam
1125 2237 1363 2292 cinctum
1403 2242 1568 2304 atque

0 2343 304 2413 unpeditum
332 2342 567 2411 undique
588 2340 875 2411 paludibus
901 2339 1142 2408 capiunt,
1168 2336 1569 2405 commissoque

0 2433 191 2501 praelia,
237 2448 487 2504 magnam
537 2432 868 2487 Rhemomm
915 2444 1165 2493 manum,
1217 2443 1337 2497 qua:
1367 2425 1569 2480 auxilio

0 2522 247 2576 Romanis
276 2533 414 2587 erat,
452 2522 744 2576 trucidant.
789 2520 992 2575 Deinde
1036 2534 1158 2574 cum
1207 2525 1567 2587 Opportunum

0 2612 89 2680 ipsi
138 2611 316 2666 locum
349 2611 558 2665 insidiis
596 2609 873 2679 provisum
919 2607 1351 2676 occupavissent,
1406 2614 1570 2674 atque

0 2701 92 2754 hoc
114 2708 391 2769 comperto
416 2699 648 2753 Romani
683 2697 752 2752 ad
781 2697 1101 2752 insidiarum
1122 2695 1296 2750 locum
1319 2692 1569 2748 instructi

0 2788 332 2858 ordinatique
386 2790 698 2852 venissent,
748 2788 1038 2843 commisso
1084 2786 1288 2855 praelia,
1338 2785 1571 2840 Romani

0 2880 173 2936 Gallos
205 2880 469 2951 fugientes
499 2881 690 2935 iisdem
716 2879 958 2935 locorum
997 2876 1418 2941 munitionibus,
1446 2876 1569 2945 qui-

0 2975 93 3028 bus
119 2973 284 3027 rlausi
308 2971 544 3038 fuerant,
576 2971 930 3035 incluserunt,
962 2977 1291 3038 cunctosque
1320 2968 1387 3021 ad
1413 2967 1574 3021 inter-

0 3064 272 3121 necionem
305 3064 633 3120 ceciderunt.
674 3062 752 3118 Ibi
790 3061 1079 3129 Chorrcus,
1131 3060 1215 3115 vel
1265 3058 1446 3131 fugam
1487 3059 1574 3114 vel

0 3156 322 3211 deditionem
348 3156 683 3219 detrectans,
702 3153 975 3208 Romanos
997 3161 1056 3206 ut
1085 3153 1240 3207 vivus
1269 3159 1572 3220 caperetur,

0 3247 279 3312 instantes,
294 3246 588 3302 occidendo
614 3253 673 3299 ut
695 3245 1034 3299 occideretur
1053 3244 1247 3315 coegit.
1264 3243 1434 3314 Igitur
1452 3258 1576 3298 cum

0 3346 241 3407 pacatam
280 3352 402 3393 esse
445 3338 754 3391 universam
785 3334 1010 3390 Galliam
1048 3334 1249 3399 Caesar,
1280 3350 1455 3405 neque
1484 3350 1579 3388 au-

0 3445 176 3485 suram
212 3429 330 3485 fore
357 3430 424 3484 ad
452 3431 660 3500 aliquos
685 3430 926 3498 aspirare
970 3437 1151 3493 motus
1195 3430 1573 3495 arbitraretur,

0 3516 235 3586 legiones
269 3518 326 3572 in
371 3518 597 3573 hiberna
623 3518 846 3573 dimisit.
880 3517 998 3587 Ipse
1038 3525 1219 3573 tamen
1247 3516 1577 3589 Ambiorigis

0 3609 151 3673 lines,
194 3609 287 3678 qui
334 3617 414 3664 tot
454 3608 590 3663 bella
620 3609 968 3672 excitaverat,
999 3608 1267 3663 horrenda
1298 3607 1577 3663 hominum

0 3707 179 3769 strage
208 3698 456 3753 vastavit.
486 3697 557 3753 At
586 3713 717 3753 vero
746 3697 812 3753 G.
841 3696 1101 3753 Caninius
1133 3697 1341 3768 legatus
1377 3696 1577 3753 bellum

0 3790 138 3858 apud
166 3787 420 3843 Pictonas
448 3788 674 3852 invenit,
700 3788 792 3841 ubi
817 3802 1007 3856 magna
1037 3787 1269 3841 hostium
1292 3785 1579 3840 multitudo

0 3878 306 3948 impeditam
357 3878 552 3933 itinere
601 3877 866 3948 legionem
913 3876 1266 3931 circumdedit
1309 3885 1471 3945 atque
1511 3876 1579 3931 ad

0 3978 301 4026 extremum
328 3968 617 4024 discrimen
646 3967 889 4022 adduxit.
940 3965 1107 4020 I‘orro
1132 3974 1314 4020 autem
1345 3964 1576 4031 Fabius,

0 4061 235 4129 acceptis
261 4059 473 4115 Caninii
515 4059 676 4130 legati
718 4058 943 4123 litteris,
981 4057 1035 4111 in
1075 4056 1330 4111 Pictonas
1359 4056 1577 4126 prolici-

0 4150 189 4215 scitur,
239 4150 420 4220 ibique
449 4163 478 4201 a
510 4148 739 4217 captivis
781 4147 848 4202 de
894 4145 1298 4215 opportunitate
1336 4144 1578 4200 locorum

0 4240 200 4296 certior
228 4239 420 4303 factus,
451 4237 791 4307 inopinantes
830 4236 1011 4290 hostes
1033 4233 1308 4304 opprimit,
1340 4232 1577 4303 magnis-

0 4346 105 4400 que
145 4328 416 4400 stragibus
458 4327 638 4392 factis,
677 4326 942 4397 plurimas
970 4326 1176 4395 prmdas
1214 4324 1342 4395 agit.
1379 4323 1580 4380 Deinde

0 4435 123 4475 cum
153 4418 380 4474 Caninio
404 4417 616 4485 signum
646 4416 909 4471 adventus
935 4415 1018 4470 sui
1046 4413 1302 4479 dedisset,
1325 4413 1581 4470 Caninius

3 4510 132 4564 totis
162 4518 358 4564 castris
387 4509 564 4564 subito
589 4505 843 4571 exsilivit,
866 4521 1093 4574 seseque
1112 4503 1298 4572 injecit
1316 4505 1577 4560 hostibus.

0 4600 188 4669 Itaque
217 4600 386 4655 Fabio
418 4615 484 4655 ex
512 4599 616 4653 alia
643 4607 798 4668 parte
823 4606 878 4653 et
903 4597 1129 4652 Caninio
1153 4612 1220 4652 ex
1256 4598 1425 4653 altera
1454 4598 1582 4652 insi-

2 4697 202 4756 stente,
224 4690 460 4745 maximo
482 4699 541 4746 et
557 4690 811 4745 diuturno
829 4688 970 4745 bello
993 4689 1286 4744 innumerae
1306 4689 1581 4744 Gallorum

3 4785 171 4855 copia:
196 4785 475 4841 trucidatas
511 4791 655 4838 sunt.
682 4783 809 4837 Inde
835 4781 1033 4837 Fabius
1062 4781 1115 4835 in
1157 4780 1422 4836 Carnutes
1450 4796 1580 4850 pro-

2 4874 179 4931 fectus
210 4882 313 4931 est.
364 4873 582 4930 Sciebat
610 4875 774 4930 etiam
800 4874 1132 4929 Domnacum
1153 4913 1169 4938 ,
1211 4873 1400 4928 ducem
1442 4874 1583 4927 anti-

3 4966 357 5038 quissimum,
405 4964 710 5021 rebellionis
754 4965 920 5020 totius
965 4965 1320 5028 incentorem,
1366 4964 1434 5020 ab
1477 4965 1580 5021 hoc

3 5060 143 5115 bello
170 5060 434 5130 elapsum,
462 5060 508 5115 si
545 5059 875 5113 Aremoricis
900 5059 1146 5129 gentibus
1175 5057 1458 5126 adjunctus
1491 5072 1579 5113 es-

4 5164 109 5218 set,
140 5153 406 5207 maximos
434 5151 629 5206 iterum
669 5150 722 5204 in
762 5149 933 5204 Gallia
970 5151 1227 5203 tumultus
1259 5164 1381 5204 esse
1408 5158 1577 5204 motu-

4 5257 145 5296 rum.
187 5242 294 5297 Sed
320 5258 415 5296 eas
444 5242 618 5294 adhuc
662 5241 774 5309 ipsa
804 5241 1041 5294 novitate
1064 5240 1411 5308 trepidantes,
1443 5242 1581 5296 mira

3 5331 204 5385 virtute
229 5339 285 5385 et
309 5331 585 5385 celeritate
610 5321 1170 5399 perdomuitflnterea
1196 5329 1422 5398 Draptes
1451 5346 1580 5383 una-

3 5435 111 5487 que
140 5419 442 5481 Lucterius,
479 5434 600 5473 cum
628 5418 818 5472 adesse
847 5417 1130 5472 Caninium
1162 5426 1216 5471 et
1247 5418 1485 5487 legiones
1523 5420 1577 5473 in

4 5509 206 5563 ﬁnibus
243 5509 357 5564 suis
387 5508 623 5570 videret,
662 5508 900 5576 undique
926 5507 1166 5563 collectis
1190 5510 1359 5576 copiis
1379 5549 1393 5573 ,
1424 5509 1563 5579 Oppi.

6 5597 133 5650 dum
167 5598 251 5652 vel
297 5600 364 5653 ad
398 5613 564 5652 unum
607 5596 771 5669 [Leg.
812 5595 1241 5668 Uxellodunum]
1288 5598 1573 5665 occupanti

10 5682 126 5736 Iloc
148 5685 401 5753 oppidum
430 5686 485 5740 in
521 5687 818 5742 editissima
865 5686 1063 5741 montis
1111 5702 1236 5741 arce
1282 5689 1573 5755 pendebat,

996 309 1385 365 FRE’CL'LPIII
1418 308 1871 364 LEXOVIENSIS
1909 309 2208 364 EPISCCPI

3110 306 3197 359 HI"
3219 306 3259 359 8

1660 423 1866 478 duabus
1889 424 2128 494 partibus
2147 440 2242 493 per
2262 425 2487 494 abrupta
2511 424 2679 478 latera
2704 439 2806 477 non
2828 437 2997 491 parvo
3015 420 3247 477 Mne

1654 514 1975 584 cingebatur
2000 534 2013 568 :
2052 517 2229 569 medio
2257 516 2447 571 deinde
2468 516 2731 570 descensu
2759 514 3060 585 largissime
3087 514 3243 568 fonte

1656 620 1929 668 securum,
1964 605 2299 676 plurimique
2335 607 2630 661 introrsum
2666 606 2817 675 copia
2850 604 3097 659 frumenti
3140 615 3232 659 tu-

1659 702 1768 747 tum
1791 734 1805 758 ,
1839 694 2023 767 irritos
2067 696 2249 765 procul
2295 697 2571 750 discursus
2611 696 2844 751 hostium
2880 695 3224 765 despiciebat.

1656 782 1933 846 Caninius,
1981 784 2122 853 quod
2173 785 2345 839 solum
2399 784 2645 839 Ruinana
2689 785 2982 854 provisione
3014 786 3222 854 potuit,

1657 873 1844 926 ambos
1872 873 2036 928 duces
2069 888 2190 928 eum
2228 881 2381 941 parte
2408 873 2683 942 copiarum
2715 874 2933 942 plurima
2958 874 3007 927 in
3030 890 3239 943 campo-

1655 971 1910 1016 evocatos
1938 963 2174 1017 maximo
2200 963 2386 1031 pra-lio
2415 964 2705 1031 superavit.
2739 963 2866 1017 Nam
2893 979 2992 1017 uno
3018 982 3048 1017 e
3070 965 3215 1019 duci-

1657 1052 1758 1106 bus
1788 1052 2092 1115 interfecto,
2122 1053 2260 1106 alter
2284 1069 2407 1106 cum
2436 1054 2777 1122 paucissimis
2802 1054 2946 1123 fugit,
2968 1055 3131 1108 nullus
3158 1057 3208 1109 in

1658 1143 1910 1213 oppidum
1936 1144 2097 1207 redit,
2126 1144 2218 1198 sed
2244 1144 2313 1197 ad
2347 1144 2398 1197 id
2427 1144 2838 1213 oppugnandum
2861 1144 3060 1199 Gmsare
3082 1161 3209 1214 arms

1660 1232 1778 1285 fuit.
1813 1232 1996 1301 Itaque
2023 1234 2228 1287 certior
2246 1249 2343 1303 per
2365 1235 2581 1288 nuntios
2605 1232 2778 1288 factus
2800 1233 2890 1288 fuit
2912 1234 3051 1306 [Dele
3070 1235 3207 1305 ἠπίη,

1661 1321 1843 1379 Caesar
1870 1324 2126 1386 accurrit,
2162 1323 2677 1393 circumspectisque
2709 1325 2945 1379 omnibus
2964 1366 2977 1389 ,
3003 1327 3054 1379 vi
3075 1329 3139 1379 'et
3164 1329 3206 1380 si

1661 1429 1971 1486 expugnare
1997 1415 2048 1469 vi
2076 1415 2359 1479 moliatur,
2390 1415 2515 1470 ludo
2550 1424 2608 1470 et
2653 1417 2946 1486 spectaculo
2986 1418 3208 1472 hostium

1663 1507 1947 1562 delendum
1992 1521 2113 1561 esse
2155 1507 2452 1561 exercitum
2484 1523 2680 1562 suum:
2723 1524 2879 1561 unum
2905 1509 3064 1562 solum
3097 1524 3213 1563 esse

1662 1598 1995 1667 przcsidium,
2024 1598 2070 1652 si
2097 1613 2314 1668 quoquo
2343 1600 2502 1653 modo
2530 1599 2715 1654 hostes
2751 1614 2882 1667 aqua
2924 1609 3209 1653 arceantur.

1666 1688 1773 1743 Sed
1799 1697 1853 1742 et
1882 1690 1985 1743 hoc
2015 1704 2230 1758 quoque
2261 1689 2364 1744 nisi
2391 1689 2573 1745 Cmsar
2600 1706 2707 1745 non
2733 1691 3014 1759 potuisset:
3051 1692 3212 1760 siqui-

1669 1780 1790 1834 dem
1823 1779 1944 1834 fons
1980 1793 2089 1849 quo
2131 1780 2197 1834 ad
2245 1787 2427 1849 potum
2471 1780 2785 1845 utebantur,
2830 1782 2993 1836 medio
3036 1782 3215 1837 devexi

1668 1871 1868 1926 montis
1890 1870 2059 1925 latere
2083 1868 2425 1925 fundebatur.
2457 1871 2641 1941 Caesar
2661 1871 2729 1925 ad
2752 1873 3039 1941 proximum
3066 1871 3216 1928 forulis

1668 1962 1940 2017 admoveri
1964 1964 2154 2019 vineas
2174 1965 2479 2035 turrimque
2498 1968 2704 2022 exstrui
2719 1965 2884 2035 jubet.
2908 1967 2989 2021 Fit
3005 1985 3219 2039 mgnus

1666 2053 1903 2122 undique
1931 2070 2225 2110 concursus
2249 2071 2315 2110 ex
2348 2057 2544 2126 oppido
2570 2071 2584 2111 :
2634 2059 2827 2127 quibus
2852 2060 2962 2113 sim!
2995 2061 3221 2130 periculo

1667 2142 2056 2213 proeliantibus,
2086 2145 2334 2209 Romani,
2364 2148 2612 2216 quamvis
2639 2150 2976 2217 pertinaciter
3003 2153 3220 2207 oi:s’.ste-

1669 2241 1810 2295 rent,
1839 2232 2188 2304 crebriusque
2209 2236 2576 2302 succederent,
2600 2239 2899 2309 complures
2923 2251 3097 2297 tantum
3120 2252 3225 2297 trn-

1669 2323 2008 2379 cidabantur.
2039 2326 2207 2397 Igitur
2233 2330 2532 2383 exstruitur
2560 2345 2741 2401 agger,
2771 2341 2825 2385 et
2861 2336 3017 2388 turris
3039 2337 3227 2401 pedum

1670 2415 1969 2485 sexaginta,
1995 2416 2150 2485 cujus
2176 2429 2358 2473 vertex
2390 2421 2594 2489 mquari
2623 2422 2689 2477 ad
2731 2421 2889 2477 fontis
2917 2424 3087 2479 locum
3119 2442 3230 2495 pus-

1671 2505 1758 2569 sit,
1792 2516 1853 2560 ut
1878 2521 1941 2560 ex
1975 2523 2129 2578 aequo
2161 2509 2263 2563 tela
2307 2511 2498 2579 conjici
2529 2520 2758 2581 queant,
2799 2514 2882 2570 vel
2913 2518 3231 2584 pmipitata

1672 2596 1904 2664 desuper
1933 2612 2186 2652 saxorum
2210 2599 2480 2654 volumina
2510 2617 2617 2656 non
2650 2603 2847 2656 timeri.
2875 2603 3132 2675 Oppidani
3152 2624 3238 2660 au-

1672 2694 1803 2751 tem,
1830 2686 1921 2740 ubi
1953 2688 2250 2743 exanimari
2270 2690 2363 2744 siti
2387 2705 2493 2745 non
2514 2692 2684 2747 solum
2708 2708 2901 2762 pecora
2927 2712 3241 2760 sua,verum

1672 2778 1834 2831 etiam
1881 2777 2204 2834 infirmiores
2247 2781 2524 2835 hominum
2571 2790 2760 2839 aetates
2802 2784 3012 2847 vident,
3053 2803 3245 2857 cupas,

1672 2867 1813 2937 pice,
1851 2883 1977 2923 sevo
2023 2878 2077 2924 et
2110 2869 2335 2926 sindulis
2367 2872 2620 2941 repletas,
2667 2890 2731 2929 ac
2777 2875 2971 2931 deinde
3013 2878 3253 2933 immisso

1674 2958 1816 3028 igne,
1851 2958 1902 3012 in
1936 2973 2106 3027 prona
2143 2962 2501 3030 pnecipitant,
2528 2979 2729 3033 easque
2767 2965 2870 3036 ipsi
2910 2975 3023 3022 toto
3060 2970 3255 3039 oppido

1677 3047 1828 3103 effusi
1859 3051 2282 3118 subsequuntur.
2300 3050 3077 3121 Ardeatibus’macbinis,cum
3097 3075 3259 3129 grave

1676 3136 1918 3204 praelium
1949 3138 2062 3193 suis
2089 3139 2271 3194 Cmsar
2289 3156 2353 3195 ac
2378 3143 2739 3212 periculosum
2763 3146 3262 3214 videret,cohortes

1678 3224 1731 3277 in
1762 3225 1987 3280 circuitu
2017 3228 2196 3298 oppidi
2225 3229 2303 3284 ire
2337 3230 2590 3287 velociter
2608 3248 2705 3302 per
2729 3236 3003 3291 occultum
3031 3238 3265 3309 imperat

1675 3323 1837 3383 atque
1883 3317 2123 3387 undique
2169 3320 2345 3376 subito
2381 3332 2597 3377 vastum
2644 3324 2941 3382 clamorem
2991 3330 3263 3385 attollere.

1674 3405 1791 3473 Quo
1833 3406 1976 3463 facto
2012 3412 2346 3467 consternati
2384 3413 2658 3483 oppidani,
2691 3416 2819 3471 dum
2862 3433 3158 3474 recurrere
3200 3420 3267 3474 ad

1676 3499 2024 3553 muniendum
2052 3501 2307 3570 oppidum
2332 3503 2539 3569 volunt,
2571 3506 2645 3560 ab.
2667 3509 3075 3579 oppugnatione
3108 3511 3272 3565 turris

1676 3591 1762 3646 vel
1803 3593 2146 3648 demolitione
2191 3596 2403 3666 aggeris
2449 3605 2809 3652 recesserunt.
2842 3597 2929 3652 Illi
2962 3608 3151 3653 tamen
3182 3601 3270 3669 qui

1679 3684 1746 3738 ad
1773 3684 2085 3740 incidendas
2124 3684 2288 3742 fontis
2321 3702 2486 3743 venas
2525 3687 2626 3742 sub
2653 3688 2879 3744 obtentu
2920 3691 3147 3760 aggeris
3176 3692 3275 3746 tuti

1678 3773 1953 3828 cuniculos
1981 3774 2370 3843 perfodiebant,
2394 3778 2635 3845 repertos
2654 3776 2709 3830 in
2730 3775 2990 3831 abstruso
3009 3794 3272 3847 aquarum

1680 3870 1887 3916 meatus
1927 3876 2023 3930 per
2060 3862 2229 3918 multa
2268 3863 2552 3920 dividendo
2597 3865 2805 3920 tenuari
2855 3866 2911 3919 in
2963 3866 3277 3936 semetipsis

1679 3950 2029 4020 consumique
2055 3950 2318 4007 fecerunt.
2345 3953 2627 4025 Oppidani,
2654 3953 2800 4009 fonte
2829 3955 3065 4019 siccato,
3090 3956 3275 4009 ultima

1681 4039 2056 4107 desperatione
2086 4042 2340 4113 correpti,
2371 4042 2696 4098 deditionem
2726 4044 2810 4097 sui
2836 4043 3070 4098 faciunt.
3098 4045 3279 4100 Caesar

1680 4138 1860 4184 autem
1888 4131 2140 4186 omnibus
2164 4132 2257 4201 qui
2283 4148 2437 4187 arma
2466 4134 2701 4188 tulerant
2729 4149 2927 4188 manus
2954 4135 3207 4198 sustulit,
3230 4146 3281 4189 et

1680 4221 1849 4275 vitam
1900 4221 2152 4290 reliquit,
2197 4238 2305 4291 quo
2350 4224 2596 4278 testatior
2629 4234 2775 4279 esset
2820 4226 2996 4280 etiam
3048 4228 3284 4295 posteris

1683 4324 1843 4379 poena
1902 4310 2289 4380 improborum.
2341 4311 2565 4367 Multum
2601 4314 2748 4369 enim
2794 4314 2865 4368 ad
2907 4316 3279 4369 coercendam

1684 4400 1964 4456 audaciam
2012 4401 2153 4456 valet
2199 4402 2534 4472 propositum
2582 4403 2880 4473 punitionis
2926 4403 3281 4473 exemplum,

1683 4506 1804 4546 eum
1836 4490 1954 4560 ipsa
1979 4492 2163 4546 miseri
2188 4506 2425 4561 przesens
2446 4492 2619 4547 forma
2650 4493 2904 4558 viventis,
2927 4502 2987 4548 et
3011 4495 3082 4547 ad
3106 4509 3284 4548 recor-

1683 4581 1959 4639 dationem
1997 4580 2249 4636 admonet
2293 4582 2577 4646 conscios,
2624 4590 2679 4636 et
2726 4580 2794 4636 ad
2840 4582 3282 4638 seiscitau'onem

1683 4674 1827 4744 cogit
1858 4676 2092 4744 ignaros.
2132 4673 2422 4729 Exhaustis
2461 4682 2624 4743 atque
2651 4674 2929 4730 demolitis
2953 4673 3172 4737 Gallis,
3202 4690 3284 4729 εει

1684 4783 1847 4822 curus
1874 4767 2055 4822 Carsar
2076 4782 2197 4822 cum
2231 4766 2528 4837 legionibus
2555 4766 2608 4819 in
2634 4765 2845 4820 Italiam
2876 4768 3078 4830 rediit,
3109 4766 3288 4821 nullus

1684 4864 1807 4924 post
1832 4871 1890 4910 se
1914 4854 2185 4911 Gallorum
2217 4864 2396 4910 motus
2414 4855 2819 4925 pertimescens,
2847 4871 2953 4926 pro
2981 4864 3142 4911 certo
3164 4870 3287 4912 esse

1684 4948 1861 5003 sciens
1889 4948 2108 5002 minime
2137 4947 2346 5016 aliquos
2370 4948 2460 5016 qui
2488 4947 2574 5003 vel
2614 4948 2821 5002 moveri
2851 4948 3137 5014 audeant,
3170 4948 3289 5013 vel,

1685 5044 1726 5096 si
1759 5048 2098 5106 moveantur,
2132 5040 2353 5094 timendi
2381 5039 2511 5094 sint.

2284 5142 2513 5199 CAPUT
2551 5142 2661 5199 VII.

1727 5233 1806 5288 De
1832 5249 1952 5287 nece
1979 5232 2159 5287 Crassi
2186 5242 2235 5287 et
2260 5232 2482 5288 Romani
2506 5235 2766 5289 exercitus
2793 5235 2941 5304 apud
2974 5232 3243 5289 Parthos.

1755 5322 1873 5379 Jam
1900 5325 2160 5378 victorem
2181 5322 2448 5377 Caesarem
2483 5325 2548 5378 de
2575 5322 2745 5378 Gallia
2780 5337 3078 5378 reversum
3106 5324 3295 5379 civilia

1686 5412 1826 5468 bella
1849 5412 2104 5467 comitata
2129 5411 2512 5480 sunt,.aliaque
2534 5411 2855 5479 gravissima
2899 5410 3051 5466 mala
3069 5450 3087 5473 ,
3120 5410 3294 5465 inter-

1686 5501 1894 5558 terfecti
1935 5502 2075 5572 apud
2119 5501 2347 5555 Parthos
2379 5499 2561 5555 Crassi
2596 5508 2653 5555 et
2685 5500 2948 5555 trucidati
2982 5501 3293 5560 exercitus,

1683 5603 2096 5664 praecesserunt.
2139 5592 2367 5649 Crassus
2415 5592 2617 5659 itaque,
2661 5590 2717 5645 in
2752 5592 3051 5645 consulatu
3080 5590 3293 5658 collega

1685 5683 1941 5753 Pompeii,
1975 5681 2303 5751 provinciam
2343 5680 2570 5737 sortitus
2596 5680 2650 5737 in
2681 5680 2940 5738 Parthos.
2979 5681 3159 5737 homo
3204 5679 3291 5733 in-

2748 5058 2787 5071 ς
