3964 6172
181 280 291 338 tua!)

1226 274 1633 332 CllRONlCON.
1676 309 1745 317 —
1785 278 1947 334 TOMI
1985 279 2001 333 Ι
2037 280 2164 334 LIB.
2206 281 2315 336 VII.

3267 291 3404 348 1099

175 385 425 459 explebilis
455 383 785 454 cupiditatis,
811 383 989 438 audita
1023 385 1077 438 in
1117 383 1501 457 Hierosolymis
1537 387 1718 457 templi
1752 393 1794 450 Α
1825 388 1949 443 buni
1982 391 2170 460 plebis,
2201 407 2299 460 pro
2334 393 2545 449 Cmsare
2576 394 2990 466 intercedenles,
3019 398 3246 459 Lentulo
3275 421 3406 462 con—

175 477 442 548 upulentia,
470 490 631 544 quam
666 473 954 543 Pompeius
997 475 1254 529 intactam
1303 477 1630 544 reliquerat,
1669 478 1721 532 in

176 567 486 624 Palaestinam
531 565 780 630 divertit,
813 564 1244 636 “Hierosolymam
1292 567 1426 631 adit,
1469 568 1724 638 templum

173 657 408 726 pervadit,
429 670 561 725 opes
583 655 784 724 diripit,
811 663 868 708 ut
895 670 1056 724 supra
1087 655 1452 712 meminimus.
1485 658 1610 712 lude
1630 675 1727 726 per

175 748 584 818 Mesrpotamiam
611 747 837 800 tendens
863 745 915 799 in
939 745 1240 811 Parthiam,
1281 763 1598 816 quacunque
1621 749 1726 802 iter

177 839 360 902 habuit,
398 837 559 891 sociis
589 835 898 891 civitatibus
930 835 1130 890 auxilia
1182 836 1394 902 indixit,
1425 837 1594 906 pretia
1638 852 1726 890 ex-

170 929 284 999 egit;
307 935 536 994 tuosque
571 935 630 980 ut
651 925 911 980 Eufraten
943 925 1193 992 transiit,
1227 926 1372 982 illico
1397 927 1621 982 Baiesen
1653 927 1723 982 le-

169 1030 332 1092 gatttm
377 1019 446 1072 ab
488 1015 706 1071 Herode
751 1031 875 1086 rege
913 1015 1240 1070 Parthorum
1291 1016 1356 1070 ad
1395 1032 1454 1072 se
1501 1019 1724 1072 missum

169 1109 361 1164 obvium
381 1107 593 1169 habuit,
622 1120 652 1158 a
682 1120 790 1174 quo
817 1106 1166 1162 Vehementer
1189 1105 1502 1176 'increpatus
1526 1114 1610 1162 est
1629 1121 1728 1160 cur

169 1209 335 1254 contra
359 1197 532 1252 fwdus
559 1195 766 1250 Luculli
796 1205 850 1250 et
875 1197 1148 1266 Pompeii,
1181 1198 1411 1252 avaritia
1445 1199 1722 1263 inductus,

168 1291 405 1346 Eufraten
437 1289 712 1344 transiret.
743 1288 1106 1354 Quamobrem
1145 1291 1264 1343 sine
1294 1305 1442 1344 mora
1489 1289 1724 1343 futurum

167 1394 215 1438 ut
239 1400 327 1455 pro
347 1399 478 1440 auro
506 1383 760 1438 Parthico
792 1379 980 1436 Serice
1009 1380 1152 1436 ferro
1179 1391 1514 1438 oneraretur.
1541 1382 1726 1452 Itaque

165 1493 274 1531 cum
301 1491 465 1547 prope
499 1474 736 1530 Charras
764 1484 978 1528 ventum
1005 1483 1174 1537 esset,
1207 1473 1390 1528 Parthi
1435 1476 1610 1529 subito
1641 1475 1723 1528 in-

163 1576 417 1635 gruentes,
453 1579 574 1618 cum
605 1562 813 1618 Surena
839 1573 894 1617 et
937 1561 1136 1618 Silacia
1180 1562 1485 1632 pnefectis,
1513 1563 1727 1634 sagittis

162 1669 461 1724 oppressere
485 1653 775 1708 Romanos.
803 1651 1061 1708 Cecidere
1089 1652 1158 1707 ibi
1187 1652 1403 1720 plurimi
1427 1662 1722 1718 senatores,

1827 477 1940 532 sole
1971 481 2119 533 curia
2164 479 2388 550 foroque
2428 483 2713 552 prohibiti,
2758 487 2824 540 ad
2863 487 3128 544 Caesarem
3177 495 3403 564 profecti

1827 578 1968 634 sunt,
1995 569 2226 625 Curione
2255 572 2412 626 simul
2443 572 2718 644 Cu~lioque
2761 579 3161 636 comitantibus.
3200 582 3371 640 Caesar

1827 657 2102 714 Rubicone
2130 659 2346 716 flumine
2375 672 2724 730 transmeato,
2754 683 2877 722 mox
2909 678 2968 723 ut
2992 670 3290 728 Ariminum
3320 691 3401 731 ve-

1827 750 1922 813 nit,
1947 751 2183 820 quinque
2211 753 2482 818 cohortes,
2511 769 2644 822 quas
2673 764 2799 810 tunc
2826 759 2968 813 solas
3005 761 3254 830 halebat,
3279 781 3425 834 cum,

1825 838 2020 908 quibus
2048 841 2127 910 (ut
2158 841 2234 895 ait
2261 841 2464 911 Livius)
2501 844 2686 898 orbem
2721 854 2986 902 terrarum
3033 851 3256 908 adortus
3291 867 3402 923 est,

1825 929 1953 997 quid
2000 927 2143 983 facto
2189 947 2322 1000 opus
2365 942 2508 986 esset
2553 935 2788 989 edocuit.
2837 937 3130 1007 Deplorans
3182 942 3406 1010 injurias

1825 1035 1973 1086 suas,
1997 1037 2214 1076 causam
2236 1023 2362 1077 belli
2388 1024 2582 1090 civilis,
2609 1041 2708 1096 pro
2729 1028 3074 1085 restituendis
3096 1031 3148 1085 in
3173 1034 3404 1102 patriam

1826 1113 2076 1177 tribunis,
2096 1128 2214 1168 esse
2240 1121 2470 1171 testatus
2491 1127 2593 1170 est.
2619 1119 2742 1173 lnde
2765 1134 2864 1192 per
2885 1119 3172 1178 Antoninum
3195 1135 3400 1194 septem

1824 1205 2091 1268 cohortes,
2137 1221 2256 1272 quae
2284 1207 2426 1276 apud
2470 1205 2778 1264 Sulmonem
2821 1211 3192 1280 morabantur,
3236 1232 3264 1268 a
3303 1215 3406 1269 Lu-

1824 1295 1994 1349 cretio
2018 1295 2239 1364 recepit,
2276 1303 2384 1350 tres
2411 1295 2672 1367 legiones,
2699 1315 2818 1368 qua:
2845 1317 2967 1356 eum
3006 1302 3236 1356 Domitio
3264 1303 3402 1372 apud

1824 1383 2174 1438 Cornificium
2204 1383 2541 1455 [Corfinium]
2572 1388 2944 1455 morabantur,
2974 1390 3038 1444 ad
3068 1408 3193 1446 suas
3221 1400 3403 1462 partes

1826 1473 2152 1528 transduxit.
2181 1473 2465 1542 Pompeius
2506 1482 2667 1546 atque
2693 1478 2866 1532 omnis
2893 1489 3130 1541 senatus,
3157 1495 3406 1534 crescen-

1827 1564 1970 1617 tibus
2002 1563 2231 1618 Czesaris
2256 1563 2482 1628 viribus,
2516 1566 2731 1635 trepidi,
2757 1575 3009 1638 tanquam
3041 1569 3192 1622 Italia
3236 1569 3407 1638 pulsi,

1829 1653 1881 1707 in
1908 1652 2170 1708 Graeciam
2201 1656 2516 1720 transvecti,
2540 1655 2866 1710 Daraenium
2909 1658 3126 1727 gerendi
3157 1657 3278 1710 belli
3323 1673 3409 1712 se-

161 1746 312 1816 aliqni
355 1747 517 1800 etiam
564 1745 876 1800 consulares
919 1753 1012 1799 aut
1051 1745 1291 1814 praetorii
1333 1746 1453 1800 viri.
1495 1745 1723 1802 Crassus
1755 1735 1796 1792 Β
1825 1745 1944 1800 dem
1978 1743 2310 1813 delegerunt.
2347 1745 2527 1800 Cassar
2566 1745 2790 1800 Romam
2829 1747 3008 1811 venit,
3051 1757 3409 1818 negatamque

159 1835 530 1906 quoque'filius
546 1835 752 1901 Crassi,
791 1835 1118 1890 lectissimus
1141 1834 1378 1904 juvenis,
1411 1839 1462 1891 in
1488 1839 1606 1893 acie
1635 1854 1722 1894 oc-

159 1926 297 1980 cisus
317 1933 417 1980 est.
441 1924 709 1980 Praeterea
735 1935 966 1995 quatuor
985 1927 1236 1982 cohortes
1261 1943 1380 1980 tum
1405 1927 1726 1999 Barguntcio

160 2017 324 2090 legato
362 2019 552 2074 mediis
596 2004 946 2088 deprehensa:
989 2021 1193 2090 campis
1237 2020 1534 2077 interfectae
1579 2031 1721 2078 sunt.

159 2108 392 2164 Surenas
418 2117 684 2180 prterapto
717 2111 958 2180 equitatu
990 2109 1243 2166 Crassum
1278 2115 1526 2184 persequi
1558 2115 1728 2170 inten-

155 2200 252 2265 dit,
297 2215 525 2270 eumque
565 2202 994 2256 circumventum
1041 2217 1106 2258 ac
1151 2201 1350 2258 frustra
1401 2205 1726 2276 colloquium

156 2300 266 2370 ejus
283 2310 550 2372 petentem
581 2300 867 2366 interfecit,
896 2303 1144 2372 quamvis
1171 2303 1352 2356 vivum
1375 2304 1590 2359 auferre
1613 2321 1724 2358 ma-

154 2393 354 2449 luisset.
378 2393 565 2458 Pauci,
587 2393 846 2448 beneficio
871 2395 1044 2449 nectis
1074 2394 1306 2460 liberati,
1333 2395 1572 2450 Cltarras
1599 2412 1726 2464 con-

155 2483 416 2554 fugerunt.
445 2484 685 2539 Avaritia
709 2485 872 2540 etiam
901 2486 1060 2540 unius
1087 2485 1236 2540 nefas
1272 2485 1525 2555 explevit,
1564 2496 1623 2540 ut
1643 2486 1726 2568 le:

154 2578 333 2648 gioues
361 2577 641 2632 duodecim
665 2577 1029 2632 Romanorum
1060 2586 1152 2632 aut
1179 2585 1351 2647 captae
1388 2578 1574 2648 paucis
1615 2578 1727 2632 ela-

151 2667 280 2736 psis,
315 2676 406 2721 aut
433 2683 588 2723 came
633 2683 754 2722 cum
799 2668 1024 2723 ducibus
1061 2669 1174 2723 suis
1218 2669 1344 2722 sint.
1379 2668 1551 2740 Caput
1595 2684 1726 2724 vero

151 2756 331 2810 Crassi
361 2771 479 2811 cum
497 2757 720 2812 dextera
744 2772 905 2811 manu
925 2758 990 2811 ad
1009 2773 1186 2829 regem
1203 2758 1436 2812 delatum
1455 2767 1557 2814 est.
1573 2759 1726 2826 Quod

149 2846 437 2902 ludibrium
470 2846 570 2902 fuit
603 2847 1014 2918 spectatoribus.
1064 2849 1178 2902 Rex
1227 2849 1408 2918 itaque
1450 2863 1639 2902 aurum
1671 2849 1728 2902 in

147 2953 243 2993 ore
266 2939 382 3010 ejus
409 2940 656 2996 relictum
691 2939 996 3014 [liquatum]
1022 2941 1184 3012 jussit
1211 2941 1512 3006 infundere,
1543 2943 1722 2997 aiens:

151 3029 286 3086 Urat
314 3046 456 3086 nunc
488 3039 539 3086 te
566 3031 900 3098 Parthicum,
931 3032 1072 3102 quod
1101 3040 1152 3087 te
1179 3033 1360 3086 vivum
1391 3033 1601 3096 urebat,
1631 3049 1726 3086 au-

1825 1834 1926 1888 sibi
1954 1849 2019 1888 ex
2049 1835 2243 1888 aerario
2272 1835 2551 1903 pecuniam
2590 1834 2774 1890 fractis
2815 1833 3019 1890 foribus
3045 1836 3262 1901 i..vasit,
3290 1851 3412 1906 pro-

1827 1926 2050 1996 tulitque
2079 1942 2144 1982 ex
2173 1941 2236 1981 eo
2263 1929 2378 1981 auri
2425 1928 2602 1996 pondo
2629 1937 2859 1996 quatuor
2884 1929 3027 1984 mille
3064 1937 3281 1984 centum
3312 1929 3414 1984 tri-

1825 2018 1970 2088 ginta
1996 2033 2112 2082 sex,
2139 2017 2345 2087 argenti
2372 2019 2549 2086 pondo
2578 2033 2742 2088 prope
2774 2027 3040 2088 nongenta
3066 2019 3250 2072 millia.
3281 2018 3411 2074 inde

1826 2107 2096 2176 digressus
2140 2107 2442 2161 Ariminum
2471 2107 2538 2161 ad
2579 2107 2836 2178 legiones,
2865 2123 2988 2160 mox
3033 2108 3196 2177 Alpes
3223 2117 3406 2162 trans-

1824 2207 2033 2264 vectus,
2081 2196 2366 2253 Massiliam
2411 2197 2558 2252 venit
2599 2215 2610 2250 :
2653 2197 2718 2251 ad
2758 2211 2922 2266 quam
2966 2199 3412 2268 Oppugnandam,

1825 2305 1948 2344 cum
1999 2298 2247 2360 receptus
2291 2305 2398 2343 non
2441 2297 2613 2355 esset,
2643 2288 2972 2344 Trebonium
3017 2306 3140 2344 cum
3183 2299 3414 2356 quatuor

1826 2379 2127 2452 legionibus
2173 2381 2506 2450 relinquens,
2541 2381 2608 2434 ad
2641 2380 2924 2448 Hispanias
2951 2380 3243 2444 contendit,
3275 2393 3412 2450 quas

1826 2469 2022 2524 Lucius
2077 2471 2404 2540 Aphranius,
2447 2477 2504 2524 et
2554 2469 2622 2523 Μ.
2676 2469 2939 2536 Petreius,
2988 2479 3044 2524 et
3090 2469 3158 2524 Μ.
3213 2470 3402 2532 Varro,

1827 2559 2136 2630 Pompeiani
2183 2563 2378 2624 duces,
2425 2576 2546 2614 cum
2605 2559 2902 2630 legionibus
2949 2560 3284 2614 obtinebant.
3331 2560 3406 2614 lbi

1828 2650 2009 2704 multis
2053 2649 2252 2719 prrcliis
2299 2649 2570 2704 Petreium
2615 2649 3057 2720 Aphraniumque
3107 2659 3412 2718 superatos,

1827 2742 2122 2809 composita
2156 2741 2421 2811 pactione,
2463 2741 2682 2795 dimisit.
2732 2740 2788 2794 lu
2835 2740 3094 2794 ulteriore
3137 2755 3266 2794 vero
3312 2739 3408 2793 lli-

1829 2832 2017 2901 spania
2063 2832 2196 2886 duas
2227 2831 2462 2898 legiones
2489 2845 2520 2882 a
2557 2828 2627 2882 Μ.
2659 2828 2896 2883 Varrone
2941 2827 3197 2896 suscepit.
3246 2826 3412 2881 Simi-

1829 2921 1955 2975 liter
1978 2930 2033 2976 et
2075 2921 2238 2974 duces
2267 2919 2404 2986 ejus,
2451 2919 2554 2974 hoc
2597 2927 2702 2982 est,
2731 2915 2894 2972 Curio
2930 2916 3191 2972 Catonem
3225 2915 3414 2971 Sicilia

1831 3010 2056 3080 expulit,
2079 3010 2324 3065 Valerius
2343 3009 2556 3064 Cottam
2581 3007 2850 3073 Sardinia,
2871 3008 3209 3063 Tuberonem
3230 3007 3412 3062 Africa

148 3137 290 3176 rum.
321 3121 488 3192 Igitur
521 3123 672 3178 clade
703 3123 1068 3178 Romanorum
1112 3123 1323 3194 cognita
1343 3163 1358 3188 ,
1405 3138 1526 3178 cum
1571 3121 1721 3194 [υει.

1833 3105 2004 3159 Varus
2030 3103 2210 3174 ejecit.
2234 3101 2412 3158 Caesar
2441 3100 2728 3155 Massiliam
2753 3085 2990 3166 rediens,
3016 3101 3298 3155 obsidione
3325 3101 3417 3154 do-

144 3211 302 3283 cum]
333 3213 512 3267 multa:
538 3211 775 3269 Orientis
803 3214 1092 3284 provinciae
1132 3229 1161 3266 a
1206 3213 1462 3268 societate
1498 3214 1580 3268 vel
1623 3213 1727 3268 fide

142 3299 326 3369 populi
353 3298 582 3356 Romani
609 3301 952 3365 defecissent,
980 3301 1226 3358 Nicasius
1250 3300 1326 3374 [ni
1354 3302 1595 3376 Cassius]
1618 3303 1728 3357 col-

144 3389 305 3444 lectis
335 3405 403 3444 ex
450 3388 572 3461 fuga
616 3391 878 3446 militibus
909 3392 1115 3460 paucis,
1151 3392 1598 3448 intumescentem
1625 3392 1726 3464 Sy—

141 3482 284 3536 riam
319 3483 536 3554 egregia
576 3483 739 3538 animi
771 3483 970 3538 virtute
1009 3499 1074 3538 ac
1120 3483 1488 3538 moderatione
1531 3485 1728 3553 pressit

141 3573 504 3646 [pressisset].
533 3573 636 3641 Qui
661 3582 716 3630 et
742 3575 1066 3630 Antiochum
1097 3575 1387 3645 copiasque
1407 3574 1729 3647 ejus‘ingen-

140 3673 226 3718 tes
260 3663 450 3732 praelio
491 3665 620 3720 vicit
669 3673 724 3720 et
766 3665 1038 3721 interfecit
1074 3683 1088 3719 :
1128 3665 1359 3719 Parthos
1405 3681 1620 3736 quoque
1660 3665 1730 3720 ab

139 3754 364 3810 Ilorode
392 3756 443 3810 in
471 3754 684 3828 Syriam
716 3759 930 3824 missos,
969 3757 1192 3828 jamque
1234 3757 1508 3829 ingressos
1537 3756 1730 3812 Antio-

136 3845 344 3909 chiam,
375 3845 516 3901 bello
542 3847 766 3916 expulit,
791 3849 1089 3920 ducemque
1109 3863 1295 3904 eorum
1323 3848 1533 3920 Osagen
1563 3849 1730 3902 inter-

137 3935 295 3990 fecit.
357 3936 566 3992 lnterea
599 3939 792 4003 Roma,
846 3916 1126 4009 repentino
1162 3949 1411 4010 correpta
1438 3916 1728 4005 inccndio,

133 4038 565 4082 concrematur:
614 4029 878 4084 incertum
929 4030 1053 4084 inde
1096 4041 1403 4097 concretus,
1440 4030 1729 4100 plurimam

132 4115 312 4172 Urbis
342 4125 549 4187 partem
583 4118 723 4191 ignis
749 4119 968 4184 invasit,
1000 4135 1099 4174 nec
1127 4135 1361 4190 unquam
1395 4130 1552 4174 antea
1581 4128 1730 4173 tanto

128 4207 401 4262 incendio
429 4217 740 4280 corruptam
789 4225 853 4265 ac
893 4219 1159 4266 vastatam
1207 4211 1479 4265 civitatem
1531 4212 1728 4264 ferunt.

128 4293 281 4349 Nam
314 4297 726 4364 quatuordecim
753 4299 900 4354 vicos
927 4315 1049 4354 cum
1081 4300 1198 4354 vico
1227 4297 1446 4371 Jugario
1475 4314 1732 4355 consum-

124 4396 266 4456 ptos
289 4387 459 4444 fuisse
484 4390 756 4446 memoria:
785 4392 1054 4459 proditum
1082 4401 1184 4447 est.

745 4504 971 4560 CAPUT
1011 4504 1140 4560 VIII.

129 4592 281 4648 Orta
315 4594 436 4648 hinc
470 4594 642 4648 civilia
673 4595 805 4649 bella
838 4597 970 4650 inter
1017 4593 1277 4649 Cursarem
1319 4605 1367 4648 et
1401 4591 1724 4660 I’mnpeimu,

205 4664 346 4734 quia
367 4661 643 4736 Pompeius
667 4666 925 4736 instigavit
945 4676 1181 4720 senatum
1205 4676 1256 4719 ut
1280 4675 1522 4734 negarent
1544 4665 1730 4718 iterum

208 4733 553 4787 consulatum
579 4733 798 4790 Ca’sart'.

209 4842 364 4899 Hinc
386 4844 499 4915 jam
526 4845 724 4900 bellum
754 4846 910 4902 civile
937 4846 1312 4912 committitur,
1341 4847 1481 4916 quod
1526 4846 1733 4916 magnis

113 4933 251 5004 jam
277 4935 482 4990 dudum
504 4936 932 4992 dissensionibus
951 4953 1014 4992 ac
1039 4937 1402 4992 molitiouibus
1419 4938 1732 5008 parabatur.

115 5026 290 5081 Nam
339 5028 550 5083 rediens
591 5028 775 5084 Ctesar
808 5031 982 5084 victor
1019 5046 1083 5085 ex
1133 5028 1336 5096 Gallia,
1377 5030 1594 5084 decerni
1634 5031 1736 5085 sibi

116 5114 367 5173 a'bsenti
404 5119 596 5174 iterum
641 5120 976 5176 consulatum
1022 5120 1284 5189 poposcit.
1332 5119 1734 5176 Contradictum

117 5221 226 5267 est
274 5227 312 5264 a
343 5209 596 5266 Marcello
633 5209 875 5274 consule,
909 5209 1185 5263 annitente
1217 5209 1492 5280 Pompeio.
1533 5209 1666 5263 Dein
1690 5215 1738 5264 ’e

115 5305 435 5358 decretum
477 5311 561 5357 est
587 5317 615 5356 a
648 5309 834 5356 senatu
876 5307 934 5354 ut
976 5299 1027 5353 in
1058 5298 1255 5354 Urbem
1289 5299 1467 5353 Ctesar
1494 5315 1599 5354 non
1632 5298 1734 5352 nisi

115 5396 382 5450 dimisso
407 5395 646 5450 exercitu
683 5394 907 5456 veniret,
934 5400 991 5446 et
1015 5407 1083 5445 ex
1111 5390 1342 5444 Marcelli
1373 5390 1612 5446 consulis
1643 5405 1736 5442 au-

112 5485 414 5540 ueritate
457 5485 524 5538 ad
570 5485 826 5556 legiones,
848 5477 976 5553 "quae
1021 5481 1161 5552 apud
1212 5480 1495 5535 Luceriam
1544 5489 1734 5545 erant,

111 5575 445 5646 Pompeius
465 5591 588 5631 cum
619 5573 844 5643 imperio
871 5573 1068 5628 missus
1091 5579 1192 5625 est.
1219 5569 1398 5626 Caesar
1423 5571 1735 5625 Ravennam

115 5683 270 5726 sese
327 5669 568 5724 contulit.
618 5667 828 5722 Marcus
869 5663 1132 5720 Antonius
1160 5672 1214 5719 et
1255 5662 1312 5718 P.
1353 5662 1593 5730 Cassius,
1638 5663 1735 5718 tri-

1757 4425 1808 4484 D

1828 3198 2046 3260 mitam,
2087 3196 2197 3249 vita
2247 3203 2457 3248 tantum
2488 3201 2543 3247 et
2585 3192 2834 3247 libertate
2880 3206 3157 3257 concessa,
3204 3192 3416 3246 czeteris

1828 3290 1990 3344 rebus
2020 3288 2246 3343 abrasit.
2276 3273 2346 3340 At
2372 3301 2505 3340 vero
2527 3284 2799 3340 Dolabella
2825 3285 3059 3355 partium
3095 3283 3328 3339 Cmsaris
3358 3286 3412 3340 in

1825 3379 2040 3451 Illyrico
2064 3395 2162 3450 per
2201 3373 2486 3433 Octaviani
2514 3385 2568 3431 et
2602 3375 2882 3431 Libionem
2908 3376 3102 3440 victus,
3136 3375 3414 3445 copiisque

1825 3479 2050 3535 exutus,
2097 3470 2162 3524 ad
2208 3469 2503 3522 Antonium
2550 3465 2705 3537 fugit.
2765 3465 2996 3521 Basilius
3041 3476 3096 3520 et
3145 3466 3414 3522 Salustius

1826 3578 1948 3617 cum
1983 3561 2209 3631 singulis
2253 3559 2554 3628 legionibus
2593 3557 2788 3624 quibus
2827 3565 3124 3626 praeerant,
3166 3557 3418 3610 similiter

1826 3661 1881 3708 et
1903 3653 2188 3716 Antonius,
2218 3650 2537 3704 Hortensius
2565 3661 2778 3716 quoque
2806 3649 2872 3702 ab
2906 3647 3091 3700 infimo
3121 3647 3258 3700 mari
3286 3662 3410 3700 cum

1828 3742 1998 3796 classe
2025 3748 2429 3805 concurrentes,
2456 3753 2754 3807 omnesque
2783 3737 2986 3806 pariter
3029 3737 3287 3792 adversus
3313 3735 3418 3814 0e—

1830 3834 2032 3889 tavium
2081 3840 2136 3888 et
2186 3831 2500 3886 Bibulonem
2549 3827 2854 3902 [Libonem]
2896 3828 3125 3898 profecti
3175 3838 3229 3882 et
3279 3828 3409 3884 victi

1829 3937 1973 3984 sunt.
2006 3927 2271 3982 Antonius
2299 3942 2421 3981 cum
2462 3941 2519 3980 se
2565 3923 2788 3980 Octavio
2829 3939 2950 3980 cum
2982 3922 3290 3994 quindecim
3323 3939 3415 3978 co-

1829 4019 2078 4074 hortibus
2123 4018 2390 4082 dedisset,
2438 4031 2624 4070 omnes
2672 4015 2740 4068 ad
2775 4014 3086 4084 Pompeium
3129 4029 3158 4066 a
3204 4013 3412 4068 Libone

1831 4109 2041 4164 deducti
2098 4115 2242 4161 sunt.
2295 4105 2458 4161 Curio
2507 4118 2570 4160 ex
2631 4103 2815 4158 Sicilia
2876 4105 2928 4158 in
2991 4103 3226 4157 Africam
3285 4119 3409 4158 eum

1831 4199 2068 4254 exercitu
2122 4207 2493 4266 transgressus
2541 4202 2656 4258 est,
2693 4209 2853 4264 quem
2900 4193 3035 4248 Juba
3084 4209 3178 4248 rex
3237 4193 3415 4247 conti-

1832 4306 1940 4344 nuo
2001 4297 2285 4359 exceptum
2349 4305 2470 4343 cum
2537 4289 2787 4342 omnibus
2859 4287 3027 4358 copiis
3100 4285 3410 4341 trucidavit.

1834 4379 2110 4446 Octavius,
2157 4379 2282 4433 dum
2333 4377 2559 4432 Salonas
2603 4378 2912 4448 oppugnare
2955 4385 3204 4441 conatur,
3230 4392 3417 4451 omnes

1835 4487 1969 4544 pene
2013 4473 2196 4542 copias
2241 4488 2376 4542 (ptas
2419 4473 2570 4526 duxit
2615 4472 2814 4526 amisit.
2860 4469 3062 4526 Coelius
3110 4471 3334 4526 descivit
3360 4477 3416 4526 "a

1831 4562 2064 4624 Cesare,
2103 4577 2167 4616 ac
2210 4578 2269 4616 se
2305 4561 2482 4616 Miloni
2529 4560 2698 4616 exsuli
2735 4559 2936 4629 junxit.
2973 4560 3215 4632 Cumque
3251 4563 3413 4617 ambo

1833 4669 2112 4709 servorum
2146 4670 2305 4708 manu
2347 4653 2582 4724 Capuam
2605 4669 2917 4726 oppugnare
2947 4653 3287 4720 molirentur,
3315 4670 3415 4709 ex-

1834 4746 2016 4800 stincti
2043 4753 2187 4800 sunt.

2448 4854 2672 4910 CAPUT
2707 4853 2800 4910 ιχ.

1839 4967 1917 5023 De
1943 4969 2139 5040 prqliis
2163 4971 2300 5040 inter
2336 4968 2598 5024 Cmarem
2631 4981 2677 5040 et
2713 4967 3023 5040 Pompeium
3055 4970 3232 5040 gestis,
3265 4986 3326 5022 ac
3351 4971 3418 5024 de

1910 5037 2126 5110 victdria
2152 5039 2377 5110 thsaris
2405 5049 2452 5093 et
2477 5055 2598 5092 nece
2628 5038 2884 5108 Pompeii.
2915 5037 2992 5091 De
3019 5037 3239 5110 reliquis
3259 5040 3416 5093 etiam

1913 5109 2056 5163 bellis
2085 5109 2344 5171 civilibus,
2367 5124 2460 5178 per
2483 5119 2709 5178 quatuor
2730 5124 2894 5178 ςιιιιιοε
2922 5109 3098 5178 gestis,
3123 5123 3184 5162 ac
3207 5109 3417 5162 demum

1911 5180 1976 5232 de
2003 5176 2518 5248 interfectione'luti’i
2547 5176 2794 5232 Ctesaris.
2927 5176 2936 5178 ⁷
3316 5192 3319 5195 ·

1915 5291 2120 5346 interea
2161 5289 2303 5360 apud
2347 5287 2660 5342 Diracltium
2705 5286 2859 5342 multi
2907 5285 3144 5344 Orientis
3171 5301 3322 5356 reges
3351 5287 3421 5342 ad

1843 5385 2154 5454 Pompeium
2195 5398 2316 5438 cum
2349 5379 2564 5435 auxiliis
2597 5388 2979 5435 convenerunt.
3009 5378 3125 5445 Quo
3153 5393 3275 5434 eum
3305 5377 3407 5433 Cte-

1843 5495 1935 5534 sar
1983 5479 2249 5541 venisset,
2293 5475 2606 5546 Pompeium
2656 5473 2934 5530 obsidione
2979 5471 3178 5528 frustra
3227 5471 3418 5537 cinxit,

1843 5570 1957 5638 ipse
1983 5577 2182 5621 terram
2214 5565 2520 5637 quindecim
2564 5564 2786 5618 millium
2817 5577 3070 5631 passuum
3109 5561 3252 5618 fossa
3283 5575 3412 5632 prae-

1843 5671 2079 5726 struens,
2107 5673 2226 5712 cum
2263 5656 2337 5712 illi
2385 5657 2558 5711 maria
2593 5662 2858 5726 paterent.
2903 5651 3189 5724 Pompeius
3227 5649 3422 5709 caste-le
