3958 6172
534 252 663 308 1091
1551 236 1935 292 FRECULPHI
1974 230 2428 288 LEXOVlENSlS
2468 225 2767 283 EPISCOPI
3607 226 3715 280 {092

524 361 636 415 lum
681 354 944 426 quoddam
974 348 1331 422 propinquum
1376 347 1535 412 mari,
1576 348 1719 416 quod
1754 345 2095 399 Marcellinus
2128 354 2172 411 Α
2200 342 2275 395 Ea
2318 340 2531 394 ﬂamma
2576 353 2698 393 cum
2745 344 2952 407 partiam
3001 351 3215 406 quoque
3277 337 3426 392 urbis
3463 338 3713 404 invasisset.

525 425 794 513 tuebatur,
830 445 1023 501 evertit
1068 441 1425 512 praesidiaque
1455 439 1703 503 Caesaris,
1732 453 1850 506 qua:
1900 436 2094 489 ibidem
2197 430 2591 500 quadringenta
2610 426 2777 507 millia
2813 426 3094 490 librorum,
3121 426 3387 495 proximis
3406 425 3534 482 forte
3557 431 3721 487 adibus

526 540 893 600 morabantur,
919 533 1343 589 occidit..C:esar
1368 531 1549 600 itaque
1574 529 1904 596 Torquatum
1935 524 2099 593 legio-
2198 522 2411 575 condita
2431 559 2445 584 ,
2492 518 2737 572 exussit:
2767 516 3038 587 singulare
3081 516 3326 585 profecto
3370 532 3721 578 monumentum

525 642 757 697 nemque
789 640 972 689 unam,
1016 631 1075 677 ut
1123 628 1473 692 expugnaret,
1517 632 1804 688 aggressus
1835 623 1938 668 est.
1986 612 2099 666 Hoc
2198 608 2359 663 studii
2386 619 2641 676 curaeque
2658 605 2949 675 majorum,
2973 605 3066 674 qui
3095 613 3174 659 tot
3200 612 3454 675 tantaque
3481 606 3721 665 illustrium

524 693 766 792 periculo
794 716 1064 771 sociorum
1095 711 1380 781 Pompeius
1406 708 1641 779 cognito,
1678 719 1867 761 omnes
1908 718 1972 759 eo
2010 717 2100 758 co-
2199 698 2535 768 ingeniorum
2585 710 2748 765 opera
2790 704 3193 765 congesserant.
3228 693 3409 750 Caesar
3448 707 3616 767 postea
3659 700 3722 754 in-

524 788 641 883 pias
684 811 861 863 traxit.
891 807 946 860 in
987 819 1147 874 quem
1185 818 1243 857 se
1285 801 1429 856 illico
1470 800 1672 864 Caesar,
1716 798 1916 854 omissa
1958 796 2102 850 obsi—
2200 792 2374 846 sulam
2414 791 2507 846 ubi
2548 789 2749 859 pharus
2776 796 2915 853 erat,
2941 788 3123 858 cepit:
3155 802 3221 843 eo
3253 789 3490 844 Achillas
3515 805 3624 845 cum
3644 791 3722 847 Ca—

525 902 716 965 dione,
767 895 1050 953 convertit.
1102 892 1407 960 Torquatus
1440 905 1471 944 e
1514 888 1741 958 vestigio
1786 899 2099 953 erumpens,
2199 886 2432 941 binianis
2479 884 2737 939 militibus
2782 884 2931 938 venit
2972 902 2985 936 :
3030 884 3222 954 ingens
3264 899 3441 953 pugna
3488 887 3725 941 commissa

526 1004 777 1046 aversum
819 987 1093 1041 insecutus
1123 981 1333 1037 estalta
1359 979 1589 1035 Caesaris
1631 977 1852 1040 milites,
1879 975 2102 1044 ancipiti
2201 987 2325 1043 est;
2376 992 2570 1047 magna
2616 976 2691 1031 ibi
2732 974 3159 1031 Caesarianorum
3213 975 3446 1030 militum
3495 977 3727 1033 multitudo

526 1078 765 1150 periculo
794 1074 998 1139 territi,
1030 1073 1148 1141 ipso
1191 1069 1404 1125 Cmsare
1447 1068 1649 1122 frustra
1677 1066 1995 1129 obsistente,
2026 1061 2105 1117 fu-
2203 1062 2415 1127 cecidit,
2442 1078 2631 1119 omnes
2653 1064 2818 1117 etiam
2844 1056 3219 1118 interfectores
3243 1063 3482 1134 Pompeii
3507 1065 3727 1121 interfecti

528 1178 741 1239 gerunt.
770 1164 1057 1234 Pompeius
1085 1170 1233 1226 vero,
1276 1159 1503 1215 Cresaris
1546 1172 1759 1226 quoque
1799 1155 2106 1211 testimonio
2204 1163 2358 1220 sunt;
2407 1152 2588 1208 Caesar
2614 1154 2669 1208 vi
2718 1153 3079 1209 insistentium
3110 1154 3345 1210 hostium
3379 1170 3600 1224 pressus,
3627 1172 3724 1212 sca-

528 1259 720 1318 victor,
751 1261 1163 1326 persequentem
1202 1249 1475 1304 revocavit
1516 1248 1836 1302 exercitum.
1866 1245 2108 1313 Quatuor
2204 1246 2367 1314 pham
2396 1244 2657 1307 ascendit,
2686 1259 2792 1313 qua
2824 1257 2948 1297 mox
2986 1244 3224 1312 pondere
3252 1252 3475 1314 gravata
3504 1260 3561 1300 ac
3590 1260 3729 1300 mersa

532 1348 697 1403 millia
753 1346 981 1401 militum
1031 1342 1294 1408 Caesaris,
1343 1340 1685 1395 centuriones
1734 1338 1923 1408 viginti
1978 1337 2105 1400 duo,
2207 1333 2672 1403 subsequentium,
2703 1346 2801 1400 per
2830 1331 3089 1386 ducentos
3119 1346 3312 1400 passus
3348 1333 3417 1386 ad
3450 1348 3618 1387 navem
3647 1349 3728 1387 una

533 1438 743 1507 equites
784 1434 1009 1490 Romani
1035 1432 1362 1501 complures,
1406 1430 1459 1484 in
1489 1444 1554 1483 eo
1582 1428 1767 1498 praslio
1807 1426 1930 1481 cmsi
1960 1433 2107 1480 sunt.
2209 1439 2371 1476 manu
2398 1422 2625 1487 elevata,
2660 1436 2769 1491 qua
2795 1420 3013 1474 chartas
3045 1421 3281 1486 tenebat,
3308 1422 3482 1476 nando
3506 1425 3729 1491 pervenit.

535 1527 713 1581 Caesar
736 1526 882 1590 inde,
905 1525 1068 1578 citato
1091 1521 1319 1592 agmine,
1341 1535 1438 1590 per
1460 1519 1678 1589 Epirum
1701 1517 1752 1571 in
1779 1515 2109 1571 Thessaliam
2213 1514 2359 1579 Mox,
2392 1511 2568 1567 navali
2628 1511 2923 1566 certamine
2976 1511 3238 1580 pulsatus,
3291 1526 3483 1582 magna
3526 1510 3732 1566 felicitate

537 1599 793 1689 perrexit.
844 1616 1129 1685 Pompeius
1177 1629 1298 1668 cum
1353 1611 1603 1665 maximis
1648 1609 1820 1678 copiis
1869 1617 2108 1670 secutus,
2211 1607 2439 1661 classem
2483 1604 2687 1675 regiam
2733 1612 2827 1658 aut
2872 1604 3139 1673 depressit
3165 1611 3259 1657 aut
3290 1604 3514 1674 accepit.
3545 1603 3730 1658 Alexan-

539 1709 844 1778 bellumque
878 1706 1224 1761 commissum
1250 1713 1351 1759 est.
1381 1703 1564 1772 Itaque
1610 1702 1897 1756 instruitur
1939 1698 2109 1753 utrin-
2139 1714 2182 1772 Β
2209 1697 2379 1751 drinis
2396 1710 2587 1771 ‘regem
2611 1696 2919 1764 petentibus
2949 1694 3182 1749 reddidit
3214 1695 3477 1749 monitum
3501 1703 3555 1748 ut
3597 1695 3732 1765 magis

532 1817 636 1870 que
661 1801 824 1855 acies.
857 1799 1141 1869 Pompeius
1179 1796 1451 1868 octoginta
1476 1804 1532 1849 et
1564 1805 1688 1849 octo
1721 1794 1973 1848 cohortes
2016 1790 2107 1844 tri-
2212 1789 2506 1843 amicitiam
2557 1786 2901 1860 [Romanam]
2931 1802 3092 1857 quam
3135 1802 3287 1841 arma
3329 1787 3556 1857 experiri
3589 1787 3734 1841 stude-

530 1890 655 1960 plici
701 1890 891 1944 ordine
933 1886 1147 1943 locavit.
1180 1886 1421 1940 Fuerunt
1466 1892 1645 1939 autem
1687 1882 1928 1952 peditum
1978 1896 2111 1950 qua-
2213 1889 2316 1934 ret.
2360 1879 2463 1945 Qui
2512 1887 2692 1933 tamen
2738 1877 2883 1933 illico
2926 1887 2985 1932 ut
3011 1878 3148 1933 liber
3174 1878 3298 1943 fuit,
3339 1878 3531 1934 bellum
3571 1878 3733 1941 intulit,

533 1986 787 2055 draginta
820 1985 1009 2049 millia,
1036 1984 1245 2053 equites
1286 1982 1340 2037 in
1383 1982 1603 2037 sinistro
1644 1995 1809 2035 cornu
1846 1978 2108 2043 sexcenti,
2212 1970 2306 2024 sed
2348 1969 2604 2023 continuo
2643 1984 2763 2023 cum
2794 1978 2908 2023 toto
2934 1969 3176 2023 exercitu
3218 1984 3315 2024 suo
3350 1978 3405 2024 et
3442 1970 3545 2040 ipse
3570 1969 3737 2025 deletus

534 2079 588 2132 in
620 2079 808 2133 dextro
849 2076 1146 2146 quingenti.
1186 2074 1459 2130 Praeterea
1502 2088 1657 2145 reges
1688 2072 1871 2135 multi,
1900 2079 2113 2125 senato-
2213 2069 2316 2115 εει·
2342 2059 2473 2113 Nam
2512 2059 2700 2127 viginti
2745 2060 2913 2114 millia
2962 2061 3239 2115 hominum
3288 2060 3341 2115 in
3367 2076 3434 2116 eo
3462 2060 3586 2114 bello
3623 2073 3732 2114 caasa

539 2185 647 2232 res,
674 2169 986 2238 equitesque
1014 2165 1232 2236 plurimi
1279 2164 1506 2219 Romani
1554 2165 1757 2232 absque
1800 2161 1995 2217 levium
2028 2176 2114 2214 ar-
2213 2152 2542 2207 referuntur.
2576 2151 2866 2205 Duodecim
2897 2152 3061 2205 millia
3084 2167 3207 2207 cum
3236 2153 3567 2223 septuaginta
3596 2150 3733 2219 longis

541 2270 871 2314 maturarum
916 2274 1108 2329 magna
1147 2258 1322 2328 copia.
1351 2256 1535 2311 Caesar
1565 2255 1814 2311 similiter
1842 2253 2113 2323 octoginta
2216 2244 2443 2298 navibus
2492 2243 2690 2297 dedita.
2747 2242 3145 2314 Quinquaginta
3189 2258 3256 2297 ex
3300 2243 3582 2297 victoribus
3624 2240 3736 2294 ceci-

541 2351 790 2404 cuhortes
826 2348 1018 2418 triplici
1056 2347 1246 2402 ordine
1291 2346 1577 2416 disposuit,
1609 2344 1695 2400 cui
1744 2343 1964 2399 fuerunt
2008 2358 2114 2397 non
2218 2339 2361 2394 disse
2391 2338 2663 2392 dicuntur.
2711 2336 2826 2392 Rex
2860 2337 2975 2407 ipse
3012 2337 3343 2402 adolescens,
3387 2338 3573 2406 scapha
3608 2348 3735 2389 exce—

542 2440 719 2493 minus
752 2454 912 2507 quam
944 2439 1161 2510 triginta
1205 2437 1369 2492 millia
1407 2437 1666 2506 peditum,
1696 2436 1905 2504 equites
1950 2434 2111 2488 mille.
2215 2438 2341 2500 ptus
2366 2439 2426 2484 ut
2467 2428 2694 2500 fugeret,
2724 2429 2904 2483 multis
2946 2430 2999 2482 in
3027 2445 3147 2482 eam
3179 2429 3531 2484 insilientibus
3571 2441 3735 2480 mersus

543 2529 737 2582 Videre
778 2528 849 2583 ibi
881 2535 937 2582 et
978 2543 1193 2598 gemere
1239 2537 1358 2581 erat
1401 2535 1707 2582 contractas
1751 2525 2114 2579 Romanorum
2218 2533 2545 2590 necatusque
2581 2530 2684 2585 est,
2724 2530 2778 2574 et
2815 2535 3009 2589 corpus
3039 2518 3154 2587 eius
3195 2521 3261 2574 ad
3303 2520 3457 2574 littus
3486 2517 3734 2573 devolutum

543 2618 686 2672 vires
714 2617 766 2670 in
813 2618 1020 2686 campis
1061 2617 1385 2672 Pharsalicis
1416 2617 1483 2671 ad
1512 2616 1835 2671 occisionem
1878 2624 2117 2668 mutuam
2220 2616 2417 2671 indicio
2443 2616 2625 2671 lorica:
2653 2630 2830 2669 aurea:
2864 2615 3136 2682 cognitum
3173 2614 3290 2669 fuit.
3316 2613 3439 2680 Qua
3475 2613 3630 2667 Caesar
3646 2607 3739 2662 Ale-

541 2708 882 2772 COﬂSliliSSe;
909 2723 1042 2776 (1⁸³³3
1083 2707 1129 2762 εί
1157 2707 1445 2762 concordia
1473 2706 1722 2770 FeXlsseh
1755 2704 1883 2758 milli
1912 2702 2115 2774 Ρορυιί,
2220 2708 2500 2762 xandriam
2548 2709 2847 2778 praemissa,
2875 2707 3268 2762 Alexandrinus
3304 2722 3495 2761 omnes
3534 2705 3592 2758 ad
3626 2700 3732 2756 dedi-

543 2798 673 2854 uulli
739 2813 891 2870 reges
939 2796 1081 2853 ferre
1140 2798 1460 2866 potuissent.
1511 2796 1689 2853 Prima
1741 2795 2119 2864 congressione
2220 2799 2423 2853 tionem
2476 2800 2854 2869 desperatione
2889 2799 3164 2869 compulit,
3214 2814 3539 2869 regnumque
3567 2792 3740 2865 1E3pr

542 2891 814 2959 equitatus
863 2889 1099 2959 Pompeii
1150 2889 1353 2959 pulsus,
1405 2890 1625 2944 sinistra
1665 2888 1830 2942 latera
1871 2886 2113 2940 nudavit.
2220 2890 2514 2960 Cleopatra:
2537 2890 2843 2945 dediiJnde
2859 2890 3070 2961 Syriam
3094 2900 3443 2961 pervagatus,
3466 2890 3741 2943 Pharnacem

547 2986 749 3041 Deinde
797 3000 918 3040 cum
955 2985 1042 3039 diu
1094 2985 1344 3052 utrinque
1376 2983 1535 3037 dubia
1578 2991 1722 3035 sorte
1761 2982 2116 3044 mederentur,
2222 2980 2277 3033 in
2312 2979 2483 3033 Ponto
2525 2981 2673 3034 vicit.
2722 2980 2914 3035 Postea
2962 2996 3091 3034 vero
3137 2996 3298 3050 quam
3344 2980 3561 3035 Romam
3601 2975 3741 3035 venit,

547 3085 708 3144 atque
736 3090 801 3128 ex
835 3073 937 3126 alia
964 3081 1117 3142 parte
1146 3072 1428 3140 Pompeius
1457 3072 1598 3124 inter
1624 3070 1945 3123 hortandum
1976 3068 2117 3122 dice-
2145 3068 2190 3129 C
2221 3070 2454 3124 dictator
2487 3080 2543 3124 et
2579 3069 2767 3124 consul
2809 3078 3045 3135 creatus,
3088 3071 3142 3124 in
3189 3071 3429 3126 Africam
3468 3068 3679 3127 transiit,
3703 3074 3744 3118 et

549 3173 631 3218 ret
657 3182 668 3216 :
698 3163 864 3217 Parce
892 3164 1120 3226 civibus,
1153 3176 1253 3215 nec
1282 3171 1459 3214 tamen
1490 3159 1722 3223 faceret;
1756 3175 1824 3213 ex
1855 3158 1957 3211 alia
1996 3173 2122 3212 vero
2226 3162 2364 3230 apud
2395 3161 2664 3231 Thapsum
2694 3177 2815 3216 cum
2846 3161 2980 3216 Juba
3017 3170 3071 3215 ct
3106 3162 3353 3232 Scipione
3382 3161 3641 3234 pugnavit,
3664 3172 3747 3211 ina-

549 3253 729 3307 Czesar
772 3253 875 3306 hoc
916 3251 1136 3314 faceret,
1167 3251 1308 3321 quod
1341 3258 1575 3318 urgeret,
1614 3249 1834 3303 dicens:
1866 3248 1909 3302 Ο
1946 3248 2118 3310 miles,
2223 3252 2531 3321 ximamque
2561 3252 2632 3306 ibi
2673 3252 2951 3307 hominum
2996 3253 3393 3329 multitudinem
3432 3249 3674 3307 interfecit
3704 3255 3747 3299 et

552 3343 746 3398 faciem
792 3341 893 3396 feri
942 3342 1153 3396 intuere
1185 3351 1254 3393 ιε
1292 3338 1511 3393 tandem
1561 3338 1846 3391 universus
1885 3336 2123 3406 Pompeii
2225 3349 2401 3395 castra
2431 3341 2710 3410 utriusque
2754 3342 2959 3410 direpta
3006 3352 3163 3406 sunt,
3205 3343 3487 3413 sexaginta
3527 3335 3746 3408 elephanti

550 3433 689 3504 fugit
731 3431 1021 3497 exercitus,
1045 3440 1332 3500 castraque
1373 3429 1580 3498 direpta
1621 3437 1764 3482 sunt.
1821 3427 1969 3503 Cgesa
2000 3435 2125 3482 sunt
2225 3432 2387 3501 capti.
2419 3430 2552 3486 Cato
2591 3447 2709 3487 sese
2738 3434 2876 3502 apud
2904 3433 3117 3488 Uticam
3159 3434 3377 3498 occidit,
3420 3433 3547 3488 Juba
3574 3442 3749 3500 percus-

552 3523 607 3577 in
638 3538 703 3576 eo
738 3520 921 3590 praelia
946 3519 1392 3590 Pompeianorum
1435 3519 1743 3588 quindecim
1778 3519 1964 3583 millia,
2001 3533 2127 3572 een-
2226 3521 2333 3575 sori
2376 3520 2619 3591 jugulum
2667 3522 2842 3590 pretio
2881 3522 3005 3575 dato
3040 3523 3287 3593 prmbuit.
3328 3522 3568 3578 Petreius
3601 3517 3746 3573 eodem

556 3615 797 3669 turioncs
827 3613 1044 3683 triginta
1088 3620 1218 3667 tres.
1261 3611 1359 3665 Hic
1385 3610 1561 3665 exitus
1590 3626 1782 3680 pugna:
1823 3610 1889 3663 ad
1934 3608 2127 3663 Palaeo-
2227 3624 2286 3663 se
2319 3608 2493 3678 gladio
2520 3609 2771 3679 perfodit.
2803 3610 2982 3679 Scipio
3026 3611 3078 3664 in
3110 3614 3233 3665 navi
3261 3628 3366 3681 qua
3398 3613 3462 3665 ad
3493 3606 3747 3678 HiSpaniam

560 3702 870 3774 pharsalum
917 3701 1034 3755 fuit.
1078 3699 1363 3768 Pompeius
1402 3697 1633 3769 fugiens,
1676 3698 1729 3752 in
1778 3698 1919 3752 ostio
1966 3696 2127 3750 Penei
2228 3697 2414 3766 fugere
2455 3700 2805 3763 contendi-ns,
2850 3711 3012 3754 vento
3054 3711 3293 3767 coactus,
3341 3704 3401 3756 in
3442 3700 3655 3755 Africam
3688 3708 3750 3747 rc—

557 3792 737 3846 ‘amnis
777 3790 1079 3845 onerariam
1111 3803 1300 3842 navem
1339 3797 1549 3853 nactus,
1595 3787 1649 3841 in
1676 3787 1862 3840 Asiam
1894 3786 2125 3839 transiit.
2228 3790 2420 3851 dierat,
2461 3792 2808 3859 semetipsum
2842 3790 3125 3861 jugulavit.
3174 3793 3229 3846 ln
3261 3794 3453 3847 eadem
3491 3792 3599 3845 navi
3626 3787 3751 3839 etiam

559 3881 686 3936 Inde
717 3896 813 3950 per
843 3879 1074 3950 Cyprum
1099 3879 1151 3931 in
1182 3876 1472 3949 Egyptum
1498 3876 1679 3930 venit:
1713 3877 1893 3945 ibique
1922 3892 2045 3929 mox
2072 3884 2131 3928 ut
2230 3879 2384 3931 Titus
2410 3877 2716 3947 Torquatus
2746 3882 2956 3935 occisus
2984 3890 3085 3936 est.
3118 3881 3301 3935 Czesar
3342 3880 3579 3950 Pompeii
3614 3872 3751 3942 Magni

560 3970 709 4024 littus
729 3969 923 4038 attigit,
934 3968 1087 4039 jussu
1104 3966 1415 4021 Ptholommi
1437 3965 1879 4030 adolescentis,in
1901 3965 2130 4035 gratiam
2230 3979 2471 4037 nepotes,
2503 3970 2665 4023 tiliam
2695 3970 3000 4041 Pompeiam
3048 3974 3315 4043 simulque
3361 3990 3486 4027 cum
3529 3973 3606 4027 his
3646 3968 3755 4021 Fau-

557 4059 787 4115 C:esaris
815 4059 1056 4123 victoris,
1099 4058 1312 4114 occisus
1342 4064 1443 4111 est.
1475 4055 1715 4125 Pompeii
1756 4070 1891 4110 uxor
1932 4053 2132 4123 ﬁliique
2231 4066 2373 4114 stum
2402 4068 2455 4113 et
2490 4058 2717 4130 Syllam,
2757 4071 2810 4115 et
2843 4064 3176 4133 Aphranium
3214 4072 3270 4118 et
3315 4063 3602 4124 Petreium,
3632 4057 3757 4128 iussi!

560 4150 844 4221 fugerunt,
882 4157 1075 4204 caetera
1118 4148 1459 4220 Pompeianae
1502 4147 1692 4202 classis
1733 4146 1942 4217 direpta
1982 4154 2129 4210 sunt,
2231 4151 2422 4205 occidi.
2469 4150 2595 4205 Inde
2648 4161 2880 4219 quatuor
2932 4154 3217 4229 triumphis
3274 4154 3479 4210 Urbem
3513 4154 3756 4222 ingressus

564 4239 815 4294 omnibus
856 4240 946 4309 qui
992 4239 1045 4293 in
1091 4254 1155 4294 ea
1200 4247 1357 4293 erant
1406 4237 1776 4293 crudelissime
1827 4236 2127 4299 trucidatis,
2232 4241 2490 4311 disposito
2535 4254 2959 4312 recuperatoque
2996 4245 3301 4314 reipubliem
3342 4255 3510 4309 statu,
3549 4242 3760 4296 continuo

562 4331 744 4401 ibique
764 4339 818 4385 et
847 4329 1132 4399 Pompeius
1156 4329 1470 4400 Bithynicus
1497 4328 1708 4383 occisus
1733 4335 1838 4382 est.
1876 4325 2133 4380 Lentulus
2235 4332 2289 4385 in
2325 4332 2637 4401 llispaniam
2668 4343 2855 4388 contra
2904 4336 3187 4405 Pompeios
3222 4335 3467 4404 Pompeii
3498 4334 3625 4387 filios
3664 4341 3761 4398 pro-

560 4436 710 4486 vcro,
737 4421 822 4474 vir
862 4420 1183 4485 consularis,
1210 4419 1349 4490 apud
1378 4419 1647 4475 Pelusium
1674 4417 1987 4476 interfectus
2029 4424 2129 4470 est.
2159 4406 2211 4465 D
2237 4421 2428 4487 fectus,
2458 4424 2687 4492 ερριίιιιει
2724 4424 2932 4478 decima
2961 4442 3067 4495 qua
3093 4440 3344 4495 egressus
3374 4424 3549 4479 fuerat
3569 4422 3631 4474 ab
3654 4417 3765 4471 Urbe

562 4515 765 4577 Caesar,
806 4511 1117 4580 compositis
1154 4511 1295 4579 apud
1323 4510 1655 4579 Thessaliam
1689 4511 1866 4573 rebus,
1904 4507 2137 4561 Alexan-
2237 4514 2340 4577 die,
2375 4513 2671 4583 Saguntum
2708 4516 2983 4584 pervenit,
3028 4516 3319 4584 statimque
3366 4516 3619 4569 adversus
3642 4509 3768 4563 Poin—

564 4603 738 4657 driam
767 4602 928 4665 venit,
953 4601 1262 4671 perlatoque
1283 4602 1349 4655 ad
1375 4615 1433 4655 se
1455 4616 1519 4655 ac
1539 4602 1654 4655 viso
1678 4600 1915 4670 Pompeii
1937 4599 2132 4669 capite,
2234 4603 2386 4673 peius
2408 4602 2542 4658 duos
2565 4611 2618 4657 et
2642 4603 2959 4669 Labienum,
2988 4613 3147 4674 atque
3174 4604 3377 4658 Attium
3412 4605 3608 4658 Varum
3634 4594 3767 4652 multa

564 4689 2137 4761 annuloque,ﬂevit.Cumqueseinregiamrccepisset,elu—
2234 4691 2372 4745 bella
2416 4701 2471 4746 et
2516 4694 2665 4746 varia
2710 4703 2855 4747 sorte
2902 4696 3085 4764 gessit.
3118 4694 3382 4749 Ultimum
3426 4692 3618 4749 bellum
3659 4682 3770 4755 apud

566 4781 792 4834 dcbatur
812 4794 842 4832 a
873 4780 1156 4844 tutoribus,
1189 4794 1295 4850 quo
1333 4779 1511 4835 minus
1534 4779 1815 4849 pecuniam
1846 4779 2130 4848 acciperet,
2237 4784 2486 4838 Mundam
2514 4784 2707 4841 ﬂumen
2737 4785 2868 4858 [Al.,
2891 4786 3102 4858 urbem]
3139 4797 3348 4858 gestum
3383 4796 3487 4843 est.
3522 4784 3617 4841 Ubi
3644 4776 3773 4833 tantis

569 4870 765 4941 templa
794 4887 891 4926 sua
920 4880 1038 4926 astu
1069 4871 1425 4943 spoliantihus
1448 4881 1507 4927 ut
1549 4882 1606 4928 et
1643 4873 1822 4944 regios
1855 4873 2138 4926 thesauros
2239 4874 2444 4929 viribus
2479 4876 2808 4942 dimicatum,
2842 4886 3095 4946 tantaque
3125 4879 3297 4933 credes
3330 4887 3418 4932 est
3445 4885 3587 4941 acta,
3610 4879 3664 4925 ut
3684 4866 3775 4922 Cie-

566 4978 766 5018 vacuos
791 4978 910 5019 esse
936 4964 1303 5029 ostenderent,
1329 4973 1385 5019 et
1411 4965 1467 5019 in
1505 4964 1761 5019 invidiam
1797 4962 2025 5019 Cmsaris
2045 4976 2140 5031 po-
2240 4982 2330 5021 sar
2354 4982 2583 5035 quoque,
2618 4967 2883 5021 veteranis
2906 4969 3069 5022 etiam
3111 4969 3223 5024 suis
3263 4969 3460 5022 cedere
3489 4981 3591 5019 non
3625 4959 3781 5016 erube-

568 5055 750 5125 pnlum
781 5056 1133 5112 concitarent.
1160 5055 1364 5111 Praetor
1383 5056 1639 5119 Achillas,
1673 5056 1779 5109 dux
1811 5054 2011 5122 regius,
2039 5051 2131 5104 im-

2240 5058 2535 5121 scentibus,
2564 5074 2684 5113 cum
2715 5060 2845 5114 caedi
2876 5061 3101 5131 cogique
3147 5062 3315 5131 aciem
3347 5075 3505 5114 suam
3546 5056 3780 5110 cerneret.

568 5147 728 5204 butus
758 5148 923 5203 semel
958 5147 1196 5217 Pompeii
1229 5148 1508 5219 sanguine,
1539 5146 1767 5202 Caesaris
1803 5158 2018 5214 quoque
2045 5156 2140 5196 ne-
2242 5150 2536 5219 prmvenire
2578 5160 2748 5204 morte
2791 5129 3029 5205 futurum
3083 5152 3207 5207 victi
3241 5129 3494 5206 'dedeeus
3536 5144 3784 5214 cogitarit,

572 5254 690 5292 cem
732 5242 1109 5295 meditabatur.
1155 5239 1289 5294 Nam
1314 5242 1497 5310 jussus
1522 5239 1814 5293 exercitum
1844 5237 2136 5296 dimittere,
2249 5255 2370 5293 eum
2424 5240 2598 5293 subito
2649 5256 2836 5295 versus
2885 5242 2939 5296 in
2989 5241 3166 5312 fugam
3223 5240 3603 5308 Pompeiorum
3654 5228 3788 5284 cessit

571 5329 657 5383 cui
689 5340 939 5400 praeerat,
966 5331 1155 5403 viginti
1183 5331 1415 5385 millibus
1440 5341 1793 5389 armatorum,
1831 5343 1934 5381 non
1981 5328 2139 5380 modo
2249 5330 2535 5384 exercitus.
2568 5332 2633 5384 Et
2655 5332 2868 5400 quidem
2912 5348 2977 5386 eo
3005 5333 3091 5386 die
3119 5334 3220 5386 hoc
3257 5330 3458 5386 bellum
3500 5338 3673 5381 actum
3708 5330 3790 5377 est.

572 5422 774 5488 sprevit
814 5423 1117 5491 imperium,
1149 5438 1333 5477 verum
1370 5430 1423 5474 et
1452 5422 1623 5475 aciem
1668 5419 1882 5473 direxit.
1924 5418 1977 5470 lu
2027 5419 2142 5485 ipso
2249 5429 2356 5488 quo
2382 5419 2666 5489 Pompeius
2693 5431 2845 5489 pater
2873 5424 2941 5477 ab
2966 5422 3110 5477 Urbe
3151 5421 3342 5476 bellum
3376 5428 3631 5489 gesturus
3669 5410 3785 5465 antu-

573 5511 760 5579 νηιὶο
787 5515 933 5582 regia
961 5513 1149 5567 classis
1178 5512 1316 5567 forte
1341 5512 1621 5574 subducta,
1655 5510 1871 5578 jubetur
1904 5507 2136 5561 incendi.

2248 5524 2422 5582 gerat,
2448 5522 2781 5582 quatuorque
2806 5517 2957 5568 anuis
2984 5516 3083 5569 hoc
3110 5514 3300 5569 bellum
3326 5512 3494 5567 civile
3521 5506 3788 5563 indesinen-

644 5641 668 5667 ο
705 5628 859 5698 Apud
895 5629 1176 5696 Orosium,
1209 5628 1380 5694 Miles,
1412 5628 1601 5698 facient
1642 5629 1760 5697 (eri.
1794 5627 2024 5681 Verbum
2055 5628 2250 5683 intuere
2282 5629 2583 5683 deicndum.
2632 5629 2785 5681 linir.
