3958 6172
320 266 450 323 10υῦ

1326 242 1333 249 ’
1397 279 1808 337 CllRONlCON.
1848 314 1916 323 —
1956 284 2119 341 Tom
2153 254 2175 341 ἰ
2214 287 2339 343 un.
2384 291 2490 346 vn.

3420 304 3556 362 ιοξη

313 391 391 433 tcr
427 388 539 434 toto
568 380 698 435 orbe
744 383 933 436 tonuit.
970 381 1120 440 Titus
1160 385 1450 454 Labienus,
1483 399 1536 444 et
1568 391 1747 447 Attius
1780 392 1886 447 \‘a-
1914 407 1959 464 Α
1989 394 2387 467 adjumcntique
2434 401 2566 467 fuit,
2610 404 2702 458 sed
2735 406 2897 460 etiam
2924 423 3046 461 cum
3075 409 3367 467 introrsum
3411 430 3562 472 exer-

312 485 398 523 rus
429 469 481 522 in
520 470 636 523 acie
664 470 787 523 caesi
827 480 971 525 sunt.
1008 471 1073 528 G.
1107 473 1393 545 Pompeius
1432 495 1553 533 cum
1590 484 1883 538 centesimo

310 559 486 629 equite
530 558 774 629 aufugit:
809 558 975 616 frater
1013 562 1130 630 ejus
1170 563 1368 620 Sextus
1414 567 1721 639 Pompeius,
1750 587 1875 625 con-

311 658 474 704 tracta
502 650 752 705 celeriter
780 668 887 706 non
929 669 1092 723 parva
1122 656 1501 713 Lusitanorum
1549 677 1732 727 manu,
1762 680 1882 718 cum

309 738 533 793 Cesonio
573 754 894 810 congressus
930 751 985 795 et
1012 744 1183 797 victus
1222 745 1537 817 fugiensque
1569 750 1884 807 interfectus

310 838 405 883 est.
454 830 650 885 Munda
691 831 884 886 civitas
918 849 1040 887 cum
1092 836 1349 891 immensa
1394 839 1669 894 hominum
1715 842 1880 909 crede,

306 918 515 974 Ctesare
560 931 923 991 oppugnante,
968 923 1018 976 vi
1063 935 1218 994 capta
1275 937 1377 981 est.
1431 927 1615 983 Caesar
1655 930 1882 985 Romam

308 1010 481 1064 rediit.
514 1010 615 1065 Ubi
649 1012 776 1065 dum
805 1012 1109 1082 reipublicce
1155 1024 1354 1071 statum
1381 1026 1570 1072 contra
1618 1021 1881 1089 majorum

303 1099 541 1168 exempla
587 1099 882 1156 clementer
933 1103 1225 1167 instaurat,
1278 1108 1590 1164 auctoribus
1636 1111 1802 1167 Bruto
1830 1124 1884 1167 et

304 1186 505 1251 Cassio,
536 1189 754 1243 conscio
784 1190 945 1244 etiam
990 1191 1222 1261 plurimo
1257 1204 1443 1250 senatu
1465 1237 1479 1261 ,
1520 1198 1573 1252 in
1616 1201 1769 1255 curia
1800 1203 1882 1255 vi-

303 1275 430 1343 ginti
460 1284 515 1330 et
544 1278 718 1333 tribus
743 1277 1054 1335 vulneribus
1098 1282 1382 1340 confossus
1424 1288 1645 1343 interiit.
1681 1290 1736 1346 In
1777 1307 1882 1360 qua

306 1365 675 1434 conjuratione
718 1368 887 1424 fuisse
931 1372 1160 1442 amplius
1202 1377 1477 1447 sexaginta
1521 1381 1769 1437 conscios
1806 1383 1883 1439 fe-

304 1465 439 1509 runt.
474 1457 588 1511 Duo
615 1457 773 1513 Bruti
801 1467 857 1514 et
883 1460 948 1515 G.
977 1460 1220 1528 Cassius,
1249 1465 1446 1534 aliique
1475 1469 1628 1535 socii,
1677 1472 1882 1528 strictis

298 1546 632 1615 pugionibus,
662 1548 716 1601 in
744 1547 1065 1618 Capitolium
1089 1564 1448 1609 secesserunt.
1482 1556 1583 1612 Diu
1613 1559 1882 1616 delibera-

300 1644 406 1688 tum
430 1645 515 1690 est
537 1646 717 1691 utrum
731 1637 1051 1709 Capitolium
1073 1656 1195 1695 cum
1218 1645 1530 1700 auctoribus
1549 1649 1713 1703 casdis
1727 1665 1882 1720 Opor-

1987 486 2125 539 citus
2166 498 2446 558 pergeret,
2487 501 2542 545 et
2582 493 2726 547 circa
2759 511 2875 549 eam
2921 513 3040 566 qum
3085 501 3386 570 appellatur
3413 504 3562 563 Ouite

1986 575 2133 644 regio
2176 572 2415 646 Egyp‘tii
2462 579 2660 634 vellent
2696 585 2950 638 resistere
2991 602 3100 656 quo
3146 590 3564 650 intercluderent

1986 660 2107 726 iter,
2140 679 2327 718 rursus
2370 665 2652 735 Antipater
2680 685 2785 723 non
2819 672 2988 726 solum
3022 678 3247 731 removit
3293 682 3561 749 praelium,

1986 750 2078 803 sed
2123 754 2283 805 etiam
2311 755 2377 806 ad
2409 758 2705 811 exercitum
2745 759 3061 828 juvandum,
3090 782 3209 834 quae
3254 775 3558 827 necessaria

1985 839 2159 896 forent
2201 845 2341 909 usui,
2386 847 2454 901 ab
2500 848 2632 917 ipsis
2672 852 2763 919 qui
2811 867 2957 908 arma
2993 866 3183 913 contra
3214 875 3560 930 paraverant,

1983 932 2279 987 ministrari
2329 934 2476 990 fecit.
2522 938 2674 993 Unde
2715 940 3019 1015 Memphitte
3061 961 3274 1017 quoque
3308 967 3337 1005 a
3379 954 3563 1020 prtelio

1960 1026 2219 1079 ‘revocati
2257 1037 2398 1089 sunt,
2428 1039 2482 1083 et
2515 1046 2573 1085 se
2599 1033 2885 1089 Mitridatis
2927 1038 3171 1093 societati
3199 1042 3438 1099 volentes
3466 1046 3561 1101 de-

1984 1114 2128 1169 dere.
2161 1116 2262 1184 Qui
2312 1129 2727 1192 pmtcrgressus
2757 1128 3119 1195 suSpectiora,
3164 1147 3285 1186 cum
3336 1135 3558 1204 reliquis

1983 1205 2255 1277 Egyptiis
2298 1213 2691 1267 conserendum
2735 1215 2975 1283 praelium
3016 1229 3185 1286 ratus,
3219 1221 3560 1281 liberioribus

1983 1296 2199 1364 quidem
2230 1298 2386 1365 locis,
2415 1301 2508 1355 sed
2540 1301 2893 1360 validioribus
2924 1308 3053 1362 viris
3095 1309 3328 1380 regionis
3371 1314 3558 1383 ipsius,

1983 1384 2134 1454 cujus
2179 1387 2443 1444 incolatus
2486 1390 2793 1448 Judzeorum
2839 1398 3109 1453 exercitus
3167 1403 3557 1472 appellabatur,

1983 1488 2201 1534 strenue
2229 1482 2558 1539 deccrtavit:
2590 1487 2724 1542 adeo
2752 1497 2813 1543 ut
2854 1501 3126 1561 praerupto
3156 1510 3275 1550 sese
3318 1501 3559 1567 periculo

1982 1566 2154 1631 daret,
2183 1583 2246 1623 ac
2274 1584 2412 1639 pene
2436 1575 2736 1629 exstinctus
2757 1577 2915 1644 foret,
2941 1580 3045 1634 nisi
3067 1582 3349 1652 Antipater
3372 1589 3558 1646 videns

1982 1665 2175 1723 totum,
2204 1659 2257 1713 in
2288 1676 2392 1729 quo
2423 1661 2720 1720 Mitridates
2753 1676 2889 1733 erat,
2926 1669 3172 1724 dextrum
3201 1689 3368 1729 cornu
3412 1693 3442 1731 a
3473 1694 3559 1733 co-

300 1733 432 1826 lel't‘l
456 1725 712 1834 ’ίιιοθηίξί
745 1727 967 1834 'COI'DES
1011 1731 1127 1801 eius
1155 1741 1367 1834 ξθρῑιιξξι
1408 1737 1659 1834 Ρθρυίιιε,
1696 1739 1879 1795 (10101⁵0
1907 1755 1952 1812 Β
1981 1752 2136 1808 horte
2164 1725 2366 1823 urgeri,
2395 1771 2460 1809 ex
2491 1756 2594 1811 alia
2635 1773 2848 1827 quoque
2877 1770 3032 1829 parte
3075 1763 3271 1818 includi
3312 1764 3550 1834 flumine,

295 1815 617 1881 stimulatus,
650 1817 704 1871 in
742 1817 860 1874 foro
902 1819 1220 1890 fragmentis
1267 1824 1612 1881 tribunalium
1645 1844 1708 1883 ac
1749 1831 1876 1886 sub-

295 1902 568 1957 selliorum
593 1907 872 1961 cremavit.
902 1908 1006 1962 Sed
1034 1924 1153 1979 quze
1183 1912 1544 1979 praemisimus
1575 1917 1701 1971 dum
1733 1922 1873 1987 apud

294 1990 564 2047 llomanos
585 2004 918 2065 gererentur,
943 1998 1056 2054 ιιωο
1081 2001 1298 2056 interim
1324 2003 1377 2057 in
1396 2003 1579 2060 Judzea
1603 2016 1722 2062 acta
1746 2016 1873 2063 sunt

294 2100 411 2154 qua:
438 2095 760 2155 sequuntur.

912 2178 1140 2236 CAPUT
1178 2180 1246 2236 X.

290 2262 531 2347 Qualiter
557 2266 828 2347 Antipater
861 2269 1093 2347 ξιτ-ιιιὶίιηι⁵
1129 2268 1355 2326 Ctrsaris
1389 2276 1457 2329 sit
1486 2276 1703 2347 adeptus
1729 2297 1748 2333 :
1780 2283 1865 2336 cui

354 2336 738 2418 etiam-nudato
769 2336 982 2418 corpore
1007 2338 1222 2394 vulnera
1243 2358 1360 2411 qua:
1385 2360 1479 2413 pro
1508 2363 1567 2399 eo
1585 2336 1863 2418 'acceperat

351 2406 597 2467 ostendit,
619 2407 744 2488 dupe
772 2406 838 2488 ab
859 2406 1504 2488 Antigonoaccusaretur:
1527 2425 1574 2488 et
1599 2406 1865 2488 acceptum

349 2484 653 2548 potestatem
672 2475 877 2531 Judww
900 2475 1036 2531 inter
1061 2479 1200 2548 ﬁlios
1229 2497 1350 2535 suos
1382 2483 1645 2539 Herodem
1675 2475 1731 2540 et.
1754 2486 1865 2543 Fa-

348 2543 517 2597 selum
548 2545 740 2599 divisit.

344 2652 521 2710 Julius
567 2670 695 2729 ergo
737 2656 917 2713 Caesar
946 2659 1028 2730 (ut
1072 2661 1344 2732 pauliSper
1392 2674 1697 2734 repetamus
1744 2685 1862 2739 qum

277 2754 428 2813 gesta
457 2755 582 2801 sunt
603 2747 779 2819 prius)
804 2749 1170 2805 Aristobolum
1216 2753 1401 2809 Romae
1430 2758 1669 2813 vinctum
1710 2778 1863 2832 repe-

279 2839 367 2901 rit,
393 2853 626 2908 eumque
653 2854 777 2894 mox
806 2839 1052 2895 absolvit.
1094 2841 1354 2898 Levatum
1402 2857 1583 2902 autem
1614 2865 1644 2903 a
1675 2860 1861 2908 custo-

277 2928 386 2993 dia,
421 2929 638 2984 tributis
679 2930 1003 2987 militaribus
1026 2933 1186 2987 etiam
1215 2950 1527 3002 munerans,
1558 2941 1612 2993 in
1640 2939 1857 3011 Syriam

275 3021 502 3087 direxit,
547 3031 608 3076 ut
650 3020 890 3078 Judzeatn
928 3025 1031 3080 sibi
1061 3025 1395 3097 adjungeret,
1432 3029 1857 3102 Pompeiumque

272 3129 302 3165 a
336 3120 487 3184 tergo
512 3123 747 3180 urgeret.
775 3114 881 3171 Sed
909 3115 963 3171 iu
996 3118 1219 3173 exordio
1248 3126 1732 3188 tentamentorum,
1764 3126 1854 3181 ubi

270 3203 339 3257 ad
391 3203 570 3258 locum
616 3206 889 3273 pervenit,
935 3223 1143 3263 veneno
1192 3208 1549 3281 interemptus
1594 3213 1853 3270 infectum

267 3293 493 3362 reliquit
535 3294 828 3366 negotium.
876 3296 993 3363 Quo
1032 3308 1308 3368 comperto
1355 3300 1662 3373 Pompeius,
1711 3307 1854 3376 quod

265 3383 611 3438 Aristobolus
640 3385 693 3438 in
738 3384 922 3440 Iudaea
965 3387 1203 3443 rediviva
1253 3390 1354 3445 sibi
1384 3391 1519 3446 bella
1546 3409 1853 3465 pneparare

267 3481 609 3540 tentaverat,
641 3483 807 3530 etiam
851 3475 1020 3531 filium
1050 3479 1168 3549 ejus
1206 3478 1571 3536 Alexandrum
1612 3481 1848 3553 jugulati

252 3564 445 3634 jussit.
488 3563 681 3620 Postea
718 3580 848 3620 vero
876 3581 943 3621 ex
971 3567 1212 3637 Pompeii
1248 3569 1520 3640 plerisque
1567 3573 1850 3629 familiari-

259 3655 367 3710 bus
416 3654 710 3710 amicitiam
758 3656 990 3712 Caesaris
1031 3659 1408 3729 expetentibus
1471 3664 1847 3735 praecipueque

257 3742 640 3798 incredibilem
671 3745 725 3799 in
777 3747 994 3801 modum
1025 3748 1307 3817 Antipatro
1349 3750 1645 3807 amicitiam
1693 3770 1846 3809 suam

259 3831 568 3888 aﬂ'ectando
601 3834 809 3901 tribuit,
842 3843 897 3890 et
931 3836 1031 3891 hoc
1057 3837 1131 3891 ita
1161 3839 1405 3910 contigit.
1437 3840 1650 3896 Etenim
1685 3843 1849 3900 Ptho—

254 3921 507 3989 lomzeus,
538 3923 756 3996 Egypti
788 3941 902 3991 rex,
951 3926 1110 3981 fidem
1155 3928 1367 3983 lmserat
1412 3934 1730 4000 promissam
1750 3977 1763 4000 ,
1793 3946 1847 3991 et

252 4014 327 4068 ab
376 4014 497 4082 ipso
526 4013 740 4070 Caesare
781 4015 936 4071 bellis
988 4018 1319 4088 gravissimis
1363 4024 1728 4089 premebatur.
1777 4025 1847 4081 Ut

259 4105 663 4175 praemisimus,
723 4103 1089 4176 Pergamenus
1151 4106 1451 4164 Mitridates
1509 4127 1632 4165 cum
1696 4116 1844 4169 omni

250 4209 423 4247 manu
451 4210 616 4263 quam
656 4210 843 4250 secum
875 4196 1101 4251 duxerat
1145 4204 1204 4249 ut
1232 4197 1430 4251 auxilia
1476 4198 1678 4255 Ctesari
1707 4218 1845 4272 prae-

248 4284 435 4349 beret,
463 4299 496 4338 a
533 4284 830 4340 Pelusiacis
865 4287 1112 4355 repulsus
1142 4287 1450 4355 obstaculis,
1481 4289 1535 4344 in
1566 4292 1698 4346 urbe
1739 4291 1843 4349 As-

248 4380 374 4434 cale
410 4381 704 4445 resederat,
735 4382 1019 4451 desperato
1057 4384 1287 4436 transitu
1332 4394 1387 4439 et
1433 4394 1627 4440 conatu
1660 4386 1834 4443 irrito.

247 4469 368 4526 Nec
388 4470 503 4540 jam
533 4486 591 4525 se
619 4473 955 4527 committere
996 4473 1135 4528 bello
1165 4474 1414 4538 audebat,
1443 4475 1576 4530 locis
1609 4477 1837 4546 iniquio-

244 4566 408 4622 ribus
443 4574 501 4620 et
539 4566 714 4636 impar
743 4567 962 4621 viribus.
992 4567 1089 4622 Cui
1114 4567 1394 4637 Antipater
1420 4567 1629 4624 Arabas
1658 4570 1834 4639 primo

242 4656 301 4712 in
356 4658 621 4712 auxilium
671 4658 888 4721 ascivit,
932 4658 1124 4712 deinde
1174 4660 1272 4713 tria
1314 4659 1480 4713 millia
1522 4660 1833 4717 Iudaeorum

240 4767 376 4806 cum
412 4750 591 4805 valida
633 4765 792 4804 manu
822 4759 879 4806 et
907 4752 1110 4805 munita
1150 4753 1315 4806 armis
1346 4768 1526 4806 secum
1557 4754 1830 4821 perduxit.

237 4840 558 4894 Connnovit
585 4840 748 4893 etiam
789 4839 959 4910 Syria:
986 4849 1231 4909 potentes
1255 4842 1307 4894 in
1344 4840 1708 4910 adjumentum
1755 4844 1834 4912 ip-

235 4929 386 4992 sius,
410 4943 642 4997 quorum
671 4928 793 4982 freti
817 4929 1073 4983 societate
1103 4930 1263 4983 etiam
1295 4930 1385 4984 alii
1411 4931 1591 5000 pepuli
1622 4930 1687 4985 ad
1719 4932 1834 4985 bel-

232 5015 360 5070 lum
412 5016 624 5071 accensi
673 5024 816 5070 sunt.
863 5015 1069 5082 Quibus
1115 5016 1379 5085 adjunctis
1412 5019 1619 5075 viribus
1663 5020 1836 5076 fretus

234 5106 577 5171 Mitridates,
606 5105 877 5159 Pelusium
905 5107 1153 5160 accessit.
1185 5108 1251 5160 Et
1280 5124 1401 5162 cum
1437 5110 1664 5164 transitu
1712 5126 1838 5179 pro-

232 5197 553 5259 hiberetur,
589 5196 923 5251 obsidionem
953 5197 1179 5253 adorsus
1222 5206 1323 5253 cst.
1371 5198 1489 5265 Quo
1518 5199 1635 5253 loco
1678 5200 1833 5254 Anti-

228 5295 405 5357 pater
439 5285 761 5356 przeclartim
804 5286 1004 5340 militiae
1038 5287 1414 5343 documentum
1454 5288 1615 5342 dedit.
1649 5287 1831 5358 Siqui-

226 5376 395 5437 dem.
428 5374 807 5429 resistentibus
837 5375 1137 5444 oppidanis,
1165 5392 1285 5430 cum
1322 5393 1529 5435 summa
1562 5378 1613 5430 vi
1660 5379 1830 5431 utriu—

227 5481 349 5535 que
394 5468 793 5529 decertaretur,
842 5467 1046 5534 primus
1090 5482 1212 5521 cum
1261 5468 1401 5530 suis,
1450 5469 1660 5537 dirupta
1704 5487 1825 5526 mox

226 5572 530 5611 murorum
561 5566 716 5627 parte
760 5556 811 5609 in
853 5571 967 5625 qua,
999 5557 1110 5625 ipse
1148 5558 1507 5626 prwliabatur,
1540 5561 1726 5614 urbem
1757 5563 1828 5616 ir-

226 5648 389 5719 rupit
429 5661 665 5717 catnque
699 5647 857 5717 Cepit.
906 5645 1014 5701 Nec
1056 5656 1234 5702 tamen
1287 5648 1371 5701 hic
1420 5649 1539 5703 linis
1582 5648 1823 5707 laborum

1975 1858 2075 1898 nec
2118 1844 2282 1898 ullum
2331 1845 2585 1918 effugium
2615 1848 3011 1915 fore,'viriliter
3056 1853 3267 1910 irruens
3309 1872 3340 1911 a
3387 1874 3555 1916 cornu

1973 1933 2213 2000 sinistro,
2255 1950 2416 2005 super
2439 1952 2530 1992 eos
2561 1940 2651 2007 qui
2695 1940 3023 1996 Mitridatem
3053 1947 3333 2002 cedentem
3362 1965 3553 2019 perse-

1971 2025 2290 2093 quebantur,
2328 2043 2463 2096 quos
2490 2045 2726 2100 eousque
2755 2033 3050 2091 insectatus
3076 2047 3178 2101 est,
3223 2040 3393 2095 donec
3435 2057 3554 2096 om-

1969 2111 2055 2164 nis
2079 2113 2312 2167 hostium
2340 2116 2568 2184 populus
2591 2120 3041 2190 exstingueretur.
3088 2126 3166 2179 Eo
3193 2128 3375 2196 praelia
3401 2140 3553 2185 octo-

1969 2209 2129 2269 gcnta
2168 2200 2451 2272 Antipater
2488 2205 2633 2260 viros
2660 2207 2726 2260 de
2773 2210 2884 2262 suis
2929 2211 3140 2279 amisit,
3176 2231 3336 2285 supra
3374 2219 3549 2272 octin-

1966 2294 2147 2364 gintos
2186 2296 2507 2365 Mitridates,
2544 2299 2619 2354 ita
2648 2309 2706 2354 ut
2734 2301 2845 2372 ipse
2882 2317 3076 2373 prmter
3102 2323 3251 2377 spem
3291 2313 3546 2366 evaserit.

1964 2383 2140 2453 Atque
2175 2385 2290 2441 haec
2338 2402 2444 2441 uno
2492 2399 2764 2444 momento
2808 2392 2990 2449 clades
3020 2406 3205 2451 secuta
3247 2407 3349 2453 est.
3388 2400 3547 2456 Anti-

1963 2482 2120 2542 pater
2149 2475 2331 2531 multis
2359 2477 2673 2534 vulneribus
2701 2483 2943 2551 corporis
2986 2487 3245 2555 exceptis,
3272 2491 3548 2560 egregium

1963 2564 2179 2619 virtutis
2228 2582 2341 2622 suae
2388 2570 2757 2630 testimonium
2806 2574 2945 2642 apud
2992 2574 3261 2630 Caesarem
3307 2580 3544 2646 invenit,

1964 2654 2251 2720 Mitridate,
2280 2667 2339 2711 ut
2363 2659 2661 2728 praesertim
2693 2676 2799 2715 non
2842 2661 3011 2716 solum
3054 2679 3164 2719 suae
3191 2666 3547 2725 absolutionis

1962 2744 2275 2814 interprete,
2318 2747 2411 2801 sed
2441 2748 2604 2801 etiam
2636 2747 2967 2806 fortitudinis
2995 2755 3368 2821 praedicatore.
3404 2757 3537 2823 Qui-

1959 2837 2061 2891 bus
2105 2838 2321 2907 egregie
2349 2839 2532 2895 Czesar
2570 2840 2888 2907 delectatus,
2932 2843 2986 2896 in
3019 2845 3279 2899 honorem
3320 2846 3547 2917 Antipa-

1960 2935 2126 2994 trum,
2154 2938 2213 2983 ut
2251 2931 2553 2999 Oportebat,
2598 2932 2741 2985 inter
2786 2934 2991 2989 amicos
3033 2936 3251 3003 recepit,
3286 2936 3543 2994 Romanae

1959 3035 2083 3075 eum
2110 3022 2418 3091 reipublicae
2445 3022 2739 3078 honoribus
2767 3024 3300 3097 aﬂ‘ecit,c:eteraque,
3333 3038 3393 3083 ut
3414 3045 3544 3098 pro-

1883 3095 1927 3157 C
1960 3110 2085 3165 bato
2117 3111 2216 3164 sibi
2250 3110 2388 3173 viro,
2434 3111 2621 3181 gratize
2659 3129 2768 3167 sua:
2802 3115 3026 3184 pignora
3057 3095 3369 3184 impertivit.
3415 3095 3545 3174 Mir-

1960 3216 2097 3255 cano
2142 3202 2305 3255 etiam
2352 3216 2621 3256 summum
2667 3204 3024 3258 sacerdotium
3074 3220 3173 3274 per
3218 3209 3539 3264 sententiam

1955 3289 2224 3361 Antipatri
2272 3290 2457 3346 volens
2505 3292 2761 3347 firmavit.
2793 3293 2896 3360 Qui
2942 3296 3107 3349 etiam
3153 3297 3221 3351 ab
3264 3297 3537 3367 Antigono

1953 3382 2247 3438 Aristoboli
2301 3382 2411 3438 filio
2466 3384 2606 3453 apud
2664 3384 2932 3440 Caesarem
2981 3403 3104 3441 cum
3165 3400 3536 3457 accusaretur,

1953 3475 2096 3543 quod
2136 3473 2257 3543 plus
2302 3475 2548 3543 partibus
2580 3474 2819 3543 Pompeii
2849 3474 3072 3542 faveret,
3107 3492 3213 3530 non
3242 3480 3537 3535 verborum

1951 3564 2233 3634 Antipater
2254 3564 2495 3621 referens
2509 3566 2699 3630 vicem,
2724 3566 2818 3620 sed
2841 3568 3128 3621 verborum
3151 3573 3533 3636 assertionem,

1955 3656 2114 3708 scidit
2148 3662 2374 3718 vestem,
2406 3663 2457 3708 et
2502 3655 2677 3708 nudus
2722 3655 3176 3721 indumentorum,
3210 3659 3403 3726 plenus
3430 3660 3538 3714 vul-

1953 3760 2166 3809 nerum,
2195 3744 2477 3798 diloricato
2507 3744 2726 3809 amictu,
2760 3745 2929 3799 oculis
2955 3746 3421 3801 circumstantium
3449 3748 3533 3802 in-

1951 3834 2087 3890 dicia
2114 3834 2369 3888 virtutis:
2406 3834 2504 3900 En,
2539 3833 2730 3902 inquit,
2760 3834 3135 3888 malivolentiae
3170 3851 3304 3889 mea:
3340 3837 3392 3889 in
3420 3837 3537 3891 Cte-

1948 3941 2127 3980 sarem
2169 3925 2513 3979 testimonia:
2543 3924 2833 3978 defendant
2876 3939 3059 3990 reum,
3107 3941 3226 3995 quae
3273 3934 3530 3997 tanquam

1946 4015 2152 4069 lumina
2177 4015 2344 4068 animi
2368 4015 2586 4068 micant.
2610 4014 2719 4070 llas
2740 4030 2867 4085 ergo
2890 4016 3169 4069 cicatrices
3193 4017 3312 4081 tibi,
3327 4017 3530 4084 Caesar,

1945 4104 2235 4159 voluntatis
2256 4103 2480 4157 interna:
2502 4102 2714 4157 obsides
2742 4103 2940 4158 tribuo.
2968 4104 3093 4158 Haec
3114 4119 3214 4175 ego
3241 4106 3363 4159 fidei
3393 4122 3527 4161 mea:

1944 4195 2152 4264 depono
2182 4195 2426 4264 pignora,
2454 4201 2511 4246 et
2536 4193 2826 4263 inscriptos
2856 4193 3037 4261 apices
3060 4208 3207 4263 gero.
3236 4192 3292 4247 Si
3321 4193 3530 4248 civibus

1943 4304 2051 4343 non
2081 4287 2340 4352 creditur,
2371 4287 2556 4341 hostes
2599 4286 3003 4355 interrogentur
3040 4301 3138 4354 pro
3165 4301 3272 4355 quo
3303 4287 3526 4343 vulnera

1945 4379 2032 4433 illa
2077 4379 2429 4448 susceperim.
2460 4377 2598 4444 Quid
2627 4378 2680 4430 in
2718 4393 2804 4431 me
2830 4376 2994 4442 aliud,
3023 4378 3125 4432 nisi
3158 4378 3316 4432 fidem
3362 4394 3525 4449 quam

1863 4443 1916 4503 D
1940 4473 2036 4525 tibi
2071 4443 2408 4536 deferebant,
2459 4469 2958 4540 persequebantur?
2998 4468 3068 4522 At
3102 4468 3336 4537 objectat
3379 4443 3517 4525 inihi

1937 4561 2175 4632 Pompeii
2220 4563 2468 4633 gratiam.
2519 4561 2583 4615 Et
2630 4560 2825 4626 fateor,
2869 4558 3067 4623 Caesar,
3121 4576 3206 4615 me
3256 4577 3362 4615 non
3418 4561 3519 4617 bo-

1937 4655 2090 4718 miui,
2115 4654 2206 4709 sed
2238 4653 2437 4707 nomini
2471 4653 2713 4708 Romano
2737 4654 2968 4707 amicum
2997 4651 3188 4719 fuisse,
3219 4653 3380 4723 idque
3407 4664 3522 4708 stu-

1935 4745 2115 4799 duisse
2144 4745 2356 4815 egregie
2397 4752 2455 4797 ut
2499 4753 2693 4798 vestrae
2733 4742 3044 4813 reipublicae
3075 4758 3194 4797 mea
3221 4744 3391 4798 otiicia
3424 4745 3517 4798 im-

1936 4837 2318 4906 penderentur.
2348 4835 2566 4890 Militavi
2605 4836 2790 4903 itaque
2818 4850 2923 4890 non
2952 4835 3074 4900 uni,
3107 4837 3202 4891 sed
3245 4839 3514 4892 omnibus.

1936 4926 2122 4981 Fuerit
2160 4927 2290 4981 mihi
2321 4927 2516 4981 charus
2545 4924 2830 4992 Pompeius
2852 4965 2866 4987 ,
2898 4925 2993 4979 sed
3020 4933 3146 4979 ante
3186 4927 3315 4979 mibi
3352 4927 3517 4994 coepit

1937 5017 2024 5071 ille
2051 5033 2169 5071 esse
2192 5018 2429 5080 amicus,
2463 5030 2622 5084 quam
2651 5013 2849 5067 Caesari
2888 5024 3029 5067 esset
3066 5015 3335 5068 inimicus.
3369 5015 3515 5070 Tuus

1936 5105 2024 5159 ille
2049 5121 2213 5175 gener
2240 5113 2387 5167 erat,
2416 5113 2470 5156 et
2497 5115 2550 5157 tu
2587 5118 2742 5157 socer
2773 5102 2931 5157 illius.
2961 5103 3092 5157 Cum
3126 5113 3269 5157 esset
3300 5105 3351 5156 in
3382 5121 3506 5173 par-

1936 5198 2078 5252 tibus
2115 5198 2309 5252 Judtem
2342 5196 2454 5266 juvi
2505 5204 2560 5249 ut
2608 5195 2908 5248 Romanum
2947 5194 3348 5263 imperatorem.
3393 5194 3509 5251 Non

1937 5298 2113 5344 tamen
2145 5306 2207 5344 ea
2234 5305 2332 5359 pro
2365 5289 2484 5351 illo,
2517 5302 2636 5356 qua:
2661 5302 2759 5356 pro
2788 5295 2867 5351 te,
2900 5287 3084 5355 excepi
3114 5287 3355 5341 vulnera.
3389 5287 3509 5343 Tibi

1933 5382 2163 5451 impendi
2197 5382 2360 5434 vades
2386 5380 2597 5443 mortis,
2621 5388 2673 5433 ct
2702 5378 2841 5432 ictus
2870 5379 3095 5432 telorum
3123 5378 3311 5447 excepi
3340 5380 3511 5434 hosti-

1932 5471 2084 5524 lium.
2120 5471 2218 5525 Ubi
2245 5470 2525 5539 Antipater
2554 5470 2713 5524 ﬁnem
2747 5468 2957 5522 dicendi
2995 5466 3143 5548 fecit,
3171 5467 3351 5523 Cmsar
3377 5485 3506 5539 pro-

1932 5561 2142 5616 nuntiat
2174 5561 2392 5630 dignum
2426 5558 2595 5628 magis
2635 5556 2938 5613 sacerdotio
2973 5555 3262 5611 Hircanum
3293 5557 3458 5613 videri
3486 5578 3501 5611 :

1929 5652 2210 5723 Antipatro
2244 5659 2423 5703 autent
2450 5647 2640 5703 detulit
2666 5646 2951 5719 potestatis
2986 5645 3502 5705 ciectionem."l‘um
