3958 6172
481 206 621 263 1095

1505 198 1889 260 FHECULPHI
1927 206 2379 261 LEXOVIENSIS
2416 203 2721 271 EPISCOPI

3565 215 3666 270 1096

477 319 569 375 ille
601 318 849 374 eumdem
889 317 1149 370 arl'ittum
1190 316 1410 371 honoris
1440 325 1493 371 et
1528 318 1923 374 moderatorem
1956 334 2049 374 ex-
2077 326 2123 382 A
2155 330 2364 374 terrore
2388 330 2768 374 consternatus
2791 333 3011 374 sensum
3037 320 3250 387 amisit,
3280 332 3439 392 atque
3463 329 3583 382 omni
3604 346 3669 384 so-

477 418 699 480 petens,
744 416 904 475 atque
947 406 999 458 in
1040 420 1163 460 eum
1203 406 1294 474 qui
1335 408 1590 461 honorem
1632 409 1817 473 daret,
1847 423 2054 477 ponens

479 517 791 560 mensuram
831 500 1083 564 honoris,
1116 508 1293 554 astute
1321 500 1452 555 satis
1490 508 1543 554 et
1570 502 1866 556 verecunde
1892 502 2052 556 decus

481 592 662 646 retulit
695 601 749 644 et
789 589 1177 643 incrementum
1220 590 1491 657 potentiae.
1534 590 1719 644 Totius
1755 591 1916 644 etiam
1960 589 2054 645 Ju—

478 685 607 737 (ιω
632 688 946 750 procurator
986 678 1157 733 factus
1187 688 1287 733 est.
1327 678 1469 735 Sane
1503 681 1747 750 poposcit
1782 690 1841 734 ut
1870 697 2053 736 muros

473 771 690 832 Iudaeae,
727 770 816 839 qui
847 769 985 823 bello
1012 769 1171 822 diruti
1202 777 1379 833 erant,
1414 769 1787 836 resediﬁcaret,
1818 778 2048 825 tantum-

474 876 580 929 que
621 860 920 929 negotium,
964 862 1102 913 data:
1140 860 1262 913 ﬁdei
1294 875 1553 925 securus,
1596 870 1652 914 et
1682 862 1970 931 postulavit
2000 870 2055 917 et

472 950 803 1021 impetravit,
835 964 1024 1018 eaque,
1054 959 1113 1003 ut
1141 952 1307 1004 moris
1330 960 1445 1004 erat
1479 951 1740 1006 Romanis
1768 953 2055 1022 imperato-

475 1044 644 1105 ribus,
673 1042 895 1095 arbitrio
920 1040 1147 1096 Caesaris
1169 1042 1220 1095 in
1244 1042 1505 1112 Capitolio
1528 1044 1725 1112 scripta
1749 1053 1909 1098 sunt:
1933 1060 2053 1114 qua:

475 1133 709 1202 insignia
749 1132 973 1186 honoris
1011 1131 1295 1201 Antipatro
1337 1132 1647 1187 conferendi
1693 1133 1873 1188 Caesar
1908 1135 2053 1188 testi-

478 1224 752 1287 mavisset,
781 1230 839 1275 ut
868 1231 922 1276 et
958 1235 1066 1275 sua:
1094 1221 1319 1290 justitiae
1359 1231 1413 1275 et
1453 1223 1766 1277 meritorum
1796 1223 1929 1288 viri,
1959 1239 2054 1293 po-

474 1312 740 1367 steritatis
766 1326 976 1381 quoque
1010 1312 1299 1381 cognitioni
1325 1312 1518 1366 indicia
1550 1320 1847 1367 exstarent.
1893 1312 2050 1367 Anti-

475 1415 631 1474 pater
670 1419 830 1468 vero,
879 1404 932 1457 in
976 1402 1216 1458 Iudaeam
1264 1419 1543 1468 reversus,
1592 1404 1768 1474 primo
1814 1420 2049 1468 murum,

476 1509 633 1561 quem
688 1493 976 1562 Pompeius
1024 1493 1406 1558 destruxerat,
1466 1493 1519 1547 in
1564 1503 1797 1548 veterem
1850 1503 2052 1549 statum

478 1583 809 1638 reformavit.
862 1584 1063 1638 Deinde
1106 1582 1409 1638 Iudaeorum
1458 1585 1716 1640 tumultus
1763 1586 2047 1653 repressit,

2158 410 2303 464 Iutus
2337 411 2519 480 vigore
2558 410 2752 465 mentis
2800 418 2854 464 et
2899 410 3142 480 corporis
3187 415 3405 482 torpuit.
3449 412 3673 489 Paulisper

2156 509 2334 554 tamen
2376 499 2466 553 ubi
2509 514 2628 553 sese
2657 500 2879 569 recepit,
2910 500 3263 572 interrogavit
3305 502 3549 561 Herodem
3578 511 3672 578 quis

2152 589 2497 659 praecepisset
2527 586 2808 644 Malichum
2845 591 3038 645 occidi.
3074 590 3174 647 Ubi
3211 595 3458 664 cognovit
3480 600 3674 667 exposito

2153 679 2325 733 Cassii
2357 678 2584 732 Romani
2620 678 2959 747 imperatoris
2980 678 3134 748 jussu
3161 691 3407 737 necatum
3425 723 3439 749 ,
3468 685 3586 741 illico
3612 703 3675 741 re-

2153 770 2367 839 spondit
2403 788 2415 823 :
2451 769 2668 825 Cassius
2692 785 2821 840 ergo
2850 780 2905 825 et
2936 772 3071 827 mihi
3099 782 3155 826 et
3186 774 3375 843 patriae
3407 791 3527 830 mete
3550 780 3675 833 saluti

2154 859 2283 924 fuit,
2326 861 2419 931 qui
2453 861 2733 928 utriusque
2773 861 3141 915 insidiatorem
3184 864 3430 931 peremit.
3474 863 3563 920 Sed
3597 867 3676 922 hoc

2152 951 2267 1005 sive
2309 959 2453 1003 metu
2491 949 2720 1013 dixerit,
2765 950 2879 1004 sive
2921 949 2996 1003 ita
3038 951 3304 1016 senserit,
3341 953 3477 1006 haud
3513 953 3674 1023 liquido

2151 1047 2315 1108 patet.
2347 1039 2514 1108 Igitur
2541 1038 2841 1109 Antigonus
2863 1078 2879 1104 ,
2914 1037 3066 1107 cujus
3093 1054 3256 1109 supra
3294 1042 3592 1096 mentionem
3614 1042 3675 1096 fe-

2151 1130 2353 1194 cimus,
2381 1129 2671 1184 Aristoboli
2700 1130 2843 1184 ﬁlius
2863 1169 2877 1193 ,
2904 1131 2995 1199 qui
3020 1146 3051 1184 e
3080 1132 3323 1185 custodia
3354 1132 3524 1187 Roma:
3549 1133 3671 1187 aufu-

2148 1228 2335 1290 gerat,
2362 1235 2425 1274 ac
2464 1221 2660 1288 saepius
2691 1220 2744 1274 in
2770 1218 2951 1274 Iudaea
2984 1235 3148 1274 novas
3187 1236 3275 1275 res
3305 1222 3527 1275 excitare
3551 1222 3673 1275 moli-

2151 1322 2238 1368 tus
2266 1321 2369 1377 est,
2406 1312 2497 1381 qui
2534 1312 2845 1367 Ptholomsei
2882 1311 3086 1366 viribus
3124 1312 3529 1383 suﬂ‘ragabatur;
3554 1329 3676 1368 socer

2151 1418 2385 1472 namque
2417 1401 2534 1469 ejus
2566 1401 2926 1457 Ptholomarus
2954 1401 3126 1456 Manci
3149 1400 3310 1467 ﬁlius,
3334 1402 3424 1471 qui
3449 1404 3568 1471 apud
3586 1402 3685 1456 Cal-

2152 1490 2327 1545 cidam
2358 1488 2458 1542 sub
2488 1487 2692 1541 Libano
2719 1486 3019 1552 habitabat,
3044 1495 3237 1541 cuncta
3260 1487 3310 1541 ei
3331 1488 3675 1550 subministrat,

2151 1579 2385 1647 dumque
2421 1577 2628 1646 aliquas
2668 1577 2806 1632 idem
2836 1574 3137 1647 Antigonus
3169 1586 3481 1647 occupasset
3506 1578 3674 1632 Judae-

474 1675 597 1728 ﬁliis
632 1689 761 1730 vero
809 1674 919 1728 suis
959 1675 1168 1744 negotia
1209 1674 1500 1743 provincia:
1537 1675 1825 1729 commisit.
1869 1674 2053 1743 Itaque
2081 1678 2127 1737 B
2156 1684 2273 1723 rutn
2304 1669 2662 1733 munitiones,
2691 1667 2930 1722 Herodes
2967 1666 3040 1721 illi
3069 1668 3306 1722 occurrit
3347 1669 3610 1722 instructus
3635 1667 3674 1719 in

471 1765 718 1820 Faselum
745 1805 759 1830 ,
789 1765 1055 1819 seniorem
1085 1779 1150 1817 ex
1183 1764 1397 1828 liberis,
1428 1764 1713 1833 praesulem
1744 1763 2048 1834 Hierosoly-

474 1854 576 1908 mis
617 1863 672 1907 et
711 1854 901 1908 ducem
942 1852 1144 1907 militiae
1182 1854 1490 1913 constituit;
1533 1853 1797 1907 Herodem
1838 1868 2051 1922 quoque

474 1946 739 1999 minorem
768 1954 895 1997 natu
914 1985 928 2009 ,
967 1952 1128 2013 atque
1160 1944 1446 1998 admodum
1476 1943 1868 1999 adolescentem
1889 1985 1903 2009 ,
1932 1944 2049 2014 pari

473 2038 678 2091 honore
716 2034 947 2089 Galilreze
986 2034 1242 2104 praefecit.
1286 2034 1387 2101 Qui
1429 2035 1517 2089 ubi
1558 2043 1878 2105 potestatem
1926 2036 2045 2089 ade-

473 2137 599 2195 ptus
623 2132 739 2189 est,
781 2132 974 2177 natura
1010 2125 1189 2179 acrior
1217 2123 1283 2177 ad
1317 2124 1564 2178 obeunda
1589 2125 1832 2192 negotia,
1869 2123 2048 2178 statim

474 2217 689 2287 ingenio
721 2231 819 2270 suo
842 2215 1121 2269 materiam
1148 2216 1370 2270 invenit.
1399 2215 1700 2270 Laborabat
1726 2216 1870 2271 enim
1894 2214 2050 2285 Syria

470 2324 501 2361 a
530 2307 740 2362 Zechia:
775 2306 999 2360 latronis
1038 2305 1472 2366 incursionibus,
1500 2307 1696 2375 quibus
1722 2305 1809 2361 ille
1838 2306 2047 2375 praeda-

473 2396 625 2450 toriae
653 2411 844 2449 manus
879 2394 1131 2464 princeps
1172 2402 1339 2448 totam
1379 2392 1668 2450 infestabat
1691 2394 2045 2465 provinciam,

472 2495 635 2554 atque
674 2485 924 2539 omnibus
964 2484 1098 2539 locis
1141 2484 1385 2540 infensus
1422 2484 1630 2541 aderat.
1660 2485 1827 2551 Quem
1861 2500 2047 2539 corre-

472 2586 621 2647 ptum
659 2575 896 2647 jugulari
927 2575 1123 2644 jussit,
1167 2576 1469 2644 multosque
1502 2576 1814 2646 przedonum
1853 2576 2047 2630 intere-

471 2667 605 2730 mit,
645 2667 785 2735 quod
823 2666 871 2720 ei
912 2666 1202 2720 maximam
1243 2664 1461 2720 virtutis
1499 2664 1722 2736 gloriam
1758 2664 1968 2735 peperit
1995 2671 2051 2718 et

472 2758 692 2813 uberem
728 2756 869 2825 apud
898 2755 1065 2827 Syros
1091 2755 1339 2827 gratiam.

1073 2868 1301 2924 CAPUT
1341 2866 1431 2922 XI.

470 2962 549 3016 De
578 2978 698 3015 nece
726 2960 986 3031 Antipatri
1013 2960 1260 3029 genitoris
1288 2957 1531 3012 Herodis.
1574 2956 1642 3011 Et
1671 2957 1896 3079 pvualiter
1919 2974 2043 3027 gra-

541 3033 669 3079 tiam
706 3030 920 3079 Antonii
960 3030 1064 3079 sint
1101 3029 1274 3079 ademi
1312 3027 1547 3079 Herodes
1585 3039 1633 3079 et
1724 3029 1895 3079 aselus
1932 3029 2043 3079 fra-

541 3027 920 3109 tiartt.Antonii
960 3027 1064 3082 sint
1101 3029 1274 3097 adepti
1312 3027 1547 3082 Herodes
1585 3039 1633 3080 et

543 3111 621 3152 ter
648 3115 783 3168 ejus.

545 3207 742 3262 Eodem
779 3213 1019 3275 tempore
1060 3203 1258 3277 bellum
1286 3204 1426 3259 inter
1458 3205 1730 3261 Romanos
1758 3205 2041 3272 conflatur,

471 3297 595 3353 dolo
620 3294 793 3351 Cassii
823 3304 878 3348 et
906 3295 1057 3348 Bruti
1085 3294 1298 3349 Ctesare
1323 3294 1631 3361 interfecto,
1658 3297 1749 3366 qui
1778 3297 2043 3365 privatum

472 3387 714 3443 habitum
738 3399 1117 3456 supergressus
1139 3384 1337 3450 fuerat,
1362 3385 1415 3438 in
1437 3395 1625 3440 senatu
1646 3401 1838 3457 graves
1859 3401 2044 3455 poenas

470 3477 636 3532 dedit.
664 3475 847 3544 Itaque
873 3474 1092 3529 Cassius
1119 3472 1334 3545 Syriam
1365 3477 1496 3544 petit
1523 3484 1899 3545 occupaturus,
1927 3478 2042 3533 Ca3-

468 3582 593 3622 sare
617 3582 746 3621 vero
771 3564 1114 3620 adolescente
1138 3574 1194 3621 et
1220 3566 1455 3622 Antonio
1483 3584 1603 3621 cum
1634 3567 1801 3624 Bruto
1834 3579 1888 3623 et
1916 3569 2044 3624 Cas-

470 3657 551 3711 sio
593 3655 789 3711 bellum
834 3656 1178 3725 gerentibus,
1219 3654 1428 3710 Marcus
1464 3664 1519 3709 et
1556 3656 1773 3712 Cassius
1802 3660 2040 3713 exercitu

468 3751 535 3804 de
563 3747 716 3816 Syria
747 3745 976 3801 conflato
994 3788 1007 3811 ,
1036 3745 1190 3814 cujus
1219 3761 1410 3817 magna
1445 3761 1570 3817 pars
1596 3748 1686 3801 ubi
1718 3764 1847 3803 usus
1873 3765 2041 3819 popo-

466 3838 590 3901 scit,
616 3836 853 3891 IIerodcs
876 3835 995 3900 fuit,
1023 3837 1196 3906 ipsum
1225 3836 1439 3905 quidem
1470 3837 1635 3891 totius
1660 3836 1830 3908 Syriae
1856 3855 2044 3908 procu-

469 3940 702 3981 ratorem
742 3924 1064 3994 prteﬁciunt.
1105 3923 1163 3979 Si
1203 3933 1381 3979 autem
1422 3925 1622 3980 bellum
1659 3927 1932 4001 desisset,,
1959 3945 2033 3984 re-

462 4022 627 4090 gnu‘m
661 4031 875 4086 quoque
913 4016 1112 4072 Judzeae
1155 4016 1376 4072 Cassius
1418 4018 1593 4073 eidem
1640 4033 1699 4073 se
1741 4018 2041 4074 delaturum

466 4102 738 4178 pollicitus
783 4116 885 4161 est.
933 4106 1125 4160 Evenit
1160 4114 1340 4161 autem
1384 4115 1445 4160 ut
1488 4106 1771 4176 Antipatro
1820 4122 1942 4177 spes
1988 4119 2043 4161 et

466 4197 726 4252 fortitudo
772 4196 866 4249 ﬁlii
902 4212 1065 4250 causa
1103 4196 1354 4251 interitus
1399 4195 1570 4252 ﬁeret.
1613 4196 1872 4251 Malichus
1896 4214 2043 4252 nam-

464 4302 589 4357 que,
618 4288 712 4359 qui
735 4287 991 4356 regnandi
1015 4287 1306 4357 cupiditate
1331 4288 1685 4357 aspiraverat,
1715 4287 1908 4341 timens
1932 4287 2043 4340 An-

2148 1759 2293 1813 aditu
2314 1757 2512 1814 Judazaa
2533 1777 2546 1812 :
2572 1767 2855 1829 postquam
2878 1758 3165 1814 Malichum
3191 1758 3542 1821 interfecerat,
3562 1757 3676 1826 ejus-

2147 1864 2253 1919 que
2297 1847 2517 1903 fratrem
2567 1847 2772 1902 felicem
2821 1863 2889 1902 ex
2940 1847 3135 1904 ﬁnibus
3178 1847 3376 1904 Judmze
3427 1849 3679 1919 pepulerat,

2148 1937 2437 1993 commisso
2471 1936 2654 2005 praelio
2688 1937 2959 2006 superavit
2999 1938 3343 2008 Antigonum.
3382 1938 3507 1992 Hinc
3544 1937 3676 1991 liere-

2149 2027 2272 2090 des,
2304 2024 2485 2094 fugato
2517 2023 2819 2095 Antigono,
2848 2026 2985 2080 redit
3014 2025 3067 2080 in
3100 2026 3452 2081 Hierusalem.
3482 2027 3569 2082 Pro
3593 2043 3681 2080 me-

2149 2115 2255 2168 rito
2291 2114 2472 2182 itaque
2513 2122 2676 2182 gestae
2722 2114 2803 2168 rei
2845 2115 3094 2171 omnitus
3131 2116 3327 2171 charos
3362 2125 3502 2176 erat,
3542 2117 3603 2169 ita
3635 2126 3680 2168 ut

2147 2207 2310 2260 etiam
2331 2246 2347 2267 ,
2376 2205 2572 2274 quibus
2607 2212 2764 2259 antea
2804 2205 3086 2275 despectus
3121 2206 3323 2271 fuerat,
3361 2215 3483 2262 tunc
3514 2207 3561 2260 in
3590 2204 3682 2272 ejus

2147 2293 2569 2349 familiaritatem
2596 2308 2715 2349 sese
2740 2295 3005 2358 dederint,
3037 2304 3092 2350 et
3117 2304 3335 2366 propter
3365 2296 3567 2351 Ilircani
3585 2295 3676 2348 alli-

2148 2386 2390 2440 nitatem.
2429 2383 2671 2454 Namque
2706 2385 2752 2438 is
2785 2383 3026 2439 Herodes
3051 2382 3161 2453 jam
3190 2386 3401 2456 pridem
3427 2402 3487 2440 ex
3514 2386 3683 2455 indigi.

2147 2476 2232 2530 nis
2270 2473 2506 2529 habebat
2531 2488 2752 2551 uxorem
2778 2489 2883 2527 non
2909 2473 3218 2543 ignobilem,
3240 2489 3362 2542 qua:
3391 2474 3535 2528 Dosis
3556 2487 3678 2525 vora-

2146 2564 2327 2628 batur,
2361 2572 2415 2618 et
2447 2563 2789 2632 Antipatrum
2820 2578 2883 2617 ex
2916 2578 2979 2617 ea
3019 2572 3327 2633 susceperat
3369 2564 3545 2618 ﬁlium.
3569 2561 3682 2615 Tum

2148 2665 2328 2709 autem
2358 2656 2585 2709 duxerat
2615 2653 2922 2717 Alexandri,
2954 2654 3106 2724 cujus
3130 2662 3284 2724 pater
3314 2654 3419 2709 fuit
3442 2649 3680 2708 Aristobo-

2146 2745 2249 2811 lus,
2281 2745 2447 2807 ﬁliam
2478 2744 2848 2807 Mariamnem,
2879 2742 3097 2798 Hircani
3126 2753 3341 2813 neptem
3377 2761 3441 2799 ex
3476 2744 3586 2804 ﬁlia,
3615 2750 3680 2794 at-

2146 2850 2252 2904 que
2283 2834 2406 2888 inde
2433 2834 2545 2904 regi
2577 2833 2810 2888 Ilircano
2837 2834 3114 2889 familiaris
3144 2842 3279 2888 erat.
3310 2834 3423 2890 Nec
3444 2844 3601 2888 tamen
3620 2832 3682 2885 sic

2148 2925 2386 2981 Herodes
2416 2926 2670 2979 invidiam
2702 2926 3007 2980 declinavit.
3040 2925 3173 2979 Nam
3209 2928 3298 2982 ubi
3328 2928 3504 2981 Catsar
3523 2934 3571 2979 et
3590 2918 3682 2978 An-

1724 3029 1895 3082 αεειιιε
1919 3015 2044 3097 ’γνα-
2073 3018 2118 3080 C
2151 3019 2327 3072 tonius
2355 3016 2601 3072 Cassium
2628 3015 2932 3085 Brutosque
2960 3015 3101 3070 bello
3126 3016 3466 3071 Macedonico
3493 3028 3683 3083 oppres-

2148 3124 2269 3165 sere
2305 3110 2576 3173 victores,
2610 3108 2791 3164 Caesar
2819 3109 2871 3162 in
2914 3109 3116 3162 Italiam
3154 3110 3366 3179 regredi
3406 3108 3681 3167 maturavit,

2144 3202 2407 3256 Antonius
2456 3202 2509 3255 iu
2560 3201 2770 3271 Syriam
2817 3202 3146 3271 properavit.
3197 3200 3366 3269 Cujus
3415 3197 3686 3268 conspectui

2146 3290 2424 3345 confestim
2449 3290 2687 3345 Herodes
2712 3291 2900 3355 adfuit,
2927 3290 3216 3359 multisque
3244 3290 3550 3345 muneribus
3568 3286 3688 3341 obla-

2146 3383 2215 3436 tis
2239 3384 2354 3453 ejus
2380 3385 2605 3454 gratiam
2634 3383 2955 3454 promeruit,
2984 3383 3037 3436 in
3064 3390 3269 3436 tantum
3296 3391 3358 3435 ut
3387 3380 3690 3435 Herodemet

2144 3473 2394 3528 Faselum
2422 3476 2723 3529 tetrarchas
2751 3474 3051 3537 ordinaret,
3083 3473 3360 3542 totiusque
3384 3471 3573 3526 Indica:
3592 3481 3689 3537 pro-

2143 3565 2479 3618 curationem
2506 3566 2585 3619 eis
2614 3564 2991 3626 contraderet,
3031 3563 3274 3632 quamvis
3312 3562 3514 3617 frustra
3540 3559 3691 3628 ploret

2142 3651 2446 3707 Judmorum
2473 3653 2630 3725 legati
2658 3653 2798 3723 apud
2829 3652 3122 3707 Antonium
3153 3667 3246 3707 eos
3272 3658 3603 3708 accusarent,

2720 3783 2947 3839 CAPUT
2987 3782 3101 3837 XII.

2143 3874 2434 3942 Antigonus
2462 3891 2681 3943 parvum
2711 3875 3000 3928 Hircanum
3029 3876 3167 3943 patri
3195 3874 3442 3938 tradidit,
3469 3882 3514 3925 et
3541 3884 3690 3943 sacer-

2212 3936 2411 4014 dotium
2439 3936 2558 3997 dolo
2589 3946 2833 4014 suscepit,
2859 3957 2904 3996 et
2931 3936 3153 4014 qualiter
3183 3962 3213 3997 a
3249 3936 3508 3997 Romanis
3537 3952 3579 3994 et
3604 3936 3694 3991 Ile-

2212 4013 2355 4076 rode,
2388 4024 2538 4081 capta
2568 4013 2951 4083 Hierosolyma,
2983 4015 3442 4082 comprehenditur
3464 4023 3605 4080 atque
3626 4023 3692 4060 se-

2212 4084 2324 4136 curi
2350 4083 2626 4147 occiditur,
2655 4083 2986 4153 Herodcsque
3010 4099 3101 4136 rex
3122 4083 3482 4147 constituitur.

2212 4196 2381 4265 Igitur
2404 4195 2729 4250 Brazafanes
2750 4237 2765 4259 ,
2794 4196 3116 4250 Parthorum
3144 4202 3365 4264 satrapa
3386 4236 3398 4257 ,
3431 4208 3554 4247 cum
3580 4189 3700 4256 regis

2145 4287 2256 4340 tilio
2294 4286 2532 4355 Pacoro,
2578 4286 2790 4357 Syriam
2835 4296 2949 4357 post
2987 4286 3263 4341 biennium
3307 4284 3606 4355 occupavit.
3631 4278 3700 4333 Ad

467 4377 647 4446 tipatri
674 4376 989 4445 potentiam,
1020 4392 1141 4444 quae
1167 4376 1363 4431 virtute
1394 4375 1619 4432 Herodis
1645 4376 2034 4439 cunmlabatur,
2064 4363 2116 4422 D
2141 4392 2300 4447 quem
2329 4376 2628 4446 Antigonus
2654 4377 2915 4433 accedens
2957 4378 3122 4432 millia
3161 4379 3367 4433 talenta
3403 4387 3488 4433 est
3517 4373 3701 4445 pollici-

466 4482 535 4521 ne
572 4465 950 4534 impedimento
991 4464 1106 4532 ejus
1148 4465 1302 4521 ﬁeret
1340 4469 1590 4533 conatui,
1621 4467 1850 4536 quodam
1891 4468 2037 4536 regio

457 4554 659 4622 juvene
684 4554 908 4622 pecunia
935 4563 1211 4623 corrupto,
1238 4555 1463 4609 mixtum
1489 4558 1539 4611 ei
1561 4572 1764 4611 veneno
1787 4538 2035 4626 poculum

465 4646 584 4702 dari
624 4646 928 4716 persuadet.
970 4646 1146 4714 Atque
1188 4646 1277 4703 ille
1322 4648 1536 4717 quidem
1574 4657 1694 4717 post
1730 4649 2034 4704 convivium

465 4750 710 4793 mortuus
736 4747 847 4807 est,
879 4739 961 4792 vir
993 4738 1062 4792 ad
1094 4738 1198 4793 alia
1234 4751 1476 4809 strnuus,
1511 4740 1776 4809 rebusque
1804 4741 2033 4795 admini—

464 4828 702 4883 strandis
743 4827 996 4893 idoneus,
1027 4838 1083 4884 et
1115 4831 1206 4899 qui
1242 4845 1464 4901 regnum
1502 4839 1873 4898 recuperatum
1905 4846 2034 4885 con-

465 4920 702 4977 servavit
735 4919 989 4975 Hircano.
1019 4919 1258 4976 Herodes
1286 4929 1495 4987 autem,
1524 4929 1807 4989 postquam
1843 4922 2032 4977 claris-

464 5014 630 5069 simas
654 5019 878 5082 paterno
899 5010 1071 5066 funeri
1092 5012 1382 5067 celebravit
1404 5013 1709 5081 exsequias,
1724 5013 2031 5079 Malichum,

465 5121 627 5175 quem
669 5113 946 5158 auctorem
988 5111 1226 5172 paterna:
1268 5106 1455 5158 mortis
1499 5102 1614 5157 fore
1649 5114 1796 5159 ratus
1830 5114 1943 5170 est,
1982 5114 2036 5160 et

462 5190 769 5244 Judaeorum
812 5198 1027 5259 gentem
1081 5197 1269 5243 contra
1321 5189 1592 5244 Romanos
1639 5190 2031 5254 excitaturum,

466 5283 781 5355 dejectoque
820 5282 1051 5337 Hircano
1086 5281 1339 5336 facillime
1375 5292 1756 5353 regnaturum,
1794 5283 2031 5348 timebat,

467 5391 596 5429 usus
630 5374 855 5430 consilio
887 5373 1089 5435 Cassii,
1142 5373 1360 5443 ejusque
1400 5374 1598 5429 auxilio
1638 5373 1835 5438 fretus,
1882 5372 2034 5428 Mali-

466 5468 626 5521 chnm
648 5508 663 5531 ,
708 5466 831 5522 dolo
872 5466 1326 5527 circumventum,
1357 5465 1537 5519 multis
1570 5466 1880 5519 vulneribus
1916 5481 2038 5535 per-

469 5555 670 5611 tossum
702 5557 994 5612 interemit.
1021 5555 1285 5612 Hircanus
1321 5571 1444 5611 vero
1470 5557 1593 5609 dum
1626 5556 1900 5610 assisteret
1920 5596 1933 5619 ,
1972 5570 2036 5610 eo

2144 4478 2230 4522 tus
2267 4477 2324 4522 et
2359 4468 2613 4521 mulieres
2648 4468 2967 4538 quingentas
3001 4476 3060 4521 ut
3101 4467 3401 4523 Hircanum
3433 4467 3703 4536 deponeret

2142 4567 2198 4611 et
2224 4557 2273 4611 ei
2310 4573 2529 4627 regnum
2560 4557 2812 4612 traderet.
2844 4557 3047 4624 Quibus
3072 4560 3392 4614 muneribus
3429 4557 3611 4613 Parthi
3638 4554 3705 4606 al-

2142 4645 2284 4711 lecti,
2315 4647 2436 4701 dolo
2465 4646 2754 4701 Hircanum
2780 4648 3207 4703 circumveniunt
3240 4648 3583 4718 Herodisque
3608 4643 3702 4697 fra-

2143 4747 2280 4793 trem
2308 4739 2577 4793 Faselum.
2617 4740 2718 4806 Qui
2753 4740 2878 4794 dum
2906 4739 3274 4812 Hierosolyma
3316 4740 3555 4811 profecti
3583 4736 3710 4805 regis

2141 4831 2406 4900 colloquia
2434 4839 2700 4900 petentes,
2727 4846 2847 4886 mox
2876 4831 3063 4886 Parthi
3082 4830 3474 4902 jusjurandum
3502 4829 3705 4885 violant.

2137 4922 2427 4977 Hircanum
2459 4921 2701 4976 vinciunt
2722 4932 2881 4991 atque
2911 4921 3177 4977 Faselum.
3206 4924 3443 4977 Vastata
3472 4923 3712 4977 Hieroso-

2136 5013 2279 5084 lyma
2320 5022 2479 5080 atque
2511 5012 2769 5080 proximis
2809 5012 3138 5077 civitatibus,
3173 5011 3514 5082 Antigonum
3546 5020 3711 5077 regem

2136 5104 2488 5159 constituunt.
2526 5102 2635 5157 Nec
2666 5102 2837 5156 solmn
2875 5103 3006 5166 hoc,
3043 5117 3229 5156 verum
3260 5103 3437 5157 etiam
3476 5100 3716 5156 Faselunt

2137 5204 2190 5250 et
2205 5195 2493 5249 Hircanum
2511 5195 2717 5248 vinctos
2741 5193 2789 5248 ei
2814 5195 3146 5248 tradiderunt
3162 5194 3559 5272 verberandus.
3577 5190 3717 5245 Anti-

2141 5301 2309 5357 gonus
2330 5296 2508 5339 autem
2533 5283 2752 5337 Hircani
2776 5283 2988 5352 quidem
3011 5284 3275 5337 auriculas
3298 5283 3565 5337 dentibus
3585 5289 3721 5335 tntu-

2140 5384 2245 5439 ωε,
2276 5389 2343 5429 ne
2373 5374 2598 5438 solutus,
2621 5375 2784 5428 rebus
2812 5375 3047 5437 mutatis,
3075 5390 3315 5444 unquam
3350 5373 3721 5443 pontificatum

2142 5466 2364 5536 recipiat
2407 5481 2421 5519 :
2464 5468 2533 5520 ab
2576 5465 2797 5535 integris
2822 5466 2965 5519 enim
3008 5464 3258 5520 celebrari
3294 5480 3471 5519 sacra
3501 5466 3721 5532 oportet.

2142 5554 2314 5610 Faseli
2364 5568 2494 5610 vero
2538 5556 2734 5609 virtute
2776 5564 3079 5624 prtevcntus
3120 5564 3201 5609 est
3241 5554 3586 5625 Antigonus.
3634 5546 3724 5615 Qui
