3958 6172
295 299 430 357 ιυθν

1375 296 1782 355 CHRONICON.
1825 330 1895 340 —-
1935 297 2099 355 TOMI
2135 303 2153 356 ι
2186 301 2317 357 LIB.
2360 303 2465 359 VII.

3416 304 3547 357 MSS

289 431 412 473 cum
441 427 542 470 nec
571 409 699 469 ferri
728 413 936 483 copiam
958 428 1058 469 nec
1083 428 1274 469 manus
1308 412 1508 469 liberas
1534 413 1776 478 haberet,
1805 413 1872 467 ad
1899 410 1945 476 Α
1974 414 2240 471 Antonius
2275 414 2472 470 bellum
2510 424 2701 471 contra
2737 416 2969 473 Parthos
2998 416 3128 472 utile
3164 431 3286 472 esse
3321 418 3545 483 diceret,

289 521 481 564 saxum
512 504 686 560 fracto
710 507 885 573 capite
912 506 1138 570 interiit,
1169 514 1333 576 atque
1350 505 1428 560 ita
1458 505 1704 575 probavit
1726 505 1870 574 quod

286 614 451 654 verus
471 596 703 652 Herodis
730 595 903 651 frater
929 606 1092 652 esset.
1120 596 1305 651 Parthi
1330 604 1533 663 autem,
1560 613 1870 667 quanquam

287 688 606 744 mulieribus
639 687 918 742 caruerint
960 701 1098 756 quas
1137 686 1459 756 cupiebant,
1498 688 1659 742 rebus
1690 695 1871 742 tamen

285 779 561 850 Antigono
584 775 1173 848 apudvllierosolymam
1196 777 1524 847 compositis,
1554 776 1793 832 vinctum
1815 777 1871 833 in

284 869 564 926 Partbiam
594 867 889 922 Hircanum
917 866 1137 921 ducunt.
1168 865 1409 923 Herodes
1445 883 1708 939 namque,
1745 870 1872 923 bar-

285 963 544 1016 barorum
572 959 799 1015 insidias
834 973 1147 1029 praecavens
1168 968 1227 1015 et
1249 959 1304 1013 in
1333 960 1480 1015 nullo
1511 960 1593 1015 eis
1621 962 1867 1029 credens,

284 1061 517 1108 matrem
568 1050 873 1120 fratresque
923 1065 1053 1106 suos
1103 1050 1588 1120 desponsatamque
1637 1052 1870 1121 puellam

284 1158 408 1198 cum
435 1150 612 1197 matre
640 1142 926 1213 arripiens,
961 1150 1122 1196 noctu
1149 1140 1270 1213 fuga
1299 1142 1516 1213 elapsus
1534 1184 1548 1208 ,
1594 1143 1870 1199 Masadam

284 1233 565 1289 castellum
598 1233 765 1287 citato
794 1232 988 1287 itinere
1020 1232 1197 1302 petiit.
1230 1232 1297 1285 Et
1329 1239 1459 1287 tunc
1492 1233 1706 1303 quidem
1745 1249 1867 1288 cum

283 1323 527 1394 fugeret,
563 1323 718 1377 multi
751 1324 821 1377 ad
847 1338 907 1378 se
934 1324 1292 1393 applicabant.
1323 1321 1515 1379 Postea
1545 1340 1676 1381 vero
1704 1340 1869 1395 quam

284 1414 587 1469 Didimeam
630 1414 903 1484 regionem
936 1414 1109 1476 venit,
1143 1415 1382 1469 occurrit
1414 1416 1465 1469 ei
1507 1414 1675 1470 frater
1713 1414 1867 1471 Jose-

284 1505 452 1575 phns,
496 1504 816 1572 turbamque
859 1503 1200 1571 sequentium
1242 1504 1467 1559 diminui
1512 1505 1801 1574 persuadet
1850 1523 1864 1560 :

283 1610 384 1649 nec
424 1593 587 1649 etiam
634 1592 887 1662 capacem
927 1607 1047 1647 csse
1090 1600 1253 1647 tantae
1294 1594 1651 1649 multitudinis
1692 1594 1867 1650 Masa-

283 1686 438 1749 dam,
467 1691 585 1738 erat
610 1691 790 1737 autem
821 1698 981 1751 supra
1016 1698 1179 1752 quam
1214 1698 1405 1738 novem
1438 1684 1659 1739 millium
1686 1684 1867 1739 multi-

1974 503 2239 560 Herodem
2279 520 2462 575 regem
2501 508 2675 560 creari
2715 523 2905 562 omnes
2930 510 3249 565 assentiunt.
3290 510 3549 565 Dimisso-

1972 610 2077 665 que
2107 595 2336 652 concilio
2364 594 2631 650 Antonius
2658 597 2873 665 quidem
2902 606 2957 653 et
2979 598 3169 655 Cresar
3195 601 3548 669 egredieban-

1972 691 2083 750 tur,
2132 684 2367 739 medium
2417 684 2681 753 stipantes
2721 684 3020 753 Herodem,
3071 690 3321 746 consules
3365 699 3548 746 autem

1971 792 2093 831 cum
2115 776 2238 832 aliis
2258 776 2662 847 magistratibus
2690 778 3097 845 antecedebant,
3121 781 3319 836 Caesari
3342 782 3550 838 hostias

1971 867 2353 936 decretumque
2392 875 2613 922 senatus
2649 867 2702 921 in
2737 865 2998 938 Capitolio
3027 872 3335 940 repositorii.
3365 872 3547 927 Primo

1970 963 2149 1012 autem
2188 956 2275 1012 die
2316 957 2464 1027 regni
2506 956 2732 1011 Herodis
2763 957 2903 1027 apud
2938 958 3229 1015 Antonium
3268 972 3544 1017 caecatum

1969 1056 2071 1103 est.
2100 1048 2230 1102 Inde
2254 1062 2384 1103 vero
2409 1048 2532 1102 navi
2569 1063 2637 1102 ex
2667 1047 2820 1102 Italia
2852 1048 2905 1102 in
2972 1048 3359 1107 Ptolomaidem
3389 1053 3551 1108 devc-

1971 1146 2090 1194 ctus
2123 1138 2391 1205 Herodes,
2424 1138 2568 1193 haud
2597 1154 2762 1207 parva
2790 1154 2952 1194 manu
2977 1149 3164 1195 coacta
3199 1127 3549 1197 externorum

1970 1238 2131 1300 atque
2155 1230 2464 1301 gentilium,
2499 1245 2598 1299 per
2622 1229 2898 1286 Galilaeam
2927 1231 3186 1287 adversus
3219 1233 3547 1304 Antigonum

1968 1323 2309 1391 properabat,
2332 1318 2563 1375 Ventidii
2592 1329 2647 1376 et
2668 1320 2886 1392 Cylonis
2907 1321 3074 1379 fultus
3095 1326 3314 1381 auxilio.
3345 1326 3551 1393 Quibus

1969 1413 2037 1469 ab
2058 1414 2293 1469 Antonio
2318 1414 2514 1471 missus
2551 1414 2783 1481 Dellius,
2813 1423 2873 1470 ιιι
2898 1415 3165 1472 Herodem
3193 1418 3547 1485 deducerent,

1968 1503 2240 1574 persuasit
2266 1523 2279 1557 :
2310 1504 2434 1559 inde
2459 1505 2526 1558 ad
2551 1504 2808 1559 Masidam
2837 1504 3128 1559 festinabat
3153 1504 3395 1561 Herodes
3423 1522 3545 1563 cum

1966 1596 2146 1651 valida
2178 1612 2340 1651 manu
2360 1636 2376 1662 ,
2412 1604 2522 1651 tam
2564 1596 2939 1666 indigenarum
2972 1611 3134 1664 quam
3179 1596 3545 1653 Romanorum

1972 1686 2223 1753 militum,
2247 1695 2302 1741 et
2323 1701 2391 1741 ex
2419 1686 2620 1741 Masida
2650 1684 2808 1740 facile
2831 1684 2943 1741 suis
2969 1685 3283 1754 pignoribus
3311 1694 3366 1739 et
3388 1687 3549 1742 rebus

280 1776 433 1830 tudo.
463 1774 648 1843 itaque
676 1774 854 1842 paruit
883 1773 1122 1827 Herodes
1142 1772 1260 1843 ejus
1279 1772 1525 1838 consilio,
1547 1782 1601 1828 et
1628 1776 1866 1843 impares
1897 1763 1941 1821 Β
1968 1790 1999 1829 a
2026 1776 2251 1831 castello
2291 1776 2554 1844 receptis,
2596 1773 3019 1845 Hierosolymam
3061 1774 3328 1843 perrexit,
3364 1776 3451 1830 cui
3487 1791 3548 1830 se

280 1867 498 1937 quidem
537 1866 844 1922 necessitati
882 1880 977 1934 per
1016 1866 1314 1920 Didimeam
1353 1865 1557 1920 dimisit
1591 1881 1714 1921 cum
1753 1868 1864 1921 via-

277 1958 408 2011 tico.
432 1957 839 2012 Valentissimos
860 1965 1040 2011 autem
1064 1958 1403 2027 maximeque
1425 1960 1761 2014 necessarios
1786 1969 1862 2015 te-

276 2045 429 2109 nuit,
474 2054 635 2115 atque
683 2046 757 2098 ita
806 2045 859 2098 in
901 2046 1185 2101 castellum
1226 2057 1474 2117 receptus
1512 2057 1613 2102 est.
1661 2049 1863 2105 Deinde

277 2136 567 2206 nongentis
609 2135 681 2189 ibi
737 2135 981 2201 relictis,
1032 2137 1124 2205 qui
1167 2136 1422 2191 mulieres
1468 2136 1819 2193 defenderent
1844 2178 1861 2205 ,

277 2227 518 2296 itemque
548 2228 807 2283 comitatu
845 2228 933 2296 qui
967 2227 1099 2282 satis
1133 2237 1277 2283 esset
1310 2229 1547 2284 obsessis
1577 2231 1860 2299 disposito,

277 2317 394 2388 ipse
420 2317 476 2371 in
502 2317 718 2371 Petram
744 2318 1017 2372 civitatem
1040 2317 1251 2373 Arabiae
1274 2319 1534 2388 perrexit,
1561 2334 1661 2374 nec
1683 2329 1862 2374 tamen

277 2409 419 2478 apud
443 2409 653 2463 Arabas
676 2409 878 2463 salvam
905 2424 1024 2464 esse
1049 2410 1342 2464 amicitiam
1365 2409 1587 2480 reperit.
1619 2408 1864 2479 Denique

275 2498 542 2553 Malichus
573 2513 668 2551 rex
699 2514 887 2553 eorum
908 2538 923 2564 ,
957 2499 1199 2553 remissis
1224 2500 1316 2569 qui
1354 2501 1457 2555 hoc
1482 2500 1860 2567 admonerent,

276 2605 440 2660 quam
483 2589 716 2659 primum
766 2606 890 2645 eum
932 2590 1131 2644 reverti
1176 2605 1243 2645 ex
1292 2590 1489 2647 finibus
1533 2591 1647 2647 suis
1685 2589 1858 2660 jubet.

280 2679 485 2736 Deinde
510 2679 752 2736 Herodes
770 2723 782 2742 ,
813 2681 903 2735 ubi
938 2680 1148 2736 Arabas
1185 2682 1285 2737 sibi
1316 2682 1499 2738 hostes
1527 2699 1649 2739 esse
1672 2685 1863 2756 depre-

278 2771 488 2836 hendit,
510 2787 646 2841 quos
669 2772 1029 2827 amicissimos
1056 2771 1418 2836 existimabat,
1448 2772 1741 2844 Egyptum
1767 2790 1862 2845 pe-

275 2863 383 2918 tiit.
415 2863 556 2933 Ergo
584 2864 642 2917 ut
668 2864 911 2932 pervenit
940 2863 1007 2917 ad
1035 2862 1418 2917 Alexandriam
1444 2864 1741 2928 civitatem,
1764 2864 1864 2919 ho-

274 2952 502 3008 norifice
531 2970 561 3007 a
590 2952 869 3023 Cleopatra
900 2960 1183 3023 susceptus
1218 2961 1330 3015 est,
1363 2954 1551 3008 ducem
1591 2953 1693 3007 sibi
1724 2953 1865 3007 mili-

275 3052 393 3098 tum
441 3059 563 3098 eum
605 3042 757 3110 fore,
806 3044 871 3098 ad
919 3060 982 3100 ea
1029 3059 1149 3113 quae
1189 3044 1444 3114 parabat,
1494 3042 1858 3098 existimantc.

274 3133 570 3204 lnstigatus
616 3107 794 3189 autem
842 3107 1063 3205 reginae
1103 3107 1395 3204 precibus,
1447 3150 1622 3204 neque
1668 3107 1936 3191 biemis‘3

274 3227 657 3296 asperitatem,
696 3241 881 3296 neque.
910 3228 1115 3281 marina
1153 3227 1494 3292 discrimina,
1540 3243 1649 3297 quo
1684 3227 1864 3282 minus

279 3316 511 3372 Romam
546 3317 856 3387 navigaret,
900 3318 1165 3374 extimuit.
1213 3318 1398 3388 Itaque
1441 3317 1565 3374 inde
1608 3320 1866 3376 continuo

275 3408 507 3464 Romam
531 3410 834 3478 profectus.
867 3409 1252 3465 familiaritatis
1283 3420 1520 3480 paternae
1550 3412 1725 3481 gratia
1751 3411 1864 3481 pri-

277 3517 426 3557 mum
456 3502 712 3557 convenit
739 3503 1034 3556 Antonium
1056 3544 1070 3566 ,
1109 3503 1267 3572 eique
1295 3513 1403 3557 tam
1433 3519 1561 3557 suas
1589 3520 1751 3572 quam
1786 3513 1866 3558 to-

276 3592 388 3647 tius
413 3593 632 3663 generis
667 3592 882 3659 clades,
916 3595 1167 3663 exponit,
1198 3602 1360 3663 atque
1397 3592 1510 3648 suis
1548 3593 1602 3646 in
1642 3593 1868 3648 castello

276 3683 489 3740 relictis
515 3693 566 3740 et
600 3685 881 3740 obsidione
916 3686 1145 3752 cinctis,
1187 3685 1413 3756 supplex
1447 3685 1517 3739 ad
1558 3698 1682 3740 cum
1717 3683 1869 3737 navi-

277 3790 438 3847 gasse
474 3776 674 3831 hieme.
715 3776 900 3846 Itaque
932 3785 1093 3832 tantae
1130 3777 1493 3832 miserationis
1536 3791 1725 3832 casum
1767 3775 1869 3830 mi-

279 3873 495 3920 seratus
545 3867 841 3931 Antonius,
887 3876 943 3922 et
990 3869 1247 3923 memoria
1269 3869 1486 3939 quidem
1517 3868 1719 3939 juncta:
1744 3882 1868 3922 cum

276 3955 571 4025 Antipatro
625 3957 828 4011 dextrae
875 3969 901 3997 α
923 3998 938 4023 ,
990 3973 1118 4029 ergo
1169 3959 1335 4028 ipsius
1390 3959 1580 4014 aderat
1629 3965 1870 4014 content—

278 4044 524 4115 platione
581 4045 798 4100 virtutis
826 4087 840 4111 ,
905 4047 1069 4101 etiam
1132 4056 1259 4102 tunc
1322 4061 1444 4101 eum
1506 4064 1688 4119 regem
1742 4062 1869 4101 con-

282 4136 517 4191 stituere
570 4136 850 4206 proposuit
897 4136 1204 4192 Judaaorum
1230 4177 1244 4203 ,
1305 4152 1465 4206 quem
1521 4138 1635 4205 ipse
1678 4145 1870 4191 tetrar-

281 4228 450 4284 cham
491 4235 647 4282 antea
698 4226 923 4282 fecerat.
965 4226 1081 4282 Non
1128 4228 1308 4282 minus
1348 4234 1527 4281 autem
1570 4241 1731 4296 quam
1773 4224 1874 4279 He-

281 4319 438 4373 rodis
479 4315 664 4373 favore
705 4318 830 4372 odio
875 4317 1172 4373 ducebatur
1208 4317 1482 4389 Antigoni.
1530 4315 1684 4370 Hunc
1724 4316 1870 4371 enim

282 4419 342 4466 et
375 4410 694 4465 seditiosum
731 4417 786 4465 et
816 4409 1075 4466 Romanis
1103 4411 1380 4467 inimicum
1416 4425 1536 4465 esse
1575 4408 1871 4465 arbitraba-

1967 1874 2078 1921 tam
2109 1866 2323 1923 Solonis
2358 1866 2554 1921 milites
2584 1880 2745 1935 quam
2782 1864 2962 1920 cmteri
3000 1880 3069 1919 ex
3107 1864 3326 1919 civitate
3345 1862 3546 1932 junxe-

1965 1964 2127 2021 runt,
2176 1956 2374 2011 virium
2420 1957 2537 2026 ejus
2584 1957 2779 2010 timore
2821 1954 3073 2025 perculsi.
3120 1953 3325 2009 Castris
3365 1963 3547 2009 autem

1965 2047 2278 2116 compositis
2316 2046 2462 2101 circa
2496 2046 2805 2109 civitatem,
2847 2059 2969 2099 eam
3007 2044 3220 2113 sagittis
3261 2052 3314 2100 et
3351 2042 3550 2113 jaculis

1964 2138 2315 2208 impetebant.
2348 2138 2453 2193 Sed
2490 2139 2617 2193 dum
2657 2136 2879 2191 minime
2910 2150 3034 2190 eam
3072 2134 3367 2207 infringere
3402 2135 3550 2190 vale—

1964 2236 2115 2293 rent,
2148 2227 2346 2285 Iudaeis
2385 2245 2452 2285 ex
2486 2228 2708 2283 civitate
2743 2228 3148 2294 resistentibus,
3180 2227 3270 2297 qui
3306 2228 3549 2298 partibus

1964 2321 2219 2392 Antigoni
2247 2321 2502 2377 favebant
2531 2339 2545 2374 :
2576 2320 2822 2390 quamvis
2857 2320 2993 2375 adeo
3020 2328 3315 2390 pugnatum
3352 2319 3455 2385 sit,
3492 2330 3551 2373 nt

1967 2413 2175 2483 sagittis
2198 2420 2253 2468 et
2277 2411 2472 2480 jaculis
2499 2420 2726 2468 cunctos
2761 2426 2829 2467 ex
2854 2411 3094 2466 turribus
3132 2410 3186 2464 in
3220 2410 3399 2480 fugam
3427 2426 3550 2464 ver—

1966 2510 2174 2569 terent,
2208 2513 2446 2560 attamen
2482 2519 2759 2559 murorum
2791 2501 3103 2558 defensores
3142 2500 3356 2557 fortiter
3392 2501 3553 2556 resti-

1914 2644 1931 2657 .
1966 2604 2166 2652 terunt.
2215 2595 2353 2651 Hinc
2400 2596 2810 2667 superveniente
2851 2594 3067 2658 hieme,
3118 2593 3327 2649 obsidio
3377 2593 3550 2649 soluta

1966 2695 2048 2743 est
2084 2705 2097 2740 :
2141 2686 2207 2741 ad
2254 2685 2370 2742 loca
2410 2685 2612 2740 milites
2655 2692 2958 2755 Opportuna
3008 2682 3330 2738 hibernandi
3374 2684 3548 2754 gratia

1967 2778 2272 2835 discedunt.
2330 2777 2532 2833 Eodem
2597 2785 2836 2844 tempore
2895 2774 3163 2830 Antonius
3211 2773 3547 2830 Samosatam

1961 2870 2118 2940 juxta
2151 2868 2423 2923 Eufratcm
2454 2867 2840 2921 validissimam
2868 2864 3140 2919 civitatem
3169 2866 3348 2920 acrius
3376 2881 3548 2936 oppu-

1968 2961 2198 3030 gnabat,
2228 2974 2335 3027 quo
2362 2957 2603 3013 Herodes
2632 2955 2905 3025 profectus
2935 2963 3020 3010 est
3055 2964 3113 3011 ut
3144 2971 3295 3011 suam
3323 2958 3549 3012 demou-

1970 3058 2171 3105 straret
2198 3050 2476 3113 virtutem,
2507 3056 2563 3102 ct
2588 3054 2646 3101 ut
2673 3047 2844 3117 magis
2866 3047 3146 3115 magisque
3168 3046 3410 3115 placeret
3435 3048 3548 3101 An-

1970 3143 2138 3197 tonio.
2174 3141 2415 3209 Denique
2446 3155 2570 3193 mox
2609 3147 2670 3193 nt
2708 3137 2776 3192 ad
2815 3153 2937 3192 eum
2971 3136 3149 3201 venit,
3185 3137 3344 3191 ﬁnem
3372 3138 3555 3191 attulit

1965 3234 2256 3298 obsidioni,
2282 3233 2466 3287 multis
2492 3231 2739 3286 barbaris
2766 3228 3084 3284 interfectis.
3118 3228 3260 3299 Ergo
3287 3229 3413 3283 dum
3437 3229 3552 3283 lucc

1967 3334 2201 3396 aguntur
2228 3324 2369 3395 apud
2398 3323 2688 3378 Antonium
2708 3362 2723 3387 ,
2756 3320 2985 3375 Herodis
3027 3320 3081 3373 in
3108 3318 3292 3373 Iudaea
3320 3335 3409 3375 rcs
3442 3318 3551 3374 fra-

1967 3425 2067 3471 ctse
2100 3424 2244 3471 sunt.
2288 3414 2602 3482 Reliquerat
2637 3413 2783 3467 enim
2829 3409 3122 3478 Josephum
3160 3409 3420 3477 fratrem,
3459 3413 3551 3482 qui

1967 3506 2147 3562 omnia
2170 3512 2521 3575 procuraret,
2551 3517 2674 3557 cum
2701 3500 2974 3554 mandatis
2999 3498 3303 3568 bujusmodi
3322 3541 3335 3562 ,
3362 3508 3421 3553 ut
3449 3518 3547 3555 nc-

1968 3611 2239 3666 qnaqnam
2276 3602 2404 3649 ante
2446 3592 2810 3647 reversionem
2839 3604 2994 3643 suam
3032 3590 3294 3643 adversus
3326 3588 3551 3658 Antigo-

1968 3702 2097 3741 num
2125 3684 2325 3740 bellum
2350 3690 2612 3738 moveret.
2646 3682 2847 3736 Verum
2881 3678 3175 3749 Josepbus,
3206 3678 3296 3732 ubi
3326 3677 3549 3733 fratrem

1968 3775 2153 3845 procul
2175 3776 2367 3831 abesse
2387 3775 2658 3846 cognovit,
2684 3774 2968 3828 immemor
2988 3781 3401 3840 praeceptorum,
3428 3771 3551 3826 ilie-

1970 3865 2223 3923 richunta
2239 3880 2363 3920 cum
2380 3864 2619 3934 quinque
2658 3863 3004 3927 cohortibus,
3050 3877 3082 3917 a
3129 3862 3265 3918 duce
3308 3862 3551 3916 Βυιιιιιιιο

1971 3958 2222 4013 Machera
2265 3972 2449 4013 secum
2494 3955 2674 4010 missis
2720 3954 2885 4023 petit,
2929 3964 2991 4008 ut
3037 3961 3248 4008 matura
3295 3953 3548 4008 messium

1971 4058 2211 4118 tempore
2249 4047 2519 4104 frumenta
2559 4045 2795 4116 diripiat.
2834 4045 3056 4099 incursu
3100 4055 3279 4099 autem
3315 4044 3548 4098 hostium

1970 4155 2069 4209 per
2104 4145 2360 4195 montana
2395 4146 2560 4208 atque
2599 4151 2789 4205 aspera
2828 4135 2944 4190 loca
2971 4150 3288 4205 Oppressus,
3320 4136 3432 4205 ipse
3461 4150 3551 4191 ca-

1971 4231 2051 4287 dit
2079 4249 2091 4283 :
2121 4238 2176 4285 et
2202 4244 2450 4299 magnam
2477 4228 2577 4283 viri
2606 4226 2763 4283 fortis
2789 4226 2843 4281 in
2872 4241 2936 4280 ea
2960 4240 3139 4296 pugna
3166 4225 3390 4294 gloriam
3422 4242 3551 4281 con-

1972 4331 2189 4378 secutus
2212 4328 2316 4387 est,
2340 4337 2463 4376 cum
2484 4336 2592 4391 quo
2614 4334 2804 4376 omnes
2829 4317 3055 4372 Romani
3081 4317 3277 4372 milites
3303 4330 3547 4388 pereunt,

1971 4414 2228 4485 quoniam
2269 4421 2515 4468 recentes
2564 4412 2630 4469 de
2675 4410 2835 4483 Syria
2878 4410 3132 4466 cohortes
3177 4408 3329 4464 lectm
3373 4421 3547 4473 erant,

281 4510 397 4556 tur.
427 4499 629 4556 Caesari
668 4501 887 4571 quidem
927 4500 1190 4556 Herodem
1220 4501 1661 4565 commendabat,
1700 4499 1868 4555 multo
1893 4472 1948 4531 Β
1972 4472 2073 4560 nec
2109 4510 2351 4558 veterum
2400 4503 2629 4557 militum
2670 4472 2996 4571 quemquam
3032 4501 3347 4571 permistum
3381 4472 3549 4557 habe}

283 4606 454 4661 quam
498 4591 612 4661 ipse
647 4592 894 4661 paratius
920 4605 1186 4647 renovans
1210 4591 1477 4662 Antipatri
1502 4590 1870 4660 expeditiones

284 4698 426 4752 quas
450 4684 506 4737 in
535 4681 771 4753 Egypto
798 4699 920 4738 cum
950 4683 1066 4752 ejus
1087 4692 1242 4753 patre
1269 4681 1583 4753 pertulerat,
1612 4688 1666 4735 et
1690 4681 1870 4750 hospi-

286 4775 363 4829 tia
392 4782 451 4828 ct
489 4774 545 4828 in
579 4775 740 4829 rebus
776 4775 983 4829 cunctis
1022 4774 1466 4829 benevolentiam.
1503 4772 1637 4828 Cum
1676 4780 1871 4841 prmter

286 4865 409 4919 haec
442 4864 610 4933 ipsius
640 4879 855 4934 quoque
887 4863 1114 4919 Herodis
1144 4863 1437 4918 ellicaciam
1466 4870 1742 4926 cerneret,
1774 4875 1868 4915 vc-

284 4964 598 5010 rumtamen
624 4965 679 5009 et
712 4959 956 5009 senatuin
995 4956 1358 5017 convocabat,
1398 4953 1489 5007 ubi
1525 4951 1781 5016 Messala,
1817 4958 1875 5005 et

280 5055 417 5119 post
442 5061 567 5101 eum
594 5045 896 5110 Atratinus,
923 5054 1134 5099 astante
1164 5043 1391 5107 Herode,
1420 5041 1588 5112 patris
1615 5043 1731 5113 ejus
1754 5058 1869 5098 me-

285 5137 397 5192 rita
431 5145 487 5191 et
514 5135 680 5205 ipsius
713 5137 856 5191 circa
881 5135 1135 5205 pupulum
1171 5134 1470 5189 Romanum
1501 5133 1656 5189 fidem
1684 5148 1869 5203 prose-

285 5230 603 5298 quebantur
641 5246 653 5281 :
700 5244 806 5297 quo
848 5228 1007 5282 simul
1041 5228 1249 5282 hostem
1286 5226 1610 5295 Antigonum
1649 5227 1870 5279 demou-

286 5330 569 5387 strarent,
614 5339 722 5377 non
771 5323 944 5377 solum
990 5323 1136 5392 quod
1185 5322 1326 5375 intra
1371 5321 1536 5375 breve
1576 5329 1783 5389 tempus
1830 5321 1877 5374 is

289 5413 562 5469 dissidere
587 5412 859 5481 cmpissu,
892 5427 1081 5466 verum
1115 5410 1280 5465 etiam
1309 5410 1452 5479 quod
1483 5418 1640 5463 antea
1664 5424 1877 5478 quoque

288 5504 354 5560 P.
378 5502 473 5567 R.,
506 5503 762 5573 despecto
790 5501 1112 5556 Parthorum
1141 5500 1428 5570 suffragio,
1461 5516 1684 5570 regnum
1722 5516 1880 5555 cura-

294 5595 466 5649 visset
506 5593 777 5660 accipere.
823 5588 918 5644 His
960 5599 1137 5643 autem
1179 5598 1449 5645 commoto
1489 5596 1676 5642 senatu
1700 5627 1715 5653 ,
1754 5603 1877 5643 cum

1972 4597 2106 4652 bant
2134 4596 2226 4666 qui
2265 4603 2447 4667 posset
2483 4595 2708 4651 rudibus
2735 4594 3010 4665 epitnlari.
3043 4593 3344 4663 Antigonus
3370 4606 3547 4650 autem

1973 4687 2198 4742 minime
2224 4686 2328 4742 hac
2352 4686 2579 4742 victoria
2605 4693 2892 4741 contentus
2914 4684 3034 4749 fuit,
3061 4686 3156 4739 sed
3177 4686 3311 4740 adeo
3340 4686 3553 4741 iracun-

1977 4778 2065 4832 dia
2100 4787 2378 4847 permotus
2424 4786 2541 4843 est,
2589 4786 2650 4831 ut
2696 4784 2968 4830 mortuum
3006 4790 3218 4844 quoque
3261 4774 3549 4845 Joscpbum

1976 4871 2320 4935 verberaret,
2351 4878 2408 4923 et
2432 4870 2513 4924 eis
2550 4876 2711 4936 caput
2750 4865 3115 4921 abscinderet.
3152 4865 3319 4934 igitur
3354 4854 3549 4918 Herodi
3615 4912 3623 4919 .

1977 4962 2172 5032 quippe
2208 4960 2423 5032 degenti
2472 4958 2613 5026 apud
2660 4956 2938 5024 Daphnem
2981 4953 3282 5010 Antiochia:
3323 4959 3550 5006 mortem

1976 5052 2164 5107 fratris
2187 5050 2394 5106 somnia
2418 5046 2702 5102 manifesta
2725 5044 3118 5114 significabant.
3150 5042 3284 5096 Cum
3310 5042 3554 5096 turbatus

1975 5140 2315 5212 prosiluisset
2365 5137 2591 5200 stratis,
2643 5149 2773 5190 ecce
2821 5133 2992 5188 nuntii
3046 5131 3214 5186 cladis
3259 5130 3549 5185 intrabant.

1979 5232 2157 5298 Quare
2186 5245 2301 5298 pra:
2327 5227 2512 5281 dolore
2541 5224 2818 5294 paululum
2839 5232 3081 5293 questus,
3113 5220 3346 5276 maxima
3376 5220 3553 5276 luctus

1978 5330 2134 5391 parte
2173 5319 2369 5382 dilata,
2409 5315 2464 5369 in
2504 5316 2689 5369 hostes
2716 5312 3071 5383 properabat,
3101 5308 3242 5363 ultra
3275 5308 3554 5393 viresitcr

1980 5410 2309 5466 accelerans.
2340 5406 2399 5461 in
2432 5406 2548 5460 dies
2584 5413 2766 5459 autem
2804 5400 3041 5472 singulos
3068 5415 3261 5470 magna
3291 5400 3339 5455 ei
3376 5393 3557 5475 multi-

1982 5501 2111 5555 tudo
2145 5498 2453 5553 Judaeornm
2479 5495 2800 5558 accedebat,
2831 5507 2953 5547 cum
2984 5492 3085 5546 hos
3106 5489 3286 5545 odium
3313 5500 3556 5546 moveret

1980 5587 2270 5659 Antigoni,
2298 5587 2433 5642 alios
2456 5584 2769 5641 mutationis
2802 5582 3071 5649 cupiditas
3100 5581 3422 5653 impellebat.
3447 5580 3557 5640 Sed

366 5716 394 5744 ι
436 5702 613 5758 Locus
638 5708 925 5769 corruptus
951 5706 1023 5753 uti
1044 5706 1103 5752 et
1135 5698 1530 5767 quamplurima
1559 5698 1611 5752 in
1646 5698 1731 5752 his
1758 5714 1878 5768 quae
1914 5706 2231 5768 sequuntur.
2263 5684 2415 5753 Eutr;

748 5793 1019 5851 PATROL.
1062 5790 1205 5853 CVI.

3043 5783 3115 5845 35
