3964 6172
417 319 562 375 Ἰουὶ)

1455 313 1844 372 FRECULPHI
1869 309 2330 369 'LEXOVENSIS
2367 309 2669 368 EPISCOI’I

3550 320 3694 374 “(ID

423 445 710 503 antequam
734 430 1159 503 Hierosolymam
1183 432 1506 500 perveniret,
1531 431 1728 501 smpius
1749 446 1873 486 cum
1895 429 1976 483 An

2104 431 2272 490 ceret,
2297 423 2593 480 honoriﬁce
2618 422 2905 478 tractabat.
2936 423 3328 496 Antigonianos
3356 439 3535 484 autem
3566 436 3692 487 nati

415 524 711 596 tigonianis
737 523 998 577 militibus
1027 521 1240 576 fortiter
1264 522 1538 577 dimicavit
1558 531 1612 577 et
1636 523 1784 577 vicit.
1808 522 1885 576 Ac
1910 536 2000 591 p0-

413 625 626 670 stremo
651 613 789 668 bello
817 613 1052 683 I’appum
1085 613 1294 686 quidem
1313 653 1328 679 ,
1356 613 1611 685 Antigoni
1642 613 1872 668 militum
1901 613 2000 668 du-

421 721 539 760 cem
559 745 573 769 ,
601 704 813 760 absciso
844 705 1020 774 capite
1064 705 1381 771 obtruncat,
1417 706 1579 776 idque
1621 706 1801 760 Feroti
1830 705 2000 775 magi-

416 801 535 848 stro
570 794 845 849 exercitus
889 793 1042 848 fratri
1080 809 1178 849 suo
1215 795 1382 849 mittit
1417 794 1468 850 in
1509 794 1774 864 perempti
1816 793 2002 849 fratris

421 883 699 938 ultionem.
738 884 978 954 Namque
1007 884 1219 955 Pappus
1244 894 1359 938 erat
1389 885 1482 955 qui
1511 885 1801 954 Iosephum
1834 885 2000 939 inter-

417 976 645 1032 fecerat.
679 977 777 1034 Ubi
821 987 997 1032 autem
1035 979 1182 1050 rigor
1205 978 1400 1032 hiemis
1430 978 1623 1042 cessit,
1664 978 1718 1032 in
1749 977 2000 1034 Hieroso-

419 1066 619 1138 iymam
637 1066 917 1136 profectus
938 1075 1040 1132 est,
1071 1069 1347 1136 murisque
1373 1067 1588 1122 admoto
1613 1066 1802 1132 milite,
1825 1083 1999 1124 anuus

419 1171 656 1229 namque
693 1158 954 1228 agebatur
987 1159 1182 1212 tertius
1222 1173 1289 1212 ex
1327 1173 1435 1226 quo
1469 1172 1565 1211 rex
1603 1156 1789 1212 Romae
1823 1155 2001 1212 fuerat

416 1249 724 1306 declaratus
752 1267 765 1304 :
793 1249 1032 1306 exercitu
1057 1250 1252 1320 quippe
1279 1251 1332 1304 iu
1361 1249 1846 1320 opere'distributo,
1871 1249 1999 1306 sub-

416 1341 751 1411 urbanisque
785 1340 1014 1407 clausis,
1069 1341 1325 1396 universo
1357 1349 1536 1394 autem
1574 1338 1815 1395 exercitu
1862 1353 1996 1396 con-

415 1443 642 1505 gregato
668 1435 733 1488 ad
771 1435 1011 1503 peditum
1047 1431 1284 1504 legiones
1313 1433 1592 1499 undecim,
1626 1433 1867 1502 equitant
1901 1445 1997 1486 sex

413 1526 606 1592 millia,
637 1535 832 1596 praeter
853 1525 1052 1580 auxilia
1081 1525 1364 1596 Syrorum,
1394 1539 1563 1596 prope
1591 1522 1994 1594 septentrionali

419 1631 578 1670 muro
605 1625 781 1672 castra
821 1616 1235 1672 collocaverunt.
1271 1615 1403 1672 Tres
1436 1617 1655 1686 quidem
1695 1616 1874 1672 levare
1902 1630 1998 1686 sg-

418 1722 574 1776 gercs
605 1715 660 1762 et
693 1722 856 1777 super
891 1722 984 1762 eos
1016 1716 1195 1762 turres
1221 1707 1490 1762 mdiﬁeare
1519 1705 1690 1774 jubet.
1732 1707 1850 1778 Ipse
1876 1706 1996 1776 qui-

417 1797 539 1850 dem
577 1794 844 1863 Herodes,
903 1797 1371 1852 senatusconsulto
1423 1794 1622 1860 fretus,
1663 1796 1860 1864 quibus
1899 1811 1996 1850 rex

420 1885 595 1940 fuerat
628 1886 933 1942 declaratus
953 1928 968 1952 ,
1010 1887 1256 1942 hilariter
1290 1894 1486 1942 cuncta
1521 1885 1860 1956 disponebat.
1888 1884 1998 1939 An-

418 1977 604 2032 tonius
641 1992 770 2033 vero
819 1977 1094 2045 Sossium,
1131 1977 1322 2033 ducem
1362 1979 1626 2044 militum,
1667 1993 1791 2033 eum
1821 1979 1996 2035 valida

412 2086 580 2124 manu
610 2070 662 2124 in
691 2069 919 2126 Herodis
941 2070 1200 2124 auxilium
1225 2069 1472 2124 miserat.
1496 2068 1790 2124 Bellatores
1816 2079 1996 2124 autem

414 2163 506 2231 qui
540 2161 678 2218 infra
704 2177 916 2217 murum
943 2169 1130 2226 erant,
1157 2161 1556 2216 constantiores
1589 2157 1753 2226 facti,
1779 2159 1996 2230 opposi-

415 2261 498 2308 tos
537 2268 568 2308 e
596 2253 768 2308 muris
796 2267 1020 2324 aggeres
1054 2249 1444 2321 prohibebant,
1483 2257 1537 2305 et
1566 2259 1752 2304 contra
1792 2250 1996 2304 instru-

415 2353 596 2398 menta
623 2343 1049 2414 oppugnantium
1086 2357 1301 2413 semper
1339 2355 1536 2396 novum
1568 2340 1784 2412 aliquod
1809 2340 1994 2396 obsta-

414 2435 592 2490 culum
641 2435 1044 2500 moliebantur,
1090 2435 1145 2489 in
1194 2434 1338 2489 nulla
1388 2449 1448 2489 re
1493 2434 1711 2504 quidem
1755 2433 1893 2488 sicut
1937 2432 1993 2488 in

410 2525 677 2580 cuniculis
703 2526 1048 2595 superabant.
1080 2525 1310 2580 Prorsus
1340 2539 1516 2594 neque
1547 2524 1795 2578 manibus
1821 2537 1995 2594 neque

414 2615 680 2670 machinis
719 2613 1076 2681 deﬁciebant,
1119 2614 1376 2684 quoniam
1417 2629 1588 2684 usque
1631 2613 1697 2668 ad
1745 2614 1994 2668 ultimum

403 2722 715 2777 repugnare
747 2708 1116 2763 decreverant.
1153 2707 1398 2776 Denique
1435 2714 1585 2761 tanto
1610 2705 1854 2761 exercitu
1891 2706 1996 2761 cir-

409 2800 779 2864 cumsedente,
805 2815 902 2871 per
927 2799 1164 2870 quinque
1189 2814 1405 2854 menses
1431 2798 1696 2853 obsidium
1727 2798 1992 2853 tolerave-

412 2899 538 2943 runt
569 2907 582 2944 :
615 2891 1026 2960 donecquidam
1056 2904 1122 2944 ex
1149 2889 1237 2945 his
1260 2904 1397 2960 quos
1426 2889 1598 2943 lectos
1623 2888 1854 2943 habebat
1884 2887 1991 2944 Hc-

405 2982 591 3046 ,rodes,
620 2984 735 3036 ausi
770 2997 982 3036 murum
1015 2981 1350 3054 transgredi,
1377 2981 1654 3036 civitatem
1683 2981 1995 3051 irruperunt

408 3081 601 3142 etpost
621 3087 714 3126 eos
737 3073 906 3127 Sossii
936 3073 1298 3128 centuriones.
1324 3073 1488 3144 Igitur
1511 3082 1635 3127 ante
1655 3074 1835 3127 omnia
1865 3073 1990 3128 fano

408 3161 652 3232 proxima
677 3161 1046 3231 capiebantur,
1071 3172 1126 3216 et
1148 3161 1326 3216 infuso
1349 3163 1591 3217 exercitu
1615 3163 1847 3232 plurima
1872 3164 1990 3218 ubi-

411 3268 517 3321 que
551 3267 698 3306 mors
725 3259 844 3305 erat
862 3292 876 3316 ,
906 3251 1162 3305 Romanis
1187 3251 1404 3321 quidem
1439 3258 1661 3321 propter
1689 3252 1988 3308 obsidionis

406 3361 595 3402 moras
618 3345 791 3409 iratis,
817 3343 1042 3402 Herodis
1067 3358 1195 3398 vero
1224 3358 1386 3397 manu
1417 3358 1628 3399 summo
1654 3343 1857 3398 intenta
1881 3351 1984 3398 stu-

407 3437 499 3491 dio
528 3452 595 3492 ne
623 3436 744 3506 quis
773 3437 983 3506 penitus
1023 3451 1088 3490 ex
1117 3435 1446 3491 adversariis
1470 3436 1750 3490 resideret.
1779 3435 1984 3490 Macta-

409 3530 608 3582 ban'tur
635 3535 815 3582 autem
843 3525 1248 3597 quamplurimi,
1270 3533 1324 3582 et
1350 3539 1447 3594 per
1468 3525 1808 3596 angustiores
1837 3527 1986 3583 vicos

406 3633 471 3672 ac
501 3617 694 3687 oppida
725 3624 780 3670 et
814 3615 867 3669 in
896 3616 1082 3670 domos
1122 3614 1417 3684 compulsi,
1443 3615 1528 3670 vel
1560 3615 1605 3669 si
1635 3615 1701 3669 ad
1728 3617 1984 3686 templum

405 3708 570 3762 etiam
597 3707 989 3777 confugissent,
1018 3721 1118 3761 nec
1147 3705 1254 3760 ulla
1279 3713 1397 3760 erat
1421 3713 1514 3760 aut
1537 3708 1861 3772 senectutis,
1891 3717 1984 3762 aut

405 3799 688 3854 muliebris
727 3798 1058 3853 inﬁrmitatis
1103 3797 1402 3853 miseratio.
1442 3797 1684 3869 Denique
1720 3799 1843 3855 licet
1887 3816 1984 3856 rex

403 3889 604 3957 ubique
631 3887 909 3944 dimittens
941 3898 1153 3957 rogaret
1181 3897 1240 3942 ut
1272 3896 1588 3957 parcerent,
1616 3903 1776 3944 nemo
1801 3897 1982 3944 tamen

403 3979 681 4033 dexteram
710 3978 1007 4042 continuit,
1036 3977 1128 4031 sed
1160 3977 1324 4032 veluti
1353 3977 1594 4033 furentes
1617 3993 1830 4033 omnem
1861 3995 1984 4050 per-

402 4069 771 4138 sequebantur
794 4075 1030 4122 :etatem.
1063 4067 1136 4121 Ibi
1171 4076 1282 4122 tum
1317 4068 1480 4124 etiam
1520 4067 1850 4138 Antigonus,
1887 4085 1982 4125 ne-

398 4171 507 4228 que
547 4157 782 4227 priorem
823 4172 997 4226 neque
1035 4165 1354 4226 praesentem
1398 4157 1667 4212 fortunam
1712 4159 1978 4230 cogitans,

401 4251 562 4303 domo
583 4249 883 4314 descendit,
915 4257 969 4304 et
995 4250 1062 4303 ad
1087 4251 1249 4318 pedes
1277 4248 1446 4305 Sossii
1473 4251 1854 4321 prosternitur.
1886 4251 1979 4307 Ille

401 4348 584 4393 autem
609 4339 744 4394 nihil
779 4354 902 4394 eum
940 4347 1104 4394 tanta:
1133 4340 1447 4396 mutationis
1471 4355 1636 4396 causa
1665 4342 1975 4408 miseratus,

395 4435 454 4481 et
489 4428 912 4498 intemperanter
949 4429 1168 4492 derisit,
1211 4436 1266 4483 et
1307 4429 1628 4500 Antigonam
1665 4430 1970 4501 appellavit,

393 4531 573 4588 neque
602 4525 779 4572 tamen
817 4518 981 4572 etiam
1017 4518 1274 4574 custodia:
1308 4518 1535 4573 liberum
1569 4520 1776 4576 dimisit
1811 4530 1868 4576 ut
1897 4521 1975 4576 fe-

394 4609 620 4664 minam.
644 4607 830 4679 Itaque
856 4607 943 4662 ille
966 4609 1182 4678 quidem
1203 4609 1416 4664 vinctus
1441 4611 1842 4668 asservabatur.
1870 4613 1975 4669 lle-

392 4699 553 4756 rodes
573 4709 775 4766 autem,
799 4699 1054 4770 quoniam
1067 4700 1251 4755 hostes
1265 4700 1412 4764 vicit,
1435 4709 1494 4754 ut
1511 4709 1735 4755 externa
1757 4717 1973 4773 quoque

392 4790 592 4846 auxilia
621 4790 927 4862 subiugum
954 4790 1195 4846 mitteret
1219 4789 1555 4860 providebat,
1581 4791 1646 4846 de
1669 4793 1782 4846 suis
1803 4791 1972 4848 facul-

389 4881 595 4936 tatibus
620 4882 923 4936 mercedem
951 4881 1178 4952 singulis
1200 4882 1618 4936 distributurum
1643 4895 1702 4936 se
1724 4897 1844 4938 esse
1871 4883 1968 4937 lir-

309 5030 311 5033 ,
388 4973 575 5028 inavit.
613 4972 748 5029 Nam
786 4983 841 5030 et
879 4974 1112 5030 militum
1145 4989 1414 5044 quemque
1446 4972 1740 5030 liberaliter
1780 4983 1835 5030 et
1869 4991 1968 5046 pro

390 5065 605 5126 merito,
629 5065 818 5120 ducem
847 5065 1018 5137 ipsum
1041 5080 1254 5135 quiaque
1279 5064 1523 5120 Sossium
1548 5065 1695 5134 regia
1722 5065 1969 5137 largitate

383 5156 640 5220 donavit,
678 5166 738 5211 ut
771 5171 930 5210 nemo
970 5171 1136 5226 egens
1173 5156 1416 5226 pecuniis
1453 5156 1648 5211 abiret.
1685 5156 1812 5211 Post
1850 5157 1966 5213 bare

379 5248 632 5314 Sossius,
661 5263 824 5305 aurea
862 5264 1061 5304 corona
1093 5248 1204 5303 Deo
1237 5249 1444 5312 dicata,
1477 5263 1546 5302 ex
1580 5247 1964 5318 Hierosolymis

382 5342 672 5405 remeavit,
711 5341 946 5396 Antonio
983 5341 1220 5396 vinctum
1251 5339 1580 5410 Antigonum
1621 5341 1824 5396 ducens
1857 5358 1870 5394 :
1903 5349 1958 5396 et

381 5430 531 5485 illum
553 5431 771 5501 quidem
805 5446 913 5486 una
941 5445 1037 5501 spe
1062 5431 1186 5485 vita:
1215 5430 1468 5500 cupidum
1488 5470 1504 5496 ,
1531 5444 1702 5500 usque
1727 5429 1794 5484 ad
1828 5429 1957 5486 ulti-

382 5534 528 5574 mum
554 5521 696 5576 diem
723 5522 935 5593 ignavia
958 5522 1118 5594 digna
1151 5521 1357 5577 securis
1383 5521 1614 5592 excepit.
1638 5521 1752 5576 Rex
1777 5529 1957 5577 autem

383 5604 648 5671 Herodes,
673 5609 909 5664 discreta
937 5610 1282 5666 multitudine
1309 5609 1563 5676 civitatis,
1591 5625 1814 5665 suarum
1837 5611 1959 5680 qui-

2103 515 2367 571 tradcbat.
2399 514 2518 569 Iam
2545 515 2688 570 enim
2724 516 2994 571 Antonius
3019 517 3321 588 Cleopatra:
3350 536 3537 577 amore
3559 540 3693 580 cor-

2101 614 2326 674 ruptus,
2358 605 2506 660 omni
2545 619 2604 660 se
2639 606 2879 675 cupidini
2917 617 3279 663 concesserat.
3323 610 3382 666 Si
3418 614 3546 681 quis
3577 615 3698 684 ple-

2099 695 2224 751 nius
2253 695 2395 751 scire
2423 695 2675 762 voluerit,
2703 695 2760 750 in
2785 694 3007 766 Iosephi
3033 699 3410 758 tertiodecimo
3435 701 3580 758 libro
3605 721 3698 758 re-

2099 787 2300 856 quirat.

2679 877 2906 934 CAPUT
2955 879 3095 936 XIII.

2101 987 2312 1043 Herode
2363 989 2657 1068 alienigena
2705 1005 2824 1059 rege
2875 990 3037 1059 facto,
3086 993 3386 1068 prophetiae!
3411 997 3697 1068 completa-

2167 1069 2287 1114 sunt
2313 1076 2430 1130 qua:
2462 1059 2730 1113 Christum
2765 1070 2891 1113 tunc
2921 1059 3193 1116 venturum
3222 1059 3602 1133 praedixerant,
3642 1080 3694 1122 et

2167 1127 2482 1183 Judworum
2516 1145 2734 1200 regnum
2763 1129 3155 1186 destruendum.

2169 1240 2436 1297 Hircanus
2457 1256 2609 1308 vero,
2633 1250 2695 1298 ut
2713 1257 2875 1313 supra
2899 1243 3154 1311 diximus,
3177 1259 3208 1300 a
3226 1245 3446 1304 Parthis
3468 1258 3696 1319 captus,

2097 1345 2165 1388 ac
2209 1331 2406 1386 deinde
2445 1331 2718 1403 Antigono
2752 1329 2871 1400 ejus
2909 1347 3243 1400 successore,
3285 1351 3443 1404 quem
3497 1337 3697 1394 Parthi

2097 1422 2436 1478 sacerdotem
2470 1422 2739 1489 fecerant,
2767 1438 2800 1478 a
2819 1423 3080 1479 Romanis
3107 1427 3501 1494 comprehenso
3523 1439 3698 1500 atque

2098 1512 2440 1583 interempto,
2483 1511 2797 1569 Iudaeorum
2820 1513 3017 1570 defecit
3054 1530 3279 1586 regnum
3331 1527 3387 1573 et
3429 1522 3696 1576 Sacerdo-

2096 1603 2252 1657 tium.
2285 1601 2562 1672 Siquidem
2606 1603 2846 1659 Herodes
2880 1603 3178 1674 alienigena
3215 1614 3271 1660 et
3308 1607 3439 1661 nihil
3463 1611 3696 1664 omnino

2095 1695 2373 1762 pertinens
2415 1695 2485 1750 ad
2521 1693 2780 1770 Iudaeam,
2824 1693 3096 1764 Antipatri
3133 1696 3376 1752 videlicet
3398 1699 3692 1755 Ascaloni-

2025 1773 2072 1832 Β
2102 1786 2172 1840 tis
2193 1785 2439 1840 Idumaeas
2485 1784 2748 1856 regionis,
2798 1793 2855 1840 et
2898 1785 3093 1840 matris
3140 1785 3390 1856 Cypridis
3437 1790 3696 1845 Arabica!

2099 1876 2260 1941 ﬁlius,
2299 1876 2796 1931 contradicentibus
2824 1877 3104 1944 Romanis,
3143 1876 3446 1934 Iudieorum
3492 1896 3691 1937 susce-

2097 1975 2177 2046 pit
2198 1975 2581 2046 principatum,
2606 1990 2830 2045 regnum
2853 1984 2910 2030 et
2931 1977 3296 2032 sacerdotium
3315 1976 3463 2032 Iudas
3493 1997 3509 2032 :
3543 1983 3692 2048 quod

2097 2065 2248 2136 prius
2275 2080 2374 2136 per
2401 2065 2773 2120 successiones
2803 2067 3118 2130 tenebatur,
3167 2067 3221 2120 id
3259 2077 3362 2133 est,
3409 2068 3690 2136 iudicum,

2098 2171 2310 2226 regum,
2362 2155 2729 2220 sacerdotum,
2783 2155 3089 2226 iterumque
3130 2172 3315 2227 regum
3344 2167 3398 2213 et
3421 2162 3690 2215 sacerdo-

2099 2253 2239 2310 tum,
2288 2244 2432 2314 quod
2477 2259 2544 2298 eo
2593 2251 2842 2313 tempore
2889 2246 3226 2301 destructum
3263 2257 3364 2302 est.
3398 2248 3688 2320 Completa

2097 2351 2334 2406 namque
2360 2344 2444 2392 est
2473 2335 2757 2406 prophetia
2788 2351 2909 2405 quae
2935 2337 3006 2391 ita
3032 2353 3131 2407 per
3155 2338 3370 2410 Moysen
3399 2340 3682 2410 loquitur:

2098 2427 2222 2482 Non
2250 2427 2452 2497 deﬁciet
2490 2443 2556 2481 ea:
2578 2426 2725 2480 Iuda
2749 2427 3010 2498 princeps,
3045 2445 3210 2499 neque
3237 2429 3345 2483 dux
3370 2431 3433 2484 de
3462 2431 3684 2498 femori-

2096 2519 2191 2574 bus
2220 2519 2356 2590 ejus,
2393 2519 2560 2574 donec
2600 2520 2786 2584 veniet,
2825 2519 2910 2573 cui
2951 2522 3319 2590 repromissum
3355 2536 3450 2587 et,
3489 2537 3543 2580 et
3576 2529 3684 2596 ipse

2095 2618 2170 2664 est
2202 2609 2516 2680 exspectatio
2549 2609 2799 2680 gentium.
2838 2608 2971 2664 Nam
3004 2627 3175 2681 usque
3201 2615 3269 2667 ad
3294 2613 3564 2672 Herodem
3589 2617 3683 2685 ju-

2095 2699 2265 2765 diccs,
2304 2700 2639 2764 sacerdotes,
2691 2714 2866 2770 reges,
2911 2715 3011 2770 per
3049 2704 3445 2759 successionem
3480 2708 3682 2777 populo

2095 2789 2428 2861 praefuerunt
2478 2789 2830 2847 Iudaeorum:
2883 2793 3008 2849 inde
3052 2809 3186 2849 vero
3232 2811 3577 2866 nequaquam
3611 2816 3676 2854 ex

2095 2883 2440 2939 successione
2484 2884 2701 2955 generis
2750 2884 3103 2940 sacerdotalis
3145 2886 3428 2956 pontiﬁces
3465 2891 3677 2945 consti-

2097 2975 2196 3029 tuti
2225 2983 2351 3030 sunt
2379 2993 2393 3028 :
2429 2991 2605 3045 neque
2634 2977 2998 3046 perpetuitate
3023 2978 3150 3033 vita:
3177 2981 3467 3035 secundum
3502 2982 3676 3054 legent

2097 3065 2227 3121 Mosi
2273 3066 2577 3122 servientes
2617 3066 2728 3123 Deo
2758 3067 2918 3124 electi
2955 3077 3102 3135 sunt,
3135 3071 3230 3125 sed
3258 3071 3526 3142 ignobiles
3551 3078 3674 3145 qui—

2093 3156 2239 3220 dem,
2266 3164 2321 3210 et
2346 3155 2454 3212 alio
2485 3165 2729 3227 tempore
2750 3158 2864 3224 alii,
2889 3167 2948 3213 et
2970 3160 3211 3215 nonnulli
3240 3176 3335 3230 per
3362 3163 3526 3218 unius
3547 3167 3673 3220 anni

2090 3247 2326 3316 spatium
2354 3248 2468 3302 sive
2497 3249 2711 3304 modico
2740 3249 2990 3320 amplius,
3023 3265 3054 3305 a
3083 3251 3340 3308 Romanis
3373 3253 3673 3324 imperato-

2089 3339 2240 3394 ribus
2284 3341 2649 3396 sacerdotium
2690 3343 2964 3398 emebant.
3007 3344 3195 3416 Itaque
3239 3346 3485 3404 Herodes
3525 3350 3674 3406 Ans-

2089 3428 2218 3484 lium
2259 3432 2572 3500 quemdam,
2604 3432 2672 3488 de
2709 3433 3005 3505 Babylonia
3053 3437 3306 3502 accitum,
3355 3441 3672 3508 pontiﬁcem

2085 3518 2394 3578 Iudaeorum
2438 3524 2737 3579 constituit.
2767 3524 2900 3581 Post
2944 3527 3198 3597 exiguum
3241 3544 3370 3584 vero
3410 3534 3674 3603 temporis

2083 3608 2478 3678 Aristobolum,
2519 3611 2744 3668 fratrem
2786 3616 2972 3671 uxoris
3007 3632 3119 3672 suae
3151 3617 3536 3687 Mariamnem,
3573 3639 3669 3677 nc-

2083 3708 2263 3769 potem
2292 3701 2535 3767 Hircani,
2567 3718 2942 3760 successorem
2969 3707 3136 3763 dedit.
3174 3707 3290 3776 Quo
3312 3722 3437 3782 post
3464 3728 3666 3768 animm

2084 3788 2408 3854 interfecto,
2466 3805 2682 3846 rursum
2736 3791 2931 3850 Analio
2989 3796 3224 3851 reddidit
3279 3800 3666 3855 sacerdotium.

2083 3878 2212 3946 Quae
2232 3880 2414 3934 omnia
2440 3880 2516 3935 ita
2545 3897 2603 3937 se
2626 3883 2903 3950 habentia,
2935 3885 3094 3956 longe
3118 3887 3270 3957 prius
3293 3890 3672 3960 prophetando

2081 3971 2382 4041 designavit
2423 3973 2612 4028 Daniel
2647 3977 2912 4046 pr0pheta
2945 3977 3131 4032 dicens
3158 3996 3170 4030 :
3200 3979 3267 4032 Et
3295 3990 3419 4050 post
3459 3984 3668 4038 hebdo-

2081 4062 2267 4116 madas
2302 4071 2510 4132 septem
2551 4072 2606 4118 et
2635 4065 2912 4136 sexaginta
2950 4069 3083 4121 duas
3121 4067 3366 4123 interibit
3398 4071 3662 4135 chrisma,

2079 4161 2136 4208 et
2165 4168 2272 4207 non
2305 4153 2714 4223 eritjudicium,
2755 4166 2809 4211 et
2840 4158 3095 4227 templum
3124 4171 3374 4216 sanctum
3409 4179 3667 4218 corrum-

2076 4251 2171 4313 pet
2213 4244 2462 4314 p0pulus,
2511 4244 2648 4300 duce
2677 4247 2947 4303 veniente.
2983 4249 3050 4304 Et
3075 4250 3128 4304 in
3159 4255 3662 4322 consequentibus:

2078 4336 2382 4405 Templum,
2411 4337 2604 4407 inquit,
2641 4340 2746 4394 erit
2785 4341 3115 4398 abominatio
3150 4345 3566 4414 desolationum,
3608 4361 3669 4404 et

2078 4442 2248 4498 usque
2285 4429 2351 4482 ad
2379 4431 2899 4487 consummationem
2940 4436 3218 4505 temporis,
3262 4444 3666 4498 consummatio

2079 4518 2293 4572 dabitur
2321 4533 2484 4587 super
2523 4520 2932 4577 desolationem.
2966 4523 3137 4596 Igitur
3179 4536 3384 4596 septem
3413 4538 3469 4584 et
3497 4548 3654 4590 sesa-

2076 4609 2223 4678 ginta
2253 4610 2374 4665 dua:
2405 4611 2774 4677 hebdomadas,
2819 4630 2938 4684 qua:
2983 4616 3121 4670 fiunt
3165 4618 3326 4672 simul
3375 4625 3662 4690 sexaginta

2076 4716 2312 4768 novem,
2361 4711 2416 4758 et
2465 4703 2867 4760 faciuutannos
2906 4708 3331 4779 quadringentos
3378 4715 3657 4782 octoginta

2074 4803 2330 4864 quatuor,
2380 4797 2435 4850 in
2479 4797 2675 4865 quibus
2709 4798 2933 4864 Christi,
2981 4800 3034 4855 id
3077 4810 3181 4864 est,
3217 4804 3530 4858 sacerdotes
3555 4820 3660 4872 per

2072 4886 2382 4940 unctionem
2413 4888 2714 4942 consecrati
2749 4899 3130 4958 regnaverunt,
3159 4891 3229 4946 ab
3259 4892 3658 4948 instauratione

2071 4975 2256 5045 templi
2283 4978 2382 5030 sub
2408 4975 2569 5032 Dario
2594 4992 2763 5046 usque
2792 4978 2857 5031 ad
2887 4978 3203 5044 Ilircanum,
3245 4982 3298 5035 in
3328 4997 3436 5049 quo
3463 4983 3654 5035 novis-

2069 5067 2266 5121 simum
2295 5069 2530 5122 chrisma
2576 5080 2631 5123 et
2673 5071 3035 5124 sacerdotium
3070 5071 3266 5126 defecit
3312 5071 3651 5128 Iudaaomm.

2067 5157 2210 5229 Ergo
2252 5170 2512 5230 regnante
2552 5159 2762 5213 Herode
2807 5162 2946 5230 apud
2993 5160 3249 5228 Iudaeam,
3301 5171 3358 5216 et
3402 5163 3656 5234 Augusto

2065 5249 2206 5318 apud
2253 5248 2548 5315 Romanos,
2591 5249 2839 5306 Christus
2886 5251 3054 5307 Filius
3085 5253 3180 5307 Dei
3223 5263 3382 5308 natus
3408 5263 3513 5320 est,
3547 5260 3647 5324 qui

2064 5339 2403 5393 confirmavit
2444 5339 2557 5394 veri
2602 5340 2694 5394 Dei
2736 5340 2941 5396 cultum
2986 5343 3039 5397 in
3078 5343 3265 5398 multis
3303 5345 3565 5415 apostolis
3590 5358 3654 5401 et

2063 5429 2426 5484 credentibus.
2455 5428 2722 5500 Quidquid
2749 5433 2912 5486 etiam
2938 5444 3059 5502 post
3086 5435 3297 5490 Domini
3331 5439 3649 5507 passionem

2063 5521 2118 5576 in
2164 5521 2366 5591 templo
2407 5520 2609 5577 factum
2653 5531 2754 5588 est,
2785 5539 2892 5578 non
2918 5525 3019 5579 fuit
3043 5526 3368 5582 sacriﬁcium
3391 5527 3508 5592 Dei,
3543 5529 3652 5582 sed

2063 5611 2244 5667 cultus
2288 5611 2522 5678 diaboli,
2569 5615 2779 5671 cunctis
2817 5614 2872 5670 in
2914 5631 3200 5674 commune
3241 5619 3602 5674 clamantibus
3628 5638 3646 5673 :

383 5693 502 5746 dem
528 5698 758 5762 partium
783 5701 1072 5767 studiosos,
1097 5717 1206 5771 quo
1233 5700 1405 5774 magis
1434 5701 1722 5758 benevolos
1747 5701 1849 5759 sibi
1875 5701 1956 5758 fa-
2063 5701 2292 5775 Sanguis
2335 5705 2450 5776 ejus
2499 5723 2656 5778 super
2699 5723 2794 5764 nos
2819 5716 2868 5765 et
2891 5725 3049 5781 super
3089 5709 3231 5779 ﬁlios
3273 5724 3493 5770 nostros.
3528 5711 3601 5767 Et
3627 5731 3643 5764 :
3828 5747 3843 6063 1

3847 5209 3855 5533 ί

3841 5665 3845 5695 1
