3958 6172
301 370 435 427 1101

1344 327 1349 332 ’
1391 362 1800 421 cuncmcon.
1841 395 1909 403 _
1948 363 2112 419 TOMI
2148 363 2167 416 ι
2203 363 2332 418 LIB.
2376 363 2482 418 vn.

3417 351 3554 422 nos

299 480 422 536 Non
469 478 716 534 habemus
761 494 954 548 regem,
1002 478 1103 532 nisi
1141 476 1422 532 C(t’sarem.
1456 476 1608 544 Quod
1637 485 1817 531 autem
1840 491 1869 528 a
1898 479 1946 538 Α
1972 475 2727 546 pugnandumqueAntonium
2744 476 3104 530 missi.Pansa
3121 478 3297 547 primo
3313 480 3552 545 veniens,

293 571 625 642 perfectione
660 569 844 638 templi
887 584 1056 637 usque
1101 569 1170 622 ad
1209 569 1481 624 decimum
1506 567 1735 639 Augusti
1766 567 1873 621 im-

292 660 560 732 peratoris
586 675 809 722 annum,
841 660 1055 727 quando
1085 657 1371 713 interfecto
1414 659 1650 713 Hircano
1700 658 1870 713 Hero-

294 750 388 804 des
413 747 648 803 Iudaeam
680 747 934 812 obtinuit,
965 755 1169 816 septem
1197 755 1252 801 et
1277 748 1557 817 sexaginta
1587 747 1706 800 dua:
1736 747 1871 800 beb.

293 836 570 900 domades,
596 836 649 890 id
668 845 768 900 est,
795 837 1170 908 quadringenti
1192 837 1469 906 sexaginta
1491 845 1727 905 quatuor
1747 851 1873 906 sup—

291 937 556 998 putantur
583 928 707 982 anni
734 947 746 982 :
770 929 849 983 sic
876 943 1160 997 possumus
1189 929 1490 998 approbare
1515 929 1865 998 sexagesima:

293 1026 461 1072 sextae
483 1016 802 1089 Olympiadis
821 1031 963 1072 anno
987 1018 1167 1084 tertio,
1193 1019 1245 1072 id
1268 1025 1372 1084 est,
1394 1017 1621 1089 Augusti
1640 1018 1869 1085 decimo,

291 1110 537 1165 Herodes
582 1109 637 1165 in
681 1107 880 1165 Judaais
913 1111 1151 1179 suscepit
1190 1110 1500 1180 imperium,
1535 1110 1626 1179 qui
1669 1109 1875 1164 faciunt

294 1216 468 1256 annos
511 1199 938 1271 quadringentos
983 1200 1252 1271 octoginta
1285 1208 1542 1268 quatuor,
1571 1213 1670 1268 per
1692 1200 1872 1270 singu-

292 1291 374 1346 las
401 1289 735 1361 olympiades
771 1290 1128 1358 quadriennio
1157 1297 1468 1359 supputato.
1512 1288 1630 1355 Quo
1658 1289 1714 1343 in
1738 1299 1873 1344 tem-

291 1399 426 1456 pore
463 1383 744 1454 Virgilius,
779 1391 994 1452 sumpta
1025 1390 1166 1452 toga,
1200 1381 1556 1437 Mediolanum
1599 1391 1875 1451 transgre-

294 1475 460 1538 ditur,
505 1481 561 1528 et
600 1479 722 1543 post
760 1473 924 1526 breve
956 1481 1167 1541 tempus
1193 1471 1420 1526 Romam
1445 1471 1640 1542 pergit.
1681 1471 1873 1526 Cicero

293 1565 348 1620 in
380 1563 728 1618 Forminione
757 1559 1130 1634 [Phormiano]
1163 1576 1260 1616 suo
1287 1563 1355 1616 ab
1381 1561 1653 1616 Herennio
1683 1569 1738 1614 et
1765 1560 1870 1614 Pu-

291 1653 401 1707 blio
442 1652 726 1718 occiditur,
764 1651 1100 1720 sexagesimo
1138 1657 1334 1720 quarto
1371 1649 1547 1704 aztatis
1573 1663 1684 1703 sure
1707 1663 1869 1703 anno.

291 1745 468 1815 Caput
502 1741 619 1812 ejus
644 1758 764 1797 cum
797 1758 959 1796 manu
1005 1743 1227 1796 dextera
1273 1756 1372 1811 pro
1419 1741 1612 1796 rostris
1638 1741 1874 1811 positum

1973 573 2228 634 exceptus
2249 564 2479 630 insidiis,
2495 565 2637 619 inter
2657 581 2878 621 suorum
2893 567 3072 623 clades
3091 567 3206 636 ipse
3222 583 3434 637 quoque
3446 571 3556 640 pilo

1973 657 2208 729 graviter
2219 657 2554 723 vulneratus,
2575 659 2641 713 ab
2653 659 2841 713 eodem
2859 658 3078 714 vulnere
3101 660 3429 730 interpositis
3442 663 3558 717 die-

1971 752 2073 806 bus
2102 758 2187 805 est
2224 756 2490 804 mortuus.
2527 749 2763 814 Hircius,
2800 749 3055 803 auxilium
3101 750 3317 822 collega}
3350 752 3550 819 ferens,

1973 858 2196 914 magnas
2208 842 2426 896 Antonii
2441 842 2622 912 copias
2635 851 2783 896 vasta
2801 851 2979 912 strage
2992 842 3204 896 delevit.
3223 843 3402 898 Caesar
3415 853 3559 899 eate-

1972 951 2073 989 nus
2088 943 2266 990 castra
2281 933 2590 989 custodivit.
2611 932 2855 987 Secunda
2880 933 3140 987 adversus
3157 932 3447 987 Antonium
3465 949 3559 1003 pu-

1973 1040 2076 1096 gna
2097 1039 2302 1094 magna;
2332 1023 2585 1092 utrinque
2605 1031 2813 1092 strages
2835 1029 2968 1075 actm
2992 1030 3136 1076 sunt.
3161 1020 3404 1090 Namque
3425 1030 3554 1076 tunc

1972 1114 2048 1170 ibi
2076 1113 2290 1168 Hircius
2313 1113 2500 1168 consul
2530 1113 2743 1168 occisus
2773 1121 2874 1177 est,
2901 1113 3076 1166 victus
3099 1111 3234 1180 fugit
3262 1111 3554 1177 Antonius,

1973 1205 2155 1261 Caesar
2193 1204 2422 1259 victoria
2452 1204 2655 1273 potitus
2705 1212 2832 1258 est:
2875 1203 2961 1258 cui
3005 1203 3201 1258 Decius
3244 1202 3444 1258 Brutus
3493 1203 3560 1257 de

1974 1293 2349 1362 conjuratione
2396 1293 2563 1347 occisi
2599 1291 2730 1346 Julii
2758 1292 2988 1347 Caesaris
3022 1292 3324 1359 confessus,
3363 1293 3559 1363 preCes

1974 1384 2311 1456 pmnitentiae
2360 1382 2515 1438 fudit.
2562 1381 2834 1436 Dolabella
2885 1381 3232 1447 Trebonium,
3282 1396 3450 1435 unum
3490 1396 3556 1436 ex

1974 1473 2414 1530 interfectoribus
2435 1472 2686 1539 Caesaris,
2719 1471 2964 1543 Smyrnae
2992 1471 3282 1527 interfecit.
3309 1472 3560 1526 Dolabel-

1974 1567 2082 1622 lam
2111 1574 2333 1622 senatus
2359 1567 2572 1620 hostem
2595 1564 2988 1634 pronuntiavit.
3030 1563 3324 1618 Consulum
3347 1564 3560 1618 occiso-

1976 1675 2096 1714 rum
2123 1667 2350 1728 uterque
2371 1657 2646 1711 exercitus
2669 1655 2864 1710 Ctesari
2900 1655 3099 1724 paruit.
3136 1653 3330 1708 Postea
3365 1653 3560 1708 Decius

1977 1749 2177 1804 Brutus
2204 1748 2258 1802 in
2291 1746 2463 1802 Gallia
2506 1761 2536 1799 a
2568 1743 2836 1814 Sequanis
2881 1754 3070 1812 captus
3112 1750 3166 1797 et
3202 1743 3416 1796 occisus
3453 1752 3556 1794 est.

291 1842 396 1898 est,
423 1833 577 1904 juxta
620 1841 934 1887 coronatam
976 1830 1153 1885 Publii
1195 1831 1386 1884 militis
1430 1830 1743 1901 imaginem,
1782 1829 1873 1899 qui
1905 1821 1952 1879 B
1985 1841 2215 1897 Vasinus
2241 1853 2408 1909 eques
2441 1837 2575 1911 [ΑιἿ
2604 1835 2803 1910 mque],
2841 1851 2980 1890 unus
3021 1836 3086 1890 de
3123 1835 3554 1905 percussoribus,

286 1939 415 1979 eum
442 1922 731 1978 occiderat.
758 1921 964 1989 Quibus
984 1922 1171 1977 diebus
1192 1929 1302 1977 tres
1329 1921 1515 1976 Romae
1543 1921 1704 1976 simul
1730 1921 1873 1976 soles

285 2015 468 2071 exorti
509 2021 652 2080 sunt,
697 2014 791 2069 sed
831 2014 1092 2085 paulatim
1139 2014 1191 2068 in
1233 2015 1482 2069 eumdem
1511 2015 1698 2069 orbem
1724 2015 1870 2070 coie-

289 2116 420 2160 runt
449 2104 528 2178 (ut
554 2121 715 2176 supra
740 2104 1017 2177 diximus).
1044 2105 1122 2159 Ex
1148 2106 1377 2161 taberna
1413 2107 1692 2161 meritoria
1723 2115 1874 2162 trans

289 2200 529 2255 Tiberim
561 2199 738 2255 oleum
776 2201 976 2270 erupit,
1011 2198 1270 2268 ﬂuxitque
1294 2207 1405 2254 tota
1432 2199 1519 2254 die
1563 2199 1679 2255 sine
1709 2199 1875 2254 inter-

288 2290 572 2344 missione.
592 2289 736 2343 inter
761 2299 956 2343 cratera
980 2303 1108 2344 vero
1131 2295 1380 2356 portenta
1413 2302 1533 2356 quae
1573 2295 1702 2343 tunc
1731 2287 1874 2342 facta

287 2391 416 2438 sunt
447 2389 558 2436 toto
588 2382 738 2447 orbe,
768 2381 866 2436 bos
889 2380 1100 2436 locutus
1123 2389 1206 2436 est
1244 2380 1298 2434 in
1331 2381 1643 2436 suburbano
1667 2381 1870 2446 Romae,

288 2473 477 2528 dicens
531 2473 598 2526 ad
643 2480 888 2528 arantcm
920 2490 932 2526 :
960 2472 1185 2527 Frustra
1227 2487 1286 2527 se
1333 2473 1548 2542 urgeri,
1602 2488 1709 2527 non
1757 2471 1874 2527 fru-

285 2571 496 2628 menta,
522 2565 618 2618 sed
643 2563 888 2618 homines
910 2563 964 2617 in
989 2564 1137 2618 brevi
1164 2561 1463 2617 defuturos.
1489 2561 1712 2618 Ovidius
1734 2562 1876 2619 Naso

289 2653 345 2708 in
375 2653 610 2725 Pelignis
632 2654 891 2718 nascitur,
913 2652 1236 2708 Cornificius
1266 2667 1395 2707 vero
1431 2663 1587 2722 poeta
1617 2669 1647 2708 a
1683 2653 1872 2708 militi-

287 2744 392 2799 bus
419 2746 664 2799 desertus
691 2744 922 2810 interiit,
969 2759 1105 2814 quos
1145 2758 1286 2813 saepe
1315 2739 1587 2814 fugientes
1635 2743 1875 2812 galeatos

289 2837 502 2907 lepores
531 2853 652 2893 esse
679 2837 909 2892 dicebat.
948 2837 1118 2908 Hujus
1141 2837 1287 2891 enim
1318 2851 1474 2890 soror
1499 2835 1602 2890 fuit
1636 2835 1872 2890 Cornifi-

287 2928 400 2992 cia,
443 2929 601 2999 cujus
632 2927 863 2999 insignia
892 2936 1112 2984 exstant
1140 2929 1549 3000 epigrammata.
1592 2929 1876 2985 Cornelius

280 3018 494 3087 Nepos.
523 3019 755 3089 scriptor
780 3019 1093 3084 historicus,
1123 3018 1304 3073 clarus
1330 3018 1580 3074 habetur.
1607 3019 1875 3073 Salustius

290 3111 436 3164 diem
457 3110 610 3175 obiit,
635 3109 991 3181 quadriennio
1012 3119 1136 3166 ante
1150 3111 1430 3166 Actiacum
1453 3111 1668 3166 bellum.
1695 3112 1740 3164 Μ
1749 3109 1874 3165 .Va-

290 3201 419 3255 nius
435 3199 707 3272 [Hieron.,
723 3200 944 3273 Bavius]
970 3209 1148 3271 poeta,
1171 3217 1330 3271 quem
1351 3202 1608 3273 Virgilius
1632 3203 1682 3257 in
1703 3202 1874 3258 Buco-

285 3289 415 3347 licis
445 3299 618 3359 notat,
643 3292 696 3346 in
725 3291 1060 3363 Cappadocia
1092 3296 1341 3349 moritur.

877 3423 1110 3480 CAPUT
1139 3425 1278 3481 XIV.

289 3512 373 3567 De
401 3512 861 3589 Qctavianotqui
899 3532 1085 3589 nomen
1121 3517 1367 3589 avunculi
1402 3528 1452 3571 et
1497 3536 1715 3589 regnum
1754 3538 1874 3575 sus-

360 3585 580 3659 sipiens,
629 3585 856 3659 qualiter
903 3586 1074 3639 civilia
1125 3585 1257 3640 bella
1291 3597 1338 3659 et
1387 3585 1599 3642 extenta
1652 3592 1877 3659 gerendo

365 3654 438 3708 ad
473 3655 570 3708 hoc
592 3654 890 3729 pervenerit
912 3665 969 3729 ut
1001 3673 1031 3709 a
1060 3664 1245 3729 senatu
1273 3656 1538 3710 decretura
1565 3660 1634 3713 sit
1653 3654 1798 3729 'quod
1822 3661 1878 3713 in

365 3736 672 3795 perpetuum
695 3725 981 3779 tribunitia:
999 3726 1270 3795 potestatis
1291 3736 1440 3780 esset.

367 3837 537 3907 Igitur
565 3836 691 3892 dum
721 3838 777 3893 in
796 3836 982 3892 Iudaea
1005 3852 1094 3894 res
1120 3838 1193 3892 ita
1225 3847 1568 3908 gererentur,
1592 3848 1653 3894 ut
1675 3840 1876 3910 partim

292 3929 601 3995 retulimus,
638 3929 772 3984 ordo
797 3929 1038 3999 deposcit
1060 3939 1119 3984 ut
1143 3931 1211 3985 ad
1233 3931 1428 3987 seriem
1462 3932 1540 3988 rei
1573 3940 1736 4004 gestae
1765 3931 1876 3986 Ro-

292 4033 582 4074 manorum
627 4028 982 4074 revertamur.
1018 4019 1162 4091 Ergo
1207 4018 1348 4076 Julio
1397 4020 1611 4077 Caesare
1642 4022 1696 4076 in
1725 4022 1878 4077 curia

292 4113 485 4169 Roma:
521 4112 828 4179 interfecto,
872 4128 1066 4183 magna
1109 4094 1366 4168 continuo
1404 4103 1669 4168 malorum
1695 4115 1875 4169 incre-

291 4212 481 4259 menta
515 4204 934 4273 subsequuntur.
965 4203 1020 4258 In
1045 4202 1164 4274 ejus
1192 4218 1322 4259 vero
1356 4198 1880 4260 casdemtrahuntur

293 4294 514 4367 agmina
547 4296 911 4350 consciorum.
939 4295 1158 4350 Certum
1184 4296 1326 4349 enim
1359 4304 1478 4350 erat
1517 4297 1642 4365 quia
1674 4295 1875 4363 Caesar,

294 4386 516 4457 indigne
556 4395 905 4457 peremptus,
954 4386 1136 4456 plures
1185 4386 1385 4441 habere
1426 4397 1608 4457 posset
1652 4388 1874 4443 ultores.

1975 1949 2139 1988 manu
2179 1948 2400 1988 suorum
2443 1946 2722 1986 servorum
2765 1939 2987 1985 necatus
3022 1939 3127 1984 est.
3175 1927 3377 1998 Lepido
3426 1927 3559 1981 satis

1974 2033 2186 2095 agente,
2235 2022 2418 2078 Czesar
2461 2021 2755 2076 Antonium
2793 2019 2999 2089 recepit
3026 2020 3082 2074 in
3105 2019 3359 2089 gratiam,
3391 2025 3558 2086 atque

1974 2116 2044 2170 ob
2073 2115 2234 2168 [idem
2264 2113 2626 2168 reconciliatae
2656 2111 2842 2180 gratia;
2873 2110 3039 2164 ﬁliam
3067 2109 3184 2178 ejus
3213 2108 3558 2163 matrimonio

1975 2207 2199 2262 sortitus
2243 2215 2344 2260 est.
2394 2204 2522 2259 Inde
2565 2219 2690 2258 cum
2725 2203 2793 2257 ad
2838 2203 3036 2258 Urbem
3081 2201 3452 2264 accessissent,
3495 2215 3558 2255 ac

1975 2313 2166 2354 rumor
2193 2298 2259 2351 de
2289 2297 2466 2351 futura
2501 2294 2896 2364 proscriptione
2931 2301 3084 2347 ortus
3119 2299 3282 2355 esset,
3325 2289 3389 2345 G.
3421 2290 3562 2345 Tho-

1977 2388 2182 2452 ranius,
2225 2387 2308 2440 vir
2356 2385 2662 2456 praetorius,
2711 2384 2846 2438 nihil
2888 2383 2992 2438 tale
3027 2390 3296 2446 metuens,
3337 2380 3554 2435 incursu

1975 2477 2207 2532 militum
2238 2476 2382 2531 domi
2418 2490 2531 2529 sua:
2567 2473 2885 2529 interfectus
2911 2480 3012 2527 est.
3039 2470 3144 2524 Alii
3167 2484 3382 2539 quoque
3411 2485 3560 2524 com-

1975 2569 2160 2639 plures
2186 2566 2440 2622 trucidati
2467 2573 2609 2620 sunt.
2642 2565 2828 2633 Itaque
2857 2577 2924 2617 ne
2951 2562 3112 2616 latius
3143 2569 3304 2629 atque
3330 2557 3555 2613 ell'rena-

1978 2661 2085 2715 tius
2114 2660 2168 2714 in
2190 2658 2628 2728 circumscriptus
2647 2655 2821 2710 credes
2845 2651 3336 2726 [incircumscripta
3359 2648 3554 2722 czedes]

1978 2762 2248 2826 ageretur,
2279 2761 2494 2808 centum
2520 2752 2738 2820 triginta
2761 2756 2816 2803 et
2844 2749 3072 2802 duorum
3099 2754 3408 2800 senatorum
3457 2759 3558 2798 no-

1977 2846 2123 2900 mina
2152 2846 2206 2898 in
2239 2844 2417 2898 tabula
2451 2842 2724 2912 proposita
2757 2848 2903 2903 sunt,
2941 2837 3175 2907 primum
3207 2835 3395 2904 Lepidi
3421 2849 3560 2903 pra:-

1978 2945 2134 3006 cepto
2164 2944 2218 2990 et
2251 2935 2488 2998 nomine,
2518 2931 2712 2986 deinde
2738 2928 2978 2992 Antonii,
3010 2927 3168 2982 tertio
3199 2925 3448 2980 Caesaris.
3480 2923 3556 2978 lbi

1977 3027 2244 3083 Antonius
2282 3026 2346 3080 T.
2385 3025 2702 3081 Ciceronem
2745 3020 3023 3076 inimicum
3055 3033 3232 3083 suum,
3267 3016 3339 3071 ibi
3360 3015 3422 3070 L.
3451 3014 3560 3069 Ca:-

1979 3135 2156 3176 sarem
2186 3117 2506 3174 avunculum
2531 3131 2707 3179 suum,
2741 3122 2795 3169 et
2827 3111 2991 3185 (quod
3016 3125 3082 3166 ex
3110 3109 3416 3181 aggerando
3443 3121 3560 3162 scc-

1979 3208 2076 3262 leri
2119 3207 2368 3278 accessit)
2399 3205 2520 3259 viva
2559 3213 2730 3258 matre
2757 3201 3156 3272 proscripserat
3183 3218 3195 3252 :
3228 3198 3300 3254 ibi
3326 3197 3560 3267 Lepidus

1977 3299 2040 3355 L.
2083 3298 2332 3365 Paulum,
2372 3281 2596 3352 fratrem
2634 3308 2811 3360 suum,
2857 3294 2913 3348 in
2948 3292 3197 3348 eumdem
3224 3291 3558 3361 proscriptu-

1980 3407 2098 3445 rum
2139 3405 2355 3460 gregem
2389 3387 2712 3456 coniecerat.
2745 3384 2954 3454 Adjecti
2982 3391 3110 3438 sunt
3136 3390 3326 3452 postea
3362 3381 3429 3435 ad
3461 3396 3559 3434 nu-

1978 3498 2188 3537 merum
2233 3483 2660 3553 proscriptorum
2711 3479 2930 3548 triginta
2980 3478 3190 3547 equites
3219 3475 3470 3541 Romani,
3507 3484 3562 3532 et

1980 3574 2162 3628 multae
2194 3574 2285 3627 diu
2326 3582 2382 3627 et
2423 3572 2587 3625 variae
2626 3571 2803 3626 credes
2840 3577 2974 3623 acta:
3015 3575 3158 3633 sunt,
3199 3567 3392 3620 domus
3430 3580 3593 3634 pro-.

1979 3661 2304 3730 scriptorum
2347 3659 2573 3729 direptis
2607 3658 2857 3712 omnibus
2886 3657 3076 3710 diruta:
3112 3662 3255 3709 sunt.
3294 3650 3366 3706 At
3405 3652 3564 3709 Dola-

1981 3751 2116 3807 bella
2147 3752 2201 3806 in
2236 3751 2392 3822 Syria
2430 3750 2597 3806 multa
2630 3765 2757 3804 cum
2784 3748 2970 3804 Cassio
3009 3746 3146 3803 bella
3177 3745 3364 3817 gessit,
3395 3762 3424 3799 a
3453 3761 3562 3816 quo

1979 3844 2158 3900 victus
2203 3845 2317 3915 ipse
2343 3859 2401 3899 se
2431 3843 2724 3908 interfecit.
2766 3843 2964 3896 Brutus
2990 3847 3044 3896 et
3073 3838 3314 3904 Cassius,
3353 3839 3562 3909 magnis

1980 3939 2310 3993 exercitibus
2337 3937 2687 4008 comparatis,
2729 3935 2869 4006 apud
2897 3935 3140 3989 Athenas
3168 3941 3558 3995 convenerunt,

1982 4035 2259 4097 totamque
2286 4027 2549 4082 Graeciam
2571 4025 2878 4096 depopulati
2902 4034 3047 4081 sunt.
3062 4023 3302 4078 Rhodios
3315 4022 3555 4089 Cassius,

1980 4129 2127 4172 terra
2177 4118 2420 4187 marique
2466 4125 2822 4187 oppugnatos,
2868 4116 2934 4170 ad
2982 4114 3310 4171 deditionem
3359 4114 3560 4186 coegit,

1980 4208 2178 4276 quibus
2213 4214 2410 4275 prazter
2445 4206 2612 4260 vitam
2663 4204 2798 4259 nihil
2845 4203 3082 4273 reliquit.
3116 4203 3284 4273 Igitur
3308 4201 3489 4258 Caesar
3509 4211 3563 4257 et

1980 4297 2269 4362 Antonius,
2302 4297 2518 4351 eosdem
2550 4296 2603 4350 in
2635 4295 3009 4351 Macedoniam
3052 4293 3263 4364 magnis
3297 4291 3560 4347 bellorum

1983 4385 2336 4457 apparatibus
2389 4385 2691 4456 persecuti,
2749 4384 2818 4439 ad
2869 4391 3099 4439 mortem
3149 4381 3559 4453 compulerunt:

294 4473 443 4542 Ergo
470 4473 820 4542 Octavianus,
848 4475 940 4546 qui
969 4482 1290 4530 testamento
1309 4473 1435 4528 Julii
1465 4475 1690 4531 Caesaris
1710 4493 1878 4531 avun-
1907 4514 1957 4573 D
1984 4478 2232 4549 quamvis
2273 4477 2718 4532 manifestissime
2746 4471 2833 4532 illa
2862 4485 2989 4531 tunc
3018 4489 3197 4547 pugna
3229 4489 3333 4529 non
3362 4473 3564 4528 virtute

261 4565 406 4622 .euli
453 4567 824 4622 [nereditatem
858 4575 913 4622 et
949 4582 1146 4622 nomen
1194 4575 1577 4636 assumpserat,
1627 4567 1879 4638 idemque

296 4659 392 4728 qui
426 4667 612 4728 postea
660 4658 938 4728 Augustus
965 4666 1049 4712 est
1097 4657 1292 4720 dictus,
1344 4655 1503 4711 simul
1547 4664 1604 4712 ut
1653 4656 1880 4711 Romam

299 4751 642 4815 adolescens,
691 4764 758 4805 ex
801 4749 1084 4820 Apollonia
1133 4749 1369 4814 rediens,
1423 4748 1594 4813 venit,
1645 4747 1882 4802 indolem

297 4858 457 4898 suam
505 4841 660 4897 bellis
699 4842 945 4896 civilibus
986 4841 1153 4895 vovit.
1195 4839 1331 4894 Nam
1376 4848 1435 4894 ut
1479 4839 1718 4895 breviter
1756 4853 1882 4894 coa-

297 4935 668 4989 cervationem
708 4933 972 4988 malorum
1016 4932 1302 5002 explicem,
1349 4930 1488 4986 bella
1517 4930 1695 4986 civilia
1725 4929 1882 4998 quin—

299 5039 408 5094 que
432 5025 619 5095 gessit,
651 5022 974 5087 Mutinense,
1015 5021 1374 5090 Philippense,
1415 5020 1756 5084 Perusinum,
1793 5016 1883 5072 Si-

299 5117 508 5179 culum,
536 5115 840 5170 Actiacum.
865 5113 908 5168 E
929 5112 1126 5183 quibus
1155 5112 1280 5173 duo,
1315 5112 1417 5166 hoc
1447 5118 1530 5165 est
1557 5110 1791 5180 primum
1818 5123 1881 5162 ac

302 5208 687 5271 novissimum,
742 5206 999 5261 adversus
1043 5202 1283 5257 Marcum
1325 5202 1636 5264 Antonium,
1691 5217 1883 5255 secun-

300 5304 433 5358 dum
464 5302 722 5356 adversus
753 5299 976 5353 Brutum
1025 5308 1080 5352 et
1125 5296 1394 5360 Cassium,
1446 5296 1665 5349 tertium
1695 5294 1883 5348 adver-

301 5410 400 5450 sus
440 5393 668 5448 Lucium
711 5391 1026 5454 Antonium,
1071 5398 1321 5459 quartum
1371 5387 1627 5441 adversus
1658 5386 1882 5441 Sextum

303 5484 644 5554 Pompeium,
673 5481 776 5537 Gn.
817 5480 1039 5550 Pompei
1085 5479 1275 5542 lilium,
1309 5476 1558 5532 confecit.
1597 5477 1884 5544 Antonius,

308 5590 338 5627 a
375 5583 570 5629 senatu
600 5573 772 5627 hostis
799 5570 1197 5641 pronuntiatus,
1230 5569 1450 5623 Decium
1492 5567 1715 5621 Brutum
1745 5569 1887 5638 apud

309 5663 572 5718 Mutinam
604 5661 883 5717 obsidione
909 5659 1263 5715 coneluserat.
1300 5656 1561 5712 Consules
1597 5657 1809 5713 Hircius
1833 5665 1888 5712 et

308 5756 503 5818 Pansa,
538 5763 734 5810 etcum
766 5754 848 5808 bis
873 5751 1072 5818 Czesar,
1100 5752 1165 5805 ad
1191 5750 1524 5806 liberandum
1548 5749 1774 5806 Brutum
1795 5765 1887 5806 ex-

1986 4569 2160 4640 partis
2195 4569 2434 4633 Antonii,
2483 4567 2576 4624 sed
2619 4567 2874 4622 felicitate
2915 4565 3146 4621 Caesaris
3185 4564 3428 4620 confecta
3468 4563 3558 4618 sit.

1988 4662 2171 4717 Caesar
2204 4662 2348 4717 enim
2388 4669 2518 4716 tunc
2555 4675 2716 4732 aeger,
2747 4673 2867 4712 cum
2897 4674 2954 4713 se
2986 4659 3038 4712 in
3066 4657 3261 4713 castris
3289 4655 3563 4725 capiendae.

1988 4752 2186 4823 quietis
2226 4766 2387 4806 causa
2429 4759 2614 4805 tenere
2643 4749 2942 4811 statuisset,
2978 4748 3194 4800 hortatu
3227 4752 3279 4800 et
3309 4743 3560 4814 precibus

1989 4843 2206 4908 medici,
2239 4843 2330 4912 qui
2359 4857 2456 4912 per
2490 4855 2738 4896 somnum
2780 4837 3113 4892 admonitum
3142 4849 3263 4889 sese
3287 4833 3563 4888 fatebatur

1988 4944 2049 4988 ut
2072 4950 2134 4989 ea
2165 4934 2252 4988 die
2287 4933 2482 4987 castris
2510 4931 2780 4984 Caesarem
2811 4925 2999 4981 salutis
3042 4926 3212 4994 ipsius
3236 4939 3398 4979 causa
3427 4923 3554 4976 edu-

1984 5033 2151 5090 ceret,
2176 5025 2228 5078 in
2250 5038 2496 5092 campum
2519 5036 2663 5090 {eger
2683 5018 2789 5090 [AL
2803 5059 2816 5083 ,
2831 5016 2994 5087 argve]
3018 5017 3159 5070 inter
3179 5015 3361 5083 copias
3382 5027 3564 5082 egres-

1986 5131 2077 5171 sus
2106 5123 2206 5180 est,
2239 5130 2302 5168 ac
2333 5128 2454 5167 mox
2485 5118 2664 5167 castra
2697 5108 2814 5176 ejus
2847 5109 2914 5162 ab
2946 5105 3192 5161 hostibus
3220 5111 3374 5172 capta
3412 5113 3556 5155 sunt.

1989 5206 2094 5262 Sed
2121 5221 2307 5262 rursus
2331 5202 2621 5258 Czesariani
2654 5201 2852 5254 milites
2877 5197 3048 5252 Cassii
3074 5202 3251 5249 castra
3279 5201 3556 5262 ceperunt.

1989 5297 2165 5363 Quare
2197 5295 2263 5348 ad
2293 5291 2720 5362 desperationem
2767 5287 2943 5342 adacti
2991 5287 3188 5340 Brutus
3229 5291 3283 5337 et
3322 5282 3560 5343 Cassius,

1991 5387 2336 5441 immaturam
2378 5381 2478 5436 sibi
2523 5388 2752 5434 mortem
2794 5386 2920 5432 ante
2961 5376 3086 5431 belli
3123 5375 3410 5429 terminum
3439 5387 3564 5428 coe‘

1991 5485 2184 5548 gerunt
2228 5469 2649 5548 [consciverunt]
2689 5489 2702 5524 :
2744 5485 2907 5535 nam,
2956 5467 3194 5522 invitatis
3233 5465 3563 5536 percussori-

1991 5570 2107 5628 bus.
2141 5567 2360 5622 Cassius
2387 5573 2567 5634 caput,
2604 5563 2797 5618 Brutus
2825 5561 2965 5614 latus
2990 5557 3240 5630 praebuit.
3286 5554 3564 5610 At‘Roma:

1991 5659 2178 5714 Fulina
2202 5654 2460 5729 [Fulvia],
2495 5670 2632 5709 uxor
2655 5654 2894 5719 Antonii,
2942 5667 3131 5708 socrus
3164 5648 3412 5715 Caesaris,
3468 5648 3564 5703 do-

1995 5751 2254 5805 minatum
2285 5756 2342 5803 ut
2377 5747 2568 5802 mulier
2607 5747 2865 5816 agitabat.
2914 5744 3047 5800 Nam
3077 5755 3129 5799 et
3159 5743 3425 5800 Caesarem
3472 5756 3562 5796 re-
