3964 6172
461 291 596 347 ΜΟΞ

1478 289 1862 347 FRECULPHI
1900 289 2351 349 LEXOV'lENSlS
2388 289 2689 350 Ειηδεοιη

3570 302 3696 357 ΗΜ

454 419 673 461 versum
712 402 852 474 apud
891 400 1251 456 Brundusium
1296 402 1661 466 contumeliis,
1707 401 2029 457 factionibus
2062 409 2105 469 Λ
2135 404 2306 470 aiens,
2350 404 2609 475 plurimas
2656 404 2889 477 legiones
2921 405 3130 477 Lepidi,
3170 411 3354 479 paucis
3384 411 3701 478 interfectis,

455 499 772 567 insidiisque
813 497 988 566 petiit.
1028 496 1072 548 A
1110 511 1217 565 quo
1252 496 1596 566 propulsata,
1632 499 1700 553 ad
1734 497 2028 552 Antonium

452 588 724 644 concessit
750 586 804 639 in
833 584 1117 640 Graeciam.
1163 585 1359 641 Sextus
1398 587 1706 657 Pompeius,
1741 598 2026 658 postquam

455 694 517 734 se
543 678 598 732 in
626 674 1050 746 proscriptorum
1088 690 1312 730 numero
1338 676 1569 731 relatum
1598 679 1880 747 comperit,
1905 694 2027 733 cou-

452 784 642 825 versus
658 768 711 822 in
734 767 1033 830 latrocinia,
1052 781 1264 821 omnem
1280 782 1432 820 oram
1447 766 1610 820 Italiae
1629 767 1863 822 caedibus
1887 765 2027 836 rapi-

451 862 649 929 nisque
678 858 930 913 vastavit.
966 856 1153 912 Sicilia
1192 857 1488 929 iutercepta
1529 858 2026 927 commeatibusque

451 949 748 1020 impeditis,
778 948 1004 1002 Romam
1037 946 1177 1002 fame
1206 947 1403 1003 atl‘ecit.
1449 947 1569 1003 Mox
1599 961 1722 1002 cum
1747 962 1812 1002 eo
1834 962 2024 1017 pacem

450 1040 742 1105 triumviri,
783 1054 851 1093 ne
880 1039 1053 1093 dicam
1096 1040 1331 1111 tyranni,
1370 1039 1423 1093 id
1448 1048 1530 1093 est
1563 1039 1815 1109 Lepidus,
1844 1038 2027 1094 Caesar

447 1130 823 1199 Antoniusque
879 1127 1144 1184 fecerunt.
1196 1129 1303 1184 Sed
1353 1130 1610 1184 continuo
1660 1144 1782 1183 cum
1834 1139 2023 1185 contra

445 1229 668 1291 paetum
694 1220 979 1290 Pompeius
1008 1218 1259 1290 fugitivos
1281 1219 1554 1289 allegeret,
1586 1227 1645 1273 ut
1672 1219 1844 1274 hostis
1867 1220 2022 1275 habi-

448 1320 537 1365 tus
575 1320 676 1374 est,
716 1308 891 1373 Mena,
921 1308 1148 1363 libertus
1173 1307 1437 1377 Pompeii,
1467 1323 1587 1363 cum
1619 1309 1899 1379 sexaginta
1930 1324 2025 1362 na-

445 1402 594 1455 vium
641 1398 814 1454 classe
852 1398 919 1452 ad
960 1397 1227 1454 Caesarem
1269 1396 1488 1462 defecit,
1540 1398 1823 1467 eidemque
1860 1397 2024 1452 classi

446 1493 561 1560 ipse
596 1488 751 1559 jussu
791 1488 1020 1544 C:esaris
1055 1488 1288 1559 praefuit.
1329 1487 1583 1558 Idemque
1610 1488 1869 1543 continuo
1897 1503 2021 1542 cum

446 1580 665 1636 Statilio
696 1578 874 1633 Tauro
911 1578 1169 1633 adversus
1208 1577 1595 1642 Meuecratum,
1633 1577 2023 1647 Pompeianum

445 1673 659 1734 ducem,
712 1669 902 1724 navale
946 1667 1143 1723 bellum
1193 1667 1376 1739 gessit.
1427 1668 1628 1723 Deinde
1682 1669 1796 1738 ipse
1841 1668 2023 1725 Caesar

2132 500 2367 554 transire
2396 499 2446 553 in
2475 514 2628 555 suam
2658 508 2865 569 partem
2895 500 3169 571 compulit.
3212 501 3444 573 Lepidus
3490 505 3700 559 tandem

2128 590 2435 661 intelligens
2467 605 2577 660 quo
2606 590 2816 645 vanitas
2848 605 2943 644 sua
2986 591 3251 657 tenderet,
3281 593 3526 663 deposito
3547 596 3702 664 palu-

2127 680 2379 735 damento
2407 689 2789 750 assumptaque
2829 691 2976 735 veste
3015 681 3190 751 puella
3233 682 3421 756 [pulla]
3449 685 3701 754 supplex-

2124 784 2230 837 que
2258 768 2457 824 Caesari
2490 768 2689 836 factus,
2717 769 2887 824 vitam
2915 778 2969 825 et
2992 771 3130 826 bona
3157 771 3484 842 impetravit,
3513 791 3705 845 perpe-

2126 867 2220 914 tuo
2266 859 2482 929 quidem
2526 860 2843 915 emendatus
2895 860 3106 917 exsilio.
3153 862 3405 928 Taurus,
3469 863 3704 919 Caesaris

2123 949 2431 1021 praefectus,
2467 960 2638 1005 totam
2678 967 2818 1023 pene
2860 951 3097 1006 Siciliam
3146 952 3290 1009 ferro
3334 962 3701 1024 pertentatam

2123 1040 2521 1110 contritamque
2551 1040 2603 1095 in
2632 1041 2794 1095 fidem
2822 1041 3041 1112 recepit.
3075 1041 3440 1114 Quadraginta
3476 1054 3531 1098 et
3560 1059 3693 1113 qua-

2125 1138 2247 1184 tuor
2280 1129 2517 1202 legiones
2545 1132 2646 1185 sub
2670 1130 2830 1185 unius
2854 1139 2983 1185 tunc
3009 1132 3234 1203 imperio
3263 1131 3497 1189 Caesaris
3522 1146 3696 1189 erant.

2125 1220 2340 1287 Milites,
2385 1221 2727 1276 multitudine
2763 1220 3072 1287 ferociores,
3125 1223 3387 1293 quosdam
3428 1241 3527 1296 pro
3558 1227 3699 1281 acci-

2122 1313 2334 1384 piendis
2381 1313 2527 1385 agris
2569 1313 2832 1369 tumultus
2876 1314 3272 1370 excitaverunt.
3332 1314 3439 1371 Sed
3491 1315 3691 1379 Caesar,

2124 1402 2307 1456 animo
2345 1402 2555 1472 ingens,
2599 1402 2788 1473 viginti
2831 1404 3000 1457 millia
3034 1404 3264 1459 militum
3299 1408 3697 1472 exauctoravit,

2124 1492 2347 1562 triginta
2376 1492 2541 1546 millia
2588 1508 2868 1547 servorum
2897 1494 3129 1549 dominis
3159 1494 3417 1558 restituit,
3451 1512 3547 1550 sex
3581 1497 3687 1550 mil-

2125 1581 2215 1648 lia,
2262 1597 2492 1652 quorum
2529 1581 2731 1637 domini
2766 1598 2873 1638 non
2906 1585 3210 1649 exstabant,
3239 1585 3292 1638 in
3322 1600 3542 1640 crucem
3570 1586 3694 1655 egit.

2124 1670 2303 1726 Ovans
2330 1670 2529 1727 Urbem
2553 1672 2850 1743 ingressus,
2882 1680 2940 1726 ut
2968 1673 3022 1726 in
3052 1682 3372 1743 perpetuum
3406 1675 3699 1731 tribunitiae

443 1762 705 1816 adversus
733 1760 953 1815 eosdem
979 1758 1335 1829 Pompeianos
1363 1758 1802 1813 cruentissimum
1834 1759 2023 1814 navale
2052 1754 2098 1812 B
2125 1762 2408 1832 potestatis
2449 1771 2613 1829 esset,
2645 1778 2676 1817 a
2714 1772 2902 1818 senatu
2943 1764 3217 1819 decretura
3246 1774 3348 1821 est.
3383 1766 3478 1821 llis
3504 1768 3697 1823 diebus

441 1858 642 1913 bellmn
706 1856 960 1911 confecit.
1010 1853 1116 1910 Sed
1168 1855 1425 1909 continuo
1468 1854 1747 1910 victricem
1795 1855 2020 1910 classem

435 1965 582 2019 pene
604 1950 909 2003 universam
940 1947 1080 2017 apud
1110 1946 1463 2018 Sycillaeeum
1483 1946 1865 2020 [Scyllaceum]
1890 1964 2023 2002 nau-

443 2040 618 2110 fragio
654 2038 863 2093 amisit.
912 2037 1194 2093 Ventidius
1238 2035 1433 2108 Persas
1477 2045 1532 2091 et
1575 2037 1803 2092 Parthos
1841 2038 1890 2091 in
1924 2036 2023 2107 Sy-

444 2132 582 2185 riam
610 2130 989 2199 .irrumpcntes
1033 2127 1206 2182 tribus
1240 2127 1396 2182 bellis
1436 2128 1688 2183 maximis
1728 2127 1883 2193 fudit,
1931 2145 2017 2184 re-

439 2235 668 2292 gemque
693 2234 881 2274 eorum
924 2217 1190 2273 Pacorum
1221 2218 1275 2272 in
1310 2218 1425 2273 acie
1461 2217 1753 2283 interfecit,
1778 2234 1840 2273 ea
1870 2219 2018 2275 scili-

440 2322 529 2367 cet
553 2312 639 2368 die
662 2327 768 2381 qua
801 2310 1034 2366 Crassus
1062 2325 1096 2364 a
1124 2309 1347 2365 Parthis
1383 2310 1559 2365 fuerat
1585 2311 1815 2367 occisus.
1847 2311 1989 2367 Anto

449 2403 593 2467 nius,
624 2402 712 2455 vix
746 2416 853 2455 uno
882 2401 1103 2456 castello
1147 2410 1469 2472 expugnato,
1519 2418 1705 2471 pacem
1754 2418 1877 2457 cum
1912 2402 2021 2457 An-

443 2495 625 2548 tiocho
651 2493 799 2555 fecit,
834 2500 892 2545 ut
923 2492 1035 2560 ipse
1059 2500 1262 2547 tantam
1293 2509 1403 2548 rem
1431 2508 1838 2548 consummasse
1866 2494 2011 2548 vide-

440 2591 612 2637 retur.
650 2581 958 2636 Ventidium
990 2580 1163 2652 Syriae
1189 2581 1455 2651 praefecit,
1486 2581 1756 2651 jussitque
1778 2591 1837 2637 ut
1864 2582 2019 2638 Anti-

437 2688 583 2745 gono
602 2673 802 2728 bellum
828 2671 1056 2728 inferret
1088 2691 1100 2726 :
1144 2674 1236 2743 qui
1272 2671 1484 2729 Judaeos
1519 2683 1642 2730 tunc
1676 2674 1813 2730 forte
1833 2675 2014 2731 debel-

435 2764 670 2829 laverat,
709 2763 991 2833 captisque
1019 2762 1432 2834 llierosolymis,
1460 2764 1715 2833 templum
1745 2765 2013 2841 exspolia-

434 2862 624 2926 νει-³1η
695 2866 1032 2923 regnumque
1091 2851 1289 2908 Herodi
1351 2853 1574 2908 dederat
1622 2852 2012 2928 [dempserat],

436 2961 597 3016 quem
635 2946 895 3001 continuo
930 2945 1131 3000 victum
1154 2945 1208 2999 in
1240 2945 1564 3000 deditionem
1605 2947 1826 3015 recepit.
1862 2946 2014 3001 Mena

437 3038 669 3093 libertus
697 3053 818 3092 cum
850 3052 940 3091 sex
970 3036 1196 3091 navibus
1220 3037 1288 3090 ad
1312 3035 1620 3105 Pompeium
1643 3038 1822 3103 rediit,
1846 3052 1876 3091 a
1906 3053 2013 3107 quo

439 3131 736 3185 clementer
756 3136 1027 3198 receptus,
1049 3127 1280 3183 Caesaris
1300 3125 1525 3183 classem
1548 3129 1805 3193 incendit,
1830 3145 2015 3199 quam-

437 3224 523 3278 vis
547 3237 717 3292 nuper
742 3220 924 3275 Caesar
949 3219 1173 3274 alteram
1220 3218 1455 3273 secundo
1504 3218 1786 3289 naufragio
1832 3218 2009 3288 perdi-

438 3314 626 3367 disset.
682 3311 935 3381 idemque
990 3309 1174 3373 Mena,
1224 3316 1410 3378 postea
1441 3308 1508 3362 ab
1560 3308 1791 3378 Agrippa
1837 3308 2010 3363 na‘vali

437 3406 1066 3476 praeliacircumventus,
1106 3416 1229 3456 eum
1269 3416 1363 3454 sex
1409 3400 1719 3454 trimcribus
1745 3400 1810 3453 ad
1835 3399 2009 3455 Caesa-

439 3511 551 3552 rem
590 3494 822 3549 transiit.
850 3492 955 3547 Sed
982 3493 1125 3546 hunc
1150 3490 1328 3546 Caesar
1353 3490 1509 3544 tertio
1540 3488 1892 3560 transfugam,
1930 3490 2011 3544 in-

434 3587 584 3642 dulta
620 3593 829 3640 tantum
860 3583 990 3647 vita,
1023 3597 1240 3652 segnem
1265 3580 1498 3651 reliquit.
1543 3581 1745 3635 Deinde
1774 3580 2009 3651 Agrippa

437 3680 579 3734 inter
600 3675 752 3730 Milas
781 3685 836 3729 et
862 3673 1089 3744 Liparas
1121 3673 1382 3726 adversus
1426 3671 1749 3725 Democham
1789 3671 2006 3743 [Demo-

434 3765 678 3837 citarem]
724 3775 778 3820 et
825 3764 1138 3833 Pompeium
1192 3762 1379 3816 navale
1433 3761 1675 3831 pra-lium
1731 3761 1898 3832 gessit
1944 3776 2009 3816 ac

431 3860 601 3925 vicit;
644 3858 824 3928 ibique
855 3864 982 3911 tunc
1012 3868 1175 3909 naves
1206 3853 1422 3923 triginta
1465 3863 1558 3906 aut
1597 3852 1878 3916 demersit,
1916 3861 2010 3907 aut

430 3951 592 4020 cepit,
625 3948 847 4019 reliquis
878 3945 1159 4001 laceratis:
1182 3943 1466 4014 Pompeius
1490 3942 1791 3997 Messanam
1814 3941 2003 3997 confu-

433 4042 533 4108 git.
576 4040 758 4096 Caesar
810 4039 1013 4092 interea
1053 4035 1451 4090 Tauromenum
1491 4032 1799 4103 trajecerant,
1845 4050 2004 4104 quem

431 4133 716 4204 repentino
747 4132 945 4202 impetu
974 4127 1261 4199 Pompeius
1289 4127 1496 4182 alIlixit.
1530 4127 1683 4183 Unde
1710 4127 1893 4183 multis
1921 4129 2007 4183 de-

433 4224 626 4278 mersis
674 4224 896 4276 navihus
936 4221 1066 4282 suis,
1099 4234 1163 4273 ac
1190 4234 1382 4288 magna
1416 4218 1753 4272 multitudine
1783 4234 2003 4273 satorum

431 4317 662 4370 militum
703 4314 931 4385 perdita,
964 4312 1017 4366 in
1047 4310 1251 4365 Italiam
1282 4310 1464 4365 Caesar
1500 4309 1726 4379 aufugit,
1775 4326 1876 4365 nec
1920 4310 2001 4365 in-

427 4409 771 4462 terveniente
813 4420 984 4468 mora,
1025 4404 1078 4457 in
1106 4401 1344 4457 Siciliam
1392 4402 1569 4467 rediit,
1620 4403 1802 4472 ibique
1843 4403 2002 4473 Lepi-

430 4497 558 4551 dum
585 4509 648 4548 ex
678 4494 913 4565 Aphrita
953 4493 1330 4546 adventantem
1372 4492 1587 4546 obvium
1619 4494 1825 4559 habuit,
1855 4509 2002 4549 sum-

432 4605 551 4646 mas
581 4588 683 4644 sibi
710 4596 896 4658 partes
933 4595 1157 4648 terrore,
1211 4584 1371 4639 minis
1417 4600 1482 4639 ac
1529 4587 1779 4655 superbia
1829 4588 2002 4642 vindi-

429 4691 661 4739 cantem.
711 4679 839 4734 Post
881 4677 998 4733 dies
1044 4690 1245 4746 paucos
1281 4675 1515 4746 Agrippa
1548 4675 1702 4744 jussu
1746 4676 1999 4744 Caesaris,

426 4789 458 4828 a
482 4773 672 4828 littore
692 4785 820 4825 cum
844 4767 963 4824 acie
991 4767 1252 4822 instructa
1267 4766 1684 4838 prospectantis,
1716 4768 1966 4823 atrocissi
1981 4798 1998 4808 -

425 4882 518 4922 mo
530 4864 707 4921 navali
724 4862 908 4934 praelia
920 4861 1178 4916 adversus
1191 4859 1503 4931 Pompeium
1525 4858 1767 4915 conﬂixit
1780 4868 1835 4915 et
1848 4860 1996 4917 vicit.

426 4957 564 5013 Nam
591 4963 806 5011 centum
827 4952 1107 5024 sexaginta
1140 4961 1196 5007 et
1236 4959 1348 5007 tres
1395 4967 1558 5006 naves
1584 4960 1677 5005 aut
1719 4952 1994 5017 demersit,

428 5059 521 5104 aut
551 5049 710 5117 cepit.
745 5045 1031 5116 Pompeius
1074 5060 1195 5098 cum
1227 5045 1607 5114 septemdecim
1637 5046 1862 5101 navibus
1906 5046 1998 5101 vix

426 5142 640 5210 elapsus
668 5139 859 5193 evasit.
888 5135 1125 5206 Lepidus
1161 5151 1353 5205 magna
1387 5135 1572 5206 viginti
1603 5135 1875 5207 legionum
1911 5138 1995 5192 iu-

427 5231 654 5287 solentia
685 5237 921 5293 tumens,
969 5242 1091 5282 cum
1139 5225 1436 5281 Messanam
1480 5226 1739 5283 militibus
1768 5230 1999 5303 permis-

427 5337 543 5377 sam
588 5320 919 5390 diripuisset,
958 5318 1134 5389 ipsum
1169 5314 1434 5371 Caesarem
1479 5316 1545 5371 ad
1590 5331 1650 5372 se
1696 5319 1998 5373 venientem

428 5410 597 5467 semel
637 5418 800 5480 atque
837 5410 1032 5463 iterum
1075 5407 1298 5476 sprevit,
1344 5423 1410 5461 ac
1447 5407 1626 5476 potius
1660 5408 1783 5463 telis
1821 5410 1999 5479 appeti

424 5500 774 5570 jussit:qua;
819 5500 929 5563 ille,
980 5497 1211 5554 collecta
1261 5498 1313 5551 in
1363 5497 1553 5552 laevum
1596 5498 1875 5552 brachium
1925 5498 2000 5553 la-

430 5607 615 5654 cerna,
639 5591 943 5660 repellendo
972 5589 1178 5643 vitavit.
1206 5588 1326 5644 Mox
1353 5588 1596 5643 immisso
1617 5603 1756 5657 equo
1784 5587 1849 5641 ad
1874 5604 2001 5644 suos

437 5693 708 5746 reversus,
751 5681 1014 5734 instructo
1052 5680 1290 5734 exercitu
1324 5678 1580 5732 adversus
1610 5676 1869 5747 Lepilum
1903 5693 1996 5731 ve-

2126 1865 2277 1910 trans
2323 1854 2562 1910 Tiberim
2613 1871 2644 1910 e
2678 1856 2897 1910 taberna
2945 1856 3219 1911 meritoria
3264 1856 3384 1913 fons
3411 1859 3514 1913 olei
3555 1869 3694 1916 terra

2123 1947 2435 2012 exundavit,
2465 1962 2529 2001 ac
2562 1961 2659 2016 per
2688 1955 2860 2001 totum
2887 1946 3027 2001 diem
3054 1946 3357 2019 largissime
3383 1948 3496 2004 rivo
3521 1949 3693 2005 uinxit.

2120 2035 2385 2091 Antonius
2409 2049 2560 2100 vero,
2590 2045 2874 2105 postquam
2909 2033 3131 2089 Araxim
3169 2036 3483 2103 transmisit,
3514 2041 3693 2093 omni-

2120 2125 2223 2181 bus
2246 2125 2481 2194 undique
2508 2124 2663 2180 malis
2692 2125 3113 2191 circumventus,
3145 2126 3231 2179 vix
3264 2127 3477 2181 tandem
3501 2127 3694 2181 Antio-

2121 2214 2299 2269 chiam
2351 2230 2474 2270 cum
2526 2215 2713 2284 paucis
2769 2216 2947 2271 rediit.
2998 2215 3133 2270 Nam
3180 2231 3303 2271 cum
3353 2217 3697 2273 multitudine

2119 2306 2362 2376 equitum
2404 2314 2461 2361 et
2501 2307 2906 2376 sagittariorum
2937 2308 3006 2363 ab
3034 2309 3284 2365 omnibus
3316 2311 3516 2380 praeliis
3580 2329 3696 2382 quae

2118 2395 2272 2466 plura
2326 2396 2571 2461 tentavit,
2618 2397 2793 2453 victus
2836 2408 3049 2469 semper
3084 2398 3364 2471 effugeret,
3408 2408 3520 2455 tum
3554 2417 3694 2472 prr-

2121 2493 2269 2541 terea
2313 2486 2533 2542 incertis
2574 2495 2629 2543 tt
2676 2487 2870 2559 ignotis
2916 2488 3194 2559 regionum
3222 2489 3357 2545 locis
3386 2492 3691 2561 impeditus.

2120 2576 2438 2645 gravissima
2474 2577 2618 2633 fame
2648 2578 2713 2631 ad
2740 2577 3002 2633 nefandos
3030 2579 3178 2634 cibos
3206 2589 3425 2635 coactus
3444 2589 3549 2645 est,
3575 2584 3689 2651 υιιιη

2118 2670 2242 2724 rimi
2278 2671 2505 2725 militum
2537 2685 2657 2725 sese
2691 2671 2937 2726 hostibus
2964 2670 3305 2727 dediderunt.
3341 2672 3395 2726 ln
3426 2672 3690 2729 Chr-ciam

2119 2762 2358 2825 transiit,
2402 2759 2674 2831 jussitque
2717 2761 3056 2832 Pompeium,
3103 2764 3195 2833 qui
3226 2764 3692 2820 victusaCmsare

2116 2856 2423 2911 exercitum
2460 2856 2766 2926 bellumque
2806 2859 3112 2927 reparabat,
3157 2872 3278 2911 cum
3318 2858 3503 2928 paucis
3532 2860 3603 2912 ad
3634 2877 3690 2913 se

2121 2945 2331 3011 venire,
2377 2944 2663 3015 Pompeius
2702 2944 2933 3016 fugiens,
2975 2961 3005 3000 a
3037 2946 3159 3001 Tito
3187 2955 3241 3001 et
3267 2946 3486 3011 Furino,
3524 2949 3691 3003 Anto-

2060 3099 2085 3120 ‘
2119 3038 2297 3092 nianis
2328 3039 2571 3102 duribus,
2602 3053 2745 3108 saepe
2769 3039 3010 3094 terrestri
3036 3040 3322 3111 navalique
3349 3043 3490 3096 bello
3516 3043 3693 3096 victus

2116 3139 2171 3185 et
2206 3138 2414 3199 captus,
2457 3146 2519 3185 ac
2549 3137 2675 3198 post
2706 3129 2982 3198 paululum
3021 3130 3336 3186 interfectus
3372 3141 3472 3187 est.
3506 3133 3695 3187 Caesar

2115 3221 2402 3292 Illyricum,
2428 3219 2759 3276 Pannoniam
2779 3230 3097 3292 partemque
3118 3223 3286 3278 Italiae
3306 3224 3455 3279 bellis
3477 3226 3694 3297 subegit

2113 3323 2168 3369 et
2191 3315 2415 3370 domuit.

2704 3384 2930 3442 CAPUT
2971 3386 3085 3442 XV.

2112 3492 2407 3561 Antonius,
2449 3507 2542 3561 pro
2588 3490 2898 3561 quibusdam
2942 3494 3262 3548 successibus
3299 3494 3488 3558 elatus,
3534 3495 3693 3550 Orm-

2186 3563 2339 3634 viano
2369 3560 2568 3614 Ca‘sari
2605 3560 2795 3614 bellant
2834 3562 3128 3634 denuntiat.
3174 3564 3217 3616 Α
3258 3581 3362 3634 quo
3403 3575 3483 3618 (er
3526 3571 3689 3620 sidus

2180 3648 2243 3684 ac
2271 3631 2478 3684 demum
2505 3640 2689 3700 captus
2713 3641 2760 3683 et
2790 3633 2991 3685 occisus
3019 3644 3119 3717 est.

2181 3744 2350 3816 Igitur
2384 3744 2650 3799 Antonius
2698 3745 3100 3810 Arthabanem,
3150 3747 3421 3804 Armeniae
3471 3765 3686 3820 regem,

2109 3836 2410 3907 proditione
2437 3843 2492 3890 et
2517 3835 2638 3890 dolo
2661 3836 2837 3905 cepit;
2870 3853 3031 3907 quem
3060 3846 3315 3908 argentea
3345 3847 3535 3894 catena
3569 3841 3687 3893 viu-

2109 3939 2255 3985 ctum
2283 3929 2348 3984 ad
2375 3926 2768 3983 confessionem
2792 3930 3167 3984 thesaurorum
3193 3930 3465 3998 regiorum
3488 3934 3686 4000 coegit.

2108 4023 2531 4091 Expugnatoque
2569 4020 2763 4090 oppido
2797 4021 2848 4074 in
2878 4036 2985 4090 quo
3015 4021 3259 4076 conditos
3286 4037 3409 4076 esse
3432 4023 3686 4091 prodide-

2108 4119 2214 4176 rat,
2242 4125 2493 4181 magnam
2532 4110 2640 4163 vim
2671 4110 2786 4163 auri
2819 4112 3135 4181 argentique
3169 4111 3416 4167 abstulit.
3443 4113 3561 4180 Qua
3585 4115 3692 4168 ela-

2108 4212 2195 4258 tus
2225 4202 2451 4272 pecunia
2493 4201 2799 4255 denuntiari
2840 4201 3039 4257 bellum
3067 4201 3292 4269 Caesari,
3323 4212 3487 4274 atque
3519 4206 3689 4262 Octa-

2106 4297 2207 4350 viae
2237 4295 2412 4352 sorori
2442 4293 2692 4359 Caesaris,
2725 4295 2881 4348 uxori
2911 4309 3043 4359 suae,
3074 4296 3357 4365 repudium
3382 4298 3547 4352 indici
3564 4296 3689 4365 jus-

2108 4386 2217 4449 sit,
2274 4393 2328 4439 et
2374 4383 2712 4454 Cleopatram
2752 4385 2852 4439 sibi
2901 4399 2969 4440 ex
3018 4385 3349 4440 Alexandria
3395 4403 3693 4444 occurrere

2108 4475 2412 4545 imperavit.
2454 4474 2575 4544 ipse
2616 4474 2850 4537 Actium,
2899 4474 2992 4529 ubi
3027 4476 3255 4532 classem
3304 4487 3694 4533 construxerat

2107 4567 2528 4640 [constituerat],
2554 4569 2849 4638 profectus,
2878 4586 3000 4626 cum
3027 4585 3194 4643 prepe
3225 4572 3441 4627 tertiam
3470 4583 3692 4643 partem

2104 4660 2367 4730 remigum
2421 4659 2563 4714 fame
2613 4670 2944 4732 assumptam
2991 4660 3324 4727 oll'endisset,
3352 4663 3428 4717 nil
3462 4672 3686 4718 motus:

2104 4747 2281 4815 Remi,
2312 4749 2510 4820 inquit,
2548 4751 2681 4805 salvi
2713 4751 2843 4816 sint,
2879 4765 3001 4805 nam
3032 4753 3265 4823 remiges
3293 4767 3398 4807 non
3430 4753 3688 4815 deerunt,

2104 4840 2282 4909 quoad
2324 4838 2534 4896 Graecia
2580 4841 2825 4896 homines
2874 4840 3143 4896 habuerit.
3208 4842 3390 4897 Caesar
3436 4842 3695 4896 ducentis

2108 4930 2331 5001 triginta
2371 4932 2625 4987 rostratis
2672 4931 2903 4987 navibus
2939 4946 2970 4986 a
3013 4931 3315 4987 Brundusio
3360 4932 3414 4986 in
3457 4932 3693 5002 Epimm

2103 5026 2377 5098 profectus
2418 5035 2520 5082 est.
2569 5027 2804 5098 Agrippa
2847 5041 2995 5091 vero,
3041 5027 3351 5097 praemissus
3376 5041 3409 5079 a
3434 5024 3686 5089 Cazsare,

2104 5121 2383 5176 onerarias
2429 5136 2593 5176 naves
2638 5119 2909 5186 frumento
2953 5127 3115 5187 atque
3164 5117 3331 5171 armis
3379 5132 3573 5187 graves
3618 5117 3698 5171 ab

2106 5212 2359 5284 lEgypto,
2404 5210 2562 5283 Syria
2602 5210 2860 5279 Asiaque,
2892 5210 2958 5263 ad
2986 5209 3289 5264 subsidium
3318 5207 3551 5262 Antonio
3581 5223 3691 5262 ve-

2105 5307 2337 5370 nientes,
2380 5306 2560 5373 cepit;
2606 5313 3004 5374 peragratoque
3053 5300 3501 5371 Peloponensium
3552 5300 3699 5356 sinu

2106 5400 2318 5454 Monam
2347 5396 2697 5471 [Methonam]
2727 5397 2912 5451 urbem
2934 5394 3343 5458 validissimam,
3370 5392 3701 5448 Antoniano

2105 5492 2367 5547 ntunitam
2399 5490 2672 5559 praesidio,
2704 5488 3068 5559 expugnavit:
3101 5486 3226 5541 inde
3260 5486 3552 5555 Corcyram
3588 5501 3700 5539 ce-

2102 5585 2221 5654 pit:
2252 5584 2516 5655 fugientes
2555 5581 2730 5635 navali
2775 5580 2958 5651 pra-lio
2994 5585 3313 5649 persecutus
3353 5573 3708 5646 proﬂigavit,

2105 5676 2392 5745 multisque
2440 5674 2602 5729 rebus
2647 5670 3026 5728 crnentissimc
3076 5668 3265 5740 gestis,
3313 5666 3379 5719 ad
3408 5664 3699 5722 Caesarem
