3964 6172
275 320 414 377 1105

1338 307 1749 368 CHRONICON.
1789 339 1860 351 --
1898 308 2065 365 ΤΟΜΙ
2103 311 2122 364 ι
2163 309 2287 364 LIB.
2334 307 2436 364 VII.

3396 312 3531 381 {res

270 434 436 495 venit,
468 427 754 494 Antonius,
798 424 1013 483 defectu
1060 433 1114 482 et
1159 424 1303 480 fame
1345 425 1576 481 militum
1623 438 1846 481 suorum
1873 425 1924 486 Α
1951 424 2089 479 saris
2124 423 2294 492 major
2332 423 2548 478 Antonii
2584 424 2722 479 filius
2747 433 2800 480 et
2830 424 2889 480 P.
2930 425 3205 489 Canidios,
3244 428 3531 484 infestissi-

270 529 580 595 permotus,
629 517 832 574 bellum
883 525 1160 572 maturare
1201 516 1461 580 instituit,
1515 531 1580 572 ac
1628 525 1850 587 repente

272 608 555 668 instructis
593 608 766 678 copiis
805 606 874 661 ad
899 605 1135 662 Gtt-saris
1165 614 1344 661 castra
1372 606 1636 677 processit
1673 614 1729 661 et
1764 606 1848 660 vi—

270 711 394 759 ctus
425 709 532 756 est.
558 699 745 755 Tertio
783 706 909 769 post
949 713 1185 769 pugnam
1213 698 1320 765 die,
1367 697 1637 754 Antonius
1670 705 1849 753 castra

271 792 341 846 ad
371 790 588 844 Actium
621 787 922 851 transtulit,
951 788 1130 842 navali
1154 788 1342 858 praelia
1368 789 1660 844 decernere
1686 804 1848 859 para-

275 891 381 936 tus.
416 879 672 933 Ducentae
698 884 755 931 et
779 876 999 948 triginta
1029 875 1182 932 fuere
1214 871 1463 933 rostratae
1490 877 1718 934 Caesaris
1748 894 1848 933 na-

270 988 388 1038 ves,
435 979 493 1026 et
527 970 746 1041 triginta
773 969 893 1025 sine
920 970 1112 1025 rostris
1140 970 1410 1035 triremes,
1442 969 1721 1025 velocitate
1756 969 1848 1025 Li-

268 1063 517 1118 burnicis
539 1077 723 1132 pares,
759 1068 816 1116 et
851 1069 976 1116 octo
1013 1060 1253 1132 legiones
1287 1061 1447 1117 classi
1478 1062 1847 1132 superpositas,

268 1157 479 1224 absque
498 1153 811 1210 cohortibus
831 1153 1069 1223 quinque
1098 1154 1383 1224 praetoriis.
1409 1152 1614 1209 Classis
1632 1154 1851 1208 Antonii

268 1252 488 1299 centum
536 1243 873 1315 septuaginta
902 1242 1138 1313 quinque
1172 1242 1389 1297 navium
1423 1243 1544 1309 fuit,
1589 1251 1852 1313 quantum

270 1350 500 1391 numero
519 1334 734 1399 cedens,
758 1343 968 1390 tantum
981 1333 1351 1403 magnitudine
1363 1335 1697 1405 praecellens.
1716 1334 1850 1389 Nam

268 1427 460 1481 decem
500 1424 697 1496 pedum
728 1424 1017 1480 altitudine
1040 1439 1072 1478 a
1096 1424 1234 1479 mari
1274 1425 1521 1480 aderant.
1562 1425 1851 1481 Famosum

268 1525 328 1572 et
371 1531 629 1587 magnum
670 1517 774 1572 hoc
809 1516 1008 1572 bellum
1033 1517 1176 1587 apud
1198 1516 1414 1572 Actium
1445 1516 1566 1572 fuit.
1602 1518 1686 1573 Ab
1720 1519 1853 1575 hora

269 1607 461 1675 quinta
510 1621 685 1676 usque
724 1606 779 1661 in
827 1607 1132 1677 septimam,
1184 1608 1392 1662 incerta
1439 1608 1687 1664 vincendi
1736 1624 1850 1679 spe,

270 1700 597 1772 gravissime
624 1700 879 1770 utrinque
897 1699 1074 1754 czcdes
1095 1707 1248 1754 actm.
1286 1699 1570 1770 Reliquum
1600 1701 1706 1756 diei
1727 1715 1848 1756 cum

1948 529 2068 568 mus
2089 513 2305 584 quidem
2337 528 2548 584 semper
2574 513 2771 569 thsari
2800 556 2816 580 ,
2866 518 2959 571 sed
2986 516 3220 573 Antonio
3243 519 3531 583 infidus,et

1949 604 2169 659 Cassius
2206 603 2536 669 Parmensis,
2576 604 2765 660 ultima
2791 606 3003 661 violate
3046 609 3215 677 partis
3248 609 3379 682 [Al.,
3409 612 3527 666 vin-

1948 693 2257 766 latipatrisj
2291 694 2521 749 Ctesaris
2558 695 2799 761 victima,
2851 706 2906 752 et
2933 697 3221 765 Quintinus
3272 700 3529 767 Ovinius,

1948 786 2018 840 ob
2043 801 2162 839 eam
2188 785 2422 839 maxime
2450 794 2655 851 notam,
2685 787 2826 854 quod
2866 787 3253 844 obscenissime
3292 790 3528 847 lanificio

1949 876 2290 946 textrinoque
2348 877 2551 947 regina:
2622 884 2934 932 senatorum
2997 881 3204 949 primus
3255 883 3530 939 Romanus

1948 982 2180 1038 prazesse
2218 983 2325 1023 non
2354 968 2664 1023 erubuerat.
2716 969 2921 1025 Dehinc
2969 970 3151 1026 Caesar
3194 974 3535 1042 pedestribus

1948 1058 2119 1128 copiis
2144 1059 2197 1113 in
2227 1056 2439 1130 Syriam
2470 1059 2636 1124 venit,
2659 1058 2853 1115 deinde
2894 1060 2948 1114 in
2978 1060 3162 1116 Asiam
3208 1064 3275 1117 ad
3305 1065 3529 1119 hiberna

1950 1149 2237 1215 concessit,
2261 1164 2324 1204 ac
2348 1156 2471 1220 post
2515 1165 2613 1219 per
2659 1149 2922 1207 Grazciam
2952 1151 3313 1209 Brundusium
3353 1154 3533 1225 profc-

1949 1247 2069 1295 ctus
2091 1249 2194 1295 est.

2545 1310 2772 1367 CAPUT
2809 1310 2946 1366 XVI.

1951 1400 2030 1457 De
2059 1418 2118 1455 eo
2143 1403 2282 1475 quod
2311 1400 2500 1475 σφωε
2513 1400 2836 1475 Octavianus
2878 1413 3051 1475 totum
3084 1402 3395 1475 Hispaniam
3442 1423 3538 1475 per

2022 1489 2077 1527 se
2101 1470 2419 1542 subjugavit.
2456 1470 2555 1543 Ubi
2584 1483 2631 1526 et
2660 1472 2829 1543 gloria
2867 1473 3052 1543 Magni
3084 1470 3374 1528 Alexandri
3396 1470 3451 1529 in
3475 1493 3535 1529 eo

2026 1543 2201 1610 refusa
2216 1551 2300 1613 est
2345 1559 2438 1613 per
2461 1541 2672 1612 legatos
2696 1541 3025 1613 Indorum'et
3057 1554 3364 1597 ca‘terarum
3406 1562 3533 1612 geu-

2021 1613 2151 1665 tium
2191 1611 2456 1693 Orientis;
2500 1611 2547 1665 et
2580 1611 2804 1693 qttaiiter
2830 1621 2941 1693 tant
2964 1629 3171 1693 per-se,
3196 1629 3350 1693 quam
3378 1611 3539 1666 etiam

2023 1699 2116 1751 per
2140 1699 2264 1736 suos
2300 1681 2518 1752 legatos,
2553 1683 2848 1736 universum
2876 1682 2974 1734 Sibi
3012 1681 3231 1750 subjecit
3266 1683 3461 1736 orbem.

271 1795 638 1862 subsequente
678 1803 839 1848 nocte
867 1792 920 1847 in
948 1793 1231 1847 victoriam
1264 1791 1495 1847 Ctesaris
1534 1793 1845 1849 declinavit.
1877 1773 1925 1831 Β
2021 1791 2202 1848 Caesar
2229 1792 2402 1848 victor
2437 1794 2504 1846 ab
2533 1792 2752 1848 Oriente
2800 1793 3032 1859 rediens,
3066 1810 3139 1847 vn
3182 1794 3306 1848 ldus
3333 1794 3537 1849 Janua-

272 1887 521 1941 l’riorum
569 1884 772 1958 [Prior]
820 1885 1007 1956 regina
1049 1883 1354 1954 Cleopatra,
1403 1900 1526 1940 cum
1572 1886 1850 1956 sexaginta

272 1978 629 2033 velocissimis
674 1978 912 2032 navibus
960 1976 1116 2048 fugit.
1173 1977 1441 2032 Antonius
1490 1994 1722 2049 quoque,
1754 1978 1850 2033 de-

276 2080 453 2125 tracto
496 2071 693 2141 insigni
744 2070 1015 2139 praetoriae
1061 2070 1236 2136 navis,
1287 2068 1581 2141 fugientem
1633 2082 1853 2128 secutus

273 2177 498 2216 uxorem
545 2170 647 2216 est.
696 2160 1048 2216 llluccscente
1083 2160 1196 2229 jam
1242 2161 1366 2227 die,
1398 2163 1699 2218 'vietoriam
1734 2163 1852 2219 Cte-

273 2267 371 2307 sar
413 2251 833 2306 consummavit.
878 2251 957 2304 Ex
986 2250 1149 2305 victis
1178 2251 1463 2307 duodecim
1501 2253 1670 2308 millia
1710 2254 1855 2310 ceci-

272 2342 423 2396 disse
452 2341 783 2407 referuntur,
807 2356 901 2395 sex
928 2340 1093 2394 millia
1121 2341 1401 2397 vulnerata
1426 2352 1574 2409 sunt,
1606 2359 1637 2399 e
1660 2330 1863 2415 quibus
1905 2352 1909 2356 ’

273 2432 423 2487 mille
456 2432 598 2487 inter
624 2432 922 2485 curandum
951 2430 1286 2486 defecerunt.
1320 2431 1589 2489 Antonius
1617 2443 1672 2488 et
1696 2433 1853 2490 Cleo-

272 2532 427 2594 patra
472 2537 791 2577 communes
838 2521 1038 2576 liberos
1075 2538 1198 2577 cum
1238 2530 1395 2592 parte
1431 2524 1593 2595 regiae
1614 2538 1759 2593 gazae
1789 2524 1856 2579 ad

274 2616 519 2671 Rubrum
552 2630 701 2669 mare
724 2612 1134 2683 przexnittendos
1161 2622 1506 2670 censuerunt.
1539 2615 1643 2686 Ipsi
1671 2616 1859 2686 przesil

272 2708 381 2763 diis
420 2708 566 2762 circa
602 2707 709 2761 duo
743 2705 963 2778 Egypti
1001 2722 1225 2773 cornua,
1263 2706 1558 2775 Pelusium,
1592 2708 1855 2764 Paretbo-

273 2802 534 2869 niumque
569 2799 870 2869 dispositis,
908 2797 1137 2854 classem
1182 2808 1238 2857 et
1273 2801 1459 2871 copias
1509 2801 1860 2857 instaurando

272 2890 416 2944 bello
440 2896 791 2959 paraverunt.
829 2887 1012 2943 Caesar
1031 2897 1186 2943 sexto
1208 2889 1592 2960 imperatorum
1625 2889 1859 2962 [sextum

274 2978 944 3051 imperatorjappellatus,
970 2986 1025 3033 et
1047 2987 1243 3048 quarto
1266 2979 1380 3049 ipse
1404 2996 1524 3035 cum
1554 2980 1623 3035 M.
1651 2981 1861 3035 Licinio

273 3072 482 3128 Crasso
508 3069 715 3134 consul,
741 3069 1104 3124 Brundusium
1124 3070 1290 3124 venit.
1314 3070 1391 3124 lbi
1416 3071 1565 3125 orbis
1588 3078 1856 3127 terrarum

272 3163 548 3234 praesidia,
581 3161 774 3216 divisis
810 3161 1130 3232 legionibus,
1160 3162 1483 3232 composuit.
1516 3162 1644 3216 lude
1677 3162 1730 3217 in
1760 3161 1860 3233 Sy-

277 3255 417 3308 riam
433 3252 735 3323 profectus,
754 3267 877 3307 mox
892 3251 1165 3308 Pelusium
1185 3252 1343 3319 adiit,
1356 3254 1448 3307 ubi
1463 3254 1531 3308 ab
1542 3252 1862 3308 Antonianis

272 3346 544 3419 praesidiis
559 3344 701 3398 ultro
718 3353 1001 3415 susceptus
1013 3353 1114 3401 est.
1130 3345 1342 3400 Interea
1357 3344 1640 3401 Cornelius
1653 3345 1858 3412 Gallus,

274 3440 594 3512 praemissus
608 3455 637 3492 a
650 3438 888 3504 Caesare,
912 3448 1147 3510 quatuor
1167 3439 1430 3511 legiones,
1445 3456 1580 3510 quas
1594 3439 1863 3496 Antonius

275 3530 421 3599 apud
463 3529 687 3585 Cirenas
727 3529 965 3599 praesidii
1007 3529 1127 3584 loco
1174 3530 1573 3596 constituerat,
1622 3531 1863 3601 suscepit

274 3621 331 3674 in
357 3619 549 3686 ﬁdem;
584 3630 746 3689 atque
776 3619 900 3673 inde
933 3617 1318 3674 Paretbonium
1361 3620 1535 3690 prima
1580 3620 1798 3692 Egypti
1831 3637 1862 3677 a

275 3714 466 3786 Libya:
496 3725 649 3785 parte
676 3713 952 3768 civitatem
974 3754 989 3780 ,
1018 3713 1160 3767 victo
1186 3712 1439 3777 Antonio,
1470 3713 1634 3783 cepit,
1664 3714 1867 3784 ipsum-

274 3818 384 3875 que
411 3803 667 3858 continuo
692 3802 832 3873 apud
853 3802 1091 3857 Pharum
1129 3803 1279 3857 vicit.
1309 3801 1579 3858 Antonius
1617 3811 1867 3872 equestre

274 3895 540 3950 adversus
566 3894 833 3950 Ctesarem
879 3893 1077 3949 bellum
1104 3894 1242 3958 iniit,
1277 3894 1330 3948 in
1358 3909 1424 3948 eo
1448 3909 1662 3965 quoque
1704 3894 1868 3950 mise-

275 3987 526 4057 rabiliter
553 3987 730 4043 victus
777 3986 1004 4057 aufugit.
1054 3984 1308 4041 Kalendis
1355 3985 1651 4041 Sextilibus
1695 3986 1868 4055 prima

278 4079 404 4133 luce
432 4076 717 4142 Antonius,
751 4092 873 4132 cum
912 4077 979 4131 ad
1023 4075 1389 4130 instruendam
1412 4075 1641 4130 classem
1667 4076 1721 4129 in
1751 4090 1870 4144 por-

278 4180 399 4225 tttm
420 4170 795 4235 descenderet,
824 4166 1001 4222 subito
1020 4166 1286 4220 universae
1320 4181 1487 4220 naves
1507 4166 1575 4220 ad
1597 4164 1869 4220 Czesarem

277 4258 634 4315 transierunt.
664 4257 904 4326 Cumque
933 4255 1091 4311 unico
1117 4254 1367 4325 praesidio
1411 4253 1673 4325 spoliatus
1693 4262 1868 4320 esset,

281 4347 528 4417 trepidus
548 4362 605 4402 se
638 4362 760 4401 cum
789 4345 977 4416 paucis
1003 4345 1206 4414 recepit
1232 4345 1284 4399 in
1314 4345 1539 4416 regiam.
1573 4344 1781 4414 Regina
1803 4345 1871 4399 ad

1951 1880 2080 1943 rias,
2114 1879 2313 1936 Urbem
2345 1880 2538 1949 triplici
2571 1881 2850 1950 triumpho-
2872 1881 3146 1952 ingressus
3169 1891 3279 1947 est;
3311 1899 3374 1937 ac
3409 1891 3536 1937 tunc

1952 1975 2184 2043 primum
2217 1972 2330 2042 ipse
2356 1971 2475 2026 Jani
2506 1981 2713 2042 portas,
2744 1972 2936 2042 sopitis
2970 1973 3240 2043 finitisque
3286 1976 3538 2029 omnibus

1950 2064 2109 2120 bellis
2136 2064 2384 2119 civilibus
2404 2105 2419 2129 ,
2465 2064 2678 2119 clausit.
2712 2063 2824 2119 Hoc
2854 2066 2938 2119 die
2968 2066 3201 2136 primum
3259 2066 3535 2136 Augustus

1953 2155 2322 2211 consalutatus
2342 2163 2444 2210 est.
2477 2155 2628 2222 Quod
2664 2170 2857 2210 nomen
2888 2157 3097 2212 cunctis
3127 2165 3279 2211 antea
3313 2157 3540 2211 inviola-

1954 2256 2090 2313 tum,
2122 2257 2177 2303 et
2207 2263 2375 2319 usque
2396 2248 2464 2302 ad
2494 2248 2636 2303 hunc
2663 2247 2769 2319 [ΑΙ.
2793 2289 2808 2313 ,
2835 2248 3001 2320 nunc]
3035 2249 3246 2304 caeteris
3292 2250 3540 2304 inausum

1955 2341 2207 2406 dominis,
2243 2349 2451 2395 tantum
2476 2340 2624 2396 or‘bis
2651 2340 2795 2394 licitae
2826 2349 3162 2410 usurpatum,
3195 2341 3402 2410 apicem
3444 2342 3541 2395 de-

1957 2433 2128 2488 clarat
2150 2434 2377 2505 imperii.
2403 2432 2581 2502 Atque
2610 2449 2677 2487 ex
2706 2433 2894 2487 eodem
2924 2434 3007 2487 die
3039 2450 3247 2488 summa
3276 2449 3454 2487 rerum
3479 2449 3545 2488 ac

1957 2533 2284 2596 potestatum
2316 2539 2485 2594 penes
2510 2539 2676 2578 unum
2704 2536 2824 2578 esse
2869 2525 3036 2594 coepit
3068 2532 3121 2578 et
3149 2525 3370 2588 mansit,
3399 2524 3551 2591 quod

1958 2616 2132 2671 Grmci
2183 2614 2556 2670 monarcbiam
2591 2622 2803 2669 vocant.
2848 2613 3020 2668 Porro
3053 2623 3233 2669 autem
3256 2614 3400 2669 hunc
3423 2630 3546 2669 esse

1959 2706 2207 2762 eumdem
2251 2707 2413 2772 diem,
2460 2707 2563 2762 hoc
2597 2716 2680 2763 est
2720 2718 2816 2762 vin
2858 2708 2978 2763 ldus
3016 2704 3331 2772 Januarias,
3382 2723 3542 2777 quem

1962 2796 2113 2869 [quo]
2146 2813 2248 2852 nos
2296 2798 2674 2867 Epiphaniam,
2705 2800 2805 2853 hoc
2850 2806 2954 2863 est,
2992 2797 3384 2868 apparitionem
3433 2798 3548 2851 sive

1962 2888 2452 2943 manifestationcm
2487 2889 2752 2943 Dominici
2789 2890 3113 2944 sacramenti
3167 2889 3542 2943 observamus.

1962 2977 2099 3034 Hine
2136 2994 2267 3033 vero
2311 2978 2493 3033 Caesar
2524 2995 2715 3049 parum
2752 2979 2806 3033 in
2860 2979 3116 3049 Hispania
3161 2995 3257 3050 per
3286 2979 3547 3035 ducentos

1963 3084 2134 3125 annos
2163 3077 2342 3124 actum
2379 3069 2702 3140 intelligens,
2734 3071 2942 3138 aperuit
2963 3071 3082 3126 Jani
3113 3080 3302 3140 portas
3322 3111 3336 3136 ,
3384 3081 3549 3140 atq-ec

1963 3160 2016 3214 in
2039 3158 2324 3230 llispanias
2346 3159 2459 3230 ipse
2490 3175 2613 3215 cum
2641 3162 2884 3215 exercitu
2920 3160 3197 3230 profectus
3222 3169 3324 3216 est.
3350 3162 3549 3215 Canta-

1961 3250 2045 3307 bri
2077 3258 2131 3306 et
2159 3251 2386 3306 Astures
2433 3250 2684 3306 Gallecize
2736 3253 3029 3321 provincia:
3057 3252 3234 3323 portio
3262 3261 3409 3318 sunt,
3436 3268 3542 3322 qua

1961 3355 2239 3402 extentum
2303 3347 2546 3418 Pyrenmi
2611 3345 2798 3417 jugum
2869 3347 3012 3402 baud
3081 3346 3268 3417 procul
3310 3346 3549 3401 secundo

1963 3439 2178 3495 Oceano
2218 3440 2320 3495 sub
2345 3438 2712 3508 septentrione
2744 3437 3044 3494 deducitur.
3096 3437 3163 3492 lli
3213 3453 3318 3492 non
3370 3436 3548 3492 solum

1962 3532 2238 3603 propriam
2268 3530 2570 3586 libertatem
2606 3530 2744 3584 tueri
2777 3531 2973 3598 parati,
3001 3545 3185 3585 verum
3215 3530 3378 3585 etiam
3427 3528 3552 3581 lini-

1966 3623 2219 3677 timorum
2248 3619 2542 3691 praeripere
2588 3619 2731 3675 ausi.
2767 3619 2913 3686 Quos
2966 3619 3146 3674 Caesar
3192 3620 3318 3673 dum
3355 3618 3553 3688 smpius
3624 3632 3632 3638 '

1949 3727 2249 3784 .aggressus
2275 3711 2478 3766 frustra
2504 3718 2725 3781 propter
2744 3711 2987 3783 Pyrenaei
3011 3709 3402 3773 difficultatem,
3430 3719 3550 3764 tan-

1965 3805 2086 3861 dem
2119 3804 2187 3859 ab
2233 3804 2553 3874 Aquitanico
2582 3805 2705 3859 sinu
2750 3818 2849 3874 per
2883 3803 3178 3869 Oceanum,
3204 3803 3435 3858 incautis
3456 3800 3552 3858 bo-

1967 3896 2161 3962 stibus,
2184 3898 2461 3952 admoveri
2486 3896 2713 3952 classem
2752 3906 2914 3968 atque
2943 3897 3138 3968 exponi
3168 3897 3351 3966 cupias
3375 3896 3548 3967 jubet,

1968 4005 2103 4060 quos
2142 3991 2218 4045 ita
2260 3990 2580 4060 improvisos
2617 3976 2911 4047 debellavit
2939 3989 3179 4059 etcepit.
3219 3988 3347 4043 Post
3384 3988 3557 4044 victo-

1970 4080 2106 4139 riam
2144 4099 2272 4138 vero
2296 4082 2602 4138 Cantabria:
2627 4091 2791 4153 atque
2815 4083 3065 4139 Gallecia:
3091 4123 3105 4148 ,
3155 4082 3426 4152 totiusque
3455 4080 3553 4136 lli-

1970 4172 2190 4242 spanite,
2230 4170 2484 4227 Claudius
2532 4171 2780 4238 Drusus,
2826 4172 3103 4242 privignus
3147 4170 3396 4237 C:esaris,
3423 4170 3554 4227 Gal-

1970 4261 2119 4328 liam,
2148 4261 2508 4331 Rhetiamque
2542 4261 2785 4326 sortitus,
2827 4261 3092 4316 maximas
3124 4260 3558 4331 fortissimasque

1970 4360 2161 4421 gentes
2205 4350 2510 4406 Germania:
2537 4351 2705 4406 armis
2736 4351 3041 4422 subegerat.
3082 4349 3218 4405 Nam
3250 4360 3411 4417 tunc,
3456 4366 3553 4405 ve—

278 4441 451 4512 pedes
478 4439 701 4510 Augusti
738 4438 1039 4508 provoluta,
1069 4436 1297 4491 tentavit
1322 4434 1505 4490 oculos
1551 4434 1724 4499 dUCiS.
1753 4435 1867 4489 Γηι-
1898 4473 1947 4532 D
1973 4444 2068 4499 luti
2092 4444 2159 4499 ad
2180 4442 2531 4498 constitutum
2555 4443 2704 4513 pacis
2729 4442 2870 4497 diem
2900 4442 3239 4507 festinarent,
3269 4442 3340 4497 ita
3364 4457 3555 4497 omnes

280 4540 398 4585 stra
422 4528 658 4598 quidem.
683 4527 816 4581 Nam
840 4527 1184 4597 pulchritudo
1218 4526 1358 4580 intra
1389 4525 1701 4596 pudicitiam
1727 4527 1872 4596 prin-

278 4621 423 4691 cipis
460 4620 577 4674 fuit.
610 4618 719 4673 Nec
745 4618 833 4672 illa
873 4619 938 4673 de
967 4619 1075 4673 vita
1103 4633 1224 4687 qua:
1249 4616 1596 4673 auferebatur
1617 4657 1633 4682 ,
1681 4618 1774 4673 sed
1804 4619 1871 4673 de

278 4722 441 4785 parte
478 4710 626 4782 regni
666 4709 962 4765 laborabat.
998 4708 1151 4776 Quod
1191 4709 1281 4763 ubi
1310 4707 1625 4779 desperavit
1648 4722 1678 4762 a
1717 4708 1869 4778 prin-

280 4804 428 4873 cipe,
455 4801 770 4869 servarique
797 4816 856 4855 se
887 4800 1158 4869 triumpho
1200 4800 1482 4872 cognovit,
1514 4800 1867 4856 incautiorem

284 4904 448 4951 nacta
471 4894 769 4949 custodiam
819 4893 872 4948 in
908 4893 1252 4949 mausolzeum
1296 4908 1355 4949 se
1403 4909 1591 4965 regum
1635 4892 1867 4962 recepit,

283 4985 472 5054 ibique
497 4986 785 5053 maximos,
813 4994 874 5042 ut
900 4986 1127 5054 solebat,
1155 4988 1340 5042 induta
1370 4987 1564 5053 cultus,
1592 4986 1644 5042 in
1669 4986 1873 5042 referto

281 5077 546 5134 odoribus
572 5078 708 5135 solio
741 5078 894 5149 juxta
926 5094 1083 5134 suum
1133 5095 1192 5134 se
1219 5079 1501 5135 collocavit
1542 5080 1836 5136 Antonium
1857 5122 1872 5147 ,

284 5168 633 5238 admotisque
672 5169 741 5223 ad
770 5183 936 5225 venas
983 5168 1320 5238 serpentibus
1344 5210 1360 5237 ,
1409 5169 1489 5225 sic
1518 5180 1692 5225 morte
1722 5170 1876 5240 quasi

283 5274 484 5315 somno
504 5258 678 5314 soluta
708 5267 811 5315 est.
846 5258 1030 5316 Caesar
1063 5257 1387 5313 Alexandria
1413 5260 1546 5314 urbe
1568 5300 1583 5324 ,
1633 5260 1874 5313 omnium

287 5346 449 5419 longe
483 5350 887 5419 epulantissima
935 5357 991 5405 et
1029 5348 1294 5414 maxima,
1323 5348 1496 5403 victor
1537 5349 1740 5418 potitus
1768 5358 1870 5404 est.

285 5439 430 5495 Nam
452 5449 507 5496 et
536 5441 706 5498 Roma
742 5443 795 5497 in
832 5450 1039 5497 tantum
1066 5441 1321 5512 operibus
1352 5441 1469 5511 ejus
1489 5448 1646 5496 aucta
1673 5448 1870 5506 cst,ut,

286 5541 515 5603 propter
581 5534 964 5589 abundantiam
1013 5532 1365 5604 pecuniarum
1392 5573 1406 5595 ,
1446 5532 1677 5602 duplicia
1711 5548 1871 5602 quam

288 5639 466 5694 usque
487 5626 554 5681 ad
583 5627 635 5682 id
660 5626 891 5694 fuerant,
915 5631 1314 5696 possessionum
1330 5625 1665 5697 aliarumque
1691 5641 1871 5681 rerqu

292 5719 567 5776 venalium
603 5722 778 5791 pretia
805 5730 1187 5777 statuerentur.
1224 5720 1396 5802 Occisi
1426 5730 1548 5776 sunt
1572 5720 1720 5792 jussu
1752 5720 1871 5776 CLI)-

1973 4534 2039 4589 ad
2061 4532 2451 4604 experientiam
2473 4533 2600 4589 belli
2630 4532 3027 4588 decisionemve
3060 4531 3281 4588 fcederis
3310 4533 3554 4588 undatim

1970 4634 2158 4697 gentes
2181 4626 2684 4690 commovebantur;
2717 4633 2811 4680 aut
2836 4633 3164 4694 susceptura:
3190 4624 3338 4692 pacis
3364 4624 3555 4679 condi-

1973 4714 2169 4779 tiones,
2196 4715 2241 4769 si
2265 4715 2629 4778 vincerentur,
2658 4722 2751 4768 aut
2786 4730 2965 4769 usura:
2994 4713 3173 4783 quieta
3218 4713 3481 4776 libertate,
3512 4714 3559 4767 si

1960 4806 2252 4861 {vincerent
2296 4804 2493 4869 Norici,
2529 4804 2717 4877 illyrii,
2744 4803 3034 4866 Pannonii,
3065 4803 3342 4869 Dalmata),
3372 4803 3555 4863 Mmsi.

1974 4896 2197 4952 Thraca:
2218 4906 2272 4951 et
2300 4897 2446 4959 Daci,
2468 4895 2731 4951 Sarmata:
2753 4894 3080 4963 plurimique
3102 4902 3157 4949 et
3182 4894 3402 4949 maximi
3418 4892 3555 4947 Ger-

1975 4988 2168 5045 maniae
2193 4989 2395 5059 populi,
2424 5002 2522 5057 per
2549 4987 2791 5042 diversos
2823 4988 2988 5041 duces
3009 5028 3024 5053 ,
3058 4986 3142 5041 vel
3173 4984 3443 5055 superati,
3473 4984 3559 5039 vel

1974 5081 2230 5151 repressi,
2256 5080 2341 5135 vel
2374 5080 2537 5133 etiam
2582 5078 2795 5149 objecta
2837 5078 3197 5133 maximorum
3244 5075 3555 5137 fluminum,

1977 5172 2150 5227 Rheni
2181 5170 2540 5239 Dauubiique,
2568 5169 2763 5225 seclusi
2789 5178 2935 5223 sunt.
2966 5170 3168 5223 Drusus
3198 5168 3251 5221 in
3268 5166 3558 5221 Germania

1976 5264 2208 5335 primum
2232 5262 2508 5332 Sosipetes
2534 5261 2667 5334 [Λίη
2700 5259 2996 5333 Uzipetes],
3018 5259 3210 5313 deinde
3234 5258 3557 5321 Thenteres,

1974 5354 2211 5408 Acathos
2241 5351 2318 5425 [et
2354 5350 2559 5423 Cattos]
2593 5352 2916 5422 perdomuit.
2969 5350 3381 5404 Marcomannos
3423 5359 3561 5415 pene

1977 5444 2043 5499 ad
2068 5443 2492 5499 internecionem
2524 5443 2737 5499 cecidit.
2792 5442 2984 5497 Postea
3016 5432 3341 5495 fortissimas
3387 5436 3562 5493 natio-

1978 5551 2092 5601 nes,
2121 5542 2176 5589 et
2221 5536 2417 5605 quibus
2458 5544 2649 5590 natura
2692 5534 2854 5599 vires,
2896 5533 3225 5587 consuetudo
3279 5528 3562 5601 experien-

1977 5625 2105 5678 tiam
2132 5623 2328 5679 virium
2356 5623 2535 5690 dabat,
2564 5624 2891 5687 Cheruscos,
2920 5620 3127 5676 Suebos
3152 5662 3165 5687 ,
3216 5618 3556 5681 Sicambros,

1976 5718 2178 5788 pariter
2206 5733 2311 5773 uno
2340 5716 2513 5793 bello,
2553 5716 2646 5773 sed
2671 5716 2834 5773 etiam
2870 5713 3068 5780 Susus,
3120 5713 3311 5769 Persas
3337 5723 3557 5782 supera-
