3958 6172
396 270 529 330 H07

1377 257 1761 312 FRECULPHI
1803 252 2255 312 LEXOVIENSIS
2294 250 2594 308 EPISCOPI

3503 252 3642 307 H03

387 389 481 441 vit.
507 386 746 452 Quorum
776 399 841 437 ex
887 396 950 434 eo
990 377 1322 433 considerari
1351 377 1525 430 virtus
1557 391 1619 430 ac
1665 375 1850 429 feritas
1875 389 1966 443 po-
1991 379 2039 437 Α
2067 373 2430 444 signarentur,
2462 380 2623 442 atque
2662 371 2716 425 in
2760 385 2821 426 se
2849 369 2993 425 solos
3017 370 3195 425 omnis
3217 370 3367 441 vigor
3407 369 3642 426 Romani

391 485 515 539 test,
545 474 685 544 quod
712 471 962 526 mulieres
991 483 1202 537 quoque
1226 481 1413 521 eorum
1437 507 1451 531 ,
1499 467 1543 521 si
1587 468 1802 535 quando
1829 481 1963 544 pra;—

388 577 553 621 vcutu
580 565 943 618 Romanorum
976 560 1117 613 inter
1152 557 1391 627 plaustra
1443 573 1537 612 sua
1567 537 1960 612 concludeban-

390 667 494 717 tur,
526 650 893 707 deﬁcientibus
925 648 1063 713 telis,
1090 647 1174 701 vel
1201 646 1434 715 qualibet
1474 661 1534 700 re
1559 661 1663 716 qua
1683 644 1828 698 velut
1860 644 1964 698 telo

389 745 463 799 uti
488 743 638 797 furor
664 749 876 811 posset,
920 755 1114 808 parvos
1142 738 1280 792 ﬁlios
1308 737 1522 792 collisos
1569 735 1716 788 humi
1770 735 1821 788 in
1876 735 1966 787 ho-

387 839 547 892 stium
569 851 662 889 ora
687 835 954 904 jaciebant
977 874 991 896 ,
1030 834 1083 886 in
1111 831 1333 900 singulis
1371 830 1600 884 ﬁliorum
1635 828 1856 882 necibus
1882 827 1966 881 bis

385 926 684 996 parricidae.
717 923 870 978 Tunc
905 923 1067 978 etiam
1116 938 1210 992 per
1257 921 1497 976 Africam
1555 918 1860 974 Musulanos
1910 926 1967 972 et

387 1016 610 1071 Gctulos
629 1015 785 1069 latius
810 1022 1062 1083 vagantes
1084 1011 1302 1075 Cossus,
1329 1012 1436 1064 dux
1467 1010 1716 1073 Caesaris,
1743 1009 1966 1063 arctatis

387 1107 583 1160 ﬁnibus
610 1106 876 1169 coercuit,
921 1113 1082 1172 atque
1110 1103 1365 1158 Romanis
1396 1101 1655 1155 limitibus
1695 1099 1967 1155 abstinere

390 1208 532 1253 metu
565 1198 840 1267 compulit.
867 1198 933 1250 Et
962 1205 1018 1249 ut
1045 1197 1204 1249 altius
1241 1194 1536 1264 repetendo
1566 1192 1803 1262 gentium
1836 1190 1964 1246 feri-

389 1297 551 1342 tatem
581 1288 965 1350 demonstrcm,
998 1300 1138 1339 unus
1174 1284 1376 1338 Moesiae
1403 1285 1597 1338 ducum
1627 1293 1749 1336 ante
1792 1282 1963 1336 aciem

387 1376 656 1446 postulato
695 1375 908 1429 silentio
939 1390 952 1427 :
983 1374 1082 1440 Qui
1137 1390 1230 1428 vos
1265 1372 1436 1428 estis?
1485 1371 1676 1441 inquit.
1731 1371 1968 1440 Respon-

388 1486 506 1524 sum
537 1478 617 1524 est
646 1487 658 1522 :
693 1469 918 1522 Romani
950 1468 1188 1538 gentium
1225 1465 1446 1521 domini.
1478 1463 1693 1518 Atille:
1737 1462 1813 1516 lta
1840 1463 1963 1528 ﬁet,

386 1561 582 1630 inquit,
609 1560 653 1615 si
685 1575 784 1614 nos
810 1558 1069 1614 viceritis.
1109 1556 1214 1612 Sed
1254 1572 1378 1610 mox
1407 1556 1535 1610 victi
1568 1563 1693 1610 sunt
1714 1570 1745 1608 a
1771 1554 1968 1609 Roma-

386 1655 490 1708 nis.
520 1652 757 1707 Thraces
777 1667 928 1717 vero,
950 1653 1094 1721 quia
1117 1651 1312 1705 Pisone
1361 1656 1486 1704 sunt
1520 1647 1809 1718 perdomiti
1836 1688 1852 1713 ,
1911 1649 1964 1700 in

388 1750 502 1818 ipsa
525 1747 833 1816 captivitate
869 1760 963 1800 sua
992 1743 1197 1798 rabiem
1223 1741 1598 1797 ostendebant.
1652 1739 1786 1794 Nam
1815 1747 1965 1794 cate-

388 1852 486 1890 nas
511 1837 704 1905 quibus
730 1834 877 1904 ligati
927 1841 1084 1888 erant
1123 1832 1390 1886 morsibus
1423 1829 1758 1894 vellicantes,
1785 1829 1971 1884 ferita-

388 1936 496 1981 tem
523 1941 673 1981 suam
704 1925 802 1993 ipsi
833 1924 1142 1994 puniebant.
1196 1920 1413 1975 Daciam
1442 1935 1654 1990 quoque
1691 1918 1830 1972 ultra
1861 1918 1968 1972 Da-

386 2016 612 2071 nubium
627 2014 886 2069 Lentulus
911 2014 1055 2078 vicit,
1074 2012 1276 2084 expulit
1299 2020 1460 2081 atque
1485 2010 1723 2080 subegit;
1755 2008 1971 2064 Sarma-

390 2119 474 2163 tas
522 2121 739 2176 quoque
777 2106 914 2160 ultra
944 2105 1244 2159 Danubium
1269 2103 1494 2174 pepulit,
1521 2103 1636 2173 qui,
1664 2117 1774 2172 pne
1802 2102 1969 2157 nimia

392 2198 668 2263 barbarie,
701 2212 802 2252 nec
829 2197 956 2266 quid
991 2211 1096 2266 pax
1135 2196 1206 2249 sit
1248 2195 1573 2263 intelligunt.
1619 2192 1972 2247 Marmarides

386 2305 516 2344 vero
555 2297 611 2343 et
637 2287 985 2343 Caramentes
1020 2287 1074 2340 in
1102 2285 1361 2341 Orientali
1390 2284 1546 2356 plaga
1574 2298 1670 2354 per
1690 2282 1970 2347 Quirinum

387 2384 570 2440 Caesar
599 2383 828 2452 subegit.
855 2383 1150 2436 Germanos
1169 2380 1439 2444 videlicet,
1464 2377 1667 2442 Gallos,
1689 2377 1938 2431 Britones
1953 2415 1968 2440 ,

387 2475 685 2544 Hispanos,
719 2474 961 2545 Hybercs
986 2514 1000 2536 ,
1042 2471 1322 2536 Austcres,
1362 2468 1696 2532 Cantabros,
1744 2466 1970 2522 occiduo

388 2565 486 2620 sub
513 2579 614 2618 axe
633 2564 894 2635 jacentes,
929 2578 1026 2632 per
1059 2577 1116 2617 se
1146 2561 1435 2629 Augustus,
1475 2559 1541 2613 ad
1578 2573 1671 2613 eos
1717 2557 1964 2620 veniens,

387 2658 646 2713 Romanis
691 2656 896 2727 legibus
946 2654 1149 2709 servire
1195 2652 1386 2721 coegit.
1446 2650 1657 2705 Interea
1703 2648 1970 2704 Caesarem

395 2751 538 2820 apud
569 2749 953 2810 Tarraconem,
986 2742 1258 2800 citerioris
1287 2741 1556 2812 Hispaniae
1578 2740 1788 2805 urbem,
1811 2736 1972 2807 legati

389 2846 645 2899 Indorum
672 2849 727 2897 et
742 2839 1089 2911 Scytharum,
1114 2845 1226 2892 toto
1251 2835 1379 2891 orbe
1402 2833 1741 2897 transmisso,
1758 2831 1973 2885 tandem

389 2936 462 2990 ibi
506 2935 849 2997 invenerunt,
875 2930 1016 2984 ultra
1040 2929 1180 2998 quod
1197 2926 1311 2998 jam
1337 2939 1578 2995 quaerere
1603 2939 1708 2979 non
1733 2930 1971 2994 possent,

391 3026 812 3092 refuderuntque
863 3023 917 3075 in
973 3020 1242 3075 Caesarem
1289 3016 1578 3072 Alexandri
1633 3014 1807 3085 Magni
1854 3012 1971 3083 glo-

391 3117 529 3170 riam
558 3135 570 3168 :
597 3129 757 3183 quem
786 3114 925 3168 sicut
965 3111 1321 3178 Hispanorum
1365 3107 1745 3174 Gallorumque
1775 3104 1973 3173 legatio

390 3205 570 3259 medio
593 3203 812 3258 Oriente
847 3200 986 3269 apud
1025 3197 1371 3268 Babyloniam
1402 3194 1853 3264 contemplatione
1874 3209 1973 3263 pa-

391 3297 470 3352 cis
497 3295 648 3360 adiit,
674 3294 746 3347 ita
771 3294 913 3346 hunc
936 3291 1076 3359 apud
1101 3287 1413 3358 Hispaniam
1441 3287 1492 3340 in
1517 3284 1824 3340 Occidentis
1845 3284 1971 3338 ulti-

391 3403 480 3442 mo
511 3385 733 3455 supplex
775 3397 895 3438 cum
947 3380 1212 3451 gentilitio
1261 3390 1482 3431 munere
1529 3376 1671 3430 Eous
1713 3375 1876 3429 Indus
1919 3381 1974 3427 et

395 3478 595 3548 Scytha
625 3476 830 3530 Boreus
859 3473 1055 3527 oravit.
1087 3469 1406 3525 Cantabrico
1431 3467 1570 3523 bello
1607 3481 1704 3536 per
1738 3465 1973 3534 quinque

392 3583 563 3623 annos
611 3575 755 3630 acto,
782 3573 1001 3632 totaque
1052 3559 1306 3630 Hispania
1339 3558 1391 3612 in
1441 3566 1696 3612 aeternam
1747 3569 1969 3624 pacem,

393 3679 515 3718 cum
547 3660 778 3731 quadam
828 3655 1182 3725 respiratione
1230 3650 1561 3706 lassitudinis
1607 3647 1864 3703 reclinata
1912 3661 1975 3701 ac

396 3755 650 3826 reposita,
678 3753 861 3808 Caesar
884 3750 1105 3804 Romam
1142 3745 1320 3800 rediit.
1350 3743 1556 3810 Quibus
1594 3740 1754 3795 etiam
1787 3739 1975 3794 diebus

393 3847 561 3903 multa
591 3861 686 3916 per
717 3860 794 3910 se,
824 3840 1096 3910 multaque
1151 3853 1246 3908 per
1291 3837 1454 3890 duces
1488 3841 1542 3888 et
1589 3831 1793 3902 legatos
1833 3827 1974 3884 bella

395 3939 581 4009 gessit.
610 3936 743 3991 Nam
771 3936 911 3990 inter
945 3942 1191 3995 caeteros,
1221 3936 1275 3983 et
1306 3927 1428 3983 Piso
1458 3927 1744 3981 adversum
1773 3921 1974 3976 Vinde-

395 4037 528 4090 licos
557 4030 756 4086 missus
779 4036 880 4084 est.
905 4025 1111 4092 Quibus
1141 4018 1586 4084 subactis,victor
1616 4016 1682 4071 ad
1704 4014 1972 4069 Caesarem

395 4124 718 4193 Lugdunum
739 4117 905 4172 venit.
934 4112 1238 4169 Pannonios
1265 4125 1404 4165 novo
1427 4116 1573 4162 motu
1611 4106 1974 4160 intumescen-

398 4225 495 4276 tes,
527 4209 810 4282 Tybcrius,
841 4206 1118 4278 privignus
1151 4200 1400 4266 Cmsaris,
1428 4196 1803 4254 cruentissima
1829 4193 1975 4248 caede

397 4303 593 4359 delevit
621 4320 634 4356 :
667 4302 917 4370 idemque
939 4297 1192 4354 continuo
1223 4293 1519 4349 Germanos
1546 4288 1687 4345 bello
1710 4287 1967 4358 arripuit:

396 4412 427 4453 e
456 4396 651 4466 quibus
696 4390 1048 4463 quadraginta
1079 4387 1244 4440 millia
1288 4384 1622 4454 captivorum
1662 4380 1835 4434 victor
1870 4378 1970 4432 ab-
1997 4419 2050 4478 Β

399 4490 570 4545 duxit.
603 4487 758 4553 Quod
797 4497 978 4537 revera
1023 4480 1223 4532 bellum
1253 4477 1545 4531 maximum
1572 4483 1625 4528 et
1659 4469 1972 4527 formidolo—

400 4594 520 4634 sum
551 4575 857 4645 quindecim
883 4569 1182 4639 legionibus
1207 4581 1300 4635 per
1320 4562 1606 4618 triennium
1629 4570 1835 4632 gestum
1858 4567 1969 4624 est;

401 4680 501 4719 nec
524 4664 637 4718 fere
671 4662 836 4716 ullum
865 4657 1036 4726 majus
1079 4655 1293 4717 bellum,
1327 4653 1469 4706 sicut
1509 4651 1797 4705 Suetonius
1843 4655 1974 4702 atte-

401 4764 597 4820 statur,
625 4761 745 4822 post
788 4751 1047 4805 Punicum
1110 4746 1228 4800 fuit.
1280 4744 1480 4798 Eodem
1524 4756 1653 4795 vero
1703 4749 1970 4808 tempore,

402 4844 713 4914 Quintillius
751 4842 925 4896 Varus
976 4853 1096 4894 cum
1150 4836 1321 4890 tribus
1365 4831 1662 4903 legionibus
1689 4845 1719 4883 a
1747 4829 1974 4884 Germa-

400 4939 486 4993 nis
509 4934 931 4997 rebellantibus,
977 4931 1110 4985 mira
1143 4927 1389 4998 superbia
1437 4934 1596 4992 atque
1651 4921 1877 4977 avaritia
1921 4921 1973 4974 in

401 5032 671 5102 subjectos
699 5043 862 5098 agens
881 5068 894 5089 ,
946 5023 1184 5078 funditus
1209 5019 1413 5075 deletus
1445 5025 1547 5072 est.
1577 5016 1748 5082 Quam
1798 5013 1976 5083 reipu-

401 5121 552 5177 blica:
576 5121 780 5175 cladem
805 5117 983 5172 Cicsar
1011 5114 1281 5182 Augustus
1311 5110 1444 5163 adeo
1486 5107 1721 5180 graviter
1748 5104 1887 5166 tulit.
1918 5113 1978 5158 ut

402 5228 543 5280 smpe
595 5226 689 5280 per
716 5209 820 5262 vim
849 5206 1048 5261 doloris
1082 5210 1243 5271 caput
1288 5198 1481 5268 parieti
1511 5197 1769 5252 collidens
1793 5234 1806 5258 ,
1864 5191 1973 5247 cla-

403 5297 880 5367 maretzQuintiIli
911 5295 1071 5357 Vare,
1112 5291 1273 5345 redde
1314 5289 1571 5359 legiones.
1597 5284 1977 5353 Bosphoranos

405 5406 532 5446 vero
577 5391 813 5461 Agrippa
855 5383 1152 5456 superavit,
1177 5393 1229 5437 et
1257 5380 1424 5451 signis
1449 5376 1704 5431 Romanis
1739 5391 1859 5444 quae
1901 5372 1975 5428 illi

405 5483 672 5550 quondam
689 5483 788 5535 sub
808 5473 1470 5536 Mithridatesustulerant,
1513 5471 1652 5526 bello
1700 5483 1980 5536 recupera-

409 5574 496 5636 tis,
526 5575 696 5628 victos
718 5571 783 5626 ad
811 5569 1136 5625 deditionem
1187 5563 1380 5634 coegit.
1422 5563 1603 5616 Parthi
1633 5602 1646 5624 ,
1685 5561 1836 5630 quasi
1873 5565 1984 5613 toto

410 5673 669 5717 terrarum
705 5662 834 5717 orbe
856 5661 938 5715 vel
963 5658 1164 5714 domito
1205 5655 1284 5710 vel
1315 5667 1506 5724 pacato
1551 5654 1787 5708 omnium
1817 5649 1984 5704 oculis

2065 463 2275 534 imperii
2298 462 2588 518 vertendus
2613 469 2754 517 esset
2782 481 2794 515 :
2824 461 3020 531 quippe
3042 475 3181 530 quos
3221 460 3449 531 pristina
3477 461 3642 517 ulcis-

2064 557 2246 614 cendaa
2279 556 2580 614 Crassiana:
2609 556 2770 612 caedis
2799 554 3130 611 conscientia
3159 553 3466 619 mordebat,
3497 553 3644 608 ultro

2064 653 2214 721 signa
2243 665 2364 720 quae
2387 650 2583 704 Crasso
2606 647 2886 704 interfecto
2909 645 3260 710 abstulerant,
3288 644 3354 700 ad
3372 645 3644 700 Casarem

2065 745 2410 808 remiserunt,
2433 742 2703 812 regiisque
2735 738 3010 796 obsidibus
3043 737 3255 793 traditis
3286 736 3500 792 ﬁrmum
3543 736 3649 790 fm-

2065 838 2165 891 dus
2195 835 2335 890 ﬁdeli
2383 832 2771 904 supplicatione
2818 836 3146 884 meruerunt.
3177 828 3362 897 Itaque
3404 842 3548 883 anno
3577 827 3648 882 ab

2067 927 2209 982 Urbe
2267 926 2482 982 condita
2537 923 3013 995 septingentesimo
3060 921 3501 991 quinquagesimo
3560 935 3650 974 se-

2067 1019 2242 1075 cundo
2269 1017 2450 1073 Caesar
2476 1017 2750 1086 Augustus
2773 1017 2840 1068 ab
2870 1013 3090 1068 Oriente
3114 1012 3170 1066 in
3209 1011 3576 1074 Occidentem,
3613 1027 3643 1063 a

2068 1106 2449 1176 Septentrione
2475 1106 2526 1160 in
2550 1103 2846 1168 Meridiem,
2883 1117 2948 1158 ac
2983 1117 3082 1171 per
3117 1109 3289 1156 totum
3316 1099 3514 1156 Oceani
3538 1100 3644 1153 cir-

2067 1195 2244 1251 culum
2266 1194 2476 1250 cunctis
2505 1194 2756 1265 gentibus
2802 1205 2909 1245 una
2945 1205 3078 1260 pace
3124 1188 3433 1258 compositis
3463 1227 3479 1252 ,
3523 1186 3644 1242 Jani

2065 1294 2250 1356 portas
2276 1286 2436 1340 tertio
2459 1286 2570 1354 ipse
2600 1293 2727 1339 tunc
2762 1282 2974 1338 clausit.
3007 1281 3150 1348 Quas
3178 1295 3242 1335 ex
3279 1295 3346 1336 eo
3385 1296 3484 1350 per
3507 1280 3648 1334 duo-

2067 1379 2240 1434 decim
2286 1376 2456 1432 ferme
2513 1392 2684 1431 annos
2733 1375 3072 1444 quietissime
3104 1387 3317 1442 semper
3363 1371 3649 1426 obseratas

2067 1469 2200 1533 otio,
2232 1467 2347 1538 ipsa
2379 1467 2542 1521 etiam
2589 1465 2778 1534 rubigo
2811 1462 3178 1533 oonsignavit:
3227 1475 3326 1516 nec
3361 1460 3514 1530 prius
3550 1475 3650 1512 uu-

2067 1574 2230 1628 quam
2259 1557 2362 1612 nisi
2406 1558 2506 1612 sub
2555 1562 2794 1610 extrema
2823 1559 3103 1609 senectute
3148 1550 3373 1620 Augusti
3421 1548 3650 1618 pulsaue

2067 1647 2476 1703 Atheniensium
2533 1645 2797 1700 seditione
2849 1653 2905 1699 et
2952 1643 3257 1697 Draconum
3309 1636 3649 1711 [Dacorum]

2070 1738 2428 1795 commotione
2463 1744 2773 1806 patuerunt.
2801 1733 3010 1790 Clausis
3059 1732 3222 1803 igitur
3267 1729 3388 1785 Jani
3440 1730 3646 1799 portis,

2072 1828 2458 1898 rempublicam
2487 1841 2648 1896 quam
2677 1824 2815 1880 bello
2836 1823 3142 1894 quazsierat,
3170 1835 3300 1890 pace
3327 1820 3538 1874 nutrire
3570 1827 3649 1872 at-

2071 1933 2176 1989 que
2200 1915 2527 1987 ampliﬁcare
2555 1915 2793 1980 studens,
2822 1913 2969 1984 leges
3004 1911 3264 1982 plurimas
3312 1910 3520 1972 statuit,
3550 1925 3650 1979 per

2071 2023 2206 2079 quas
2233 2008 2527 2062 humanum
2569 2020 2739 2076 genus
2793 2003 2960 2058 libera
3011 2000 3310 2057 reverentia
3349 2000 3650 2071 disciplina}

2071 2114 2277 2156 morem
2305 2106 2535 2169 gereret,
2565 2096 2769 2152 domini
2811 2093 3218 2166 appellationem
3246 2100 3305 2146 ut
3346 2092 3508 2147 horno
3560 2091 3652 2146 de-

2072 2189 2312 2245 clinavit.
2343 2188 2476 2242 Nam
2500 2202 2622 2244 cum
2652 2187 2837 2241 eodem
2865 2190 3143 2254 spectante
3175 2183 3329 2238 ludos
3349 2221 3364 2247 ,
3410 2196 3650 2252 pronun-

2073 2282 2264 2337 tiatum
2284 2287 2425 2336 esset
2452 2279 2505 2332 in
2530 2277 2694 2332 mimo
2722 2291 2735 2329 :
2766 2274 2808 2330 Ο
2829 2274 3104 2330 dominum
3119 2287 3329 2341 aequum
3351 2277 3406 2324 et
3424 2271 3645 2334 bonum,

2073 2372 2436 2441 universique,
2468 2367 2622 2439 quasi
2655 2369 2720 2422 de
2757 2367 2871 2435 ipso
2899 2365 3101 2419 dictum
3122 2370 3286 2426 esset,
3317 2359 3650 2416 exsultantes

2073 2461 2541 2534 approbavissent,
2587 2457 2771 2513 statim
2791 2455 3007 2526 quidem
3036 2468 3198 2507 manu
3221 2451 3476 2520 vultuque
3506 2449 3651 2504 iude-

2072 2569 2228 2610 coras
2244 2551 2575 2608 adulationes
2591 2549 2867 2619 repressit,
2884 2556 2938 2602 et
2958 2545 3202 2617 sequenti
3219 2545 3305 2599 die
3332 2542 3649 2615 gravissimo

2073 2645 2548 2718 corripuit-edicto,
2570 2644 2950 2712 dominumque
2977 2655 3036 2696 se
3057 2640 3278 2711 posthac
3301 2638 3558 2708 appellari
3585 2652 3649 2691 nc

2076 2758 2107 2798 a
2131 2741 2315 2798 liberis
2335 2739 2552 2811 quidem
2572 2745 2665 2793 aut
2683 2735 2962 2806 nepotibus
2986 2732 3122 2798 suis,
3139 2732 3223 2787 vel
3245 2731 3387 2786 serio
3406 2729 3493 2784 vel
3505 2727 3646 2796 joco,

2075 2848 2267 2903 passus
2299 2839 2401 2888 est.
2429 2830 2594 2902 Igitur
2633 2843 2697 2883 eo
2723 2837 2984 2898 tempore,
3015 2825 3068 2880 id
3097 2831 3180 2879 est
3201 2864 3217 2888 ,
3259 2837 3324 2878 eo
3371 2836 3516 2876 anno
3546 2835 3648 2890 quo

2077 2923 2444 2980 ﬁrmissimam
2480 2921 2923 2988 verissimamque
2952 2931 3139 2988 pacem
3191 2913 3530 2970 ordinatione
3556 2910 3645 2966 Dei

2077 3015 2258 3072 Caesar
2275 3012 2595 3084 composuit,
2623 3020 2782 3066 natus
2819 3018 2902 3066 est
2923 3008 3193 3072 Christus,
3215 3005 3369 3074 cujus
3395 3003 3644 3060 adventui

2077 3123 2184 3177 pax
2217 3108 2322 3161 ista
2345 3105 2600 3160 famulata
2625 3111 2729 3169 est,
2763 3103 2816 3157 in
2846 3100 2999 3168 cujus
3038 3108 3158 3154 ortu
3193 3096 3536 3152 audientibus
3558 3096 3650 3150 ho-

2076 3197 2310 3252 minibus
2359 3195 2693 3252 exsultantes
2760 3192 2932 3264 angeli
2985 3189 3335 3246 cecinerunt:
3364 3185 3550 3241 Gloria
3597 3187 3650 3239 in

2076 3288 2290 3342 excelsis
2321 3286 2450 3352 Deo,
2481 3296 2528 3340 et
2558 3287 2613 3339 in
2659 3294 2798 3338 terra
2824 3298 2929 3354 pax
2954 3278 3246 3334 hominibus
3293 3276 3445 3330 bona
3471 3273 3648 3329 volun-

2074 3381 2220 3435 tatis.
2244 3379 2554 3446 Eodemque
2586 3385 2824 3446 tempore
2860 3373 2968 3438 hic,
3001 3371 3066 3426 ad
3109 3383 3268 3439 quem
3311 3382 3498 3421 rerum
3541 3381 3648 3420 om-

2075 3473 2224 3526 nium
2252 3486 2461 3526 summa
2483 3474 2847 3531 concesserat,
2875 3463 3150 3519 dominum
3171 3476 3230 3515 se
3255 3459 3532 3513 hominem
3563 3470 3650 3524 ap-

2073 3563 2262 3634 pellari
2292 3578 2399 3618 non
2445 3575 2654 3631 passus,
2685 3559 2793 3612 into
2829 3570 2929 3610 nec
2961 3569 3153 3614 ausus,
3197 3565 3304 3620 quo
3335 3563 3502 3602 verus
3554 3546 3652 3600 Do-

2074 3655 2253 3710 minus
2287 3653 2451 3710 totius
2477 3650 2688 3724 generis
2711 3646 2928 3704 humani
2950 3646 3090 3701 inter
3107 3642 3350 3699 homines
3365 3648 3530 3695 natus
3550 3646 3647 3694 est.

2074 3745 2273 3800 Eodem
2301 3757 2510 3813 quoque
2542 3756 2683 3795 anno
2712 3749 2838 3794 tunc
2857 3737 3090 3808 primum
3115 3735 3257 3789 idem
3269 3732 3480 3796 Caisar,
3495 3744 3648 3799 quem

2074 3837 2160 3891 his
2189 3837 2350 3890 tantis
2380 3833 2652 3904 mysteriis
2701 3830 3179 3902 pnedcstinaverat
3219 3825 3361 3881 Deus
3385 3864 3401 3889 ,
3431 3837 3652 3879 censura

2074 3928 2156 3999 agi
2185 3925 2519 3997 singularum
2550 3924 2750 3993 ubique
2769 3919 3192 3991 provinciarum,
3213 3925 3270 3970 et
3299 3915 3518 3970 censeri
3542 3928 3652 3968 out-

2074 4035 2170 4075 nes
2199 4013 2645 4084 hominesjussit,
2673 4012 2887 4082 quando
2912 4024 2966 4065 et
3003 4010 3143 4064 Deus
3179 4006 3343 4060 homo
3387 4003 3558 4059 videri
3600 4011 3653 4056 et

2075 4124 2195 4166 esse
2224 4108 2471 4178 dignatus
2494 4114 2596 4160 est.
2630 4104 2757 4158 Ηωο
2786 4102 2876 4155 illa
2904 4101 3076 4171 prima
3106 4095 3520 4163 clarissimaque
3540 4108 3652 4164 pro-

2075 4200 2237 4256 fessio
2259 4196 2426 4272 [quae]
2453 4195 2723 4251 Czesarem
2753 4191 2992 4246 omnium
3015 4186 3333 4258 principem,
3349 4183 3649 4237 Romanos-

2075 4309 2180 4365 que
2220 4305 2397 4346 rerum
2445 4286 2727 4348 dominos,
2778 4281 3087 4353 singillatim
3132 4284 3452 4333 cunctorum
3483 4273 3651 4327 homi-

2073 4364 2202 4439 num
2231 4381 2374 4437 edita
2404 4377 2726 4448 ascriptione
2747 4372 2998 4444 signavit,
3021 4371 3074 4425 in
3101 4384 3207 4438 qua
3240 4381 3298 4422 se
3322 4372 3376 4418 et
3401 4365 3543 4434 ipse,
3565 4364 3651 4432 qui

2074 4483 2297 4530 cunctos
2321 4471 2566 4526 homines
2591 4467 2732 4530 fecit,
2770 4463 2998 4520 inveniri
3040 4459 3313 4516 hominem
3340 4455 3652 4524 ascribique

2079 4564 2224 4618 inter
2265 4561 2512 4616 homines
2560 4557 2745 4612 voluit.
2794 4554 2947 4620 Quod
2999 4549 3209 4620 penitus
3268 4561 3549 4615 nunquam
3587 4545 3654 4597 ab

2073 4655 2204 4710 orbe
2233 4651 2450 4708 condito
2491 4658 2652 4719 atque
2700 4647 2766 4702 ab
2815 4643 3038 4699 exordio
3084 4639 3298 4712 generis
3330 4637 3558 4692 humani
3599 4637 3653 4690 in

2075 4749 2219 4803 hunc
2250 4742 2462 4799 modum
2501 4750 2680 4796 actum
2709 4747 2823 4802 est,
2848 4752 2918 4791 ne
2949 4731 3257 4805 Babyloniae
3299 4729 3519 4798 quidem
3571 4727 3655 4782 vel

2078 4833 2425 4896 Macedonim,
2453 4838 2514 4885 ut
2551 4845 2658 4884 non
2697 4827 2872 4882 dicam
2923 4822 3119 4880 minori
3152 4821 3404 4890 cuiquam
3451 4832 3651 4887 regno,

2079 4938 2395 4982 concessum
2419 4921 2537 4976 fuit.

2650 5005 2874 5064 CAPUT
2912 5002 3072 5060 XVII.

2078 5107 2154 5160 De
2195 5103 2388 5175 prwliis
2439 5103 2502 5156 ab
2531 5099 2737 5175 Herode
2790 5096 2946 5175 gestis
2973 5111 3088 5175 eam
3120 5107 3237 5173 rege
3275 5088 3553 5175 .Arabitur;
3603 5095 3656 5139 et

2179 5157 2399 5245 {iustae}
2427 5171 2649 5244 gratiam
2675 5157 2946 5221 Octaviani
2971 5157 3194 5218 Caesaris
3218 5161 3436 5228 adeptus
3459 5157 3547 5209 sit.

2148 5283 2310 5354 Igitur
2330 5280 2568 5335 Herodes
2598 5269 3086 5334 senatusconsulto,
3117 5265 3446 5334 Antoniique
3491 5272 3656 5332 atque

2079 5375 2304 5432 Caasaris
2345 5372 2528 5427 favore
2585 5369 2637 5423 in
2671 5382 2835 5438 regno
2855 5364 3159 5420 Iudaeorum
3196 5357 3552 5417 conﬁrmatus
3577 5354 3662 5426 (ut

2081 5466 2326 5536 superius
2339 5447 2752 5530 enarravimus),
2777 5457 2903 5511 dum
2921 5471 3044 5511 cum
3065 5451 3208 5508 omni
3237 5447 3362 5502 belli
3393 5454 3658 5516 apparatu

2085 5559 2401 5618 instructus,
2429 5561 2488 5606 ut
2515 5565 2635 5606 cum
2668 5546 2900 5601 Antonio
2932 5545 2998 5598 ad
3023 5541 3300 5596 Actiacum
3339 5537 3661 5604 pmpcraret

2088 5646 2308 5711 bellum,
2341 5642 2525 5699 callide
2560 5655 2590 5694 a
2619 5637 2900 5707 Cleopatra
2934 5632 3145 5703 qui’cm
3180 5629 3509 5694 interceptus
3554 5631 3663 5682 est,
