3964 6172
359 216 496 275 “09

1387 221 1394 226 '
1445 204 1856 264 CHHONICON.
1931 234 1965 246 α
2000 205 2170 263 Τσὶῐῐ
2201 207 2226 262 Ι
2259 207 2384 264 LIB.
2429 205 2536 262 VII‘.

3429 175 3616 262 tuo

355 347 427 386 ne
473 327 744 398 particeps
790 323 943 378 ﬂeret
992 319 1354 392 periculorum
1394 318 1651 392 Antigoni
1681 337 1695 374 :
1723 319 1940 391 regibus
1967 324 2016 381 Α
2044 321 2247 376 riorum
2272 320 2686 377 correctionem.
2719 318 2894 387 Quam
2945 320 2989 376 sl
3020 313 3327 376 occidisset'
3353 327 3415 376 et
3458 333 3622 392 pecu-

354 423 521 482 enim,
553 419 606 474 id
633 427 736 483 est,
765 413 996 469 Malicho
1034 413 1251 468 Arabiae
1290 421 1452 481 atque
1479 411 1678 466 Herodi
1718 411 1944 466 insidias

359 511 620 572 tendens,
668 507 866 563 bellum
905 506 960 560 in
991 504 1202 560 Arabas
1249 511 1310 558 ut
1337 503 1533 558 Herodi
1584 501 1946 558 committeret

357 603 651 673 persuadet
675 601 928 655 Antonio.
958 598 1105 666 Quos
1130 598 1177 653 si
1204 598 1423 652 vicisset
1453 597 1666 652 Arabia:
1695 596 1940 662 domina,

359 695 446 750 sin
473 693 649 748 vict-us
671 700 816 746 esset
839 689 1147 745 Judaeon
1177 690 1599 744 constitueretur
1615 728 1631 755 ,
1682 687 1942 743 alterum-

359 799 467 852 que
490 792 769 854 potentnm
806 797 904 852 per
930 780 1160 836 alterum
1214 781 1609 851 pessumdaret.
1646 779 1753 835 Sed
1805 781 1944 834 hanc

358 873 478 943 ejus
498 873 830 928 voluntatem
863 870 1192 927 Octavianus
1233 870 1494 940 praevenit
1541 869 1744 924 Caesar.
1776 868 1945 923 Hero-

357 964 457 1019 des
483 973 689 1027 autem,
707 977 832 1017 mox
867 971 926 1016 ut
951 963 1003 1016 in
1026 961 1284 1017 Arabiam
1306 961 1474 1025 venit,
1501 960 1641 1016 bello
1663 968 1942 1029 exceptus,

360 1055 610 1125 superior
631 1053 808 1107 factus
835 1093 850 1118 ,
891 1052 1117 1107 victoria
1162 1052 1365 1121 potitus
1413 1060 1514 1105 est.
1566 1050 1774 1105 Arabes
1817 1066 1946 1106 vero

361 1160 486 1200 cmn
537 1143 667 1197 victi
700 1152 904 1208 essent,
947 1141 1158 1212 majore
1208 1153 1356 1196 motu
1403 1141 1771 1205 suscitantur,
1822 1156 1946 1195 cum

361 1236 538 1291 valida
571 1250 733 1289 manu
762 1249 996 1306 pugnam
1027 1241 1296 1302 repetunt,
1339 1234 1607 1303 victisque
1643 1235 1947 1305 agminibus

360 1327 507 1381 circa
535 1340 728 1380 saxosa
773 1324 889 1378 loca
927 1331 983 1377 et.
1008 1322 1165 1378 devia
1195 1323 1422 1378 Herodis
1461 1323 1686 1379 militem
1737 1323 1944 1395 fugant.

362 1418 619 1472 Plurimis
639 1416 785 1470 caede
817 1415 1126 1486 prostratis,
1149 1429 1246 1470 eos
1265 1430 1398 1469 vero
1419 1415 1509 1484 qui
1547 1415 1798 1486 fugerant
1824 1432 1947 1471 cum

362 1509 562 1564 castris
591 1516 872 1578 ceperunt.
914 1506 1044 1562 Post
1074 1507 1214 1561 hanc
1238 1521 1370 1562 vero
1388 1506 1594 1562 cladem
1629 1507 1733 1561 alia
1770 1508 1950 1579 sequi-

365 1612 455 1657 tur
483 1600 767 1656 calamitas
794 1599 1080 1654 Herodem.
1129 1599 1262 1653 Nam
1317 1597 1434 1668 ejus
1488 1599 1640 1670 regni
1679 1615 1820 1656 anno
1862 1615 1950 1656 se-

2043 415 2161 468 nias
2181 413 2232 468 ei
2260 424 2314 469 et
2340 429 2522 468 muros
2565 415 2632 468 ad
2679 413 2980 479 tuitionem,
3011 420 3068 468 et
3088 411 3388 469 exercitum
3419 422 3471 470 et
3503 430 3620 470 me-

2044 505 2330 574 metipsum
2353 503 2474 560 belli
2499 514 2686 561 contra
2721 513 2775 561 te
2799 505 3007 561 socium
3029 503 3343 574 pollicebar.
3368 501 3476 560 Sed
3498 519 3625 575 pro-

2044 594 2183 650 fecto
2212 595 2327 666 ejus
2377 603 2538 651 aures
2579 596 2878 665 Cleopatra:
2913 607 3159 661 amores,
3197 607 3252 650 et
3305 597 3477 663 Deus,
3529 599 3627 668 qui

2043 687 2325 742 victoriam
2355 687 2459 742 tibr
2481 687 3030 751 donavit,.obstruxit.
3063 685 3177 742 Una
3199 701 3328 756 ergo
3360 703 3481 742 cum
3508 687 3622 740 An-

2045 781 2195 835 tonio
2230 781 2405 835 vietus
2445 795 2585 844 sum,
2615 788 2670 835 et
2707 780 2858 850 regni
2902 793 3158 834 coronam
3194 795 3318 835 cum
3368 779 3483 849 ejus
3513 781 3623 834 for-

2047 881 2174 926 ttma
2204 871 2449 941 deposui.
2500 872 2582 926 Ad
2623 880 2896 927 te‘autcm
2922 871 3074 937 veni,
3118 885 3268 941 spem
3316 871 3506 926 salutis
3561 872 3629 926 tle

2045 965 2244 1020 virtute
2283 979 2634 1034 praesumens,
2663 972 2808 1020 etne
2854 964 2908 1017 in
2937 977 3162 1018 examen
3190 962 3477 1018 duceretur
3503 978 3630 1033 pro-

2045 1075 2243 1130 perans
2272 1061 2446 1132 qualis
2477 1062 2683 1116 amicus
2711 1068 2766 1116 et
2807 1059 2962 1129 cujus
3008 1057 3221 1113 fuerim.
3259 1058 3340 1114 Ad
3367 1060 3482 1114 [nec
3507 1058 3627 1114 Cae-

2048 1170 2175 1209 sar:
2208 1153 2320 1209 lmo
2353 1169 2482 1209 vere
2507 1149 2685 1209 Salvus
2711 1165 2859 1219 esto,
2894 1151 3090 1221 inquit,
3122 1159 3174 1205 et
3219 1165 3362 1205 nunc
3406 1159 3630 1221 reguatu

2048 1247 2272 1302 certius.
2315 1244 2451 1298 Nam
2499 1245 2724 1300 meritus
2766 1259 2825 1298 es
2867 1253 2926 1297 ut
2955 1241 3213 1312 plurimos
3257 1255 3448 1310 regas,
3505 1255 3630 1293 cum

2050 1336 2345 1392 amicitiam
2392 1343 2541 1389 tanta
2597 1335 2703 1389 fide
2751 1334 2973 1388 tuearis.
3026 1331 3288 1401 Experire
3343 1338 3523 1385 autem
3574 1339 3636 1382 ut

2051 1428 2214 1484 etiam
2261 1426 2587 1482 felicioribus
2614 1425 2787 1481 ﬁdelis
2835 1440 3172 1494 permaneas.
3203 1421 3481 1493 Siquidem
3532 1437 3634 1492 ego

2051 1517 2522 1590 praeclarissimam
2553 1531 2701 1587 spem
2737 1515 2803 1570 de
2832 1523 2920 1568 tua
2948 1514 3165 1584 quidem
3189 1511 3631 1584 magnanimitate

2053 1608 2330 1680 promitto.
2371 1608 2539 1663 Recte
2583 1617 2761 1662 tamen
2791 1605 2920 1660 fecit
2966 1605 3266 1666 Antonius,
3324 1603 3414 1673 qui
3462 1604 3634 1672 magis

361 1693 556 1764 ptimo,
581 1700 637 1746 et
669 1691 894 1747 Actiaco
915 1692 1056 1748 bello
1095 1690 1357 1758 fervente,
1382 1699 1720 1748 terraamotus
1767 1693 1949 1747 infini-

2056 1698 2349 1768 Cleopatrae
2389 1714 2551 1769 quam
2583 1698 2675 1752 tibi
2703 1697 2903 1768 paruit.
2953 1696 3030 1751 Te
3053 1711 3287 1766 namque
3322 1695 3512 1750 l‘ncrati
3544 1710 3634 1748 su-

362 1793 474 1838 tam
513 1783 729 1853 quidem
754 1798 1009 1853 pecorum
1054 1784 1477 1850 multitudinem,
1505 1785 1783 1840 hominum
1823 1801 1951 1840 vero

363 1875 584 1945 triginta
614 1874 779 1928 millia
814 1875 1064 1945 peremit,
1092 1890 1215 1931 cum
1235 1876 1508 1931 exercitus
1538 1875 1767 1932 Herodis
1798 1892 1952 1932 man-

361 1965 528 2018 sisset
571 1964 877 2029 incolumis,
909 1965 1164 2035 quoniam
1203 1965 1304 2020 sub
1352 1965 1442 2020 dio
1488 1965 1736 2036 degebat.
1799 1965 1950 2021 Hanc

361 2061 636 2116 miseriam
664 2059 972 2116 Iudaeorum
1019 2069 1079 2115 ut
1124 2061 1267 2115 fama
1295 2069 1653 2130 perceperunt
1710 2059 1948 2127 Arabes,

362 2149 606 2203 tristibus
631 2149 776 2203 enim
800 2149 1003 2203 nuntiis
1025 2149 1245 2220 gravius
1270 2149 1472 2218 aliquid
1500 2148 1798 2219 afﬁngitur,
1822 2163 1948 2203 mox

361 2240 416 2294 in
448 2238 688 2294 Judaeum
728 2254 852 2294 cum
889 2241 1036 2294 omni
1063 2241 1309 2296 exercitu
1345 2247 1526 2295 ruunt.
1561 2239 1800 2296 Herodes
1822 2255 1952 2297 vero

362 2330 591 2386 audiens
617 2331 910 2384 adventum
957 2330 1174 2386 illorum
1194 2371 1209 2397 ,
1261 2331 1336 2387 ita
1364 2347 1492 2387 suos
1519 2332 1799 2388 solabatnr
1826 2374 1842 2399 ,
1892 2345 1954 2388 ut

361 2419 576 2476 fertur:
614 2420 731 2474 Non
785 2420 928 2476 enim
1002 2429 1214 2477 tantum
1267 2439 1430 2478 manu
1490 2425 1768 2496 armisque
1826 2425 1952 2481 freti

358 2521 621 2582 quantum
644 2513 846 2568 nostris
869 2512 1272 2570 calamitatibus
1299 2516 1542 2570 veniunt.
1559 2515 1747 2571 Fallax
1770 2525 1949 2572 autem

360 2619 486 2673 spes
513 2612 619 2668 est,
648 2618 770 2674 quae
798 2619 904 2659 non
933 2605 1046 2660 suis
1077 2607 1284 2662 viribus
1339 2608 1532 2662 nititur
1557 2649 1572 2674 ,
1623 2609 1717 2664 sed
1760 2609 1951 2665 alienis

361 2695 626 2750 adversis.
652 2694 836 2764 Neque
861 2710 991 2750 vero
1015 2696 1098 2752 vel
1129 2698 1379 2753 secundm
1409 2713 1516 2763 res,
1552 2698 1636 2752 vel
1667 2701 1952 2754 contrariae

361 2788 502 2856 apud
530 2788 776 2842 homines
803 2795 966 2842 certae
986 2796 1150 2852 sunt,
1198 2788 1290 2843 sed
1323 2789 1376 2842 in
1409 2798 1692 2858 utramque
1738 2802 1950 2860 partem

360 2877 606 2932 vicissim
623 2878 808 2933 videas
849 2884 1042 2932 nutare
1069 2876 1360 2932 fortunam.
1392 2878 1461 2932 Et
1491 2878 1543 2933 id
1569 2880 1814 2950 exempla
1855 2895 1949 2936 vo-

360 2973 449 3026 bis
473 2974 688 3044 propria
716 2973 1186 3028 demonstrabant.
1221 2972 1423 3044 Nempe
1451 2973 1636 3044 praelia
1671 2975 1953 3046 superiore

2052 1807 2172 1846 mus
2198 1798 2418 1860 propter
2441 1788 2554 1858 ejus
2583 1789 2896 1843 amicitiam.
2937 1786 3106 1856 Hujus
3134 1786 3405 1842 sermonis
3436 1787 3598 1840 ltuma
3616 1815 3632 1825 -

2051 1881 2224 1936 nitate
2253 1895 2453 1950 regem,
2489 1894 2557 1933 ne
2592 1879 2719 1948 quid
2763 1878 2828 1932 de
2877 1876 3112 1931 amicitia
3171 1891 3274 1930 sua
3316 1875 3627 1937 dubitaret.

2048 1969 2328 2032 hortatus,
2367 1975 2422 2021 et
2445 1967 2690 2023 diadema
2734 1966 2806 2020 illi
2837 1966 3116 2036 imposuu,
3145 1974 3200 2020 et
3247 1980 3472 2033 regnum
3504 1981 3634 2019 cou-

2051 2061 2304 2115 ﬁrmavit.
2339 2059 2465 2114 Inde
2495 2059 2548 2113 in
2577 2057 2868 2129 Egyptum
2903 2065 3221 2127 prosecutus
3250 2055 3481 2111 Caasaris
3507 2057 3633 2116 iter,

2051 2153 2404 2222 suppeditatis
2430 2152 2683 2207 omnibus
2711 2165 2831 2221 qua:
2861 2149 2978 2204 usui
3008 2148 3090 2203 vel
3133 2149 3232 2219 ipsi
3257 2149 3338 2203 vel
3369 2148 3636 2203 exercitui

2051 2241 2250 2308 forent,
2286 2242 2579 2297 maximam
2605 2241 2836 2312 gratiam
2867 2241 3209 2310 imperatoris
3233 2239 3333 2295 sibi
3372 2255 3470 2294 suo
3513 2248 3633 2293 stu-

2051 2333 2141 2388 dio
2178 2331 2523 2388 conciliavit:
2554 2331 2823 2401 prtecipue
2869 2329 2996 2400 quia
3042 2328 3097 2383 in
3132 2329 3264 2384 locis
3311 2328 3652 2383 aridioribus:

2053 2439 2226 2493 usque
2253 2422 2528 2478 Pelusium
2563 2421 2728 2491 regali
2763 2421 3071 2492 provisione
3115 2435 3377 2489 aquarum
3409 2417 3633 2473 afﬂuen-

2052 2513 2183 2568 tiam
2209 2512 2657 2568 subministravit.
2717 2509 2922 2578 Quibus
2941 2508 3136 2564 officiis
3154 2517 3361 2563 tantum
3383 2507 3467 2562 sui
3494 2523 3642 2561 amo-

2053 2621 2168 2661 rem
2193 2603 2430 2660 infundit
2467 2601 2748 2666 omnibus,
2799 2609 2856 2655 ut
2886 2601 3008 2670 plus
3055 2600 3332 2655 videretur
3374 2599 3640 2654 meruisse

2051 2715 2216 2771 quam
2271 2699 2600 2769 accepisset,
2654 2697 2938 2766 minorque
2977 2696 3126 2766 regni
3187 2704 3425 2765 potestas
3473 2711 3640 2766 quant

2053 2791 2409 2846 humanitatis
2456 2789 2678 2860 largitas
2717 2789 3096 2843 mstimaretur.
3151 2787 3303 2843 Unde
3351 2786 3532 2843 Caesar
3571 2803 3640 2842 ex

2053 2881 2320 2937 sententia
2365 2881 2528 2934 rebus
2566 2878 2708 2932 intra
2735 2875 3024 2948 Egyptum
3049 2877 3244 2948 gestis,
3297 2878 3534 2932 Antonio
3587 2887 3643 2932 et

2053 2970 2339 3042 Cleopatra
2369 2969 2657 3036 defunctis,
2687 2985 2794 3024 non
2821 2969 2993 3024 solum
3037 2984 3156 3040 qua:
3204 2970 3454 3041 adempta
3483 2980 3644 3026 erant

359 3037 616 3128 victores,
644 3073 767 3133 post
792 3063 862 3118 ab
888 3064 1137 3119 hostibus
1161 3064 1286 3119 victi
1311 3037 1515 3120 sumus.
1541 3065 1607 3120 Et
1628 3037 1770 3122 nunc
1798 3082 1945 3138 ergo,
1977 3037 2023 3100 ο
2056 3037 2257 3116 Herodi
2281 3062 2536 3123 reddidit,
2561 3075 2750 3114 verum
2782 3061 2945 3116 etiam
2975 3037 3174 3130 praeter
3207 3061 3298 3116 illa
3343 3037 3464 3133 qua;
3488 3061 3644 3118 Cleo-

357 3162 623 3226 qnautum
647 3155 916 3209 aestimare
936 3153 1083 3219 licet,
1115 3154 1190 3209 illi
1235 3154 1543 3226 capientur,
1571 3157 1804 3212 victores
1833 3174 1953 3214 sese

360 3244 478 3298 fore
502 3242 807 3297 credentes.
833 3241 1006 3297 Nimis
1039 3243 1185 3297 enim
1218 3243 1498 3300 confidens
1546 3245 1796 3301 incautus
1833 3257 1949 3314 est,

358 3343 540 3388 metus
565 3344 745 3386 autem
793 3331 1184 3402 providentiam
1235 3333 1412 3389 docet.
1460 3335 1604 3390 Nihil
1633 3345 1812 3391 autem
1859 3353 1955 3393 vos

360 3431 568 3478 terreat
592 3437 774 3478 rerum
805 3423 984 3478 anima
1012 3425 1336 3490 carentium,
1365 3434 1566 3491 motus,
1602 3443 1778 3498 neque
1809 3429 1955 3483 arbi-

363 3517 582 3572 tremini
614 3527 773 3573 term
811 3517 1222 3573 eoucussionem
1268 3517 1496 3588 alicujus
1545 3517 1738 3575 futura:
1788 3521 1956 3576 cladis

364 3628 490 3668 esse
509 3619 838 3682 portentum.
871 3609 1149 3666 Naturalia
1163 3619 1290 3665 sunt
1317 3610 1707 3666 elementorum
1740 3627 1956 3683 quoque

361 3705 520 3770 vitia,
550 3704 857 3774 nullumque
883 3704 1138 3758 damnum
1163 3701 1417 3769 inferunt,
1449 3703 1553 3759 nisi
1579 3718 1646 3758 ex
1670 3703 1802 3774 ipsis
1831 3719 1957 3759 eve-

332 3824 345 3848 ι
362 3793 530 3850 nerit.
563 3793 697 3848 Nam
721 3793 1044 3864 pestilentia:
1071 3794 1311 3864 quidem,
1335 3793 1420 3848 vel
1446 3793 1628 3861 famis,
1662 3795 1749 3851 vel
1774 3802 1954 3851 terrae-

338 3874 550 3938 'tnotus
575 3883 788 3954 signum
833 3883 1050 3953 aliquod
1078 3884 1287 3938 tardius
1318 3883 1547 3941 fortasse
1584 3887 1952 3957 praecesserit;

365 3973 488 4043 ipsa
513 3987 641 4028 vero
665 3988 788 4027 cum
822 3974 1146 4037 exstiterint,
1171 3973 1255 4028 sui
1281 3975 1652 4043 magnitudine
1673 3976 1954 4031 ﬁniuntur.

367 4063 592 4120 Talibus
620 4078 747 4120 vero
776 4063 1039 4133 exemplis
1084 4078 1212 4118 suos
1237 4063 1500 4118 animavit
1527 4065 1748 4119 milites.
1782 4065 1954 4121 Hero-

364 4156 488 4220 des,
514 4155 695 4210 hostes
722 4170 1009 4226 aggressus
1038 4193 1052 4220 ,
1106 4154 1381 4224 superavit
1423 4162 1479 4210 et
1522 4155 1672 4211 vicit.
1708 4155 1957 4224 Quandiu

368 4246 590 4317 quidem
619 4247 958 4312 restiterunt,
993 4261 1100 4302 non
1143 4259 1335 4316 magna
1367 4244 1542 4300 credes
1586 4260 1772 4302 eorum
1816 4245 1956 4302 facta

366 4347 454 4394 est
480 4357 492 4391 :
530 4339 621 4393 ubi
649 4354 778 4394 vero
803 4346 952 4407 terga
982 4343 1284 4402 verterunt,
1314 4335 1467 4391 multi
1496 4351 1526 4390 a
1560 4334 1778 4403 Iudaeis,
1803 4337 1956 4392 multi

368 4445 502 4486 vero
525 4446 556 4484 a
585 4430 892 4499 semetipsis
915 4429 1238 4495 conculcati,
1260 4442 1397 4498 quos
1421 4427 1663 4484 Herodes
1689 4443 1826 4496 pene
1845 4445 1955 4483 om-

371 4535 471 4574 nes
495 4527 589 4573 aut
610 4518 879 4574 interfecit
905 4526 998 4573 aut
1023 4518 1183 4589 cepit.
1213 4517 1319 4574 Sed
1343 4519 1484 4574 hanc
1515 4516 1746 4573 fuscavit
1792 4520 1957 4572 victo-

370 4611 511 4665 riam
556 4609 858 4665 sollicitudo
889 4617 1110 4680 propter
1143 4609 1440 4664 amicitiam
1470 4609 1690 4664 Antonii
1721 4616 1843 4679 post
1871 4608 1954 4663 vi-

369 4700 601 4754 ctoriam
636 4700 866 4756 Cmsaris
909 4699 1049 4770 apud
1072 4699 1310 4755 Actium.
1351 4699 1538 4770 Itaque
1587 4698 1825 4754 Herodes
1855 4709 1958 4754 tra-

369 4791 508 4846 deus
552 4805 611 4846 se
655 4787 921 4859 periculo,
970 4789 1330 4859 Rhodumque
1379 4790 1769 4856 transmissus,
1823 4789 1956 4844 adiit

369 4881 641 4937 Caesarem
671 4881 788 4938 sine
830 4880 1135 4937 diademate
1159 4922 1174 4946 ,
1228 4891 1378 4938 veste
1433 4883 1649 4954 quidem
1705 4882 1961 4954 cultuque

370 4972 604 5042 privato,
631 4972 726 5028 sed
749 4971 888 5026 fastu
911 4972 1060 5041 regio
1083 5011 1098 5035 ,
1129 4987 1304 5042 neque
1324 4971 1658 5028 dissimulata
1697 4974 1924 5028 veritate
1942 5014 1957 5038 ,

370 5078 558 5120 coram
580 5063 697 5120 haec
719 5063 854 5119 dixit
877 5083 892 5119 :
927 5064 1039 5135 Ego
1061 5064 1263 5131 Cassar,
1289 5081 1385 5120 rex
1413 5065 1586 5122 factus
1609 5070 1676 5123 ab
1701 5068 1956 5132 Antonio,

374 5153 550 5210 fateor
574 5155 758 5212 utilem
788 5173 874 5212 me
900 5156 1066 5212 fuisse
1109 5158 1222 5228 regi
1254 5158 1513 5224 Antonio,
1542 5176 1718 5229 neque
1748 5161 1963 5216 dubita-

370 5248 549 5301 verim
572 5249 754 5305 dicere
777 5251 920 5320 quod
941 5250 1086 5305 omni
1111 5249 1272 5305 modo
1292 5251 1460 5304 armis
1484 5266 1696 5320 quoque
1723 5266 1809 5306 me
1838 5268 1958 5321 gra-

376 5348 494 5394 tuut
529 5351 783 5409 expertus
811 5352 974 5406 esset,
1024 5341 1126 5396 nisi
1155 5340 1362 5395 Arabes
1392 5341 1813 5410 prohibuissent.
1853 5343 1956 5396 Ve-

376 5437 684 5483 rumtamen
711 5438 766 5484 et
801 5431 997 5486 auxilia
1047 5446 1146 5501 pro
1177 5430 1382 5486 viribus
1416 5432 1465 5486 ei
1515 5432 1658 5497 misi,
1691 5440 1746 5486 et
1789 5433 1958 5488 multa

380 5522 639 5579 frumenti
695 5525 880 5580 millia.
914 5525 1026 5598 Ego
1081 5526 1224 5579 enim
1268 5525 1528 5596 optimum
1573 5525 1852 5581 consilium
1911 5526 1960 5581 ei

382 5614 529 5682 dedi,
557 5632 719 5672 unam
750 5633 870 5674 esse
908 5618 1091 5674 dit-ens
1117 5618 1413 5688 Cleopatrae
1440 5628 1664 5674 mortem
1714 5620 1962 5676 adversa-

2049 3161 2210 3224 patra
2237 3159 2527 3218 averterat,
2566 3153 2854 3219 Zadoram,
2908 3153 3208 3226 Hipponem
3229 3193 3243 3217 ,
3295 3151 3600 3208 Samariam
3622 3195 3637 3215 .

2051 3245 2102 3300 ei
2137 3244 2428 3311 concessit,
2467 3247 2876 3318 maritimasque
2914 3249 3095 3312 nrbes,
3119 3245 3352 3310 Gazam,
3405 3246 3643 3301 Antedo—

2053 3351 2196 3403 nem,
2230 3335 2493 3406 Hioppen,
2522 3338 2738 3393 Turrim
2764 3339 3030 3395 Statronis
3067 3339 3226 3394 simul
3261 3339 3499 3394 donavit.
3533 3335 3645 3394 Sti-

2051 3439 2272 3502 patores
2309 3431 2475 3485 etiam
2496 3429 2604 3483 400
2628 3446 2696 3486 ex
2724 3431 2920 3497 Gallia,
2952 3430 3146 3499 quibus
3177 3440 3330 3500 septa
3359 3429 3642 3484 incedebat

2054 3519 2372 3588 Cleopatra,
2432 3520 2497 3574 ad
2549 3520 2850 3576 custodiam
2897 3519 3138 3587 corporis
3181 3519 3292 3588 regi
3336 3518 3636 3584 concessit,

2055 3610 2331 3680 multaque
2358 3608 2482 3665 alia.
2513 3608 2619 3665 Sed
2651 3609 2736 3665 his
2762 3609 3013 3666 omnibus
3054 3624 3144 3664 rex
3175 3608 3297 3678 plus
3336 3608 3642 3674 laztabatur,

2055 3698 2183 3769 quia
2206 3714 2237 3754 a
2268 3699 2482 3755 Ctesare
2511 3714 2676 3769 super
2701 3715 2890 3756 omnes
2926 3699 3066 3754 infra
3113 3699 3407 3771 Agrippam
3448 3699 3649 3772 diligex

2055 3791 2239 3859 batur,
2264 3791 2334 3848 ab
2359 3790 2595 3863 Agrippa
2627 3789 2769 3845 infra
2792 3790 3080 3847 Caesarem.

2605 3903 2833 3961 CAPUT
2871 3903 3054 3960 XVIII.

2057 3995 2136 4050 De
2167 3995 2405 4066 operibus
2437 3995 2502 4050 ab
2532 3995 2743 4066 Herode
2788 3993 3238 4066 excellentioribus
3268 3995 3444 4063 factis.
3478 3995 3548 4052 Et
3577 3996 3644 4052 de

2130 4064 2488 4135 interfectione
2515 4064 2749 4134 ﬁliorum
2782 4082 2844 4118 ac
2882 4065 3142 4136 conjugis,
3174 4067 3282 4121 sive
3309 4067 3638 4134 amicorum,

2131 4153 2193 4190 ac
2231 4137 2444 4190 domum
2471 4137 2536 4191 de
2564 4136 2681 4205 ejus
2704 4135 3009 4190 exsecrabili
3035 4135 3219 4191 morte.

2129 4247 2297 4318 Igitur
2315 4254 2600 4317 postquam
2626 4245 2836 4302 'I'racon
2866 4247 3167 4317 regionem,
3203 4255 3258 4304 et
3287 4247 3647 4317 Batbaneam,

2060 4351 2384 4408 omnemque
2441 4346 2645 4392 terram
2681 4335 2902 4392 Galilea:
2952 4336 3141 4391 ditioui
3188 4336 3416 4394 Herodis
3460 4337 3646 4396 Caesar

2062 4430 2317 4493 subdidit,
2346 4428 2616 4498 totiusque
2668 4427 2838 4499 Syria:
2876 4437 3281 4498 procuratorem
3327 4433 3644 4499 constituit,

2063 4521 2274 4576 animus
2297 4519 2525 4575 Herodis
2551 4519 2620 4572 ad
2648 4517 2852 4587 majora
2882 4518 3129 4573 sublatus
3151 4528 3253 4575 est.
3275 4520 3432 4578 Anno
3459 4524 3646 4594 itaque

2061 4614 2210 4685 regni
2241 4615 2323 4669 sui
2348 4613 2536 4684 quinto
2565 4612 2774 4669 decimo
2805 4611 3060 4682 templum
3088 4612 3432 4682 instauravit,
3460 4625 3517 4673 et
3541 4618 3643 4674 du-

2059 4705 2207 4775 plum
2255 4715 2413 4760 terra:
2461 4705 2694 4776 spatium
2741 4719 2902 4773 quam
2965 4705 3144 4760 fuerat
3187 4706 3332 4762 circa
3385 4711 3643 4780 templum

2063 4813 2217 4852 muro
2245 4798 2521 4867 amplexus
2542 4805 2626 4851 est
2649 4838 2662 4862 ,
2689 4796 2889 4866 ingenti
2926 4805 3140 4866 sumptu
3181 4806 3236 4852 et
3275 4800 3643 4856 munificentia

2062 4887 2338 4958 singulari,
2371 4894 2688 4957 argumento
2737 4894 2897 4940 erant
2941 4886 2995 4940 in
3033 4888 3238 4941 ambitu
3281 4889 3390 4943 faui
3433 4905 3642 4962 magna;

2064 4981 2324 5047 porticus,
2353 4978 2537 5047 eisque
2587 4973 2930 5044 conjunctum
2960 4992 2990 5030 a
3018 4976 3398 5048 Septentrione
3447 4983 3643 5038 castel-

2068 5067 2198 5132 lum,
2224 5077 2278 5120 et
2300 5066 2418 5120 illas
2442 5066 2656 5135 quidem
2681 5081 2711 5119 a
2734 5064 3096 5122 fundamentis
3119 5069 3308 5122 erexit.
3325 5068 3440 5124 Hoc
3458 5080 3641 5126 autem

2047 5158 2205 5213 nulla
2231 5173 2290 5212 re
2319 5156 2498 5212 minus
2525 5170 2685 5226 quam
2719 5156 2865 5227 regni
2904 5157 3060 5212 sedes
3108 5156 3274 5228 largis
3317 5159 3512 5229 opibus
3555 5176 3642 5216 re-

2063 5259 2317 5305 novatum
2370 5249 2656 5304 Antoniam
2708 5251 2938 5318 vocavit,
2971 5251 3026 5305 in
3077 5251 3337 5307 honorem
3400 5252 3637 5308 Antonii.

2068 5344 2206 5410 Quin
2230 5344 2394 5398 etiam
2418 5344 2578 5398 domo
2601 5343 2700 5398 sibi
2725 5344 2866 5414 regia
2893 5343 2944 5398 in
2971 5345 3248 5415 superiore
3269 5355 3423 5416 parte
3446 5346 3640 5401 civita-

2070 5433 2138 5487 tis
2159 5441 2451 5500 cxstructa,
2479 5433 2612 5489 duas
2639 5433 2781 5488 aedes
2830 5433 2882 5487 in
2908 5447 2969 5487 ea
3018 5435 3283 5491 maximas
3328 5445 3491 5506 atque
3517 5435 3638 5508 pul-

2069 5524 2390 5588 cherrimas,
2419 5524 2614 5593 quibus
2660 5538 2729 5580 ne
2758 5524 3012 5594 templum
3065 5525 3277 5594 quidem
3317 5543 3485 5598 usque
3511 5544 3637 5585 con-

2071 5615 2200 5672 ferri
2230 5624 2432 5685 posset,
2455 5615 2758 5684 wdificavit,
2788 5630 2988 5685 easque
3015 5617 3307 5674 amicorum
3345 5619 3638 5689 vocabulis,
