3964 6172
377 210 506 267 illi

1391 204 1780 295 FRECUCPHI
1819 204 2276 263 LEXOVIENSIS
2312 206 2613 265 EPISCOPI

3514 221 3666 277 Hi!

371 338 536 379 unam
563 320 878 386 Caesarium,
901 316 1219 390 Agrippium
1246 317 1473 373 alteram
1497 318 1814 374 nominavit.
1847 318 1955 374 Nec
1981 319 2033 378 A
2058 325 2162 381 est,
2216 320 2362 389 quod
2414 319 2773 391 magnitudini
2823 321 2990 376 animi
3034 324 3118 378 sui
3148 328 3488 384 conveniret.
3524 332 3669 389 Erat

373 430 501 472 vero
526 414 656 470 solis
681 412 839 469 tectis
859 409 1176 465 memoriam
1203 424 1390 464 eorum
1417 418 1473 464 et
1503 411 1825 481 cognomina
1855 409 1960 466 cir—

371 504 735 574 ιειιιηεετίρείι,
768 500 862 557 sed
907 490 960 555 in
995 507 1136 555 totas
1185 498 1351 554 etiam
1395 499 1667 567 civitates,
1720 499 1957 555 studium

370 596 707 652 liberalitatis
735 594 997 650 extendit.
1030 591 1261 647 Prorsus
1289 605 1397 647 non
1424 599 1510 648 est
1550 591 1777 648 idoneus
1807 590 1958 659 regni

369 686 544 751 locus,
557 700 717 755 quem
744 685 952 741 honore
971 681 1198 739 Caesaris
1213 682 1415 736 nudum
1439 682 1741 752 reliquerit.
1759 672 1957 738 Postea

367 792 498 833 vero
525 792 689 848 quam
714 775 850 832 fines
874 789 1002 830 suos
1025 772 1242 843 templis
1266 772 1512 843 replevit,
1539 772 1595 827 in
1621 772 1957 842 provinciam

367 883 581 939 quoque
603 867 841 922 honores
860 863 978 934 ejus
1005 865 1215 933 effudit,
1239 874 1295 922 et
1341 866 1397 921 in
1443 866 1629 922 multis
1649 866 1957 922 civitatibus

364 957 584 1028 templa,
610 972 729 1027 quae
757 954 1005 1012 Caesarea
1028 955 1405 1024 nominantur,
1425 956 1726 1013 constituit.
1747 955 1955 1013 Caztera

362 1063 492 1105 vero
517 1046 634 1117 ejus
656 1060 821 1117 opera
851 1044 1231 1101 muniﬁcenter
1270 1047 1485 1101 condita
1535 1046 1773 1102 omnino.
1804 1045 1956 1101 Scire

363 1157 492 1195 vero
516 1140 818 1211 cupientes,
845 1138 911 1192 ad
928 1136 1148 1208 Josephi
1170 1136 1342 1192 libros
1368 1136 1657 1192 convolare
1677 1136 1949 1193 studeant.

365 1234 537 1290 Unius
563 1239 742 1286 autem
777 1229 1013 1286 civitatis
1038 1237 1254 1301 portum
1292 1237 1455 1299 atque
1496 1242 1662 1298 opera
1686 1228 1953 1283 enarraho

362 1327 430 1379 ab
475 1340 540 1380 eo
567 1331 804 1395 peracta.
859 1322 1001 1393 Ergo
1049 1337 1172 1375 cum
1223 1321 1450 1375 vidisset
1481 1335 1643 1374 unam
1673 1319 1952 1374 civitatum

358 1424 629 1471 vetustate
644 1413 757 1482 jam
787 1412 1012 1478 fessam,
1044 1427 1162 1482 qua:
1192 1410 1397 1483 Pyrgos
1424 1408 1695 1465 Stratonis
1715 1408 1950 1464 vocaba-

358 1516 468 1570 tur,
516 1505 570 1558 in
618 1503 800 1557 littore
854 1501 1020 1555 maris
1052 1507 1221 1555 totam
1247 1514 1369 1555 eam
1415 1497 1645 1554 candido
1681 1497 1954 1567 reparavit

358 1611 510 1648 saxo.
538 1591 747 1646 Littora
769 1604 899 1644 vero
927 1588 1179 1660 contigua
1210 1586 1372 1656 hujus
1404 1586 1641 1643 civitatis
1669 1586 1803 1641 adeo
1829 1584 1947 1641 fue-

2064 411 2249 480 utique
2274 421 2502 467 venator
2529 427 2797 479 summus,
2830 413 3063 470 bellator
3110 415 3290 484 fortis,
3337 421 3671 491 sagittarius

2061 500 2473 567 directissimus,
2507 510 2564 558 et
2602 503 2656 557 in
2704 503 2870 560 rebus
2923 504 3231 565 labentibus
3284 508 3670 580 felicissimus,

2060 594 2355 649 secundam
2386 592 2542 663 cujus
2567 593 2842 650 fortunam
2866 595 3173 653 bumiliavit
3210 600 3487 672 superbia.
3534 604 3670 661 Ilox

2059 685 2226 741 etiam
2280 694 2343 740 ut
2390 686 2542 756 regni
2589 685 2818 755 adeptus
2865 695 2950 743 est
2992 691 3311 759 potentiam,
3342 695 3670 763 repudiavit

2058 776 2364 849 conjugem,
2394 792 2556 847 quam
2584 778 2739 848 prius
2757 777 3043 846 habuerat,
3086 795 3206 850 quae
3228 782 3389 838 Dosis
3416 786 3670 840 vocaba-

2059 875 2164 933 tur,
2193 876 2250 923 et
2274 867 2626 922 Mariamnem
2650 866 2875 923 llircani
2905 877 3143 938 neptem,
3170 870 3241 926 de
3264 872 3419 941 regio
3446 874 3670 929 semine

2054 957 2346 1013 Alexandri
2376 955 2546 1011 filiam
2578 955 2675 1010 filii
2705 956 3023 1021 Aristoboli,
3055 957 3162 1014 sibi
3189 959 3424 1015 sociavit
3448 961 3505 1016 in
3529 977 3669 1016 cono

2047 1046 2221 1118 jugio,
2253 1062 2285 1101 a
2314 1046 2586 1117 regalibus
2628 1047 2812 1117 priore
2857 1048 3078 1120 depulsa
3123 1064 3316 1117 uxore,
3365 1066 3495 1106 cum
3548 1051 3667 1107 ﬁlio

2054 1135 2357 1206 Antipatro,
2375 1150 2536 1205 quem
2564 1151 2632 1191 ex
2650 1152 2715 1192 ea
2737 1147 3072 1208 susceperat.
3088 1138 3210 1209 Ipse
3228 1154 3362 1195 vero
3381 1140 3662 1199 immenso

2057 1240 2243 1283 amore
2269 1226 2620 1284 Mariamnem
2651 1228 2932 1300 diligebat,
2960 1246 2992 1285 a
3022 1246 3127 1302 qua
3153 1231 3377 1289 minime
3400 1232 3664 1301 dilectus,

2057 1315 2153 1370 sed
2201 1316 2373 1387 magis
2424 1332 2624 1372 exosus
2649 1326 2752 1384 est,
2794 1318 2865 1374 ob
2911 1319 3053 1374 hanc
3099 1335 3341 1385 causam,
3392 1323 3662 1392 quoniam

2055 1397 2351 1464 Hircanum
2380 1408 2495 1479 ejus
2543 1425 2726 1476 avum,
2775 1419 3064 1482 postquam
3115 1412 3299 1467 Parthi
3348 1412 3422 1468 ab
3460 1415 3664 1471 exsilio

2053 1501 2205 1558 illum
2233 1504 2578 1567 remiserant,
2605 1502 2731 1559 dolo
2773 1503 3069 1569 occiderat,
3106 1503 3444 1575 fratremque
3464 1507 3665 1562 uxoris

2054 1593 2304 1661 Joathen,
2335 1593 2427 1650 cui
2463 1594 2809 1666 pontiﬁcatus
2862 1594 3124 1650 honorem
3152 1595 3480 1662 contulerat,
3512 1597 3664 1651 invi-

358 1691 485 1738 runt
511 1683 866 1752 importuosa,
894 1688 955 1733 ut
998 1691 1188 1733 omnes
1216 1678 1270 1733 in
1302 1678 1438 1733 mari
1484 1676 1746 1733 fluctuare
1792 1691 1951 1747 coge-
1980 1668 2025 1727 B
2051 1684 2139 1741 dia
2163 1685 2495 1750 stimulante,
2543 1696 2765 1756 propter
2807 1685 3050 1741 favorem
3078 1686 3282 1756 populi,
3310 1702 3474 1757 quem
3520 1703 3661 1760 erga

356 1780 564 1838 rentur,
612 1770 789 1826 minas
838 1768 1062 1839 Aphrici
1108 1775 1429 1835 metuentes,
1458 1768 1552 1838 qui
1579 1781 1645 1822 ex
1689 1766 1949 1822 thnice

355 1865 422 1918 ad
442 1862 735 1935 [Egyptum
763 1861 1109 1931 navigabant.
1127 1859 1295 1929 Cujus
1315 1859 1479 1915 etiam
1507 1858 1793 1914 mediocris
1816 1872 1949 1913 aura

354 1962 532 2010 tantas
556 1954 824 2009 undarum
849 1951 1030 2008 moles
1056 1953 1124 2008 ad
1146 1951 1395 2023 scopulos
1413 1950 1593 2021 erigit,
1613 1959 1675 2005 ut
1700 1963 1946 2004 remean-

353 2052 421 2109 tis
443 2058 576 2106 mstu
606 2048 837 2121 gurgitis
856 2063 954 2118 per
982 2047 1318 2116 aliquantum
1347 2044 1579 2114 spatium
1626 2042 1795 2098 maris
1818 2039 1948 2097 feri-

350 2152 436 2198 tas
462 2150 741 2213 augeatur.
774 2138 880 2195 Sed
906 2155 1019 2205 rex,
1052 2137 1373 2193 liberalitate
1397 2152 1461 2192 ac
1499 2134 1806 2206 sumptibus
1852 2133 1945 2189 de—

349 2234 491 2288 victa
519 2240 713 2287 natura
732 2229 861 2296 loci,
885 2229 1149 2298 majorem
1198 2236 1417 2299 portum
1465 2223 1771 2290 fabricavit,
1802 2230 1858 2277 et
1888 2222 1945 2277 in

350 2322 466 2392 ejus
499 2322 871 2394 penetralibus
899 2320 1036 2375 alias
1076 2318 1306 2374 navibus
1349 2316 1612 2372 stationes
1641 2312 1769 2371 fecit
1794 2312 1945 2368 altis-

351 2416 537 2470 simas.
572 2413 640 2467 Et
682 2427 993 2482 quanquam
1036 2409 1216 2465 omnis
1242 2408 1293 2463 ei
1343 2407 1495 2464 locus
1541 2406 1941 2469 adversaretur,

352 2514 529 2558 tamen
556 2505 627 2557 ita
657 2520 778 2558 cum
811 2501 1124 2558 difﬁcultate
1170 2501 1421 2567 certavit,
1480 2507 1539 2554 ut
1570 2499 1802 2554 firmitas
1826 2498 1946 2567 qui-

351 2600 474 2653 dem
502 2607 789 2653 structura:
808 2612 1148 2666 nequaquam
1173 2596 1312 2651 mari
1328 2596 1577 2662 cederet;
1600 2593 1945 2665 pulchritudo

354 2702 489 2742 vero
520 2694 669 2740 tanta
694 2693 858 2751 esset,
903 2685 1057 2756 quasi
1095 2684 1243 2739 nulla
1286 2699 1374 2740 res
1406 2684 1574 2738 ardua
1596 2682 1948 2755 praepedisset

354 2785 630 2831 ornatum.
657 2775 873 2831 Mensus
892 2776 1037 2830 enim
1061 2784 1325 2846 quantum
1357 2774 1593 2831 diximus
1610 2773 1790 2844 portui
1818 2788 1943 2843 spa-

357 2869 513 2935 tium,
541 2883 641 2939 per
670 2867 860 2937 viginti
888 2866 1045 2921 ulnas
1073 2867 1127 2920 in
1162 2865 1487 2937 profundum
1530 2880 1662 2921 saxa
1705 2864 1940 2928 demisit,

349 2972 581 3028 quorum
611 2957 871 3027 pleraque
900 2957 1097 3027 pedum
1128 2957 1524 3028 quinquaginta
1575 2956 1942 3028 longitudinis,

347 3057 404 3105 et
429 3047 732 3104 altitudinis
761 3047 1095 3118 quindecim,
1125 3056 1180 3102 et
1231 3046 1531 3102 latitudinis
1573 3047 1782 3113 decem,
1809 3062 1945 3102 non-

350 3142 496 3197 nulla
525 3141 688 3197 etiam
721 3138 929 3210 majora
979 3139 1217 3195 fuerunt.
1261 3132 1489 3211 Expleto
1540 3147 1722 3195 autem
1770 3140 1944 3211 spatio

349 3234 492 3303 quod
516 3233 719 3288 undam
742 3230 976 3297 celabat,
1010 3231 1063 3285 in
1094 3231 1355 3286 ducentos
1373 3230 1538 3299 pedes
1566 3245 1783 3283 murum
1808 3229 1944 3285 dila-

346 3326 501 3380 tavit.
545 3325 622 3380 Ex
676 3324 873 3396 quibus
900 3331 1119 3380 centum
1155 3322 1478 3393 repellendis
1526 3319 1779 3377 fluctibus
1817 3330 1943 3377 ante

346 3417 665 3481 constructi,
702 3416 883 3472 caueri
914 3423 1094 3471 autem
1127 3430 1311 3481 saxeo,
1338 3430 1446 3484 quo
1472 3420 1665 3485 portus
1684 3413 1938 3484 cingitur,

347 3524 506 3563 muro
538 3506 764 3577 subjecti
815 3517 962 3573 sunt,
1026 3506 1238 3576 magnis
1293 3505 1533 3559 turribus
1588 3503 1937 3573 interpositis,

348 3615 575 3671 quarunt
608 3599 841 3654 maxima
876 3607 1038 3667 atque
1066 3597 1435 3668 pulcherrima
1486 3611 1552 3650 ex
1581 3603 1805 3665 parente
1830 3593 1945 3650 Cte-

348 3692 492 3748 saris
524 3691 776 3746 Drusiunt
811 3690 1195 3761 cognominata
1221 3698 1323 3745 est.
1376 3688 1564 3744 Crebri
1613 3697 1793 3743 autem
1836 3688 1944 3743 for-

349 3780 500 3834 nices
531 3780 596 3834 ad
620 3778 931 3834 deducenda
956 3794 1075 3848 qua:
1105 3787 1295 3848 portus
1317 3778 1564 3842 haberet,
1588 3792 1792 3848 proque
1830 3776 1942 3831 for-

349 3870 561 3926 nicibus
589 3877 646 3925 et
672 3870 881 3925 circum
904 3885 998 3924 eos
1027 3869 1134 3939 pila
1174 3884 1335 3923 saxea
1385 3875 1441 3922 et
1470 3867 1603 3933 lata,
1633 3883 1753 3938 qum
1781 3871 1943 3922 naves

349 3962 690 4034 egredientes
715 3962 1005 4031 exciperet.
1042 3959 1233 4015 Aditus
1263 3970 1443 4014 autem
1492 3957 1944 4029 Septentrionalis

350 4060 488 4108 erat.
522 4050 818 4106 Ventorum
848 4052 992 4105 enim
1026 4066 1124 4122 pro
1151 4051 1259 4106 situ
1304 4050 1410 4106 loci
1438 4049 1835 4121 placidissimus
1862 4060 1946 4105 est

351 4144 573 4199 Boreas.
604 4140 685 4196 Ad
722 4142 920 4197 ostium
969 4157 1101 4197 vero
1151 4149 1366 4209 status,
1409 4140 1526 4196 sive
1569 4139 1796 4207 Colossi,
1835 4150 1945 4197 tres

352 4236 610 4306 utrinque
657 4234 776 4291 fulti
826 4234 1107 4290 columnis.
1135 4235 1374 4302 Quarum
1402 4250 1433 4289 a
1459 4234 1591 4289 laava
1617 4236 1832 4305 quidem
1864 4236 1947 4290 in-

346 4329 624 4385 trantibus
649 4336 878 4394 stantes,
907 4328 1075 4383 solida
1107 4328 1271 4382 turris
1296 4326 1556 4394 sustinet;
1577 4326 1797 4382 dextera
1818 4341 1945 4382 vero

349 4420 459 4473 duo
485 4419 700 4489 proceri
740 4418 948 4488 lapides
996 4416 1192 4488 juncti,
1225 4426 1281 4472 et
1306 4419 1479 4488 partis
1505 4418 1747 4475 adversae
1777 4421 1944 4475 turris

350 4508 780 4579 magnitudinem
802 4519 1135 4576 superantes.
1159 4506 1361 4563 Domus
1385 4518 1566 4564 autem
1595 4511 1775 4579 portui
1814 4526 1942 4567 con-

354 4613 529 4664 uexm,
555 4598 787 4653 candido
818 4598 1004 4653 itidem
1044 4598 1243 4669 lapide,
1275 4600 1501 4669 parique
1531 4616 1785 4657 mensura
1814 4617 1941 4672 spa-

352 4694 556 4750 tiorum
608 4694 849 4749 civitatis
894 4693 1012 4749 vice
1064 4693 1345 4749 tendentes
1373 4695 1427 4749 in
1458 4702 1691 4764 portum.
1741 4694 1942 4750 Contra

351 4785 551 4842 ostium
578 4799 708 4839 vero
735 4793 925 4855 portus
945 4783 998 4838 in
1021 4782 1155 4839 colle
1180 4783 1412 4839 Caesaris
1434 4783 1714 4856 templum,
1737 4786 1943 4856 magni-

352 4879 541 4936 tudine
566 4877 802 4934 simulet
829 4876 1232 4948 pulchritudine
1271 4877 1626 4948 prmcipuum,
1650 4884 1939 4948 statuaque

352 4973 408 5028 in
438 4988 502 5028 eo
530 4970 759 5028 Ca'saris
781 4971 894 5026 sive
920 4968 1171 5026 Colossus
1200 4986 1308 5026 non
1348 4970 1525 5025 minor
1572 4984 1735 5040 quam
1785 4969 1939 5027 Jovis

355 5062 496 5135 apud
539 5062 833 5135 Olympias,
884 5061 1038 5132 cujus
1090 5061 1159 5115 ad
1186 5058 1430 5131 exempla
1457 5058 1632 5115 factus
1657 5068 1759 5114 est.
1790 5059 1942 5118 lianc

354 5155 539 5223 itaque
560 5155 853 5209 “civitatem
882 5153 936 5207 in
980 5153 1184 5207 honore
1212 5151 1443 5208 Caesaris
1480 5151 1807 5220 nuncupavit
1826 5149 1943 5206 Cte-

357 5259 587 5301 saream.
614 5243 720 5299 Pro
744 5258 933 5298 amore
958 5256 1089 5297 vero
1109 5250 1414 5312 parentum,
1443 5240 1494 5294 id
1524 5250 1631 5306 est,
1648 5240 1937 5310 Antipatri,

357 5343 415 5392 et
442 5334 715 5408 Cypridis,
746 5343 800 5389 et
826 5333 1022 5400 Faseli,
1053 5332 1325 5400 civitates,
1355 5332 1598 5397 castella,
1645 5340 1840 5397 turres,
1872 5331 1942 5386 ob

358 5427 681 5484 memoriam
729 5434 989 5481 mternam
1018 5423 1328 5479 aedificavit.
1380 5422 1559 5478 Ludos
1605 5437 1735 5476 vero
1765 5420 1943 5491 Olym-

360 5518 499 5589 piaci
526 5517 840 5571 certaminis
868 5525 924 5571 et
946 5516 1227 5587 gymnasia
1277 5514 1329 5568 in
1376 5513 1605 5567 diversis
1632 5511 1942 5567 civitatibus

364 5607 596 5677 propriis
643 5608 944 5678 sumptibus
976 5605 1263 5677 reparavit.
1301 5603 1439 5672 Quin
1474 5612 1525 5658 et
1557 5614 1783 5673 corpore
1813 5617 1943 5657 usus

2051 1792 2176 1833 eum
2227 1777 2520 1843 habebant,
2570 1793 2768 1834 necare
2821 1778 3098 1849 praecepit.
3135 1777 3200 1833 lli
3228 1779 3373 1833 enim
3429 1779 3657 1836 dolores

2051 1875 2214 1938 atque
2268 1867 2524 1923 nobilitas
2581 1867 2861 1938 sanguinis
2925 1867 3300 1922 excitaverant
3359 1867 3661 1923 mulierem

2050 1959 2314 2029 adversus
2349 1958 2632 2024 maritum,
2665 1972 2927 2028 amorque
2977 1956 3162 2012 mariti
3204 1957 3438 2012 eximius
3480 1974 3659 2027 quem

2050 2064 2178 2119 erga
2205 2064 2265 2104 se
2311 2057 2538 2105 noverat
2566 2056 2732 2120 atque
2760 2048 3062 2104 fecunditas
3113 2047 3281 2119 prolis
3324 2047 3660 2103 addiderant

2049 2138 2323 2196 ﬁduciam.
2366 2139 2643 2196 Genuerat
2689 2141 2837 2196 enim
2875 2140 2925 2195 ei
2981 2148 3096 2195 tres
3136 2139 3277 2194 ﬁlios
3312 2148 3480 2209 atque
3506 2141 3655 2194 duas

2047 2230 2300 2299 feminas,
2329 2246 2564 2303 quorum
2591 2247 2732 2288 unus
2758 2231 3055 2288 vocabatur
3086 2231 3414 2299 Alexander,
3445 2246 3675 2288 set-una

2048 2321 2149 2378 dus
2171 2322 2535 2389 Aristobolus,
2590 2323 2786 2379 tertius
2839 2323 3024 2378 Roma:
3074 2322 3383 2379 liberalibus
3432 2324 3644 2379 studiis

2048 2414 2282 2472 traditus
2305 2415 2595 2471 defunctus
2621 2423 2722 2471 est.
2743 2415 2869 2472 Haec
2893 2416 3059 2486 igitur
3082 2415 3402 2471 Mariamnes
3421 2418 3643 2485 probro

2049 2508 2214 2564 dabat
2236 2505 2437 2562 Herodi
2465 2522 2685 2563 suorum
2717 2522 2927 2573 necem,
2975 2521 3323 2575 sororemque
3360 2506 3508 2577 regis
3540 2506 3653 2561 Sa-

2047 2600 2230 2657 lomen
2284 2607 2338 2656 et
2394 2599 2618 2655 fratrem
2671 2600 2873 2656 Ferora
2926 2600 3231 2655 maledictis
3274 2599 3649 2654 atrocioribus

2050 2690 2464 2746 dehonestabat.
2500 2688 2609 2745 Sed
2663 2705 2759 2745 rex
2783 2690 3002 2760 quidem
3035 2704 3219 2745 amore
3244 2689 3429 2744 uxoris
3456 2699 3654 2746 mutus

2049 2787 2202 2847 erat;
2234 2781 2385 2851 gravi
2430 2787 2612 2835 autem
2644 2781 3016 2852 indignatione
3044 2779 3300 2837 mulieres
3342 2780 3653 2835 saeviebant

2048 2879 2105 2927 et
2157 2887 2266 2941 quo
2322 2872 2560 2927 maxime
2611 2881 3045 2928 commoveretur
3100 2871 3358 2937 Herodes,
3418 2872 3646 2928 crimen

2050 2961 2305 3018 adulterii
2327 2970 2529 3033 praeter
2555 2961 2659 3017 alia
2690 2963 2881 3029 multa,
2912 2979 3033 3033 quae
3059 2962 3253 3017 similia
3277 2961 3647 3032 ﬁngerentur,

2047 3055 2394 3127 objiciebant.
2426 3055 2545 3124 Quo
2589 3055 2758 3113 livore
2807 3055 3050 3112 Herodes
3093 3056 3392 3127 instigatus,
3427 3055 3654 3110 interﬁ—

2044 3159 2171 3199 cere
2190 3143 2355 3213 jussit
2381 3159 2606 3200 uxorem
2640 3162 2654 3197 :
2687 3143 2828 3199 ﬁlios
2854 3160 2985 3200 vero
3024 3158 3151 3199 suos
3176 3144 3246 3199 ob
3301 3158 3493 3198 necem
3521 3160 3655 3198 ma.

2045 3245 2255 3291 ternam
2288 3236 2660 3293 Alexandrum
2688 3245 2745 3291 et
2774 3236 3141 3293 Aristobolum
3169 3237 3322 3307 quasi
3347 3237 3648 3307 indignan-

2047 3335 2148 3393 tes,
2179 3334 2234 3383 et
2258 3327 2360 3383 sibi
2391 3342 2579 3382 necem
2609 3326 2957 3393 meditantes,
3007 3343 3039 3381 a
3085 3327 3297 3383 Caesare
3336 3327 3650 3385 Octaviam

2044 3419 2115 3474 ad
2140 3426 2370 3475 mortem
2399 3420 2666 3490 poposcit.
2696 3418 2999 3487 Imperator
3024 3432 3157 3473 vero
3197 3416 3643 3485 satisfactionem

2046 3508 2350 3578 suscipiens
2396 3508 2465 3562 ah
2488 3506 2819 3573 Alexandro,
2858 3515 2979 3561 erat
3000 3508 3199 3577 quippe
3242 3507 3549 3562 acerrimus
3591 3509 3650 3564 in

2043 3601 2290 3665 dicendo,
2319 3601 2462 3671 patri
2492 3614 2587 3656 eos
2634 3599 3021 3665 reconciliavit,
3067 3600 3385 3670 przecipiens
3410 3609 3476 3653 ut
3499 3600 3648 3671 patri

2043 3692 2329 3748 obedirent
2370 3691 2586 3747 sincero
2643 3705 2847 3756 amore,
2894 3698 2956 3745 ut
3000 3690 3251 3753 domino;
3280 3688 3487 3744 Herodi
3517 3704 3650 3743 vero

2025 3782 2202 3854 dixit,
2256 3788 2317 3835 ut
2366 3786 2597 3850 paterno
2646 3777 2844 3834 affectu
2871 3795 2998 3834 suos
3024 3787 3441 3850 recognosceret
3478 3778 3646 3843 ﬁlios,

2045 3872 2232 3943 sicque
2265 3869 2666 3936 reconciliatos,
2696 3867 2908 3926 remisit
2930 3884 3025 3925 eos
3044 3870 3097 3923 in
3121 3884 3364 3940 regnum.
3388 3866 3648 3924 Herodes

2043 3980 2175 4020 vero
2201 3979 2328 4020 mox
2360 3971 2420 4017 ut
2447 3977 2701 4018 reversus
2728 3969 2813 4017 est
2842 3961 2897 4016 in
2928 3960 3190 4024 Judzeam,
3225 3958 3433 4014 insidiis
3470 3958 3638 4013 Auti-

2044 4055 2207 4127 patri,
2235 4054 2329 4124 qui
2377 4069 2606 4125 regnum
2634 4050 2928 4107 allectabat
2974 4060 3278 4121 paternum,
3330 4058 3552 4117 captus,
3588 4060 3653 4103 et

2046 4146 2202 4201 Dosis
2228 4144 2429 4214 prioris
2456 4145 2664 4208 uxoris,
2692 4158 2856 4213 quam
2887 4144 2943 4197 in
2981 4142 3161 4198 cubile
3195 4141 3511 4196 Mariamnis
3548 4154 3655 4196 oc-

2046 4237 2171 4291 cisa:
2202 4236 2598 4299 introduxerat,
2630 4244 2875 4288 armatur
2908 4234 3108 4288 iterum
3161 4233 3216 4286 in
3262 4230 3418 4286 ﬁlios.
3450 4230 3653 4286 Crevit

1971 4360 2024 4418 Β
2048 4327 2190 4382 enim
2217 4342 2315 4396 per
2345 4325 2585 4396 singulos
2607 4324 2722 4395 dies
2751 4324 2933 4380 odium
2964 4331 3017 4378 et
3045 4323 3343 4393 indignatio
3368 4322 3551 4391 patris
3586 4318 3673 4407 in;

2049 4416 2209 4482 ﬁlios,
2240 4416 2597 4488 quoadusque
2619 4415 2779 4470 morti
2812 4430 2907 4469 eos
2934 4414 3192 4469 traderet.
3235 4413 3439 4480 Quibus
3470 4413 3652 4467 inter-

2047 4506 2220 4569 fectis,
2243 4506 2528 4576 Antipater
2552 4520 2658 4560 non
2701 4504 2920 4573 impune
2943 4502 3159 4558 laetatus
3185 4510 3293 4568 est,
3319 4502 3411 4571 qui
3438 4512 3651 4557 auctor

2046 4597 2241 4651 mortis
2261 4595 2549 4652 exstiterat
2582 4594 2834 4649 fratrum.
2864 4592 3017 4649 Justo
3038 4607 3273 4663 namque
3292 4592 3501 4663 judicio
3520 4593 3649 4656 Dei,

2045 4698 2101 4744 et
2129 4689 2412 4759 parricida:
2441 4687 2673 4743 Herodis
2701 4685 2866 4753 malo,
2898 4685 2991 4755 qui
3041 4700 3233 4741 omnes
3259 4699 3385 4740 suos
3416 4698 3650 4754 seraper

2044 4778 2282 4833 habebat
2333 4777 2539 4833 amicos
2584 4784 2886 4848 suspectos,
2926 4775 3276 4845 Antipatrum
3298 4788 3462 4844 quem
3492 4773 3652 4843 apud

2043 4868 2313 4925 Caesarem
2360 4869 2513 4940 regni
2562 4882 2934 4939 successorem
2968 4866 3395 4937 .designaverat,
3442 4879 3652 4920 necet:

2042 4959 2145 5015 sibi
2168 4959 2520 5015 meditantem
2543 4956 2901 5028 deprehendit
2921 4964 2976 5013 et
3006 4956 3098 5012 diu
3122 4956 3363 5011 vinctum
3408 4952 3649 5019 afﬂixit,

2043 5069 2108 5108 ac
2142 5052 2363 5108 demum
2410 5051 2722 5108 interﬁcere
2743 5051 2927 5122 jussit.
2972 5051 3163 5106 Virum
3189 5050 3355 5105 etiam
3402 5047 3653 5103 Salonam

2043 5146 2252 5201 sororis
2294 5161 2403 5201 sum
2447 5144 2741 5211 interfecit,
2772 5152 2830 5199 et
2871 5159 2995 5199 cum
3026 5159 3147 5199 eam
3196 5142 3289 5198 alii
3323 5141 3654 5198 tradidi“

2047 5254 2296 5303 uxorem,
2325 5238 2493 5294 etiam
2520 5238 2667 5292 hunc
2687 5236 2975 5302 interfecit,
3007 5251 3130 5292 cum
3159 5243 3215 5291 et
3233 5248 3450 5289 socrum
3479 5248 3650 5288 suam

2049 5328 2363 5383 Mariamnis
2390 5338 2622 5384 matrem
2671 5327 2960 5384 crudeliter
3014 5333 3287 5382 necasset.
3339 5325 3653 5392 ltaquere-

2047 5437 2210 5491 gnum
2238 5422 2356 5491 ejus
2382 5420 2734 5475 acerbissima
2764 5419 3053 5488 iniquitate
3102 5416 3368 5487 repletum
3412 5420 3523 5469 est.
3560 5411 3653 5465 De

2047 5510 2243 5581 quibus
2265 5510 2515 5566 videlicet
2533 5508 2769 5579 suspicio
2797 5507 3007 5571 fuisset,
3027 5506 3169 5561 illico
3185 5502 3494 5560 trucidabat
3515 5516 3642 5556 eos.

2051 5601 2199 5657 Multi
2229 5601 2372 5673 regis
2399 5600 2678 5658 iracundia
2713 5599 2874 5656 caedis
2910 5598 3125 5670 cupida,
3157 5605 3351 5653 contra
3374 5593 3647 5650 adversa.-
