3958 6172
302 239 328 295 1
346 243 363 296 i
381 239 443 297 i3
1387 243 1801 303 CHRONICON.
1838 277 1850 286 -

1959 244 2110 303 ῙὈΜΙ
2148 246 2167 300 l
2206 246 2334 303 LIB.
2372 249 2483 305 VH.
2542 246 2547 253 “
3414 262 3552 316 ιιι-ι

297 351 411 406 rios
459 350 835 415 abutebantur,
894 359 951 407 et
993 352 1276 409 mendacio
1319 357 1534 426 quidem
1583 358 1867 414 confestim
1895 362 1946 420 Α
1971 358 2175 426 pariter
2229 359 2485 417 violentia
2534 358 2972 434 distendebatur,
3034 370 3200 425 fatum
3253 376 3551 441 prmvenire

297 442 431 536 ﬁdes
453 443 775 536 habebatur.
807 444 975 536 Erant
1002 455 1180 502 autem
1231 449 1702 507 criminationibus
1739 453 1871 523 ipsis
1973 457 2200 504 conatus
2222 458 2324 515 est,
2354 462 2675 523 sumptoque
2724 459 2888 523 malo,
2930 462 3095 516 etiam
3142 463 3416 520 cultellum
3454 481 3551 536 po-

296 532 573 593 velociora
592 534 874 603 supplicia.
907 534 1146 606 Denique
1185 540 1276 607 qui
1309 540 1470 596 modo
1521 551 1874 597 accusaverat
1972 537 2164 605 POSCiL
2199 539 2416 593 Scotum
2446 541 2590 595 enim
2618 546 2900 602 comedere
2928 560 3299 606 consueverat.
3347 532 3551 612 Deinde

294 623 670 689 accusabatur,
697 632 752 678 et
777 638 898 678 eum
951 640 1017 682 eo
1068 628 1159 696 qui
1192 635 1316 683 ante
1344 644 1402 683 se
1425 631 1704 685 convictus
1727 638 1871 686 esset
1969 626 2358 696 circumspecto
2384 644 2453 684 ne
2476 631 2598 699 quis
2623 633 2829 689 arbiter
2867 637 3168 707 impediret,
3202 652 3455 713 tanquam
3487 660 3550 702 se

291 713 588 770 ducebatur
615 717 682 771 ad
716 730 953 785 penam.
986 718 1062 773 De
1106 719 1218 773 vita
1247 736 1482 791 namque
1528 730 1583 776 et
1627 723 1868 791 periculo
1966 729 2327 785 percussurus
2358 719 2637 775 dexteram
2667 726 2905 780 sustulit.
2957 727 3091 783 Cum
3140 746 3269 787 vero
3313 735 3549 792 Aciabus

291 807 435 877 regis
480 807 807 875 quaestiones
850 808 1099 865 breviore
1149 813 1481 881 compendio
1520 813 1863 868 terminabat.
1966 808 2323 864 consobrinus
2346 810 2464 881 ejus
2512 814 2859 881 accurrisset,
2904 833 3229 890 manumque
3250 826 3549 882 continuis-

287 896 369 951 Acl
394 896 537 951 hanc
560 905 738 951 autem
771 898 1032 953 saevitiam
1062 909 1422 971 processerat,
1465 910 1526 957 ut
1551 917 1649 957 nec
1676 916 1865 959 eorum
1965 892 2068 963 se",
2108 899 2388 968 Paululum
2445 911 2620 959 morie
2670 907 2957 974 protelata,
3006 913 3229 983 corrigit
3258 922 3548 973 testamen-

286 987 596 1056 quempiain
622 988 935 1044 humanitus
963 991 1253 1061 aspiceret,
1281 993 1373 1062 qui
1403 1002 1746 1049 accusatores
1773 1008 1862 1049 es-
1966 996 2080 1043 ῑυιιι
2115 998 2169 1043 ει
2206 1005 2574 1049 successorem
2606 998 2825 1066 quidem
2848 999 3188 1068 Archelaum,
3216 1017 3343 1062 natu
3373 1010 3547 1064 maxi-

287 1087 438 1143 sent;
468 1094 654 1133 verum
680 1079 869 1134 amicis
888 1082 1050 1135 etiam
1082 1083 1501 1138 immitissimnm
1526 1098 1585 1139 se
1606 1085 1867 1155 praabuis-
1962 1095 2110 1135 mum
2161 1081 2432 1153 Αηιίρδιτί
2474 1086 2698 1143 Ῑηιτθω
2722 1129 2737 1155 9
2787 1092 2997 1159 Scribit.
3048 1098 3376 1152 icil‘al‘cham
3411 1114 3543 1155 vero

285 1179 386 1225 set.
419 1169 549 1240 Ejus
567 1186 800 1242 namque
819 1172 913 1227 lilii
939 1174 1246 1230 Alexander
1267 1183 1322 1230 et
1344 1176 1702 1243 Aristobulus,
1726 1194 1850 1248 quos

1959 1169 2233 1243 Antipam.
2259 1174 2488 1231 Moritur
2514 1178 2695 1248 itaque
2724 1179 2965 1238 Herodes
2993 1193 3117 1254 post
3137 1184 3306 1243 annos
3325 1188 3544 1257 quidem

282 1263 577 1327 occiderat,
624 1263 764 1318 hanc
813 1264 1116 1320 habuerunt
1158 1266 1386 1336 prolem.
1416 1267 1540 1321 Filii
1564 1268 1859 1325 Alexandri
1957 1260 2030 1314 44
2058 1277 2125 1316 ex
2154 1279 2261 1333 quo
2283 1265 2556 1322 interfecit
2579 1267 2909 1339 Antigonum
2938 1283 2993 1328 et
3034 1290 3204 1346 regno
3232 1278 3435 1347 potitus
3462 1287 3548 1333 est

280 1367 348 1406 ex
377 1350 635 1423 Glaphira
690 1354 833 1424 regis
882 1352 1232 1424 Cappadocia:
1287 1354 1540 1412 Archelai
1588 1357 1715 1425 filia,
1753 1360 1860 1416 duo
1904 1431 1919 1433 g
1957 1349 2289 1419 «intimorum.
2318 1356 2476 1412 annis
2499 1372 2629 1413 vero
2657 1360 2728 1414 32
2772 1371 3058 1433 postquam
3105 1381 3198 1420 rex
3227 1382 3258 1421 a
3286 1369 3546 1425 Romanis

280 1440 523 1507 merum,
567 1442 829 1512 Tigranes
877 1452 933 1499 et
972 1444 1299 1501 Alexander,
1360 1446 1653 1503 Aristono"
1705 1464 1856 1515 vero,
1902 1431 2259 1510 "deelaratus
2280 1456 2382 1513 est,
2402 1455 2468 1503 ‘et
2497 1449 2550 1502 in
2598 1449 2721 1506 aliis
2746 1431 2964 1521 quidem
3014 1457 3267 1512 omnibus
3305 1460 3543 1514 secunda

276 1532 538 1603 Agrippa,
571 1531 811 1587 Herodes
834 1542 890 1588 et
912 1533 1270 1590 Aristoboius.
1325 1535 1436 1592 Hos
1462 1538 1605 1592 enim
1636 1539 1739 1594 sibi
1766 1555 1858 1611 ge.
1954 1533 2169 1589 fortuna
2194 1550 2324 1592 usus
2354 1546 2456 1603 est,
2499 1539 2553 1593 in
2600 1541 2762 1596 rebus
2815 1553 2993 1598 autem
3047 1546 3357 1601 domesticis
3407 1548 3545 1602 infe-

278 1622 398 1676 nuit
446 1622 707 1676 Beronice
754 1621 985 1679 Salamis
1026 1624 1254 1680 Herodis
1289 1629 1492 1684 sororis
1525 1629 1652 1695 (ilia,
1686 1630 1857 1699 ipsius
1953 1623 2248 1680 licissimus
2297 1626 2418 1681 fuit.
2449 1629 2724 1699 Augustus
2750 1647 2882 1687 vero
2920 1633 3146 1689 Herodis
3184 1635 3303 1691 loco
3337 1632 3543 1693 Arche—

276 1712 518 1767 sobrina.
545 1712 661 1783 Ipse
677 1721 855 1768 autem
879 1714 1139 1781 Herodes,
1164 1732 1300 1786 quos
1319 1728 1516 1789 [mater
1540 1729 1851 1786 necaverat,
1882 1706 1930 1765 B
1957 1713 2099 1768 laum
2125 1716 2430 1785 constituit,
2478 1718 2701 1791 ejusque
2730 1720 2928 1778 fratres
2964 1732 3197 1793 quatuor
3237 1727 3543 1783 tetrarchas

277 1803 379 1857 hos
420 1804 658 1859 habebat
700 1804 860 1870 ﬁlios,
912 1804 1177 1861 Herodem
1204 1807 1478 1879 Antipam,
1528 1810 1855 1867 Archelaum

277 1892 565 1962 Herodem,
596 1903 652 1950 et
677 1894 979 1966 Philippum
1017 1909 1181 1967 atque
1205 1898 1491 1956 Pbaselum
1512 1942 1528 1968 ,
1564 1902 1703 1958 ﬁlias
1723 1906 1859 1961 vero

273 1986 541 2042 Bosauten
590 1996 647 2042 et
696 1987 971 2055 Salomen,
1000 1997 1055 2045 et
1104 1990 1508 2062 Olympiadem;
1566 2010 1632 2050 ac
1659 2006 1855 2066 praeter

274 2080 395 2144 has,
424 2079 739 2147 Alexandri,
768 2090 823 2136 et
864 2081 1157 2138 Aristoboli
1197 2100 1412 2142 sorores
1438 2086 1592 2153 duas,
1645 2105 1711 2143 ex
1742 2089 1856 2145 Ma.

272 2173 483 2227 riamne
503 2187 692 2239 uxore,
724 2189 886 2242 quam
924 2175 1292 2231 interfecerat.
1339 2177 1490 2234 Hanc
1520 2179 1744 2249 prolem,
1783 2197 1850 2237 ex

272 2262 504 2318 diversis
532 2264 810 2331 uxoribus,
843 2280 977 2334 quas
1005 2266 1187 2335 plures
1230 2269 1479 2336 habebat,
1512 2275 1717 2342 genuit.
1752 2272 1853 2328 Fe—

273 2369 437 2408 roran
471 2362 654 2409 autem
684 2354 766 2427 (ut
811 2357 956 2411 fama
1008 2356 1130 2428 fuit)
1160 2357 1385 2414 fratrem
1438 2375 1593 2416 suum
1643 2379 1850 2420 veneno

270 2445 489 2500 occidit.
522 2446 663 2517 Ergo
688 2456 811 2517 post
856 2448 1173 2506 immensam
1204 2466 1400 2508 necem
1428 2454 1847 2512 domesticorum

272 2547 438 2608 atque
469 2538 829 2595 insatiabilem
861 2540 1247 2610 subiectorum,
1275 2553 1335 2600 ut
1379 2545 1667 2602 Dominum
1690 2548 1849 2605 Chri-

271 2640 415 2684 stum
440 2631 610 2701 magis
637 2632 1058 2701 praedicantibus
1084 2634 1272 2691 didicit
1320 2645 1526 2703 natum,
1565 2654 1688 2695 eum
1718 2656 1861 2697 mox

272 2724 338 2776 ad
363 2721 556 2777 callida
579 2739 869 2779 conversus
890 2736 1226 2797 argumenta,
1244 2729 1589 2800 exstinguere
1616 2732 1841 2787 curaviit.

271 2813 378 2870 Sed
402 2814 531 2869 dum
562 2831 665 2869 non
698 2817 798 2870 hoc
822 2817 1046 2887 contigit
1072 2825 1131 2872 ut
1165 2818 1351 2885 voluit,
1394 2818 1632 2875 furorem
1683 2836 1844 2892 quem

270 2905 434 2962 corde
479 2905 750 2960 celaverat
783 2907 1075 2962 occidendo
1126 2922 1321 2978 pueros
1367 2907 1842 2968 Bethlehemiticos

270 2998 678 3072 demonstravit.
712 2997 886 3068 Supra
917 2999 1060 3054 enim
1082 3015 1269 3056 omnes
1297 3000 1559 3057 barbaros
1585 3002 1842 3058 crudelis-

269 3093 409 3147 simo
446 3090 625 3146 edicto
669 3106 856 3146 omnes
902 3107 1097 3162 pueros
1130 3091 1198 3146 ab
1251 3092 1416 3148 unius
1462 3094 1639 3148 noctis
1688 3102 1847 3148 aztate

267 3196 443 3250 usque
466 3178 533 3236 ad
561 3181 793 3250 spatium
815 3181 1040 3236 duorum
1064 3182 1308 3238 videlicet
1335 3198 1600 3238 annorum
1626 3182 1848 3238 allidere

266 3269 446 3340 jussit.
479 3270 650 3338 Quam
673 3272 873 3327 eadem
904 3272 1163 3327 Dominus
1206 3272 1572 3328 innocentium
1598 3274 1848 3328 terribili-

270 3371 351 3414 ter
398 3360 453 3414 in
503 3376 627 3415 eum
680 3361 991 3428 vindicavit,
1029 3364 1273 3432 quamvis
1302 3363 1465 3418 etiam
1496 3363 1765 3433 sophistas
1792 3363 1847 3417 in

269 3451 387 3521 lege
409 3451 805 3507 eruditissimos
834 3453 965 3508 duos
987 3468 1111 3508 cum
1151 3468 1336 3506 eorum
1387 3453 1665 3523 discipulis
1691 3454 1848 3507 vivos

270 3543 620 3609 incenderet,
672 3542 911 3611 aliosque
962 3544 1041 3597 eis
1085 3543 1545 3598 consentientibus
1590 3542 1848 3597 trucidari

268 3632 528 3702 iusserat,
557 3633 683 3703 quia
715 3633 948 3703 aquilam
971 3633 1023 3687 in
1052 3631 1250 3703 templo
1274 3647 1516 3696 auream,
1544 3647 1705 3701 quam
1727 3647 1853 3685 con-

271 3736 353 3780 tra
393 3727 541 3796 leges
594 3724 919 3791 instituerat,
973 3740 1004 3779 a
1048 3722 1172 3778 fano
1234 3721 1429 3792 ejicere
1478 3722 1846 3777 decreverant.

272 3814 493 3870 Scribas
518 3830 730 3883 quoque
759 3822 813 3868 et
844 3814 1164 3882 interpretes
1197 3812 1391 3868 divinae
1440 3810 1576 3882 legis
1629 3809 1847 3877 occidit,

269 3921 406 3976 quos
435 3904 681 3973 suspicor
709 3904 759 3957 in
786 3919 916 3958 nece
945 3902 1289 3973 parvulorum
1307 3917 1430 3955 cum
1455 3900 1665 3955 Herode
1688 3899 1852 3956 fuisse

270 3994 579 4061 meditatos.
602 3993 830 4048 Herodis
851 3993 1048 4062 quippe
1079 4007 1274 4062 corpus
1310 3992 1499 4046 morbo
1532 4000 1851 4060 occupatum

271 4068 443 4138 variis
470 4082 748 4138 doloribus
769 4081 1133 4138 diﬂ’crebatur.
1159 4080 1293 4135 Nam
1310 4080 1476 4136 febris
1505 4081 1721 4150 quidem
1745 4096 1851 4135 non

271 4176 566 4233 mediocris
589 4186 725 4242 erat,
751 4175 969 4246 prurigo
993 4183 1172 4231 autem
1212 4172 1564 4228 intolerabilis
1620 4173 1852 4227 habebat

270 4285 489 4325 omnem
519 4267 765 4337 corporis
785 4266 1145 4337 superficiem.
1204 4263 1446 4319 Assiduis
1481 4269 1660 4317 autem
1692 4278 1853 4318 vexa-

1955 1804 2103 1862 fecit.

2543 1880 2769 1939 CAPUT
2801 1883 2939 1938 XIX.

1953 1966 2253 2045 Imperante
2285 1971 2576 2045 Octaviano
2620 1970 2899 2045 Christiani
2920 1985 3102 2027 natum
3143 1991 3276 2040 esse,
3320 1983 3378 2029 ut
3406 1993 3540 2045 prtr-

2027 2039 2266 2112 dixerant
2313 2044 2598 2112 propheta’,
2633 2042 2899 2112 etdangeli
2950 2039 3416 2100 annunliaverunt.
3469 2046 3539 2101 Et

2022 2110 2112 2192 qui
2153 2110 2418 2192 menteria’
2458 2111 2605 2181 digni
2659 2110 2891 2167 illustres
2928 2128 2989 2166 eo
3031 2123 3258 2184 tempore
3283 2115 3541 2171 haberen-

2022 2190 2111 2232 tur
2146 2190 2265 2234 viri.

2021 2268 2228 2336 Quibus
2262 2270 2450 2326 diebus
2479 2286 2699 2342 regnum
2728 2270 3128 2343 Egyptiorum,
3170 2275 3312 2343 quod
3352 2273 3451 2329 fuit
3483 2275 3537 2341 in

1948 2358 2299 2425 Alexandria,
2331 2361 2666 2416 destructum
2690 2371 2792 2428 est,
2826 2363 2969 2431 quod
3015 2378 3186 2431 usque
3215 2364 3282 2416 ad
3314 2364 3539 2434 CleOpa-

1950 2461 2089 2508 tram
2135 2455 2292 2510 annis
2342 2453 2449 2508 240
2501 2458 2745 2508 steterat.
2800 2452 3068 2524 JEg)'pltlS
3096 2470 3223 2508 vero
3261 2455 3538 2523 provincia

1949 2542 2205 2612 deinceps
2234 2542 2605 2597 Romanorum
2635 2542 2775 2597 facta
2816 2553 2921 2608 est,
2976 2559 3137 2612 quam
3166 2544 3373 2613 primus
3401 2542 3537 2599 Cor-

1947 2632 2123 2687 nelius
2148 2631 2333 2687 Gallus
2352 2631 2744 2700 Forojuliensis
2767 2641 2926 2702 poeta
2952 2632 3122 2685 tenuit
3142 2649 3157 2691 ;
3189 2634 3279 2702 qui
3301 2634 3535 2703 quadra-

1955 2721 2160 2791 gesimo
2193 2722 2352 2776 tertio
2387 2724 2564 2776 aetatis
2597 2738 2707 2776 sua:
2735 2737 2876 2776 anno
2920 2723 3138 2790 propria
3178 2739 3336 2777 manu
3370 2739 3427 2778 se
3456 2725 3537 2778 in-

1956 2813 2193 2877 teremit,
2216 2812 2283 2866 de
2319 2829 2425 2882 quo
2456 2813 2709 2882 Virgilius
2736 2813 2789 2866 in
2819 2811 3084 2867 Bucolicis
3114 2814 3376 2866 meminit.
3419 2813 3537 2881 Quo

1956 2909 2219 2971 tempore,
2249 2918 2415 2958 censu
2443 2902 2628 2957 Romae
2650 2903 2873 2974 agitato,
2917 2904 3135 2958 inventa
3178 2913 3304 2959 sunt
3335 2904 3533 2959 civium

1950 2991 2321 3047 Romanorum
2355 2994 2714 3064 quadraginta
2746 2994 2912 3048 millia
2945 3004 3192 3055 centena,
3222 3005 3277 3051 et
3303 2998 3538 3065 quadra—

1948 3084 2094 3155 ginta
2129 3085 2232 3139 tria
2259 3085 2449 3139 millia.
2480 3084 2692 3141 Marcus
2720 3087 2863 3141 enim
2905 3086 3188 3143 Terentius
3212 3088 3384 3143 Varro
3412 3091 3536 3158 phi-

1947 3176 2226 3246 losophus,
2261 3192 2429 3247 prope
2455 3178 2853 3248 nonagenarius
2900 3179 3146 3233 moritur.
3195 3179 3345 3234 Tunc
3376 3180 3536 3237 Nico-

1946 3267 2083 3338 polis
2100 3267 2254 3339 juxta
2276 3266 2494 3321 Aetium
2527 3267 2763 3333 condita,
2787 3275 2842 3324 et
2868 3271 3176 3338 Agonactus
3212 3270 3536 3326 constitutus

1948 3367 2053 3424 est,
2110 3357 2424 3413 Arctoricus
2475 3358 2719 3413 medicus
2770 3357 3019 3428 Augusti,
3073 3367 3199 3428 post
3257 3361 3531 3414 Actiacam

1948 3448 2230 3504 victoriam
2277 3446 2559 3518 naufragio
2596 3449 2779 3517 periit.
2829 3448 2879 3502 Is
2918 3464 3151 3518 namque
3181 3448 3531 3505 Octavianum

1949 3539 2161 3593 monuit
2189 3547 2249 3593 ut
2278 3555 2308 3594 e
2329 3541 2526 3594 castris
2555 3540 2610 3593 in
2642 3555 2915 3610 campum,
2940 3540 3187 3608 quamvis
3217 3557 3382 3610 :cger,
3406 3558 3532 3596 eon-

1950 3636 2035 3681 tra
2062 3626 2396 3682 Antonianos
2414 3628 2614 3683 milites
2635 3637 2971 3698 properaret,
2991 3629 3095 3682 hoc
3122 3629 3169 3682 ei
3194 3627 3534 3697 profuturum

1948 3713 2063 3770 fore
2086 3717 2139 3770 in
2162 3716 2366 3772 somnis
2388 3717 2638 3772 didicisse
2657 3718 2810 3771 dixit.
2838 3715 2990 3783 Quod
3012 3725 3070 3771 ut
3089 3716 3360 3788 Angustus
3381 3717 3530 3785 fecit,

1950 3806 2245 3862 discrimen
2270 3808 2463 3862 mortis
2485 3807 2678 3863 evasit.
2695 3806 2991 3863 Confestim
3008 3807 3203 3876 quippe
3218 3803 3333 3874 ejus
3354 3816 3529 3863 castra

1950 3896 2369 3952 abAntonianis
2388 3905 2546 3967 capta
2575 3904 2719 3952 sunt.
2762 3897 3063 3952 Larissaeus
3092 3897 3235 3950 enim
3268 3912 3454 3968 magus
3479 3904 3536 3951 et

1948 3987 2341 4059 Pythagoricus
2370 3986 2439 4041 ab
2464 3987 2706 4057 Augusto
2733 3987 2866 4041 urbe
2889 3995 2944 4041 et
2970 3986 3120 4040 italia
3157 3986 3407 4055 depulsus
3427 3993 3530 4041 est.

1949 4082 2223 4152 Augustus
2250 4081 2413 4134 etiam
2441 4080 2622 4135 Gallos
2648 4089 2703 4135 et
2724 4078 3028 4134 Calabriam
3070 4080 3359 4150 vectigales
3384 4079 3529 4134 fecit.

1951 4171 2024 4226 M.
2057 4171 2285 4227 Gnatius
2311 4170 2557 4226 Plautius
2583 4170 2860 4225 Ciceronis
2890 4170 3203 4239 discipulus,
3232 4178 3417 4225 orator
3439 4172 3533 4225 ba-

1950 4264 2107 4318 betur
2130 4262 2378 4332 insignis.
2406 4261 2508 4329 Qui
2549 4277 2671 4316 cum
2714 4259 2940 4316 Galliam
2984 4259 3264 4315 Comatam
3300 4271 3530 4332 regeret,

271 4359 431 4414 batur
447 4358 550 4412 coli
571 4356 871 4421 tormentis,
896 4357 1166 4426 pedesque
1191 4362 1445 4423 tanquam
1467 4368 1534 4408 ex
1567 4353 1852 4408 intercutis
1878 4393 1930 4452 Β
1954 4352 2273 4423 Lugdunum
2304 4350 2563 4407 condidit.
2596 4350 2665 4404 Μ.
2700 4348 2880 4404 Lolius
2901 4348 3168 4403 Galatiam
3198 4350 3532 4420 provinciam

270 4450 404 4504 vitio
431 4448 818 4511 intumuerant,
848 4446 975 4515 quin
1024 4452 1080 4500 et
1122 4442 1328 4498 inflatio
1356 4442 1638 4498 ventriculi
1667 4450 1851 4512 putre-

273 4541 453 4609 doque
475 4537 847 4593 testiculorum
895 4535 1213 4591 vermiculos
1243 4549 1527 4605 generalis.
1568 4533 1703 4588 Hinc
1731 4541 1849 4587 atra

267 4631 383 4701 jam
410 4629 508 4685 bili
535 4636 834 4697 correptus,
860 4635 914 4682 et
947 4642 1083 4696 pene
1113 4626 1216 4697 ipsi
1262 4625 1425 4679 morti
1478 4623 1848 4678 minitabatur.

274 4724 443 4795 igitur
472 4718 675 4774 factum
705 4718 967 4774 nefarium
999 4716 1347 4788 excogitavit.
1397 4714 1661 4771 Collectos
1704 4713 1849 4768 enim

274 4815 541 4887 cujusque
562 4811 666 4866 vici
687 4826 755 4865 ex
779 4808 926 4864 omni
952 4806 1132 4863 Iudaea
1162 4807 1450 4864 nobiliores
1477 4808 1529 4862 in
1558 4806 1731 4861 locum
1763 4804 1850 4860 cui

274 4921 478 4963 nomen
523 4911 608 4959 est
646 4899 1009 4972 llippodromo
1034 4898 1279 4954 concludi
1325 4897 1602 4968 praecepit.
1653 4894 1857 4950 Deinde

275 5012 468 5054 sorore
496 4993 713 5049 Salome
757 5000 813 5047 et
853 4990 1021 5045 Alexa
1051 4991 1248 5044 marito
1269 4986 1386 5056 ejus
1415 4989 1482 5043 ad
1527 5003 1586 5043 se
1627 4986 1853 5051 vocatis,

276 5092 356 5145 ait
390 5109 405 5144 :
438 5089 589 5154 Scio,
613 5086 805 5156 inquit,
839 5093 1069 5140 mortem
1094 5097 1267 5136 meam
1296 5080 1451 5136 festis
1476 5079 1683 5151 gaudiis
1715 5076 1854 5132 cele-

280 5176 535 5233 bratums
558 5191 679 5232 esse
711 5172 945 5237 Judznos,
961 5186 1146 5227 verum
1173 5186 1268 5241 per
1286 5169 1420 5223 alios
1447 5167 1614 5238 lugeri
1645 5174 1849 5236 potero,

278 5278 336 5325 et
362 5267 809 5339 praeclarissimas
835 5264 1071 5319 honores
1098 5260 1309 5329 assequi
1339 5260 1641 5329 sepultum,
1667 5257 1712 5310 si
1732 5273 1852 5327 qua:

280 5358 536 5429 praacipio
548 5355 806 5411 feceritis.
822 5352 932 5408 Hos
951 5352 1097 5406 viros
1109 5349 1197 5418 qui
1226 5348 1491 5403 habentur
1511 5347 1564 5401 in
1587 5345 1854 5411 custodia,

282 5463 404 5502 cum
431 5448 667 5502 animam
688 5444 960 5507 eillavero,
986 5442 1167 5497 statim
1214 5438 1472 5494 militibus
1498 5437 1859 5492 circumdatos

282 5538 538 5602 occidite,
561 5548 622 5592 ut
645 5536 809 5592 etiam
838 5536 890 5589 in
913 5534 1042 5597 vita,
1070 5530 1245 5587 omnis
1286 5528 1415 5582 mihi
1445 5526 1648 5591 Judtea,
1682 5525 1859 5580 omnis

285 5629 505 5695 domus,
552 5629 867 5698 illacrymet.
922 5623 1158 5681 Herodes
1204 5620 1327 5690 quia
1367 5619 1540 5676 inedia
1588 5619 1856 5689 iussisque

516 5808 569 5821 λκ-

1955 4442 2105 4498 fecit.
2152 4440 2442 4509 Quintilius
2498 4439 2900 4505 Cremonensis,
2958 4439 3168 4511 Virgilii
3218 4448 3273 4494 et
3324 4439 3534 4495 Horatii

1956 4533 2183 4596 amicus,
2216 4531 2464 4586 moritur.
2489 4529 2759 4594 Tiberius,
2784 4530 2851 4584 ab
2873 4528 3111 4599 Augusto
3134 4530 3347 4591 missus,
3375 4544 3535 4585 occu-

1954 4624 2100 4693 pavit
2121 4621 2454 4676 Armeniam.
2479 4619 2737 4690 Virgilius
2765 4628 2923 4690 poeta
2951 4618 3238 4674 Brundusii
3280 4619 3532 4683 moritur,

1956 4710 2251 4766 Saturnino
2277 4717 2334 4765 et
2383 4708 2556 4765 Cinna
2583 4708 2845 4763 Lucentio
2892 4709 3202 4764 consulibus
3226 4727 3239 4762 :
3271 4724 3390 4762 ossa
3418 4705 3533 4775 ejus

1955 4801 2230 4872 Neapolim
2257 4800 2538 4863 translata,
2564 4798 2618 4852 in
2645 4798 2883 4853 secundo
2908 4800 2975 4852 ab
2998 4799 3133 4853 urbe
3173 4797 3424 4851 milliario
3445 4811 3531 4851 se-

1955 4892 2246 4965 peliuntur,
2272 4890 2430 4945 titulo
2455 4886 2757 4958 bujusmodi
2806 4888 3194 4957 suprascripto,
3226 4902 3385 4956 quem
3411 4900 3529 4940 mo-

1955 4985 2100 5039 riens
2126 4983 2241 5052 ipse
2269 4982 2610 5035 dictitaverat
2634 4996 2646 5033 τ

2077 5095 2269 5145 limina
2293 5104 2374 5141 me
2392 5090 2586 5152 genuit.
2611 5089 2799 5141 Calabri
2821 5102 3053 5152 rapuere,
3067 5094 3216 5152 tenet
3235 5100 3362 5138 nunc

2136 5150 2464 5214 Parthenope,
2491 5153 2648 5200 cecini
2675 5163 2867 5212 pascua,
2880 5150 3023 5210 rura,
3040 5150 3217 5198 duces.

2026 5253 2250 5309 Verrius
2272 5250 2437 5306 etiam
2468 5257 2523 5304 et
2553 5248 2758 5314 Tucax,
2784 5248 2988 5320 Virgilii
3024 5256 3080 5302 et
3107 5247 3312 5302 Horatii
3334 5254 3527 5302 contu-

1954 5344 2221 5407 bernales,
2260 5351 2433 5410 poeta:
2482 5339 2749 5393 habentur
2800 5339 3055 5401 illustres,
3110 5338 3202 5408 qui
3264 5336 3527 5391 :Eneidos

1958 5443 2146 5507 postea
2172 5432 2339 5486 libros
2359 5430 2780 5485 emendaverunt
2802 5429 2902 5484 sub
2931 5444 2993 5482 ea
3030 5428 3167 5498 lege,
3197 5436 3256 5480 ut
3281 5426 3410 5481 nihil
3435 5427 3532 5480 ad-

1959 5520 2416 5581 derent.Emilius
2446 5518 2625 5573 Macer
2679 5519 2845 5573 etiam
2894 5517 3223 5573 Veronensis
3272 5526 3427 5587 poeta
3477 5516 3531 5571 in

1962 5618 2087 5674 Asia
2104 5615 2350 5672 moritur.
2369 5612 2641 5684 Augustus
2660 5613 2945 5683 Agrippam
2970 5612 3241 5682 adoptavit
3260 5611 3311 5665 in
3334 5610 3529 5666 tilium.
