3964 6172
438 272 572 329 HIS

1383 235 1392 241 ’
1445 260 1834 321 rnacumn
1872 254 2325 315 LEXOV’iENSlS
2363 254 2664 313 EPlSCOPl

3557 259 3709 312 “‘6

435 383 701 457 Tyberius
723 376 1026 436 Vindelicos
1044 383 1098 430 ct
1124 389 1219 430 eos
1255 373 1344 443 qui
1387 373 1741 428 Thraciarum
1769 370 2013 425 conﬁnes
2041 380 2093 436 Α
2119 365 2397 436 prophetis
2456 363 2942 435 pnenuntiabatur,
2992 365 3197 437 angelis
3253 367 3719 436 praedicantibus,

435 486 592 532 erant
611 475 881 528 Romanas
904 468 1210 538 provincias
1244 466 1392 530 facit,
1422 481 1488 521 ac
1517 466 1770 532 deinceps
1800 471 2011 518 vastata

2119 458 2272 514 stella
2323 457 2476 520 duce,
2526 471 2594 511 ac
2647 457 3020 513 sacerdotibus
3073 457 3360 530 legumque
3390 460 3727 514 doctoribus

435 565 724 623 Germania
769 563 1063 631 imperator
1111 559 1428 629 appellatur.
1477 557 1542 612 C.
1586 555 1781 620 Julius,
1811 569 2012 624 cogno-
2113 549 2563 620 protestantibus,
2603 549 2657 604 in
2706 547 3021 604 Bethlehem
3064 549 3217 605 Iuda:
3273 551 3548 607 celebrata
3599 562 3723 612 est,

438 669 620 714 mento
670 656 996 726 Polyhistor,
1053 653 1278 708 illustris
1324 650 1712 721 grammaticus
1762 647 2012 702 habetur.

438 749 691 804 Horatius
734 745 1180 817 quinquagesimo
1223 744 1450 812 septimo
1493 740 1670 796 atatis
1713 753 1822 793 suae
1873 752 2017 791 anno

436 842 668 896 moritur
696 841 898 894 Romze.
933 838 1194 910 Tyberius
1219 837 1401 892 Cicsar
1421 835 1487 889 de
1525 831 1698 902 captis
1719 829 2016 884 Pannoniis

438 928 805 998 triumphavit.
839 928 1113 997 Augustus
1142 925 1307 979 ﬁliam
1339 938 1491 978 suam
1523 921 1578 975 in
1630 919 1895 974 adulterio
1926 919 2018 973 de-

437 1021 760 1090 prehensam
787 1019 976 1073 exsilio
1005 1017 1298 1072 damnavit.
1353 1014 1568 1068 Marcus
1612 1009 1822 1064 Tullius
1849 1009 2011 1080 Tyro,

439 1110 716 1166 Ciceronis
761 1110 1008 1173 libertus,
1044 1108 1135 1176 qui
1189 1107 1396 1176 primus
1435 1112 1593 1159 notas
1620 1110 2016 1157 commentatus

439 1209 541 1266 est,
566 1203 620 1256 in
638 1200 928 1256 Puteolano
952 1198 1154 1268 praadio
1173 1213 1343 1266 usque
1368 1195 1436 1250 ad
1459 1203 1678 1250 centum
1695 1208 1865 1247 annos
1886 1207 2018 1248 con-

441 1291 694 1346 senescit.
713 1291 984 1361 Augustus
1009 1288 1367 1359 gladiatorum
1396 1285 1579 1339 ludum
1605 1291 1660 1339 et
1690 1284 1880 1339 navale
1893 1298 2017 1337 cer-

447 1387 623 1433 tamen
654 1378 917 1434 exhibuit.
939 1378 1214 1448 Augustus
1241 1375 1530 1446 Tyberium
1559 1383 1615 1430 et
1649 1371 1936 1444 Agrippam
1962 1373 2017 1428 in

445 1469 586 1525 ﬁlios
615 1469 908 1539 adoptavit.
935 1467 1101 1524 Iudas
1148 1467 1399 1524 Calilzeus
1445 1467 1511 1521 ad
1537 1464 1904 1520 rebellandum
1928 1461 2021 1515 Ju—

449 1557 595 1614 daeos
623 1559 969 1624 cohortatur;
993 1557 1216 1612 Asinius
1255 1556 1424 1611 Pollio
1465 1565 1648 1610 orator
1669 1555 1753 1607 vir
1773 1553 2024 1608 consula-

444 1647 544 1713 ris,
579 1648 670 1717 qui
700 1648 766 1705 de
789 1647 1046 1702 Dalmatis
1077 1646 1445 1716 triumphavit,
1469 1645 1523 1699 in
1553 1644 1678 1698 villa
1718 1642 2021 1697 Tusculana

2117 655 2260 696 anno
2280 639 2529 696 videlicet
2553 655 2585 693 a
2613 639 3028 696 reatdilicatione
3045 642 3248 711 templi,
3273 659 3393 711 qua:
3414 645 3516 696 sub
3539 643 3730 697 Dario

2117 745 2244 801 rege
2269 729 2411 784 facta
2438 738 2543 794 est,
2577 730 3010 800 quingentesimo
3047 729 3260 787 decimo
3288 733 3513 802 quinto;
3536 749 3572 787 a
3611 732 3728 787 Sa-

2118 819 2334 874 lomone
2378 827 2558 873 autem
2599 828 2656 874 et
2699 821 2872 889 prima
2921 821 3276 877 mdilicatione
3330 824 3516 894 templi
3567 840 3731 878 anno

2117 911 2403 966 millesimo
2424 911 2686 980 vigesimo
2716 912 2976 982 septimo;
3000 929 3031 967 a
3049 914 3195 970 Mose
3215 923 3268 970 et
3289 931 3515 985 egressu
3535 916 3729 971 Israe-

2119 1003 2185 1060 lis
2206 1019 2273 1058 cx
2302 1003 2541 1074 )Egypto
2576 1004 2864 1060 millesimo
2902 1007 3340 1076 quingentesimo
3392 1017 3575 1063 sexto.
3633 1008 3728 1062 Ab

2119 1094 2392 1150 Abraham
2417 1104 2470 1148 et
2499 1111 2666 1165 regno
2694 1095 2815 1150 Nini
2849 1106 2902 1151 et
2947 1097 3321 1153 Semiramidis
3372 1100 3502 1153 anni
3531 1099 3680 1154 20H
3706 1116 3724 1164 ;

2124 1200 2154 1238 a
2184 1185 2391 1240 diluvio
2413 1185 2611 1254 quippe
2637 1186 2765 1240 anni
2789 1187 2921 1241 2921
2946 1203 2960 1252 ;
2983 1189 3052 1242 ab
3081 1188 3253 1242 Adam
3268 1204 3397 1243 vero
3419 1189 3590 1244 5129.
3623 1189 3728 1244 Se-

2120 1277 2354 1331 cundum
2367 1275 2638 1332 Geneseos
2664 1277 2827 1348 igitur
2845 1280 3191 1349 scripturam,
3205 1281 3570 1348 etAphricam
3593 1297 3731 1352 sup-

2121 1369 2470 1437 putationem,
2518 1368 2748 1438 amplius
2800 1370 3146 1424 inveninntur
3200 1371 3324 1424 anni
3380 1371 3506 1426 19.3.
3564 1371 3731 1426 Hanc

2125 1458 2290 1529 igitur
2318 1473 2581 1513 annorum
2608 1458 2829 1524 seriem,
2871 1474 2901 1512 a
2929 1459 3260 1530 prot0plasto
3299 1460 3513 1515 scilicet
3540 1475 3733 1529 usque

2122 1550 2189 1605 ad
2219 1549 2432 1604 Domini
2485 1550 2791 1614 adventum,
2840 1550 2892 1603 in
2923 1550 3169 1620 singulis,
3209 1560 3372 1622 prout
3407 1551 3730 1621 potuimus,

2125 1640 2306 1710 regnis
2331 1655 2396 1694 ex
2429 1639 2820 1695 celebrioribus
2873 1639 3035 1695 factis
3082 1656 3336 1696 enarrare
3376 1641 3731 1697 curavimus.

445 1737 621 1794 artatis
675 1753 784 1793 suae
830 1754 972 1794 anno
1025 1738 1353 1808 octogesimo
1406 1737 1654 1791 moritur.
1685 1734 1852 1803 Cujus
1882 1734 2024 1789 filius
2051 1755 2097 1814 Β
2126 1729 2279 1786 Nunc
2299 1738 2480 1785 autem
2509 1742 2635 1785 cum
2661 1739 2776 1801 post
2814 1733 3108 1789 immensos
3137 1734 3310 1804 pelagi
3344 1733 3541 1789 ﬂuctus
3579 1733 3735 1788 Scil-

444 1824 663 1880 Asinius
685 1825 867 1880 Gallus
890 1837 1094 1889 orator,
1125 1827 1217 1894 qui
1252 1825 1386 1880 diris
1415 1841 1444 1880 a
1473 1824 1707 1895 Tyberio
1746 1824 2022 1894 suppliciis

449 1923 674 1968 necatus
705 1924 806 1970 est.
837 1915 1000 1984 Cujus
1035 1917 1199 1970 etiam
1242 1915 1498 1986 Virgilius
1539 1915 1802 1969 meminit.
1833 1914 2018 1984 Igitur,

446 2011 506 2056 ut
533 2004 892 2070 praemisimus
919 2006 985 2058 ad
1010 2005 1219 2059 Domini
1248 2005 1418 2060 nostri
1441 2003 1568 2059 Jesu
1594 2003 1796 2057 Christi
1824 2002 2020 2056 nativi-

449 2100 634 2158 tatem,
665 2092 898 2149 hominis
931 2094 1131 2163 Deique
1154 2093 1276 2148 Filii
1306 2094 1667 2164 pervenimus.
1711 2092 1838 2160 Quac
1887 2100 1946 2146 ut
1992 2109 2020 2148 a

2127 1820 2241 1876 leos
2271 1821 2488 1876 tandem
2525 1822 2800 1877 evasimus
2842 1822 3093 1889 latratus,
3148 1833 3224 1889 et,
3256 1833 3436 1894 optata
3476 1825 3733 1879 statione

2126 1909 2303 1980 potiti,
2335 1919 2458 1980 post
2500 1909 2768 1982 longaevas
2791 1912 3112 1966 saeculorum
3165 1915 3414 1968 tenebras
3434 1915 3505 1968 ad
3533 1913 3730 1968 lucem

2127 2001 2375 2055 venimus
2399 2016 2604 2066 veram,
2638 2017 2743 2071 qua
2770 2004 3002 2072 respersi
3037 2004 3090 2058 in
3120 2004 3331 2059 Domini
3367 2004 3580 2060 Christi
3631 2005 3731 2059 ad-

2127 2102 2312 2160 ventu,
2339 2093 2604 2149 librorum
2633 2093 2795 2149 ﬁnem
2830 2094 3055 2151 fecimus

1628 2353 1690 2406 ιη
1723 2352 1947 2406 Touuu
1981 2332 2432 2404 POSTERIOREhl

1163 2481 1270 2544 AD
1311 2479 1598 2542 JUDITH
1633 2475 2068 2539 AUGUSTAM
2106 2475 2502 2539 AUCTORIS
2540 2477 2991 2542 PREFATIO.

517 2711 741 2768 Domina
781 2709 1144 2778 Augustarum
1189 2704 1499 2761 felicissima
1551 2702 1758 2768 Judith,
1792 2703 1917 2758 dum
1965 2702 2019 2756 in

445 2803 696 2860 humanis
723 2817 832 2870 quo
865 2799 1027 2853 altius
1057 2811 1338 2852 accrescas
1363 2811 1470 2849 non
1508 2793 1781 2848 invenitur
1813 2793 1973 2847 rebus
2002 2808 2017 2845 :

440 2896 568 2966 quia
596 2895 639 2949 si
671 2893 736 2948 de
775 2891 893 2948 viro
939 2889 1137 2961 agitur,
1177 2889 1298 2959 quis
1349 2886 1578 2942 nobilior
1607 2886 2018 2955 imperatorum,

2122 2709 2295 2755 torum
2319 2715 2530 2770 quoque
2557 2701 2794 2772 regibus,
2817 2701 2907 2772 qui
2933 2713 3324 2771 snecesscrant,
3349 2707 3412 2760 ab
3435 2707 3518 2763 eis
3543 2710 3725 2763 etiam

2123 2791 2382 2861 depulsis.
2434 2791 2587 2858 Quod
2619 2792 2866 2847 videlicet
2910 2808 3046 2862 opus
3089 2794 3322 2865 quinque
3371 2797 3604 2852 distinxi
3666 2800 3722 2853 in

2127 2883 2312 2938 libros.
2334 2882 2390 2936 In
2422 2884 2506 2938 his
2534 2883 2697 2947 enim,
2732 2883 2875 2937 velut
2896 2884 2946 2937 in
2978 2885 3211 2954 speculo,
3239 2902 3333 2957 per
3355 2896 3455 2942 tua:
3481 2891 3732 2944 sanctis-

440 2994 538 3040 aut
561 2985 856 3054 sapientior
885 2984 938 3036 in
987 2981 1205 3046 divinis,
1249 2980 1655 3034 smculariumve
1701 2980 2016 3049 disciplinis,
2047 2979 2092 3041 C
2124 2975 2271 3029 simrc
2296 2974 2596 3030 devotionis
2622 2975 3039 3031 admonitionem
3067 2987 3229 3048 atque
3267 2977 3564 3048 jussionem
3622 2983 3731 3038 do-

447 3075 716 3130 l.udovico
743 3073 954 3130 Caesare
995 3072 1226 3126 invicto?
1273 3086 1373 3125 nec
1421 3071 1617 3124 mirum
1647 3069 1807 3125 talem
1835 3079 2020 3140 protu-

446 3163 573 3219 lisse
595 3162 1050 3217 excellentissimo
1070 3160 1310 3230 Augusto
1333 3159 1528 3214 sazculo
1545 3157 1781 3214 sobolem
1806 3159 2017 3215 Carolo.

447 3252 506 3307 Si
535 3258 714 3306 autem
765 3251 830 3306 de
869 3258 1153 3304 venustate
1199 3249 1462 3317 corporis,
1495 3256 1554 3302 ut
1605 3249 1810 3318 absque
1839 3249 2023 3303 adula-

448 3343 608 3398 tionis
650 3342 773 3398 fuco
819 3340 1093 3412 proferam
1135 3342 1277 3410 quod
1332 3356 1517 3394 verum
1572 3349 1674 3406 cst,
1723 3339 2024 3411 pulchritu-

450 3432 572 3486 dine
603 3447 827 3501 superas
853 3447 1062 3496 omnes,
1086 3447 1221 3502 quas
1256 3431 1404 3484 visus
1431 3429 1515 3484 vel
1559 3431 1771 3485 auditus
1824 3440 2023 3486 nostra

445 3521 728 3590 parvitatis
781 3523 1042 3592 comperit
1091 3521 1325 3590 reginas.
1376 3519 1470 3575 Sin
1514 3530 1693 3575 autem
1746 3521 1812 3577 de
1849 3521 2019 3592 prole,

447 3628 627 3668 nonne
656 3613 838 3667 mundi
863 3613 1035 3684 gloria
1057 3621 1112 3668 et
1154 3613 1426 3667 hominum
1472 3612 1754 3667 delectatio
1777 3613 2021 3673 Carolus.

445 3705 824 3782 qni‘elegantia
855 3705 1098 3774 corporis
1142 3718 1206 3759 ac
1235 3704 1474 3758 moribus
1501 3705 1740 3772 optimis,
1772 3720 1866 3759 seu
1899 3706 2024 3776 agili

445 3796 744 3865 prudentia
795 3796 974 3850 studio
1025 3796 1367 3850 immaturam
1428 3795 1684 3850 vincendo
1739 3797 2021 3866 prepriam

445 3895 668 3955 superat
699 3893 936 3951 aetatem,
982 3893 1042 3940 ut
1091 3885 1339 3940 videatur
1364 3899 1496 3940 avus
1523 3885 1639 3956 ejus
1666 3901 1770 3940 non
1799 3885 2020 3954 obiisse,

446 3975 539 4028 sed
570 3975 768 4044 potius,
793 3976 1004 4029 detersa
1028 3974 1258 4046 caligine
1303 3975 1501 4039 somni,
1530 3991 1728 4030 novum
1754 3976 2026 4033 illustrare

445 4066 653 4131 orbem,
703 4065 966 4134 siquidem
991 4065 1045 4118 in
1092 4072 1285 4133 nepote
1333 4063 1636 4119 immortale
1666 4064 1832 4134 ipsius
1877 4065 2024 4137 inge-

447 4154 594 4208 nium
625 4169 728 4207 una
776 4169 898 4208 cum
949 4153 1165 4208 nomine
1190 4154 1354 4208 decor
1385 4162 1440 4208 et
1484 4153 1656 4209 virtus
1686 4155 2020 4226 Splendcant.

423 4256 425 4259 '
447 4244 617 4312 Quam
639 4246 708 4299 ob
739 4261 872 4310 rem,
892 4245 1016 4299 dum
1047 4245 1099 4299 in
1121 4245 1507 4315 temporalibus
1523 4246 1658 4299 nihil
1675 4247 1814 4300 desit
1840 4246 2026 4311 rebus,

2123 3067 2302 3122 minus
2332 3082 2484 3122 meus
2507 3065 2754 3133 Carolus,
2780 3067 3199 3137 gloriosissimus
3228 3079 3328 3124 tum
3358 3068 3497 3124 illius
3521 3072 3729 3127 excel-

2122 3158 2322 3224 lentizc,
2353 3159 2620 3229 inspicere
2648 3159 2775 3228 quid
2820 3160 3084 3228 agendum
3131 3160 3214 3215 vel
3267 3161 3386 3230 quid
3424 3162 3729 3218 vitandum

2122 3251 2194 3306 sit
2216 3251 2431 3321 poterit.
2457 3249 2622 3306 Decet
2644 3251 2788 3306 enim
2830 3251 3099 3306 dominam
3123 3260 3176 3306 te
3207 3252 3565 3306 venerabilem
3601 3257 3734 3308 uiii-

2122 3357 2246 3396 cum
2276 3342 2491 3396 erudire
2523 3341 2715 3406 lilium,
2751 3350 2950 3397 nostra:
2982 3341 3330 3412 jucunditatis
3355 3351 3406 3396 et
3447 3343 3579 3396 novi
3620 3361 3734 3399 sa:-

2122 3433 2228 3486 culi
2257 3447 2435 3502 regem
2477 3447 2599 3488 esse
2644 3431 2948 3499 Bersabeac,
2999 3448 3118 3502 qua:
3164 3432 3361 3487 ldidam
3401 3433 3728 3502 priscorum

2123 3519 2360 3575 erudivit
2385 3522 2842 3590 sapientissimum
2880 3523 3193 3577 saeculorum
3240 3537 3433 3592 regem,
3468 3530 3528 3574 ut
3561 3523 3723 3578 idem

2123 3610 2190 3665 de
2211 3625 2268 3666 se
2303 3612 2414 3664 ait:
2444 3610 2577 3666 Nam
2609 3619 2663 3665 et
2691 3627 2789 3683 ego
2822 3612 2962 3668 filius
3011 3613 3086 3666 fui
3112 3612 3280 3682 patris
3309 3611 3409 3666 mei
3455 3613 3724 3678 tenellus,

2123 3712 2176 3758 et
2209 3705 2513 3774 unigenitus
2548 3720 2728 3758 coram
2752 3713 2924 3758 matre
2950 3720 3087 3768 mea,
3112 3712 3164 3759 et
3192 3704 3414 3758 docebat
3436 3719 3524 3758 me
3542 3715 3728 3775 atque

2124 3793 2371 3850 diccbat:
2427 3794 2699 3864 Suscipiat
2749 3794 2911 3849 verba
2967 3809 3084 3849 mea
3131 3811 3224 3849 cor
3260 3804 3438 3858 tuum;
3494 3798 3727 3852 custodi

2121 3893 2386 3954 praecepta
2412 3900 2553 3950 mea,
2580 3893 2634 3940 et
2659 3885 2828 3940 vives.
2864 3884 3088 3941 Posside
3116 3886 3449 3956 sapientiam,
3476 3887 3715 3956 posside

2121 3976 2488 4046 prudentiam,
2519 3991 2589 4031 ne
2614 3977 2970 4040 obliviscaris,
3002 3991 3174 4045 neque
3197 3977 3426 4032 declines
3455 3994 3486 4031 a
3515 3980 3721 4035 verbis

2123 4068 2235 4124 oris
2277 4068 2405 4132 mei,
2437 4081 2506 4122 ne
2548 4067 2789 4124 dimittas
2835 4082 2976 4131 eam,
3025 4075 3079 4121 et
3112 4066 3376 4121 custodiet
3403 4075 3493 4130 te;
3539 4067 3725 4138 dilige

2123 4172 2266 4222 eam,
2297 4166 2352 4212 et
2390 4157 2625 4212 servabit
2649 4166 2722 4223 te,
2758 4164 2862 4211 etc.
2893 4156 2944 4212 ls
2987 4167 3166 4212 autem
3195 4164 3355 4226 prout
3402 4156 3468 4210 de
3495 4157 3729 4214 Domini

2123 4248 2442 4304 conﬁdimus
2464 4250 2684 4320 pietate,
2717 4249 2886 4304 sacris
2915 4246 3247 4316 jussionibus
3273 4248 3378 4301 tuis
3401 4247 3642 4316 parebit,
3674 4257 3733 4304 et

447 4343 506 4388 ut
559 4342 846 4405 augmento
901 4349 1106 4400 careas,
1138 4335 1315 4390 studio
1354 4335 1628 4404 sapientia:
1657 4335 1916 4400 dilataris,
1958 4344 2018 4390 ut
2045 4316 2099 4376 D
2124 4341 2264 4396 inter
2297 4316 2522 4397 caateras
2571 4349 2827 4395 materna:
2855 4339 3158 4395 dilectionis
3190 4339 3586 4394 admonitiones
3618 4340 3734 4397 hos

445 4423 795 4479 excellentior
816 4433 961 4478 retro
987 4424 1196 4478 szeculis
1233 4423 1663 4492 imperatricibus
1703 4425 2012 4494 reperiaris.

445 4513 611 4583 Igitur
652 4513 818 4568 indita
857 4531 884 4567 a
935 4514 1042 4566 Deo
1085 4513 1178 4566 tibi
1216 4514 1499 4583 sapientia,
1547 4522 1602 4568 ct
1641 4516 1898 4571 naturalis
1936 4517 2018 4570 in-

447 4603 590 4671 genii
635 4602 876 4667 scientia,
926 4603 1211 4656 attonitum
1260 4618 1347 4657 me
1386 4602 1561 4657 reddit
1605 4604 1745 4658 inter
1795 4616 2020 4662 cancros

448 4691 738 4761 adjutores,
775 4692 1026 4762 quoniam
1068 4693 1121 4747 in
1165 4693 1358 4748 divinis
1379 4702 1433 4748 ct
1478 4693 1782 4751 liberalibus
1807 4699 2018 4765 studiis,

449 4788 506 4834 ut
533 4788 634 4835 tuae
667 4781 982 4837 eruditionis
1000 4784 1223 4854 cognovi
1252 4783 1577 4851 facundiam,
1609 4788 1880 4858 obstupui,
1911 4798 2021 4845 sta-

449 4871 651 4942 timque
677 4872 972 4928 deliberare
1001 4889 1210 4929 mecum
1255 4874 1394 4944 cmpi
1437 4875 1705 4945 quodnam
1733 4893 2022 4933 munuscu-

447 4961 556 5016 lum
587 4977 706 5016 meo
751 4961 934 5019 labore
962 4973 1271 5035 congestum
1319 4974 1423 5020 tua:
1470 4963 1718 5019 oﬂ‘errem
1765 4966 2023 5023 almitatis

445 5053 756 5123 ﬂagrantiae.
806 5054 974 5126 Igitur
994 5056 1063 5110 ab
1105 5055 1395 5110 Octaviano
1436 5056 1677 5126 Augusto
1725 5065 1780 5110 et
1810 5058 2021 5113 Domini

447 5143 726 5199 nativitate
763 5142 1057 5200 Salvatoris
1084 5145 1252 5198 nostri
1279 5145 1571 5199 secundum
1593 5157 1877 5215 aggressus
1902 5160 2020 5200 sum

447 5234 733 5290 scribendo
758 5251 915 5304 opus,
945 5235 1086 5303 quod
1112 5235 1294 5305 peregi
1334 5250 1504 5304 usque
1534 5235 1600 5288 ad
1643 5250 1807 5304 regna
1850 5234 2020 5290 Fran-

447 5341 633 5381 corum
655 5336 710 5381 et
749 5327 1221 5398 Longobardorum
1251 5326 1618 5381 deficientibus
1657 5325 2023 5382 Romanorum

449 5411 861 5486 imperatoribus
894 5429 986 5472 seu
1023 5414 1291 5488 iudicibus
1325 5415 1392 5470 ab
1417 5415 1567 5470 Italia
1593 5423 1647 5471 et
1681 5413 1868 5480 Gallis,
1895 5413 2020 5471 Got-

2122 4433 2331 4489 libcllcs
2358 4448 2469 4487 sua:
2498 4447 2603 4486 non
2643 4431 3018 4503 dedignabitur
3058 4430 3379 4486 contradere
3406 4432 3727 4487 memorie.

2127 4523 2335 4592 Quibus
2355 4525 2735 4593 imperatorum
2759 4523 2943 4593 gestis,
2959 4531 3376 4591 sanctorumque
3398 4521 3728 4591 triumphis,

2123 4627 2286 4687 atque
2321 4618 2603 4672 doctorum
2653 4615 3108 4684 magniﬁcentium
3161 4615 3419 4669 doctrinis
3470 4615 3731 4671 illustra-

2122 4717 2232 4774 tus,
2260 4708 2472 4762 cautius
2494 4706 2621 4774 quid
2649 4707 2912 4777 agendum
2939 4705 3030 4771 sit,
3057 4706 3172 4760 sive
3192 4704 3437 4759 subtilius
3467 4704 3730 4762 inveniet

2122 4795 2251 4864 quid
2285 4795 2355 4848 sit
2375 4794 2670 4848 vitandum.
2711 4793 2876 4862 Igitur
2904 4793 3003 4847 hos
3039 4793 3314 4848 codicillos
3337 4801 3438 4846 tuze
3468 4791 3731 4847 dilectio-

2121 4885 2206 4938 nis
2230 4899 2402 4950 amor,
2433 4883 2506 4936 mi
2532 4883 2745 4937 domina
2775 4896 2987 4952 semper
3011 4882 3272 4953 Angusta,
3303 4881 3542 4938 scribere
3561 4897 3730 4937 com-

2124 4975 2279 5045 pulit,
2308 4975 2399 5044 qui
2429 4982 2534 5028 tuzn
2563 4973 2818 5027 ahnitatis
2854 4980 2909 5026 et
2937 4972 3258 5027 immortalis
3298 4970 3578 5040 sapientia:
3630 4973 3730 5042 ju-

2124 5063 2324 5120 dicium
2349 5069 2684 5133 exspectant.
2714 5061 2868 5128 Quod
2897 5062 2939 5116 si
2965 5061 3258 5131 iudicando
3305 5069 3730 5129 consequantur

2122 5154 2360 5220 laudem,
2383 5162 2489 5208 tuae
2514 5153 2851 5223 reputabitur
2877 5153 3208 5209 eternaliter
3227 5151 3542 5208 memoria:
3571 5167 3731 5222 quo-

2122 5243 2268 5298 niam
2301 5241 2722 5298 sacratissimum
2760 5257 2956 5298 nomen
3007 5251 3158 5300 tuum
3200 5241 3384 5298 Judith
3424 5241 3728 5312 judicans,

2123 5333 2236 5390 sive
2257 5332 2481 5390 laudans
2509 5333 2916 5403 interpretatur.
