3958 6172
238 274 378 331 Hi7

250 420 498 436 ψ

1332 265 1744 331 CIIRONICON.
1786 299 1854 308 —
1889 266 2054 325 'I‘OMI
2093 270 2136 325 II
2173 269 2301 326 LIB.
2338 271 2378 326 I.

3365 279 3500 364 IIIS

1715 551 2011 613 INCIPIT

610 716 1643 834 CHRONICORUM
1732 714 2209 831 TOMUS
2293 713 3124 857 POSTERIOR,

237 921 578 981 Continens
614 918 687 979 ab
720 916 1373 1003 Octaviano_.4ugusto
1406 925 1461 1003 et
1483 917 1720 979 Christi
1747 917 2106 978 Servatoris
2140 918 2347 978 nostri
2384 917 2728 1003 Nativitate
2770 939 2966 1003 usque
2995 923 3077 984 ad
3113 925 3512 993 Francorum

958 1004 1014 1057 et
1046 996 1609 1076 Langobardorum
1636 1015 1828 1076 regna
1860 1014 2072 1056 rerum
2099 1004 2410 1075 gestarum
2436 996 2790 1059 historiam.

1474 1243 1778 1320 LIBER
1850 1241 2267 1321 PRIMUS.

761 1481 990 1540 CAPUT
1021 1482 1308 1540 PRIMUM.

240 1599 376 1667 Quot
407 1599 636 1680 ‘priores
693 1595 1190 1680 {ibriuliversoru’m
1244 1579 1520 1680 regnorum
1574 1597 1820 1676 historias

308 1666 608 1725 contineant
653 1667 718 1721 ab
767 1666 916 1720 initio
957 1666 1139 1719 mundi
1179 1682 1342 1738 usque
1392 1667 1459 1721 ad
1497 1668 1820 1722 nativitatem

311 1739 528 1794 Christi.

309 1853 363 1906 In
400 1850 669 1921 prioribus
701 1848 873 1912 libris,
905 1848 1134 1904 Domino
1161 1848 1508 1921 suffragante,
1534 1865 1600 1906 ex
1631 1851 1821 1906 multo-

240 1958 355 1996 rum
382 1940 656 2010 opusculis
683 1953 806 1995 cum
832 1938 1319 2009 hagiograpborum
1361 1948 1474 1994 tum
1515 1942 1816 2012 gentilium,

239 2049 343 2086 non
373 2032 585 2086 modico
613 2030 796 2084 labore
819 2029 1104 2094 desudans,
1133 2029 1421 2100 decerpere
1460 2030 1641 2086 curavi
1668 2046 1817 2101 quaa-

238 2138 450 2192 cunquc
476 2123 626 2176 utilia
654 2120 906 2191 parvitati
934 2135 1068 2174 mea:
1096 2127 1220 2174 sunt
1264 2121 1400 2185 visa,
1436 2130 1490 2177 et
1516 2122 1820 2192 legentibus

238 2216 540 2288 profutura,
569 2227 790 2268 sumens
816 2211 1095 2267 exordium
1117 2226 1146 2265 a
1174 2211 1348 2280 primo
1371 2220 1592 2282 parente
1618 2221 1822 2268 morta-

241 2307 368 2360 lium
411 2311 786 2374 propagatore.
819 2301 1059 2355 Tandem
1103 2310 1224 2370 post
1265 2302 1462 2357 multas
1501 2303 1819 2358 saeculorum

243 2395 513 2460 tenebras,
544 2395 609 2448 ad
635 2393 972 2447 nativitatem
1009 2391 1132 2446 novi
1175 2392 1410 2448 hominis
1455 2394 1814 2463 pervenimus,

242 2488 451 2544 Domini
478 2487 684 2542 scilicet
709 2484 833 2540 Jesu
863 2484 1064 2540 Christi
1099 2485 1195 2540 Dei
1220 2495 1275 2540 et
1303 2487 1534 2541 hominis
1556 2485 1670 2541 filii.
1715 2487 1820 2542 Ubi

240 2581 477 2649 priorum
507 2578 671 2633 tinem
701 2577 912 2633 decrevi
939 2575 1118 2632 facere
1137 2577 1420 2644 librorum,
1446 2588 1506 2633 ut
1531 2595 1653 2634 cum
1675 2579 1820 2650 lega-

241 2669 378 2723 libus
403 2666 759 2731 cmremoniis,
794 2674 849 2721 et
874 2667 1101 2733 umbris,
1132 2675 1298 2738 atque
1330 2668 1607 2724 erroribus
1631 2669 1821 2740 pristi-

241 2759 344 2823 nis,
372 2758 814 2813 terminarentur.

886 2867 1111 2924 CAPUT
1135 2869 1200 2924 II.

236 2961 316 3016 De
341 2961 608 3015 nativita!e
635 2956 830 3013 Christi
858 2959 922 3012 ab
965 2959 1164 3028 angelis
1213 2969 1264 3012 et
1304 2961 1566 3030 prophetis
1607 2978 1820 3016 annun-

341 3032 493 3094 tiata,
533 3047 648 3102 qua:
674 3039 873 3083 sextam
915 3029 1098 3083 mundi
1137 3029 1345 3084 (etatem
1371 3029 1710 3085 συνωθεῖ-αυξτ.

310 3119 477 3189 Igitur
491 3117 606 3188 jam
637 3117 918 3174 Salvatore
959 3128 1105 3184 nato,
1137 3117 1364 3188 ejusque
1398 3119 1562 3174 radiis
1598 3119 1824 3176 remotis

237 3210 503 3276 tenebris,
531 3208 798 3264 illustrato
826 3208 1044 3273 mundo,
1075 3209 1180 3262 alia
1222 3209 1442 3264 terenda
1464 3217 1549 3265 est
1570 3209 1682 3274 via,
1721 3223 1824 3266 nec

238 3300 304 3356 de
333 3299 689 3363 diversarum,
739 3305 799 3352 ut
843 3297 1014 3368 prius,
1060 3297 1374 3367 fatigabitur
1417 3298 1658 3354 calamus
1686 3313 1819 3370 gen-

240 3389 375 3443 tium
424 3387 605 3459 regnis
653 3387 972 3456 scripturus,
1022 3387 1148 3441 dum
1205 3386 1393 3442 feritas
1439 3398 1600 3458 atque
1641 3389 1823 3444 rabies

237 3479 572 3551 singularum
618 3477 856 3549 gentium
903 3478 1272 3545 immensaque
1314 3477 1481 3533 libido
1510 3477 1820 3534 dominandi

238 3577 321 3642 (ut
344 3571 400 3624 in
423 3569 694 3640 prioribus
712 3567 932 3623 libando
950 3566 1365 3637 perstrinximus
1388 3566 1561 3630 libris)
1590 3568 1643 3622 in
1663 3567 1825 3623 unius

238 3661 462 3716 ditionis
488 3662 692 3730 pariter
708 3661 891 3716 omnia
913 3661 1265 3717 conciderunt
1287 3674 1470 3730 regna.
1504 3659 1572 3713 Et
1593 3661 1696 3714 hoc
1714 3675 1825 3715 non

238 3755 518 3808 hominum
559 3753 841 3817 fortitudo,
872 3753 956 3809 vel
998 3752 1306 3822 prudentia,
1334 3751 1429 3807 sed
1456 3751 1554 3807 Dei
1580 3751 1824 3821 omnipo-

238 3843 428 3907 tentia,
453 3843 599 3912 quod
619 3851 778 3897 antea
800 3857 1061 3912 nusquam
1086 3840 1281 3907 fuerat,
1301 3841 1645 3909 praeparavit.
1671 3839 1824 3908 Quod

239 3933 396 4001 longe
425 3934 682 4003 propheta
711 3932 1028 4002 przevidens,
1061 3931 1138 3986 ait
1164 3949 1176 3984 :
1211 3929 1335 3984 Non
1359 3930 1539 3985 leuabit
1564 3947 1686 4000 gens
1706 3927 1824 4000 gla-

238 4025 410 4088 dium,
438 4032 493 4078 et
518 4039 638 4092 qua:
681 4030 1000 4092 sequuntur.
1032 4020 1262 4091 Dignum
1289 4021 1474 4090 itaque
1509 4029 1628 4076 erat
1652 4029 1710 4074 ut
1733 4020 1824 4076 illo

237 4122 521 4179 nascente,
545 4113 637 4184 qui
664 4129 802 4168 unus
828 4121 910 4168 est
949 4114 1110 4178 Deus,
1143 4112 1195 4166 in
1227 4111 1524 4166 substantia
1566 4109 1745 4165 Patris
1770 4117 1824 4166 et

241 4209 482 4279 Spiritus
532 4170 731 4270 sancti,
763 4207 864 4260 sub
912 4205 1070 4259 unius
1098 4219 1264 4259 censu
1313 4211 1457 4258 totus
1502 4170 1898 4257 subdereer

239 4298 495 4354 mundus.
527 4296 714 4366 Itaque
743 4297 859 4351 haec
880 4295 1136 4350 nativitas
1165 4293 1434 4349 celebrata
1459 4299 1562 4356 est,
1592 4292 1829 4362 prephe-

242 4390 314 4444 tis
350 4387 788 4459 prmdicentibus,
818 4394 872 4442 et
896 4386 1100 4458 angelis
1117 4384 1608 4456 proclamantibus:
1637 4381 1831 4461 .Gtoria

242 4486 297 4536 in
318 4481 536 4538 excelsis
567 4480 694 4545 Deo,
718 4489 765 4536 et
793 4481 1006 4535 interra
1025 4496 1130 4551 pax
1160 4478 1454 4533 hominibus
1475 4483 1624 4532 bona:
1649 4475 1832 4532 volun-

241 4575 390 4639 tatis,
423 4575 640 4642 quando
685 4581 827 4628 totus
855 4575 952 4628 sub
998 4587 1103 4628 una
1132 4586 1264 4642 pace
1315 4571 1563 4634 mundus,
1597 4567 1828 4624 mirabili

244 4665 410 4720 modo
439 4673 494 4720 et
520 4665 952 4735 przecedentibus
976 4663 1185 4719 saeculis
1214 4662 1472 4726 inaudito,
1495 4660 1828 4731 quiescebat.

241 4756 422 4822 Quam
453 4755 703 4810 videlicet
751 4755 1082 4810 nativitatem
1128 4763 1184 4809 et
1232 4768 1442 4824 pacem,
1498 4767 1606 4808 non
1654 4751 1829 4807 solum

243 4848 423 4902 divini
452 4847 652 4916 eloquii
697 4848 916 4916 scripta,
951 4845 1045 4902 sed
1085 4845 1248 4901 etiam
1296 4844 1578 4914 gentilium
1607 4842 1828 4898 oracula

241 4937 406 5006 longe
443 4936 596 5006 prius
624 4936 1007 5005 praedixerunt,
1037 4942 1096 4988 ut
1122 4933 1178 4988 in
1222 4932 1498 5002 Sibyllinis
1525 4941 1580 4986 et
1605 4938 1829 4987 caetero-

240 5041 367 5083 rum
395 5026 726 5082 carminibus
765 5026 1089 5080 continetur.
1134 5022 1297 5092 Igitur
1323 5030 1608 5091 postquam
1653 5021 1825 5090 impe-

239 5132 369 5172 rare
395 5117 563 5186 ctepit
609 5115 938 5172 Octavianus
985 5113 1186 5176 Caesar,
1227 5112 1316 5181 qui
1364 5112 1569 5181 primus
1612 5125 1824 5164 monar-

233 5206 422 5261 chiam
447 5205 680 5261 obtinuit
703 5204 888 5259 mundi
915 5201 1180 5274 (quamvis
1203 5199 1496 5254 avunculus
1521 5195 1636 5266 ejus
1656 5196 1829 5252 Julius

235 5295 428 5350 Caesar
478 5302 607 5349 ante
655 5308 779 5348 eum
823 5293 1084 5348 existeret
1113 5291 1291 5360 potius
1342 5295 1573 5342 metator
1617 5285 1826 5355 imperii

231 5401 405 5456 quam
431 5385 770 5457 imperator),
797 5398 966 5454 prope
989 5396 1210 5437 emenso
1231 5381 1518 5435 admodum
1538 5393 1679 5432 anno
1700 5392 1827 5448 qua-

235 5477 548 5547 dragesimo
594 5477 852 5541 secundo,
910 5481 1072 5528 natus
1120 5479 1204 5526 est
1247 5469 1504 5525 Dominus
1556 5466 1822 5534 Christus,

237 5584 424 5623 veram
458 5568 661 5624 mundo
703 5566 935 5636 torpenti
966 5566 1021 5621 in
1060 5563 1298 5620 tenebris
1344 5578 1374 5616 a
1416 5561 1627 5617 saeculis
1653 5575 1821 5616 sarcu-

233 5658 417 5715 lorum
455 5659 616 5717 terris
641 5655 872 5714 all'erens
901 5655 1091 5712 lucem.
1129 5654 1206 5710 Ita
1253 5652 1396 5708 enim
1427 5650 1625 5706 factum
1653 5659 1735 5706 est
1765 5658 1823 5705 ut

1847 1485 1900 1546 Α
1925 1499 2058 1578 cum
2075 1483 2350 1578 Abraham
2371 1492 2589 1578 sanctus
2619 1488 2718 1544 sub
2744 1488 2882 1548 Nino
2901 1494 3075 1562 primo
3099 1501 3336 1569 gentium
3379 1520 3504 1578 rege

1920 1573 2334 1646 quadragesimo
2363 1577 2523 1632 tertio
2550 1587 2709 1634 natus
2759 1581 2831 1636 sit
2870 1598 3031 1650 anno,
3073 1588 3158 1641 cui
3198 1590 3355 1646 dictae
3379 1573 3504 1649 sunt

1920 1666 2391 1736 repromissiones,
2419 1678 2476 1723 et
2503 1684 2568 1723 ex
2591 1669 2744 1739 cujus
2772 1673 2978 1730 semine
3005 1679 3302 1746 promissus
3329 1682 3509 1740 fuerat

1923 1755 2192 1823 Christus,
2223 1757 2426 1814 Christi
2473 1768 2653 1815 autem
2703 1763 2978 1831 nativitas,
3009 1769 3109 1822 sub
3138 1769 3243 1825 fine
3280 1775 3512 1841 quadra-

1919 1849 2110 1920 gesimi
2139 1849 2360 1904 secundi
2383 1851 2714 1915 conveniret,
2747 1861 2809 1907 ut
2835 1853 2944 1923 jam
2971 1872 3078 1911 non
3129 1858 3242 1927 ipse
3272 1861 3325 1914 in
3356 1871 3511 1932 parte

1919 1938 2066 1994 tertii
2099 1940 2248 2005 anni,
2288 1941 2383 1996 sed
2414 1941 2468 1995 in
2503 1942 2618 2011 ipso
2640 1943 2817 2011 potius
2842 1947 3032 2002 tertius
3056 1963 3230 2006 annus
3253 1953 3531 2008 oriretur-

1919 2031 2021 2099 Qui
2073 2032 2236 2087 etiam
2284 2047 2457 2088 annus
2509 2035 2748 2104 quantis,
2799 2052 2959 2107 quam
3011 2043 3185 2108 novis,
3235 2060 3510 2115 quamque

1920 2120 2192 2176 inusitatis
2218 2122 2595 2190 abundaverit,
2644 2124 2797 2190 satis,
2841 2128 3005 2183 etiam
3053 2146 3141 2186 me
3169 2148 3279 2187 non
3315 2134 3501 2203 profe-

1920 2219 2102 2278 rente,
2141 2221 2481 2283 compertum
2526 2213 2713 2270 haberi
2761 2217 3014 2273 arbitror.
3067 2220 3201 2276 Toto
3237 2229 3505 2280 terrarum

1921 2303 2052 2359 orbe
2109 2319 2218 2358 una
2245 2320 2356 2374 pax.
2390 2304 2658 2372 omnium,
2702 2323 2811 2362 non
2847 2310 3169 2377 cessatione,
3215 2314 3308 2368 sed
3339 2314 3512 2370 aboli-

1927 2392 2076 2448 tione
2108 2393 2396 2460 bellorum,
2448 2395 2647 2451 clausas
2686 2396 2806 2452 Jani
2852 2398 3063 2456 Gemini
3096 2413 3281 2472 porta,
3311 2406 3513 2460 exstir-

1919 2484 2060 2554 patis
2086 2483 2352 2538 bellorum
2383 2485 2656 2541 radicibus
2702 2502 2810 2542 non
2852 2491 3128 2558 repressis.
3169 2491 3374 2548 Census
3423 2495 3515 2550 ille

1919 2575 2129 2645 primus
2155 2573 2454 2640 maximus,
2485 2591 2607 2630 cum
2638 2577 2690 2630 in
2732 2577 2835 2632 hoc
2860 2594 3025 2634 unum
3053 2579 3282 2637 Czesaris
3313 2598 3512 2638 nomen

1920 2665 2175 2720 universa
2202 2681 2394 2735 magna
2417 2666 2658 2736 gentium
2693 2676 2941 2722 creatura
2975 2667 3196 2737 juravit,
3231 2672 3500 2743 simulque

1919 2769 2020 2825 per
2055 2755 2490 2809 communionem
2537 2769 2733 2809 census
2781 2756 2941 2811 unius
2994 2759 3270 2814 societatis
3316 2761 3507 2815 eii'ecta

1848 2829 1897 2888 Β
1924 2852 2025 2900 est.
2071 2843 2238 2916 Igitur
2267 2859 2411 2898 anno
2461 2843 2530 2898 ab
2581 2843 2726 2898 Urbe
2767 2847 2981 2900 condita
3035 2848 3510 2919 septingentesimo

1922 2936 2368 3008 quinquagesimo
2404 2935 2640 2990 secundo
2685 2945 2858 2992 natus-
2879 2945 2968 2992 est
3011 2939 3280 3006 Christus,
3307 2941 3514 2996 saluta,

1921 3041 2037 3082 rem
2065 3027 2251 3082 mundi
2278 3025 2510 3082 efferens
2553 3025 2738 3092 (idem,
2765 3042 2891 3083 vere
2935 3039 3086 3098 petra
3124 3031 3302 3087 medio
3327 3047 3524 3087 rerum

1920 3117 2118 3189 posita,
2163 3115 2255 3170 ubi
2283 3115 2742 3171 comminueretur
2781 3116 2874 3185 qui
2919 3115 3230 3185 oli‘enderet,
3261 3120 3354 3188 qui
3392 3135 3520 3176 cre-

1923 3211 2074 3266 deret
2095 3208 2436 3274 salvaretur;
2468 3223 2596 3263 vere
2635 3207 2774 3277 ignis
2797 3209 3016 3275 ardens,
3045 3225 3205 3280 quem
3236 3212 3327 3281 qui
3368 3212 3525 3266 inse—-

1928 3300 2118 3370 quitur
2163 3298 2500 3354 illuminatur
2530 3337 2546 3364 ,
2595 3298 2688 3368 qui
2738 3306 2909 3354 tenlat
2957 3301 3224 3355 exuritur.
3264 3300 3381 3372 Ipse
3425 3309 3524 3357 est.

1923 3389 2174 3449 Christus
2219 3389 2654 3446 Christianorum
2702 3395 2884 3457 caput,
2933 3389 3170 3445 salvator
3222 3391 3526 3455 bonorum,.

1924 3482 2189 3537 malorum
2236 3482 2476 3551 punitor,
2519 3478 2687 3548 judex
2738 3480 3002 3534 omnium.
3055 3481 3156 3536 llic
3183 3483 3324 3537 enim
3353 3483 3526 3538 .lesus.

1923 3571 2172 3628 Christus
2199 3570 2368 3626 Filius
2418 3569 2512 3624 Dei
2552 3577 2761 3625 sextam
2792 3571 2977 3626 mundi
3008 3579 3220 3629 atatem
3261 3587 3358 3628 suo
3385 3588 3512 3629 con-

1925 3661 2162 3717 secrevit
2182 3660 2438 3716 adventu.

2538 3770 2766 3828 CAPUT
2804 3772 2890 3828 III.

1925 3859 2002 3914 De
2031 3858 2241 3915 Herode
2285 3859 2578 3931 alienigena
2623 3860 2866 3931 sub_quo
2919 3870 3077 3915 natus
3118 3870 3198 3916 est
3248 3859 3510 3927 Christus,

1996 3931 2282 4052 quoztunf
2305 3928 2589 4000 prophetia:
2615 3928 2839 3996 impleta:
2861 3940 2982 3986 sunt
3031 3931 3165 3984 hanc
3191 3932 3512 3987 nativitatem

1996 4015 2103 4052 ara:
2143 4015 2254 4052 icen
2278 4017 2350 4052 es.

1993 4015 2350 4070 praedicantes.

1996 4109 2182 4181 Igitur,
2215 4119 2274 4164 ut
2297 4109 2350 4164 in
2386 4108 2812 4180 prazcedentibus
2839 4107 2992 4164 libris
3027 4110 3381 4177 ostendimus,
3416 4113 3511 4168 de-

1929 4204 2115 4274 pulsos
2137 4219 2258 4261 esse
2281 4219 2314 4258 a
2348 4218 2516 4276 regno
2539 4202 2846 4260 Judaeorum
2871 4205 2954 4260 vel
2975 4206 3172 4261 ducatu
3202 4223 3269 4262 ex
3306 4208 3514 4268 semine

1929 4295 2063 4352 Iuda
2089 4299 2252 4352 duces
2279 4305 2334 4352 et
2361 4295 2656 4366 principes,
2679 4294 2807 4351 dum
2835 4297 2900 4352 de
2919 4312 3128 4351 summa
3168 4313 3345 4352 rerum
3371 4300 3512 4353 acri-

1930 4393 2018 4442 ter
2061 4387 2470 4452 contenderent,
2521 4385 2763 4442 Herodes
2806 4402 2837 4441 a
2883 4386 3141 4442 Romanis
3186 4389 3516 4445 constitutus

1929 4483 2016 4530 est
2041 4475 2294 4545 princeps
2336 4474 2656 4546 alienigena,
2695 4483 2751 4530 et
2801 4476 2932 4530 nihil
2979 4477 3200 4532 omnino
3238 4477 3516 4548 pertinens

1929 4565 1997 4621 ad
2033 4565 2265 4632 Judazos,
2310 4566 2402 4636 qui
2421 4566 2692 4635 Antipatri
2738 4566 3058 4624 Ascalonilm
3103 4578 3158 4624 et
3202 4570 3391 4624 matris
3415 4568 3516 4641 Cy-

1929 4654 2097 4726 pridis
2126 4656 2372 4712 Arabica:
2399 4656 2542 4712 filius
2575 4657 2693 4712 fuit.
2721 4657 2772 4712 Is
2800 4659 2927 4713 dum
2961 4674 2992 4713 a
3030 4659 3290 4716 Romanis
3328 4677 3515 4718 susce-

1928 4745 2008 4814 pit
2036 4746 2396 4816 principatum
2423 4745 2752 4813 Judazorum,
2796 4748 3031 4803 vicinam
3067 4748 3268 4806 Christi
3313 4753 3512 4808 nativi-

1931 4845 2102 4894 tatem
2123 4839 2388 4909 designat,
2429 4846 2484 4893 et
2512 4839 2892 4904 sacerdotium,
2936 4847 2995 4894 et
3028 4855 3254 4909 regnum
3291 4839 3510 4908 ludam,

1929 4928 2074 4998 quod
2119 4929 2272 4998 prius
2321 4943 2419 4998 per
2467 4927 2837 4983 successiones
2889 4927 3158 4982 minorum
3210 4930 3512 4992 tenebatur,

1929 5031 2050 5073 esse
2087 5016 2511 5077 destruendum;
2554 5013 2775 5085 jamque
2813 5015 3134 5085 completam
3176 5017 3512 5086 prophetiam

1927 5120 2049 5162 esse
2071 5123 2192 5177 qua:
2219 5108 2292 5162 ita
2319 5120 2420 5176 per
2445 5103 2628 5159 Mosen
2668 5103 2905 5174 loquitur
2929 5121 2942 5158 :
2975 5104 3098 5159 Non
3135 5104 3338 5174 deﬁciet
3360 5105 3510 5175 prin-

1929 5212 2044 5266 ceps
2071 5213 2136 5252 ea:
2176 5196 2343 5260 Iuda,
2375 5209 2536 5264 neque
2574 5193 2745 5263 judea:
2784 5194 2848 5248 de
2897 5194 3178 5263 femoribus
3207 5193 3319 5263 ejus
3347 5193 3510 5248 donec

1929 5287 2096 5341 veniat
2123 5287 2206 5339 cui
2236 5283 2518 5354 repositum
2554 5291 2651 5349 est,
2687 5292 2736 5337 et
2775 5284 2884 5354 ipse
2921 5283 3019 5338 erit
3051 5283 3364 5353 exspectatio
3388 5299 3514 5353 gen-

1929 5378 2081 5430 tium.
2109 5375 2168 5431 In
2193 5377 2295 5430 hoc
2315 5373 2434 5430 loco
2454 5373 2616 5429 etiam
2645 5374 2881 5430 Christus
2909 5389 3068 5442 quem
3109 5373 3344 5428 Danielis
3366 5373 3512 5428 Scri-

1927 5475 2087 5536 ptura
2126 5464 2384 5535 praefatur
2427 5464 2635 5534 accepit
2672 5462 2856 5518 ﬁnem.
2916 5461 3048 5516 Nam
3098 5478 3267 5533 usque
3295 5463 3365 5516 ad
3407 5463 3511 5519 He-

1929 5559 2112 5614 rodem
2144 5557 2352 5621 christi,
2385 5556 2437 5611 id
2457 5563 2560 5620 cst,
2593 5555 2920 5620 sacerdotes,
2949 5564 3103 5610 erant
3125 5570 3276 5625 reges
3295 5553 3508 5610 Iudaeo-

1929 5665 2066 5718 rum,
2094 5649 2183 5720 qui
2208 5648 2471 5716 imperare
2491 5654 2768 5718 cmperunt
2787 5645 2854 5702 ab
2877 5645 3266 5706 instauratione
3297 5646 3500 5721 templi,
