3958 6172
448 309 587 366 illi)

1462 301 1851 361 FRECULPlll
1887 291 2343 359 LEXOVlE-N’SIS
2380 299 2688 358 EPISCOPI

3580 300 3716 357 ll?!)

445 425 547 480 sub
576 422 739 478 Dario
770 432 938 489 usque
972 416 1037 471 ad
1085 414 1378 470 Hireanum
1409 417 1567 471 annis
1606 416 1712 472 485
1748 417 1803 471 in
1847 416 2026 471 medio
2054 420 2103 477 Α
2129 413 2421 485 pendiariis
2457 412 2670 483 adjecit.
2710 412 3006 468 Getharum
3042 412 3286 482 populos,
3319 414 3725 489 Basternasque

448 511 754 568 transactis.

515 603 661 671 Quos
690 598 878 655 Daniel
907 612 1122 667 quoque
1156 596 1447 669 significat,
1477 597 1701 653 dicens:
1748 597 1818 652 Et
1854 597 2034 652 sciens

444 702 502 747 et
547 690 876 760 intelligens,
935 689 1004 742 ab
1054 687 1209 741 initio
1259 685 1527 741 sermonis
1574 686 1932 757 respondendi
1978 692 2035 740 et

443 780 742 836 mdiflcandi
766 777 1120 843 Hierusalem,
1152 792 1324 846 usque
1350 777 1418 831 ad
1437 775 1643 831 Christi
1672 776 2032 846 principatum

446 872 794 928 hebdomadie
839 871 890 934 7,
923 877 978 924 et
1024 867 1377 923 hebdomade:
1410 867 1500 932 6‘2,
1551 882 1672 938 qua:
1718 865 1785 920 69
1829 864 2034 921 hebdo—

445 962 615 1016 madm
645 960 853 1016 faciunt
880 974 1053 1014 annos
1087 957 1215 1025 485,
1263 957 1318 1013 in
1362 957 1557 1027 quibus
1598 956 1812 1023 christi,
1846 956 1900 1012 id
1926 965 2029 1021 est,

443 1057 772 1120 sacerdotes,
804 1070 902 1124 per
934 1054 1245 1109 unctionem
1293 1054 1616 1119 consecrati,
1668 1059 2033 1124 regnaverunt

442 1162 613 1217 usque
640 1148 709 1202 ad
736 1145 1050 1200 Hircannm.
1079 1144 1195 1210 Quo
1216 1151 1462 1199 extremo
1488 1144 1728 1199 omnium
1759 1158 1788 1196 a
1814 1143 2031 1197 Parthis

439 1250 601 1309 captu
622 1238 862 1293 Herodes
889 1235 1159 1305 Antipatri
1186 1236 1329 1290 filius
1349 1236 1480 1290 nihil
1503 1235 1570 1289 ad
1594 1250 1650 1291 se
1670 1237 2029 1305 pertinentem

440 1325 681 1381 Judzeam
729 1342 760 1380 a
802 1324 1017 1380 Caesare
1065 1332 1120 1378 et
1163 1333 1353 1379 senatu
1397 1325 1608 1394 accepit
1642 1324 2027 1395 principatum,

441 1415 644 1485 filiique
669 1413 785 1483 ejus
809 1422 931 1485 post
955 1430 1078 1470 eum
1117 1422 1497 1482 regnaverunt,
1530 1429 1701 1483 usque
1745 1413 1812 1468 ad
1852 1413 2031 1468 novis-

437 1506 630 1561 simam
654 1506 1148 1577 llierosolymorunt
1174 1505 1564 1575 captivitatem,
1593 1519 1932 1574 nequaquam
1958 1518 2027 1559 ex

438 1598 778 1652 successione
829 1595 1181 1651 sacerdotalis
1226 1595 1441 1667 generis
1493 1592 1840 1665 pontificibus
1895 1608 2029 1648 con-

436 1689 662 1756 stitutis,
710 1704 887 1758 neque
930 1688 1291 1758 perpetuitate
1330 1688 1453 1742 vita:
1505 1688 1800 1742 secundum
1851 1687 2025 1757 legem

2135 502 2414 558 lacessitos
2462 502 2617 557 bellis
2646 542 2660 566 ,
2719 501 2788 555 ad
2842 502 3191 556 concordiam
3243 505 3519 575 wmpulit.
3584 508 3727 565 lluic

2132 592 2314 648 Perse
2361 592 2577 648 obsides
2627 591 2939 647 obtulerunt
2971 631 2988 657 ,
3043 594 3378 665 creandique
3424 598 3570 668 regis
3631 616 3724 654 ar.

2133 682 2353 737 bitrimn
2392 682 2772 751 permiserunt.
2807 680 2889 735 Ad
2923 680 3065 737 hunc
3106 682 3240 748 Indi,
3289 683 3524 755 Scythaa,
3549 688 3725 744 Cara-

2131 782 2365 839 mantes,
2400 772 2706 843 JEthiopes,
2736 772 2942 843 legatos
2961 788 3085 827 cum
3107 773 3264 828 donis
3288 775 3572 831 miserunt.

2200 862 2349 918 Adeo
2370 864 2600 931 denique
2630 863 2816 918 turbas
2852 863 2989 917 bella
3028 864 3367 922 simultantes
3404 880 3727 927 exsecratus

2131 957 2233 1016 cst,
2263 959 2344 1017 ut,
2378 951 2480 1006 nisi
2502 950 2665 1019 justis
2685 952 2753 1007 de
2770 952 2968 1017 causis,
2996 968 3274 1022 nunquam
3295 957 3443 1025 genti
3464 959 3725 1028 cuiquam

2131 1043 2330 1098 bellum
2359 1044 2635 1100 indixerit.
2678 1043 3051 1116 Jaetantisque
3078 1061 3203 1101 esse
3232 1047 3433 1118 ingenii
3469 1058 3523 1104 et
3561 1051 3725 1107 levis-

2130 1134 2254 1190 simi
2296 1135 2510 1190 dicebat
2554 1135 2804 1190 ardorem
2859 1135 3247 1205 triumphandi,
3278 1146 3332 1192 et
3380 1138 3451 1193 ob
3477 1139 3723 1196 lauream

2131 1240 2411 1290 coronam,
2442 1224 2496 1280 id
2519 1232 2622 1291 est,
2666 1223 2793 1279 folia
2826 1224 3176 1290 infructuosa,
3208 1226 3262 1280 in
3292 1229 3585 1284 discrimen
3621 1246 3724 1301 per

2131 1318 2369 1372 incertos
2427 1326 2653 1372 eventus
2705 1318 3066 1372 certaminum
3121 1320 3470 1374 securitatem
3517 1321 3723 1377 civium

2127 1406 2497 1477 praecipitare;
2520 1422 2698 1477 neque
2719 1407 3035 1477 imperatori
3060 1408 3204 1463 bono
3223 1409 3517 1480 quidquam
3539 1412 3725 1468 minus

2128 1513 2291 1567 quam
2319 1499 2679 1553 temeritatem
2721 1512 3058 1569 congruere;
3108 1500 3241 1555 satis
3282 1500 3534 1556 celeriter
3578 1503 3721 1570 fieri,

2128 1588 2389 1658 quidquid
2424 1590 2705 1644 commode
2730 1597 3027 1659 gereretur,
3065 1604 3323 1660 armaque
3348 1593 3453 1647 nisi
3499 1593 3727 1663 majoris

2129 1680 2478 1735 emolumenti
2507 1694 2603 1750 spe
2643 1696 2982 1750 nequaquam
3011 1684 3272 1737 movenda
3302 1698 3448 1748 esse,
3479 1700 3550 1739 ne
3573 1702 3727 1739 cum-

441 1780 570 1836 Μοδί
610 1780 971 1837 servientibus
1021 1782 1152 1836 Deo.
1200 1779 1467 1851 Ignobiles
1510 1793 1644 1834 vero
1688 1778 1929 1848 quidam,
1972 1785 2028 1835 ct
2056 1760 2102 1818 Β
2129 1772 2325 1842 pendio
2360 1772 2526 1834 tenui,
2568 1772 2781 1843 jactura
2811 1771 2985 1843 gravi,
3036 1773 3203 1842 petita
3253 1775 3479 1829 victoria
3525 1778 3727 1835 similis

436 1871 544 1925 alio
566 1879 808 1942 tempore
842 1871 953 1937 alii,
982 1880 1038 1926 et
1074 1870 1313 1926 nonnulli
1342 1869 1504 1924 unius
1533 1869 1681 1935 anni,
1710 1870 1825 1925 sive
1854 1869 2027 1925 modi-

437 1977 503 2016 co
529 1961 782 2031 amplius,
830 1976 862 2016 a
893 1960 1154 2016 Romanis
1209 1959 1627 2030 imperatoribus
1664 1958 2025 2015 sacerdotium

431 2052 704 2107 emebant.

505 2130 844 2211 Quaeomnia
871 2143 1034 2199 etiam
1063 2141 1252 2198 Daniel
1273 2141 1535 2211 propheta
1565 2140 1916 2206 vaticinatur,
1948 2141 2025 2196 ita

434 2234 657 2289 dicens:
692 2233 763 2287 Et
787 2242 905 2307 post
930 2234 1283 2288 hebdomadas
1307 2231 1377 2288 69
1421 2231 1652 2286 interibit
1706 2232 1955 2297 chrisma,
1976 2241 2027 2287 et

429 2326 689 2395 judicium
718 2342 824 2381 non
862 2327 961 2381 erit
998 2328 1053 2381 in
1081 2343 1161 2392 eo,
1189 2335 1238 2380 et
1284 2324 1533 2396 templum
1557 2335 1606 2380 et
1643 2334 1883 2380 sanctum
1910 2341 2027 2380 cor-

433 2426 638 2487 rumpet
667 2417 912 2488 populus,
944 2417 1078 2472 duce
1103 2417 1354 2471 veniente.

1049 2527 1278 2584 CAPUT
1321 2527 1410 2583 IV.

435 2617 510 2673 De
541 2618 849 2690 octaviano.
885 2621 974 2690 qui
1024 2637 1126 2674 non
1156 2637 1210 2674 se
1252 2620 1593 2690 permittebat
1627 2619 1897 2690 dominum
1931 2635 2024 2690 ap-

500 2689 708 2771 pellari,
732 2699 780 2771 et
808 2688 1014 2761 qualem
1051 2690 1209 2744 vitam
1244 2688 1476 2757 duxerit,
1517 2688 1594 2744 uel
1618 2705 1722 2760 quo
1750 2689 1855 2758 ﬁne
1881 2688 2020 2760 pric-

484 2769 685 2815 remus
708 2769 795 2815 8η.

506 2872 673 2943 Igitur
698 2871 1048 2938 Octavianus,
1094 2873 1186 2943 qui
1219 2872 1610 2943 imperatorum
1637 2871 1879 2926 omnium
1905 2871 2022 2941 pri-

432 2979 554 3018 mus
580 2964 948 3019 monarcbiam
984 2963 1218 3019 obtinuit
1272 2962 1457 3017 mundi
1511 2960 1594 3033 (ut
1613 2957 2021 3031 praemisimus),

431 3068 538 3106 non
569 3068 760 3122 passus
788 3062 872 3109 est
895 3053 1111 3123 quidem
1136 3068 1309 3122 neque
1335 3068 1499 3108 ausus
1522 3053 1714 3108 saltem
1735 3068 1767 3106 a
1786 3052 2021 3123 propriis

2130 1864 2202 1918 sit
2220 1864 2388 1919 hamo
2416 1878 2582 1919 aureo
2614 1863 2969 1933 piscantibus,
2996 1862 3151 1932 cujus
3183 1864 3398 1934 abrupti
3423 1867 3725 1937 amissique

2128 1954 2516 2009 detrimentum
2573 1953 2722 2009 nullo
2769 1962 3010 2024 capturas
3055 1953 3206 2009 lucro
3254 1957 3468 2023 pensari
3521 1968 3722 2028 potest.

2129 2045 2372 2115 Denique
2423 2060 2550 2116 erga
2594 2044 2740 2100 cives
2772 2044 3197 2100 clementissime
3236 2057 3487 2102 versatus
3530 2059 3639 2113 est,
3670 2051 3721 2105 in

2128 2139 2334 2194 amicos
2359 2137 2498 2192 fidus
2519 2137 2747 2194 exstitit.
2771 2135 3011 2204 Quorum
3039 2137 3297 2207 praecipui
3317 2148 3477 2193 erant
3495 2140 3570 2194 ob
3598 2144 3720 2196 taei-

2127 2230 2443 2285 turnitatem
2472 2228 2765 2304 Maecenas,
2818 2227 2890 2284 ob
2918 2228 3234 2299 patientiam
3288 2228 3495 2286 laboris
3538 2233 3721 2287 mode.

2126 2322 2396 2391 etiamque
2422 2319 2716 2391 Aggrippa.

2198 2404 2468 2480 Diligebat
2510 2418 2772 2480 praeterea
2825 2411 3148 2481 Virgilium;
3202 2427 3359 2465 rarus
3392 2413 3617 2481 quidem
3655 2415 3719 2470 ad

2126 2498 2465 2567 recipiendas
2486 2499 2776 2563 amicitias,
2803 2498 2869 2552 ad
2893 2500 3203 2555 retinendas
3221 2502 3714 2558 constantissinnis.

2126 2588 2466 2645 Liberalibus
2515 2590 2727 2655 studiis,
2778 2590 3078 2659 praesertim
3106 2590 3452 2661 eloquentiae,
3493 2592 3551 2647 in
3606 2603 3719 2648 tan-

2126 2690 2244 2736 tum
2273 2682 2614 2748 incumbens,
2659 2692 2720 2736 ut
2770 2681 2950 2737 nullus
2976 2698 3047 2737 ne
3097 2683 3151 2736 in
3183 2684 3469 2752 procinctu
3497 2687 3714 2754 quidem

2124 2770 2402 2826 laberetur
2424 2771 2559 2836 dies,
2610 2772 2739 2841 quin
2767 2771 2992 2841 legeret,
3041 2772 3326 2837 scriberet,
3358 2773 3713 2830 declamaret.

2126 2861 2298 2934 Leges
2327 2862 2464 2918 alias
2508 2877 2698 2929 novas,
2746 2861 2882 2917 alias
2919 2871 3195 2917 correctas
3229 2863 3457 2931 protulit
3487 2880 3589 2919 suo
3629 2882 3718 2920 no-

2126 2956 2293 3012 mine.
2336 2956 2523 3021 Auxit,
2572 2954 2894 3024 ornavitque
2943 2954 3172 3010 Romam
3213 2956 3462 3011 aediliciis
3510 2959 3716 3025 multis,

2127 3046 2230 3102 isto
2277 3046 2516 3118 glorians
2546 3046 2727 3101 dicto:
2768 3045 2963 3100 Urbem
3016 3044 3314 3100 latericiam
3350 3047 3568 3116 reperi,
3631 3066 3715 3104 re-

430 3140 615 3194 liberis
663 3141 939 3195 dominum
970 3156 1029 3195 se
1065 3143 1355 3207 nominari,
1392 3149 1596 3210 quanto
1640 3143 1812 3211 magis
1838 3143 1907 3196 ab
1929 3157 2025 3197 ex-
2051 3117 2098 3180 C
2129 3135 2316 3206 linquo
2344 3152 2727 3192 marmoream.
2757 3136 2903 3201 Filii.
2931 3136 3127 3205 inquit.
3158 3145 3365 3207 gratus,
3390 3139 3574 3194 CiViliS
3604 3142 3717 3196 ani—

432 3233 653 3296 traneis,
683 3233 807 3302 quia
831 3247 896 3287 eo
922 3233 1221 3302 imperante
1248 3248 1408 3287 verus
1453 3232 1707 3288 dominus
1749 3234 1913 3289 totius
1937 3248 2026 3304 ge-

397 3332 402 3336 '
433 3321 582 3375 neris
634 3320 858 3374 humani
890 3320 1034 3376 inter
1087 3321 1335 3375 homines
1380 3328 1540 3376 natus
1575 3330 1679 3377 est.
1712 3320 1849 3375 Nam
1898 3337 2023 3377 cum

430 3414 621 3468 eodem
647 3420 928 3483 spectante
948 3412 1122 3480 ludos,
1146 3413 1552 3484 pronuntiatum
1578 3421 1722 3469 esset
1747 3414 1800 3468 in
1822 3414 2020 3470 mimo:

430 3507 476 3561 Ο
503 3506 781 3561 dominum
811 3522 1025 3576 acquum
1057 3514 1113 3561 et
1140 3506 1363 3571 bonum,
1386 3504 1735 3575 universique
1769 3506 1925 3575 quasi
1958 3505 2026 3561 de

433 3597 552 3667 ipso
573 3597 773 3652 dictum
797 3604 965 3663 esset,
986 3596 1323 3652 exsultanter
1351 3596 1810 3668 approbavissent,
1843 3597 2026 3653 statim

428 3688 649 3757 quidem
695 3702 882 3754 manu,
920 3686 1180 3757 vultuque
1226 3686 1515 3743 indecoras
1559 3687 1899 3743 adulationes
1941 3704 2029 3744 re-

430 3777 659 3848 pressit,
688 3785 744 3832 et
769 3777 1015 3847 sequenti
1049 3777 1136 3832 die
1177 3778 1499 3848 gravissimo
1529 3778 1794 3849 corripuit
1822 3778 2024 3846 edicto,

433 3867 820 3937 dominumque
844 3881 904 3922 se
931 3874 1054 3936 post
1082 3866 1187 3922 hac
1209 3866 1491 3937 appellari,
1521 3882 1590 3921 ne
1617 3882 1649 3922 a
1689 3867 1877 3923 liberis
1902 3868 2026 3938 qui-

432 3958 555 4013 dem
580 3964 673 4012 aut
702 3958 987 4027 nepotibus
1015 3957 1150 4024 suis,
1179 3958 1263 4013 vel
1313 3958 1457 4014 serio
1483 3958 1568 4014 vel
1606 3956 1732 4026 joco
1756 3959 2024 4030 permisit.

434 4050 690 4105 Attamen
719 4050 909 4119 paucis
934 4049 1218 4118 expediam
1264 4048 1431 4106 dictis
1474 4065 1582 4121 quo
1627 4064 1826 4120 genere
1850 4058 2025 4116 ortus,

431 4142 716 4213 qualemve
760 4142 976 4197 duxerit
1017 4141 1205 4207 vitam,
1240 4156 1349 4212 quo
1384 4141 1490 4197 fine
1534 4149 1865 4213 praeventus,
1911 4140 2025 4212 qui,

432 4234 605 4304 portis
637 4232 761 4289 lani
804 4232 1024 4298 clausis,
1052 4232 1467 4303 rempublicam,
1498 4247 1662 4304 quam
1700 4232 1844 4289 bello
1881 4248 2029 4303 qua:-

431 4327 622 4392 sierat,
649 4340 786 4396 pace
815 4325 1140 4389 nutriverat,
1172 4322 1504 4393 amplificare
1533 4324 1775 4380 studens.
1801 4322 1903 4381 Hic
1930 4339 2031 4379 au-

434 4424 544 4470 tem
595 4423 749 4484 patre
794 4414 1088 4470 Octaviano
1126 4422 1377 4469 senatore
1429 4413 1665 4485 genitus,
1718 4422 2023 4470 maternum

434 4518 607 4575 genus
647 4504 716 4558 ab
744 4502 918 4557 Enen
944 4518 1044 4572 per
1068 4502 1263 4557 Juliam
1297 4501 1558 4557 familiam
1604 4506 1849 4571 sortitus,
1892 4504 2024 4559 ado—

434 4597 620 4668 ptione
644 4611 774 4651 vero
799 4596 861 4651 C.
896 4595 1127 4652 Caesaris
1152 4593 1376 4663 majoris
1400 4596 1483 4650 sui
1511 4597 1781 4663 avunculi,
1813 4596 1874 4653 C.
1906 4597 2024 4653 Ca3-

435 4705 531 4745 sar
554 4689 752 4755 dictus,
795 4689 990 4745 deinde
1029 4688 1100 4744 ob
1140 4686 1423 4743 victoriam
1451 4685 1723 4758 Augustus
1747 4689 2023 4760 cognomi-

435 4790 598 4837 natus
624 4789 726 4837 est.
766 4782 871 4837 Iste
893 4782 948 4837 in
983 4780 1211 4851 imperio
1233 4779 1463 4850 positus,
1507 4779 1845 4835 tribunitiam
1866 4789 2022 4851 pote-

438 4879 633 4927 statem
672 4887 771 4942 per
798 4886 857 4928 se
895 4870 1161 4927 exercuit.
1202 4868 1495 4941 Hegionem
1523 4868 1744 4941 Egypti
1787 4870 2019 4926 inunda-

438 4961 586 5019 tione
614 4950 719 5017 Nili
768 4977 986 5018 accessu
1015 4960 1304 5025 diflicilem,
1356 4960 1665 5030 inviamque
1712 4959 2016 5031 paludibus,

432 5053 490 5109 in
523 5054 812 5125 provincia:
870 5053 1097 5109 formam
1148 5052 1373 5124 redegit.
1421 5051 1593 5121 Quam
1639 5059 1700 5107 ut
1747 5068 2019 5109 annonam

439 5144 590 5201 urbis
639 5146 914 5217 copiosam
948 5144 1206 5209 ediceret,
1245 5142 1418 5200 fossas
1473 5144 1681 5200 incuria
1730 5146 2020 5202 vetustatis

438 5235 568 5293 limo
610 5237 839 5305 clausas,
892 5237 1076 5293 labore
1099 5238 1330 5293 militum
1367 5238 1638 5307 patefecit.
1685 5237 1855 5309 Hujus
1884 5248 2022 5294 tem-

439 5343 572 5396 pore
592 5342 658 5381 ex
683 5326 918 5400 Aigypm
945 5328 1067 5383 urbi
1091 5343 1270 5382 annua
1290 5327 1570 5385 ducenties
1600 5337 1826 5384 centena
1853 5328 2020 5383 millia

440 5416 696 5473 frumenti
738 5419 1127 5474 inferebantur.
1159 5419 1264 5473 lste
1288 5417 1587 5475 Cantabros
1623 5429 1679 5475 et
1700 5418 2018 5491 Aquitanos,

442 5507 665 5574 llhetos,
721 5508 1064 5575 Vindelicos,
1114 5509 1390 5565 Dalmatas
1437 5512 1743 5581 provincias
1797 5527 2023 5569 numero

442 5601 637 5668 populo
663 5599 905 5657 Romano
944 5602 1241 5674 conjunxit,
1293 5602 1499 5660 Suevos
1546 5605 1837 5676 Cattosquc
1880 5607 2024 5663 dele-

444 5687 537 5741 vit.
567 5688 881 5762 Sigambros
921 5696 970 5749 in
995 5693 1222 5751 Galliam
1248 5696 1542 5763 transtulit,
1590 5697 1894 5754 Pannonios
1926 5701 2022 5754 sti-

2128 3227 2203 3281 mi
2232 3235 2289 3281 et
2313 3226 2476 3297 lepidi
2500 3243 2515 3292 ;
2547 3242 2774 3297 corpore
2799 3236 2910 3282 toto
2932 3226 3175 3296 pulcher,
3208 3229 3302 3283 sed
3324 3230 3503 3285 oculis
3526 3233 3715 3302 magis.

2128 3318 2368 3387 Quorum
2391 3320 2563 3375 aciem
2589 3319 3016 3375 clarissimorum
3034 3321 3271 3376 siderum
3292 3323 3457 3378 modo
3476 3324 3715 3388 vibrans,

2127 3411 2363 3467 libenter
2387 3411 2690 3482 accipiebat
2736 3411 2855 3466 cedi
2884 3412 2951 3466 ab
2987 3412 3410 3479 intendentibus,
3461 3422 3716 3485 tanquam

2128 3501 2259 3558 solis
2295 3501 2485 3568 radiis,
2523 3501 2765 3571 aspectui
2809 3517 2945 3557 suo:
3004 3518 3036 3556 a
3065 3501 3218 3571 cujus
3251 3502 3390 3558 facie
3436 3504 3572 3558 dum
3600 3506 3715 3575 qui-

2128 3595 2252 3650 dam
2277 3593 2434 3649 miles
2474 3594 2658 3649 oculos
2691 3603 2983 3660 averteret,
3024 3603 3081 3651 et
3102 3597 3541 3668 interrogaretur
3565 3601 3635 3654 ab
3657 3615 3715 3654 eo

2128 3699 2227 3740 cur
2256 3684 2328 3738 ita
2371 3684 2595 3748 faceret,
2633 3685 2946 3754 respondit:
2998 3684 3137 3753 Quia
3188 3685 3391 3743 fulmen
3439 3689 3715 3745 oculorum

2130 3782 2345 3830 tuorum
2394 3772 2539 3828 ferre
2586 3789 2695 3829 non
2736 3789 2979 3845 possum.
3030 3773 3143 3831 Nec
3188 3785 3369 3831 tamen
3407 3779 3496 3833 vir
3544 3789 3719 3835 tantus

2128 3864 2275 3919 vitiis
2324 3863 2521 3928 caruit,
2574 3864 2702 3919 dum
2734 3865 3015 3934 cupiditati
3061 3866 3363 3922 dominanti
3395 3885 3463 3924 ac
3510 3868 3721 3925 libidini

2129 3955 2441 4021 deservivit,
2487 3953 2767 4027 eiectaque
2811 3974 2984 4013 uxore
3016 3959 3234 4030 propria
3280 3961 3574 4018 Scribonia
3622 3980 3716 4019 nu-

2128 4043 2296 4111 mine,
2326 4044 2557 4111 Liviam,
2606 4047 2761 4116 quasi
2809 4046 2928 4116 ejus
2975 4048 3094 4105 viro
3123 4050 3226 4105 sibi
3270 4066 3396 4106 eam
3449 4055 3720 4122 tradente,

2129 4135 2479 4191 matrimonio
2506 4136 2751 4192 sociavit.
2785 4136 2958 4205 Quam
2992 4148 3143 4195 tanto
3168 4140 3359 4196 dilexit
3405 4158 3617 4211 amore,
3662 4156 3725 4200 ut

2129 4229 2371 4301 ejusdem
2395 4229 2553 4294 filios,
2582 4229 2875 4302 Tyberium
2898 4239 2956 4287 et
2982 4233 3216 4289 Drusum
3259 4248 3389 4288 suos
3414 4236 3721 4306 privignos,

2127 4324 2348 4394 propria
2375 4322 2525 4392 prole
2545 4322 2743 4393 ejecta,
2788 4324 3069 4394 adoptaret
3110 4326 3164 4380 in
3192 4325 3350 4383 filios.
3397 4328 3480 4382 Ex
3525 4330 3726 4399 quibus

2131 4412 2423 4484 Tyberium
2451 4428 2821 4469 successorem
2841 4415 3052 4485 imperii
3075 4415 3397 4489 designavit.
3426 4418 3729 4490 Imperavit

2126 4505 2285 4559 annis
2306 4505 2696 4576 quinquaginta
2717 4521 2835 4572 sex,
2860 4506 3142 4563 duodecim
3162 4523 3285 4563 eum
3303 4508 3568 4577 Antonio,
3595 4529 3728 4582 qua-

2121 4596 2366 4668 draginta
2391 4611 2522 4653 vero
2550 4605 2606 4652 et
2638 4604 2872 4667 quatuor
2891 4598 3057 4653 solus.
3103 4597 3206 4665 Qui
3249 4608 3400 4656 certe
3438 4618 3727 4674 nunquam

2118 4698 2215 4743 aut
2243 4689 2551 4760 reipublicae
2577 4691 2876 4760 potentiam
2905 4691 2975 4746 ad
2998 4706 3059 4747 se
3086 4692 3362 4759 traxisset,
3396 4703 3489 4748 aut
3532 4698 3725 4752 tandiu

2119 4793 2181 4834 ea
2204 4781 2490 4851 potiretur,
2517 4782 2622 4836 nisi
2665 4797 2765 4852 pro
2793 4797 2956 4838 causa
3001 4784 3304 4841 nativitatis
3348 4785 3569 4842 Domini
3615 4789 3728 4843 hoc

2120 4869 2292 4928 fieret.
2329 4873 2431 4940 Qui
2451 4881 2575 4943 post
2603 4884 2837 4931 mortem
2867 4876 3085 4946 quantis
3107 4877 3408 4934 honoribus
3446 4894 3479 4933 a
3523 4892 3726 4937 senatu

2119 4968 2204 5018 est
2223 4963 2565 5031 sublimatus,
2595 4981 2852 5022 enarrare
2896 4966 3115 5039 longum
3144 4976 3247 5023 est.
3275 4967 3378 5025 Hic
3419 4971 3568 5025 enim
3599 4974 3730 5028 sin-

2119 5055 2360 5127 gularem
2389 5056 2473 5130 (ut
2498 5057 2756 5127 diximus)
2798 5058 3006 5129 primus
3045 5060 3285 5115 obtinuit
3320 5062 3730 5132 principatum,

2119 5155 2176 5203 et
2199 5147 2431 5217 posteris
2452 5149 2698 5204 eamdem
2730 5150 2941 5220 imperii
2984 5158 3303 5221 potestatem
3334 5168 3459 5207 cum
3489 5168 3595 5210 suo
3617 5170 3733 5211 no-

2121 5240 2267 5295 mine
2295 5239 2522 5310 Augusti
2561 5240 2868 5311 dereliquit.
2906 5242 3009 5309 Qui
3049 5242 3196 5297 circa
3238 5243 3400 5299 finem
3431 5244 3582 5309 vitae,
3619 5243 3735 5300 τια-
3813 5287 3819 5292 -

2128 5329 2259 5385 dzeis
2279 5346 2384 5385 non
2406 5329 2705 5387 ferentibus
2721 5331 3056 5389 ferocitatem
3073 5330 3323 5389 Archelai
3345 5334 3441 5389 ﬁlii
3457 5334 3736 5403 Herodis,

2128 5422 2217 5490 qui
2247 5430 2368 5492 post
2398 5436 2522 5476 eum
2548 5422 2705 5477 annis
2729 5438 2921 5479 novem
2959 5424 3014 5478 in
3034 5422 3219 5479 Judma
3246 5434 3595 5496 regnaverat,
3624 5428 3742 5482 sed

2126 5513 2269 5570 ultro
2294 5515 2695 5582 accusantibus,
2742 5514 3013 5586 Augustus
3040 5516 3181 5585 apud
3211 5515 3478 5571 Viennam
3524 5517 3744 5572 urbem

2128 5603 2314 5660 Galliic
2344 5606 2594 5662 eumdem
2620 5607 2944 5661 Archelaum
2979 5608 3254 5678 relegavit,
3288 5620 3344 5662 et
3374 5609 3440 5662 ad
3472 5608 3746 5664 minuen-

2129 5694 2250 5749 dam
2294 5693 2501 5752 Jndaici
2561 5697 2710 5768 regni
2752 5698 3080 5768 potentimn,
3134 5699 3587 5771 insolentiannpte
3634 5702 3749 5758 do-
