3964 6172
304 277 435 331 H2!

1409 273 1822 333 CliRONlCON.
1859 309 1931 320 —
1970 278 2134 337 ΤΟΜΙ
2174 279 2215 335 II
2254 279 2382 334 LIB.
2422 280 2462 334 I.

3430 284 3455 347 ,ί
3474 285 3568 339 122

298 390 576 453 maniam,
607 395 839 457 quatuor
864 385 1060 441 fratres
1089 385 1205 455 ejus
1238 401 1337 456 pro
1365 402 1429 441 eo
1455 398 1580 444 sunt
1604 388 1891 444 tetrarchte
1919 392 1968 452 Α
1994 405 2114 445 rum
2147 389 2399 459 scriptor,
2429 390 2575 445 circa
2620 390 2735 445 lucc
2781 400 3045 462 tempora,
3073 393 3159 447 dic
3197 392 3567 463 Pentecostrs,

296 480 493 545 creati,
522 478 782 541 IIerodes,
814 477 1118 547 Antipater,
1142 477 1318 532 Lisias
1339 488 1393 532 et
1415 478 1714 549 Philippus.
1744 479 1886 547 Quo-

297 585 420 623 rum
462 566 743 637 Philippus
785 574 840 621 et
886 564 1148 632 Herodes,
1175 568 1267 637 qui
1308 566 1535 637 Antipas
1572 570 1723 639 prius
1750 586 1888 624 nun-

296 665 550 728 cupatur,
576 656 742 712 etiam
765 655 979 711 vivente
1021 654 1311 723 Archelao,
1359 659 1645 713 tetrarchae
1674 656 1887 714 fuerant

295 748 555 803 ordinati.

928 839 1156 897 CAPUT
1202 840 1265 895 γι

301 950 525 1023 Tyberio
580 952 889 1023 imperante,
939 949 1173 1023 Ioannes
1225 950 1495 1023 pradicet
1525 961 1577 1023 et
1630 952 1879 1023 baptizat.

367 1022 628 1103 Dominus
648 1020 1166 1104 Iesuspra'dicando
1194 1020 1242 1074 et
1269 1021 1530 1075 miracula
1549 1020 1791 1092 faciendo
1814 1023 1884 1076 ad

363 1102 661 1163 passionem
686 1102 840 1145 venit.

364 1203 651 1276 Tyberius,
682 1202 961 1273 privignus
1002 1202 1565 1275 Augusti,—imperavit
1611 1203 1879 1260 annisﬁl.

291 1292 467 1363 Hujus
518 1308 662 1348 anno
708 1293 1025 1348 duodecimo
1088 1292 1294 1349 Pilatus
1346 1302 1736 1363 procuraturus
1782 1292 1880 1349 Iu-

290 1383 492 1450 dzram,
519 1382 772 1453 dirigitur
790 1381 1240 1454 Hierosolymam.
1272 1382 1513 1439 Herodes
1535 1400 1663 1456 ergo
1685 1393 1881 1439 tetrar-

269 1479 418 1556 ~eha,
444 1477 537 1548 qui
558 1475 865 1530 Iudmorum
916 1475 1276 1546 principatum
1309 1477 1479 1530 tenuit
1507 1478 1667 1532 annis
1702 1477 1795 1544 24,
1825 1478 1878 1533 in

289 1572 556 1627 honorem
585 1569 824 1642 Tyberii,
855 1577 910 1623 et
942 1570 1129 1624 matris
1156 1569 1273 1640 ejus
1306 1569 1876 1641 Liviae,'Tyberiadem

289 1661 552 1724 condidit,
594 1668 649 1715 et
692 1660 989 1715 Libiadcm.
1025 1658 1213 1728 Itaque
1258 1674 1401 1712 anno
1428 1659 1746 1715 duodecimo
1776 1660 1876 1715 im-

1988 479 2298 533 sacerdotes
2334 478 2565 548 prinmm
2600 483 3013 536 commotionem
3052 482 3293 538 locorum
3322 496 3376 539 et
3406 501 3569 555 quos-

1986 567 2109 622 dam
2140 568 2348 623 sonitus
2373 570 2610 623 sensisse
2639 579 2887 625 testatur.
2920 572 3123 627 Deinde
3149 589 3214 628 ex
3241 574 3402 646 adyto
3433 584 3568 629 tem-

1985 659 2060 730 pli
2098 660 2433 729 repentinam
2480 660 2660 715 subito
2703 662 2946 732 erupisse
2990 679 3177 719 vocem
3224 665 3563 722 dicentium:

1986 748 2454 819 Transmigremus
2474 765 2541 804 ex
2569 750 2655 805 his
2681 751 2916 807 sedibus.
2946 749 3148 808 Scribit
3171 764 3348 810 autem
3376 772 3568 827 supra-

1985 838 2160 894 dictus
2186 839 2271 893 vir
2296 838 2437 910 quod
2475 841 2666 895 eodem
2708 856 2849 896 anno
2876 842 3082 898 Pilatus
3108 859 3306 915 praeses
3354 856 3566 904 secreto

1984 930 2160 985 noctis
2215 930 2473 1001 imagines
2530 930 2760 987 Cazsaris
2817 933 2871 987 in
2922 935 3123 1006 templo
3172 939 3462 1004 statuerit,
3509 948 3566 994 et

1982 1018 2099 1074 haec
2122 1018 2294 1089 prima
2317 1019 2597 1075 seditionis
2616 1029 2669 1075 et
2693 1021 2970 1076 turbarum
2990 1021 3187 1080 Iudaeis
3214 1039 3379 1081 causa
3402 1028 3566 1082 exsti-

1987 1108 2133 1163 terit.

2052 1200 2129 1254 Ex
2159 1200 2265 1256 hoc
2298 1201 2420 1259 loco
2456 1201 2903 1259 considerandum
2944 1213 3160 1275 quanta:
3185 1208 3439 1279 deinceps
3468 1225 3565 1265 ca-

1982 1289 2256 1347 lamitates
2296 1290 2599 1348 Iudaeorum
2655 1304 2868 1365 gentem
2916 1300 3301 1366 oppresserint.
3355 1300 3567 1356 Pilatus

1980 1391 2104 1451 post
2145 1384 2507 1452 supradictam
2540 1385 2879 1451 seditionem,
2906 1402 3024 1456 quze
3050 1388 3118 1442 ob
3156 1387 3386 1444 Cmsaris
3432 1391 3565 1445 ima-

1980 1472 2133 1543 gines
2184 1470 2362 1526 fuerat
2404 1475 2709 1539 concitata,
2757 1490 2971 1530 sacrum
3019 1478 3330 1533 thesaurum
3380 1479 3561 1549 (quem

1979 1562 2273 1616 corbonam
2303 1560 2471 1617 Iudtei
2518 1562 2732 1637 vocant)
2765 1566 2818 1618 in
2848 1566 3221 1634 aquaeductum
3251 1568 3559 1640 Hierosoly-

1979 1668 2192 1708 morum
2237 1656 2577 1725 expendens,
2610 1658 2859 1711 secunda:
2903 1659 3153 1714 seditioni
3199 1662 3427 1731 praebuit
3473 1678 3559 1718 se-

285 1756 424 1828 perii
475 1755 693 1827 Tybcrii
723 1795 738 1819 ,
769 1746 1013 1808 Ioannes
1042 1752 1182 1807 filius
1231 1752 1527 1819 Zachariae,
1583 1753 1636 1807 in
1664 1754 1879 1809 deserto
1908 1744 1954 1803 B
1983 1744 2147 1798 milla-
2180 1743 2410 1813 Sejanus
2435 1747 2724 1816 Precfectus
2752 1747 2989 1820 Tyberii,
3013 1752 3101 1821 qui
3137 1754 3276 1822 apud
3299 1770 3422 1809 eum
3448 1756 3563 1827 plu-

280 1856 439 1920 juxta
466 1845 716 1902 Iordanis
745 1844 942 1899 ﬂuenta
989 1845 1313 1915 prmdicans,
1368 1844 1642 1900 Christum
1684 1845 1879 1902 Filium

286 1938 386 1994 Dei
433 1937 486 1992 in
528 1936 705 1991 medio
733 1951 919 1991 eorum
962 1937 1154 1991 adesse
1195 1941 1443 1989 testatur.
1499 1935 1618 2006 Ipse
1662 1952 1879 2007 quoque

287 2027 551 2083 Dominus
574 2025 732 2082 Iesus
757 2025 1006 2081 Christus
1033 2025 1158 2079 hinc
1210 2025 1263 2079 in
1314 2024 1537 2095 populos
1585 2025 1877 2081 salutarem

282 2122 430 2176 viam
477 2122 780 2186 annuntiat,
829 2119 997 2191 signis
1040 2128 1201 2189 atque
1245 2118 1542 2174 virtutibus
1569 2134 1697 2174 vera
1730 2135 1879 2175 com-

280 2212 524 2284 probans
552 2227 673 2266 esse
698 2226 816 2281 quae
849 2211 1075 2265 diceret.
1132 2209 1390 2264 Miracula
1441 2225 1563 2280 quas
1609 2210 1662 2265 in
1696 2210 1874 2265 Evan-

281 2304 439 2374 geliis
472 2303 669 2371 scripta
712 2308 836 2357 sunt
885 2301 1015 2355 facit
1061 2300 1217 2356 Iesus
1242 2300 1489 2356 Christus
1537 2300 1706 2357 Filius
1757 2302 1874 2367 Dei,

281 2394 575 2464 discipulos
610 2409 737 2448 suos
764 2393 959 2447 divinis
986 2393 1232 2448 imbuens
1269 2394 1645 2457 sacramentis,
1672 2403 1733 2447 ut
1756 2395 1877 2448 uni-

280 2486 457 2541 versis
481 2485 729 2556 gentibus
752 2484 1157 2539 conversionem
1186 2485 1253 2538 ad
1278 2484 1446 2539 Deum
1490 2485 1736 2539 nuntient
1776 2485 1875 2539 im-

278 2574 439 2648 perat
455 2575 612 2632 Iesus
636 2575 885 2632 Christus
906 2576 1198 2630 secundum
1223 2575 1554 2646 prophetias,
1580 2591 1698 2647 qua:
1719 2577 1783 2631 de
1807 2591 1875 2632 eo

283 2670 499 2723 fuerant
534 2667 860 2739 praelocutze,
884 2668 951 2722 ad
977 2667 1283 2736 passionem
1304 2665 1454 2721 venit
1476 2680 1619 2720 anno
1647 2664 1871 2737 Tyberii

279 2760 493 2816 decimo
518 2769 725 2815 octavo.

901 2848 1127 2905 CAPUT
1169 2847 1256 2904 VI.

276 2968 360 3024 De
409 2976 709 3020 lerrmmom
757 2974 803 3019 et
853 2963 1075 3017 tenebris
1115 2978 1233 3032 qua:
1266 2960 1610 3032 inhpassione
1652 2958 1870 3032 Domini

352 3038 701 3107 contigerunt,
725 3036 849 3107 quid
880 3030 1153 3107 scriptores
1174 3030 1444 3102 gentilium
1466 3030 1740 3095 senserint,
1772 3045 1864 3083 seu

349 3104 609 3177 Iosephus
644 3104 1133 3175 Historiograplms.

350 3223 469 3291 Quo
500 3231 737 3291 tempore
763 3220 928 3276 etiam
964 3219 1017 3273 in
1048 3219 1168 3273 aliis
1213 3218 1556 3273 ethnicorum
1584 3232 1863 3272 commen—

277 3314 436 3369 tariis
463 3312 578 3367 hinc
600 3312 667 3365 ad
701 3310 922 3364 verbum
958 3309 1157 3378 scripta
1186 3308 1525 3377 reperimus:
1564 3306 1695 3361 solis
1723 3304 1865 3361 facta

272 3404 532 3467 defectio,
562 3402 811 3473 Bithynia
858 3407 1164 3456 terraemotu
1196 3414 1482 3463 concussa,
1511 3398 1565 3452 in
1606 3397 1741 3452 urbe
1773 3397 1864 3452 Ni-

274 3512 388 3552 caea
415 3495 558 3549 aedes
585 3494 831 3564 plurimae
876 3501 1200 3548 corruerunt
1228 3509 1240 3544 :
1266 3506 1386 3560 qua:
1421 3491 1602 3544 omnia
1630 3490 1715 3544 his
1736 3506 1863 3546 con-

272 3593 479 3659 gruunt
499 3601 619 3655 quae
648 3585 703 3638 in
742 3584 997 3654 passione
1027 3581 1325 3636 Salvatoris
1356 3580 1685 3634 acciderant.
1717 3578 1865 3633 Scri-

274 3680 359 3735 bit
404 3692 532 3732 vero
576 3693 737 3746 super
785 3676 871 3731 his
923 3684 978 3730 et
1022 3674 1242 3745 Flegon,
1275 3673 1369 3743 qui
1420 3671 1862 3743 Olympiadarum

274 3769 528 3841 egregius
576 3775 898 3838 supputator
944 3774 1050 3831 est,
1083 3766 1134 3820 in
1192 3765 1329 3820 libro
1371 3778 1468 3817 xm
1513 3763 1587 3817 ita
1635 3763 1857 3818 dicens:

273 3859 483 3927 Quarto
507 3869 688 3913 autem
720 3873 862 3912 anno
909 3856 1290 3912 ducentesima:
1318 3855 1568 3911 secunda:
1598 3854 1865 3925 Olympia-

273 3952 383 4013 dis.
417 3966 608 4021 magna
634 3958 689 4005 et
721 3948 989 4004 excellens
1012 3989 1027 4011 ,
1060 3948 1201 4003 inter
1224 3962 1414 4004 omnes
1442 3964 1563 4019 quae
1592 3958 1716 4003 ante
1743 3964 1861 4003 eam

272 4043 608 4107 acciderant,
636 4040 863 4096 defectio
891 4040 1021 4096 solis
1048 4038 1191 4094 facta
1214 4039 1302 4093 die
1330 4039 1463 4094 hora
1486 4046 1662 4102 sexta,
1691 4038 1772 4093 sol
1805 4040 1858 4094 in

275 4146 453 4192 totum
478 4137 1084 4203 obscuratus,tetraque
1109 4146 1216 4187 nox
1237 4131 1418 4186 subito
1442 4130 1674 4186 obducta
1700 4130 1862 4186 terris

271 4236 383 4293 est,
411 4234 466 4281 et
493 4227 633 4282 sicut
659 4225 859 4280 dictum
888 4230 1005 4279 est:

434 4323 684 4388 Impiaque
706 4330 941 4373 aderam
962 4322 1233 4371 timuerunt
1257 4319 1436 4371 saecula
1458 4326 1675 4371 noctem.

278 4417 464 4486 llsque
486 4416 622 4471 adeo
655 4425 855 4482 autem,
883 4428 1058 4483 neque
1084 4413 1265 4467 lunam
1294 4412 1483 4468 lumini
1507 4413 1655 4479 solis,
1688 4428 1861 4482 neque
1888 4443 1939 4503 Ι)

272 4508 452 4567 nubes
493 4507 767 4563 obstitisse
810 4504 1154 4561 manifestum
1183 4512 1291 4570 est,
1313 4512 1373 4558 ut
1416 4511 1609 4573 quarta
1649 4504 1859 4559 decima

271 4621 342 4662 ea
373 4604 463 4660 die
488 4602 636 4666 luna,
669 4609 779 4657 tota
814 4600 938 4657 caeli
968 4599 1191 4671 regione
1219 4598 1524 4668 interjecta,
1549 4597 1861 4669 longissime

273 4712 307 4751 a
335 4701 627 4762 mnspectu
672 4692 803 4748 solis
844 4690 1111 4754 adfuisse,
1142 4698 1198 4745 et
1245 4688 1430 4745 stellas
1475 4696 1607 4744 tunc
1654 4688 1862 4744 diurnis

274 4788 459 4851 boris,
492 4785 787 4855 vel‘potius
831 4783 886 4839 in
932 4781 1018 4836 illa
1048 4781 1319 4837 horrenda
1363 4790 1520 4837 nocte
1567 4788 1680 4836 toto
1723 4779 1863 4836 ctelo

274 4876 519 4940 fulsisse,
546 4873 834 4930 referatur.
878 4872 965 4937 Et,
996 4882 1056 4926 ut
1084 4886 1246 4941 supra
1277 4871 1641 4936 meminimus,
1674 4878 1862 4925 terrae-

271 4975 462 5024 motus
488 4966 543 5021 in
571 4964 820 5038 Bithynia
864 4963 1096 5018 Nicaeum
1124 4962 1276 5016 urbis
1314 4961 1510 5017 multas
1541 4961 1686 5017 mdes
1727 4960 1858 5016 sub-

271 5059 466 5123 vertit,
495 5072 561 5112 ac
597 5055 838 5125 reliquiis
883 5052 1027 5107 Asiae
1072 5051 1382 5107 civitatibus
1420 5052 1489 5107 ab
1531 5052 1861 5121 imperatore

272 5167 347 5208 eo
382 5159 692 5206 terminato
721 5146 935 5212 dirutis,
963 5146 1165 5201 tributa
1196 5144 1416 5199 dimissa
1442 5152 1586 5199 sunt.

351 5242 481 5298 Haec
533 5241 874 5312 supradictus
910 5238 1014 5293 vir.
1056 5235 1447 5307 Argumentum
1492 5245 1673 5289 autem
1703 5235 1863 5305 hujus

273 5336 379 5398 rei,
411 5334 555 5404 quod
586 5332 835 5387 Salvator
863 5330 968 5385 isto
992 5341 1135 5383 anno
1165 5341 1358 5396 passus
1382 5324 1482 5388 sit,
1510 5324 1860 5395 Evangelium

270 5425 487 5498 praebet
523 5423 744 5479 Joannis
767 5461 783 5487 ,
812 5421 868 5476 in
895 5436 1002 5491 quo
1030 5417 1319 5482 scribitur,
1349 5426 1470 5485 post
1497 5415 1742 5484 quintum
1770 5416 1863 5469 de-

273 5519 480 5575 cimum
514 5532 713 5571 annum
742 5514 958 5586 Tyberii
1002 5510 1250 5576 Cmsaris,
1283 5510 1455 5565 tribus
1496 5509 1653 5563 annis
1682 5507 1863 5562 Domi-

275 5624 410 5666 num
444 5608 790 5679 prmdicasse.
817 5603 1081 5677 Iosephus
1103 5604 1267 5660 etiam
1301 5599 1622 5657 vernaculus
1644 5598 1859 5657 Iudaeo.

1980 1835 2178 1891 rimum
2222 1846 2454 1906 poterat,
2494 1839 2885 1896 instantissime
2914 1843 3226 1898 cohortatur
3252 1853 3311 1899 ut
3343 1856 3557 1917 gentem

1977 1924 2287 1983 Iudaeorum
2318 1930 2511 1996 deleat,
2542 1940 2605 1986 ut
2627 1932 2781 1987 Philo
2810 1934 3054 1989 meminit
3090 1936 3143 1990 in
3173 1936 3308 1993 libro
3335 1939 3560 2012 legatio-

1976 2017 2062 2072 nis
2107 2032 2168 2071 ιι.
2224 2018 2488 2090 Tyberius
2536 2021 2802 2090 siquidem
2850 2020 3185 2090 iuventutem
3232 2041 3417 2082 eorum
3464 2046 3560 2100 per

1977 2108 2212 2177 speciem
2245 2111 2569 2165 sacramenti
2612 2109 2666 2164 in
2710 2112 3016 2181 provincias
3040 2115 3307 2184 gravioris
3330 2117 3451 2171 (ξαιιί
3478 2135 3558 2172 rr-

1976 2195 2194 2268 Iegavit,
2228 2198 2464 2270 reliquos
2511 2200 2686 2271 gentis
2733 2199 2970 2269 ejusdem
3006 2203 3091 2257 vel
3124 2204 3317 2258 similia
3346 2215 3559 2261 sectan-

1976 2298 2059 2345 tes
2106 2292 2240 2345 urbe
2286 2293 2575 2356 submovit,
2608 2292 2708 2348 sub
2746 2308 2905 2364 ptena
2946 2304 3217 2366 perpetua:
3256 2299 3555 2361 servitutis,

1974 2381 2078 2436 nisi
2109 2382 2590 2453 obtemperassent.

2582 2500 2808 2558 CAPUT
2848 2500 2954 2556 VII.

1971 2587 2052 2642 De
2081 2589 2409 2661 ordinatione
2437 2591 2642 2657 Jacobi,
2678 2602 2725 2645 et
2754 2602 2946 2661 septem
2976 2593 3342 2647 diaconorum.
3383 2592 3556 2649 Simul

2029 2660 2187 2711 etiam
2210 2659 2274 2713 de
2301 2662 2635 2715 conversione
2657 2659 2851 2732 Abgari
2878 2662 3012 2733 regis
3033 2680 3126 2733 per
3148 2661 3493 2718 Tlmddwum.

2038 2766 2208 2839 Igitur
2231 2784 2297 2823 eo
2328 2777 2571 2840 tempore
2598 2771 2944 2839 praedicaturi
2972 2786 3068 2840 per
3087 2770 3284 2825 Iudaxe
3310 2772 3557 2843 regiones

1970 2858 2196 2929 apostoli
2232 2867 2352 2928 post
2396 2859 2598 2931 Christi
2634 2861 3004 2915 ascensionem
3034 2859 3293 2914 Iacobum
3328 2860 3553 2917 fratrem

1970 2950 2179 3004 Domini
2218 2948 2606 3020 Hierosolymis
2632 2950 2884 3004 ordinant
2913 2950 3243 3020 episcopum.
3292 2950 3558 3008 Ordinant

1970 3041 2133 3095 etiam
2181 3048 2234 3095 et
2284 3048 2486 3109 septem
2533 3040 2821 3105 diaconos;
2869 3049 2924 3094 et
2972 3041 3206 3110 lapidato
3255 3041 3557 3111 Stephano,

1969 3132 2208 3186 Ecclesia
2239 3145 2338 3201 per
2382 3132 2631 3202 regiones
2672 3129 2871 3186 Iudzeze
2896 3139 2951 3185 et
2980 3131 3239 3187 Samaria:
3287 3134 3554 3205 dispergi-

1969 3234 2074 3279 tur.
2107 3216 2397 3277 Enimvero
2424 3222 2492 3277 de
2534 3221 2622 3277 his
2650 3218 2861 3293 plenius
2890 3221 3130 3277 scribere
3160 3221 3309 3278 libet.
3338 3222 3557 3279 Primus

1967 3313 2131 3383 igitur
2175 3313 2230 3367 in
2279 3313 2643 3383 apostolorum
2674 3312 2903 3367 numero
2938 3328 3037 3382 pro
3075 3311 3213 3368 Iuda
3256 3315 3552 3383 proditore,
3596 3296 3605 3309 ’

1966 3403 2223 3459 Matthias
2250 3413 2401 3459 sorte
2432 3405 2749 3468 asciscitur,
2777 3404 2870 3474 qui
2895 3412 3013 3459 erat
3044 3420 3186 3460 unus
3217 3421 3283 3461 ex
3317 3406 3555 3476 discipu-

1964 3493 2031 3549 lis
2053 3493 2285 3547 Domini.
2316 3493 2649 3549 Ordinantur
2676 3501 2856 3548 autem
2880 3502 2937 3548 et
2964 3494 3179 3549 diaconi
3207 3504 3413 3565 septem
3450 3512 3553 3550 nu-

1964 3598 2117 3638 mero
2146 3597 2242 3652 per
2262 3582 2539 3637 orationes
2560 3590 2617 3637 et
2645 3598 2840 3637 manus
2864 3583 3259 3652 impositionem
3282 3584 3549 3653 apostolo-

1963 3689 2104 3739 rum,
2123 3671 2413 3728 ministerii
2434 3673 2719 3728 viduarum
2740 3674 2935 3744 gratia.
2951 3674 3009 3728 In
3031 3674 3228 3743 quibus
3245 3672 3553 3744 Stephanus

1962 3767 2053 3836 qui
2082 3776 2138 3821 et
2161 3767 2366 3837 primus
2402 3773 2525 3838 post
2553 3765 2834 3822 Christum
2876 3766 3147 3837 lapidatur
3171 3767 3240 3821 ab
3266 3766 3353 3822 his
3377 3767 3469 3837 qui
3499 3777 3554 3822 et

1961 3856 2248 3912 Dominum
2273 3856 2609 3921 occiderunt,
2626 3870 2723 3925 per
2743 3856 2886 3925 quod
2910 3855 3145 3910 nominis
3166 3856 3247 3911 sui
3273 3855 3550 3925 Stephano

1962 3963 2159 4006 corona
2189 3948 2421 4003 donatur
2442 3963 2473 4001 a
2503 3947 2741 4003 Christo.
2770 3945 2906 4000 Tum
2933 3945 3126 4001 deinde
3147 3944 3430 4012 Iacobum,
3455 3946 3549 4016 qui

1962 4039 2245 4097 dicebatur
2290 4038 2462 4093 frater
2508 4037 2744 4103 Domini,
2776 4040 2937 4101 hunc,
2982 4037 3225 4106 inquam,
3256 4038 3432 4107 ipsum
3458 4036 3549 4093 Ia-

1962 4132 2180 4196 cobum,
2211 4129 2305 4201 qui
2333 4137 2389 4184 et
2426 4128 2614 4184 Iustus
2642 4128 3055 4199 cognominatus
3078 4135 3164 4183 est
3191 4128 3261 4182 ah
3290 4128 3549 4198 antiquis,

1970 4223 2221 4277 virtutum
2255 4221 2448 4276 merito
2479 4228 2535 4275 et
2564 4218 2792 4290 insignis
2824 4218 2952 4273 vita:
2980 4217 3282 4289 privilegio,
3316 4219 3549 4288 primmu

1964 4314 2203 4370 historia:
2253 4312 2589 4368 tradiderunt
2650 4310 2955 4380 suscepisse
3004 4308 3260 4365 Ecclesia:
3312 4324 3433 4379 qua:
3492 4310 3546 4364 in

1964 4405 2351 4477 Hierosolymis
2396 4412 2475 4459 est
2527 4404 2732 4469 sedem,
2763 4402 2904 4457 sicut
2941 4401 3191 4457 Clemens
3229 4401 3285 4456 in
3325 4401 3552 4471 disposi-

1965 4498 2171 4554 tionum
2203 4495 2341 4551 libro
2365 4511 2418 4550 vt
2448 4494 2664 4560 asserit,
2687 4494 2874 4549 dicens
2898 4511 2911 4547 :
2934 4492 3129 4548 Petrus
3152 4500 3208 4547 et
3233 4490 3470 4548 Iacobus
3493 4501 3549 4548 et

1961 4588 2221 4654 Ioannes,
2250 4595 2374 4657 post
2414 4585 2842 4655 assumptionem
2870 4582 3170 4639 Salvatoris
3196 4584 3444 4653 quamvis
3480 4584 3549 4639 ab

1962 4680 2080 4750 ipso
2124 4678 2325 4735 fuerint
2365 4678 2616 4732 omnibus
2652 4690 2792 4746 pene
2836 4675 3066 4746 praelati,
3096 4675 3199 4730 sibi
3227 4684 3405 4731 tamen
3438 4693 3542 4730 nou

1961 4770 2251 4825 vendicant
2274 4769 2540 4838 primatus
2561 4766 2814 4837 gloriam,
2848 4766 2942 4820 sed
2968 4764 3250 4831 Iacobum,
3280 4766 3372 4835 qui
3401 4765 3548 4820 dice-

1962 4861 2122 4915 batur
2147 4857 2353 4923 Iustus,
2382 4855 2748 4927 apostolorum
2774 4853 3086 4924 episcopum
3115 4861 3376 4909 statuunt.

2036 4948 2287 5017 Idemque
2317 4947 2431 5016 ipse
2456 4945 2512 5000 in
2539 4944 2777 5013 ejusdem
2799 4943 2980 5014 operis
3010 4943 3151 4997 libro
3179 4958 3276 5006 vu,
3303 4941 3453 4996 addit
3478 4942 3545 4997 de

1966 5042 2082 5111 ipso
2123 5040 2283 5094 etiam
2334 5034 2738 5100 haeczIacobo,
2786 5035 2879 5104 qui
2925 5033 3209 5089 dicebatur
3253 5031 3461 5098 Iustus,
3489 5041 3547 5087 et

1964 5131 2157 5189 Ioauui
2201 5139 2258 5186 et
2301 5129 2486 5193 Petro,
2513 5135 2636 5198 post
2676 5126 3127 5181 resurrectionem
3159 5122 3392 5188 Domini,
3421 5137 3542 5177 om-

1963 5243 2088 5283 nem
2115 5224 2395 5281 scientiam
2422 5221 2664 5286 tradidit,
2697 5226 2753 5275 et
2777 5219 2881 5289 ipsi
2906 5216 3116 5273 caeteris
3139 5214 3411 5287 apostolis.
3437 5213 3539 5282 Qui

1962 5316 2186 5388 apostoli
2235 5315 2341 5371 illis
2391 5313 2460 5368 70
2508 5310 2787 5383 discipulis
2837 5309 3200 5374 tradiderunt,
3229 5323 3295 5363 ex
3346 5307 3541 5378 quibus

1963 5425 2102 5464 unus
2130 5416 2247 5463 crat
2273 5414 2329 5462 et
2355 5405 2651 5460 Barnabas.
2694 5403 2839 5457 Duos
2881 5409 3060 5455 autem
3105 5399 3270 5455 fuisse
3308 5396 3539 5454 Iacobus

1961 5508 2178 5558 constat
2204 5518 2216 5553 :
2240 5513 2405 5554 unum
2448 5499 2595 5575 hunc
2637 5495 2872 5560 Iustum,
2901 5493 3015 5564 qui,
3039 5492 3107 5548 de
3149 5492 3310 5563 pinna
3353 5490 3533 5560 templi

1963 5594 2226 5666 dejectus,
2254 5592 2473 5650 fullonis
2499 5600 2655 5647 vecte
2691 5603 2980 5662 percussus
3021 5595 3101 5642 est
3140 5596 3197 5642 et
3241 5587 3401 5643 morti
3433 5594 3539 5642 trav
