3958 6172
417 377 555 436 1423

1417 362 1807 422 FRECULPlll
1847 361 2306 419 LEXOVIENSIS
2344 359 2650 418 EPISCOPI

3541 361 3686 418 “Eii

415 497 580 552 ditus.
631 486 782 544 Alius
825 494 1004 539 autem
1041 489 1125 537 est
1173 480 1261 536 ille
1308 481 1399 550 qui
1453 479 1520 533 ab
1564 478 1776 534 Herode
1821 476 1999 545 capite
2026 477 2074 536 A
2103 474 2266 530 Moris
2292 479 2488 544 quippe
2520 483 2606 528 est
2651 473 2725 528 illi
2773 473 2997 538 nationi,
3029 474 3194 528 etiam
3230 489 3371 529 nunc
3401 489 3433 529 a
3466 475 3690 530 feminis

417 599 588 642 caesus
635 588 737 636 est.
788 575 957 644 Hujus
999 589 1126 643 ergo
1173 573 1311 628 .lusti
1356 570 1565 636 Jacobi,
1591 572 1754 625 etiam
1800 568 1996 622 Paulus

418 672 680 736 meminit,
703 685 824 725 cum
852 667 1039 723 scribit
1065 686 1077 719 :
1103 665 1283 718 Alium
1311 673 1486 718 autem
1518 661 1872 733 apostolorum
1895 660 2000 713 vidi

417 767 698 827 neminem,
725 760 825 814 nisi
849 757 1104 813 Iacobum
1134 755 1352 824 fratrem
1387 752 1620 807 Domini.
1661 751 1719 804 In
1747 751 1850 806 hoc
1874 762 2002 820 ergo

419 865 662 924 tempore
683 861 738 906 et
767 848 1088 910 Thaddzeus,
1117 845 1410 900 secundum
1437 841 1648 896 Domini
1677 847 2002 909 praeceptum

418 945 486 999 ad
531 956 710 1012 regem
749 938 1018 1007 Abgarum
1056 934 1271 997 missus,
1302 932 1475 1002 ipsum
1520 929 1738 1000 quidem
1783 928 2002 999 aegritu-

420 1034 546 1088 dine
589 1029 761 1085 morbi
806 1025 1104 1097 corporalis
1142 1023 1370 1078 absolvit
1396 1041 1408 1075 :
1434 1021 1745 1076 universam
1771 1035 1903 1073 vero
1935 1018 2006 1074 ci-

417 1123 643 1176 vitatem
691 1118 1108 1178 Edessenorum,
1139 1111 1356 1168 Christo
1393 1111 1622 1166 Domino
1676 1109 1819 1165 ﬁdeli
1871 1110 2004 1165 satis

421 1212 739 1268 credulitate
768 1207 1014 1270 sociavit,
1041 1207 1112 1259 ita
1143 1213 1203 1258 ut
1227 1204 1280 1257 in
1316 1203 1636 1259 hodiernum
1669 1202 1861 1256 civitas
1890 1201 2000 1263 illa,

421 1306 619 1375 quippe
661 1303 831 1372 ipsius
879 1299 1088 1355 Domini
1141 1307 1196 1354 et
1243 1297 1541 1354 Salvatoris
1589 1296 1762 1350 nostri
1811 1297 2008 1351 meruit

423 1396 621 1464 scripta
651 1393 944 1462 suscipere,
968 1391 1116 1444 velut
1143 1388 1361 1458 speciali
1400 1388 1632 1458 quadam
1667 1386 1882 1441 Christo
1918 1385 2008 1442 de-

423 1486 640 1540 votione
666 1485 842 1538 dicata
885 1482 975 1536 sit.
1008 1481 1080 1534 De
1109 1479 1195 1532 his
1239 1478 1401 1532 etiam
1437 1478 1598 1532 latius
1642 1475 1879 1531 scribere
1907 1484 2011 1530 sta-

425 1577 529 1630 tuit
557 1574 835 1628 Eusebius.
869 1572 926 1625 ln
967 1571 1104 1624 libro
1136 1585 1152 1622 ι
1185 1567 1434 1622 Historite
1475 1567 1684 1622 Eccles.
1719 1565 1850 1620 dicit
1877 1583 1889 1619 :
1915 1565 2014 1620 De-

426 1666 590 1735 nique
605 1672 724 1734 post
747 1661 1196 1717 resurrectionem
1217 1667 1376 1726 atque
1398 1657 1770 1712 ascensionem
1795 1655 2011 1711 Domini

424 1759 489 1812 ad
523 1751 1250 1822 cmlos,’l‘homasapostolus
1284 1766 1351 1805 ex
1386 1747 1804 1805 commonitione
1829 1745 2009 1800 divina

427 1847 753 1904 Thaddaeum
768 1845 1074 1916 quemdam,
1091 1859 1255 1898 unum
1269 1857 1334 1897 ex
1351 1841 1418 1901 70
1440 1839 1734 1908 discipulis,
1761 1838 1829 1893 ad
1854 1837 2015 1892 Edes-
2039 1833 2087 1895 Β

430 1952 617 1992 senam
649 1938 920 1991 civitatem
941 1933 1326 2005 evangelistam
1350 1941 1404 1986 et
1425 1931 1833 2001 prazdicatorem
1859 1929 2012 1984 verbi

428 2028 522 2083 Dei
551 2027 737 2092 mittit,
767 2025 928 2080 simul
957 2033 1011 2078 et
1045 2039 1165 2094 qua:
1191 2039 1220 2077 a
1249 2022 1478 2077 Domino
1504 2022 1767 2092 promissa
1799 2019 2014 2075 fuerant

429 2116 794 2184 impleturum.
840 2114 963 2170 l-lzec
993 2115 1045 2168 in
1079 2113 1298 2168 archivo
1325 2110 1540 2183 publico
1571 2111 1855 2166 Edessenae
1884 2109 2014 2165 civi-

431 2207 578 2269 tatis,
607 2206 661 2260 in
687 2221 792 2274 qua
821 2213 948 2260 tunc
990 2204 1333 2274 supradictus
1358 2203 1606 2273 Abgarus
1640 2200 1906 2272 regnavit,
1937 2200 2012 2254 ita

429 2298 696 2367 descripta
746 2297 1065 2367 reperimus,
1095 2297 1149 2350 in
1178 2296 1264 2351 his
1293 2295 1499 2351 chartis
1529 2310 1647 2366 qua:
1673 2303 1823 2366 gesta
1869 2292 2014 2364 regis

427 2390 628 2460 Ahgari
657 2397 871 2443 servata
897 2388 1197 2458 antiquitus
1224 2387 1592 2442 continebant.
1618 2387 1684 2440 Et
1706 2394 1766 2440 ut
1793 2385 2015 2440 evidens

430 2479 697 2532 dictorum
744 2478 948 2532 veritas
994 2476 1110 2542 ﬁat,
1143 2477 1382 2545 ipsarum
1411 2474 1734 2545 exemplaria
1763 2471 2016 2541 epistola-

431 2581 552 2619 rum
598 2567 665 2619 ab
708 2565 922 2636 Abgaro
972 2565 1039 2620 ad
1091 2565 1425 2619 Salvatorem
1453 2605 1468 2630 ,
1505 2573 1560 2618 et
1604 2562 1902 2618 Salvatoris
1946 2559 2014 2615 ad

431 2654 685 2710 eumdem
734 2669 933 2725 regem,
964 2661 1019 2708 et
1065 2653 1295 2724 qualiter
1346 2655 1463 2709 hac
1512 2661 1664 2724 gesta
1720 2653 1858 2718 sint,
1899 2652 2014 2723 ple-

432 2747 577 2801 uiter
601 2746 656 2800 in
680 2745 822 2802 libro
850 2762 868 2802 ι
892 2745 1110 2801 Eusebii
1141 2743 1534 2800 Ecclesiastica:
1562 2743 1815 2799 Historiae
1841 2742 2015 2798 conti-

432 2845 652 2892 nentur.

1021 2965 1247 3024 CAPUT
1289 2965 1421 3022 VIII.

434 3081 513 3134 De
548 3080 902 3149 persecutione
938 3080 1121 3149 prima:
1153 3076 1438 3149 Ecclesia,
1457 3093 1562 3147 qua
1590 3075 2016 3149 occasionesq-

505 3144 624 3203 bum
671 3149 763 3202 Dei
791 3149 859 3201 ad
884 3144 1056 3217 gentes
1095 3147 1343 3217 pervenit.
1389 3144 1478 3200 E15
1510 3146 1698 3216 quibus
1737 3144 2015 3213 ΔῑιΙιὶορὶα

503 3218 637 3272 illud
658 3218 886 3287 primum
917 3217 1161 3285 suscepit.

509 3351 716 3406 Interea
734 3347 1042 3419 persecutio
1063 3346 1239 3416 prima
1264 3345 1549 3403 adversum
1573 3341 1871 3399 Ecclesiam
1896 3343 2014 3409 Dei,

429 3457 557 3514 quae
600 3449 718 3496 erat
772 3439 1159 3510 Hierosolymis
1184 3478 1201 3505 ,
1244 3439 1345 3494 sub
1387 3437 1562 3508 primo
1609 3445 1848 3506 martyre
1895 3435 2016 3492 Ste-

433 3537 632 3606 phano,
659 3549 850 3588 omnes
884 3532 1192 3603 discipulos,
1225 3531 1464 3602 exceptis
1492 3531 1739 3586 undecim
1764 3545 1864 3601 per
1891 3529 2016 3584 uni-

435 3639 647 3680 versam
672 3623 912 3678 Judaaam
942 3621 1350 3690 Samariamque
1396 3620 1670 3690 dispersit,
1697 3634 1793 3674 seu
1818 3619 2011 3689 potius,

435 3721 497 3767 ut
542 3719 731 3767 sancta
783 3709 1061 3780 Scriptura
1093 3710 1315 3775 indicat,
1343 3709 1650 3764 seminavit.
1702 3708 1781 3762 Ex
1823 3708 2018 3777 quibus

434 3803 676 3858 nonnulli
714 3801 782 3856 ad
818 3801 1128 3856 Phoenicem
1169 3815 1340 3871 usque
1375 3803 1433 3856 et
1456 3799 1690 3871 Cyprum
1719 3808 1880 3869 atque
1908 3800 2019 3854 An-

437 3895 695 3950 tiochiam
725 3894 1073 3948 devenerunt.
1105 3892 1208 3959 Qui
1241 3892 1492 3962 gentibus
1536 3891 1754 3962 quidem
1795 3892 2018 3947 credere

435 3986 755 4057 mysterium
807 3984 932 4040 ﬁdei
971 3985 1209 4039 nondum
1255 3985 1556 4049 audebant,
1589 3983 1788 4040 Judreis
1837 3992 2016 4039 tamen

435 4075 818 4145 praedicabant.
848 4074 1056 4128 Interea
1097 4071 1296 4127 Paulus
1333 4073 1510 4128 adhuc
1534 4071 1785 4128 vastabat
1829 4070 2019 4126 Eccle-

437 4165 596 4230 slain,
622 4164 930 4235 ingrediens
964 4164 1173 4229 domos,
1206 4171 1266 4217 ut
1303 4163 1620 4232 pertrahens
1643 4163 1790 4217 viros
1815 4177 1880 4216 ac
1907 4176 2020 4215 mu-

437 4257 618 4324 lieres,
653 4257 894 4312 tradebat
919 4257 973 4312 in
997 4272 1294 4312 carcerem.
1325 4257 1432 4312 Sed
1454 4257 1750 4327 Philippus,
1779 4257 1872 4326 qui
1901 4264 2019 4311 erat

437 4363 578 4402 unus
605 4349 671 4402 de
708 4356 914 4417 septem
959 4363 1080 4402 cum
1127 4346 1404 4417 Stephano
1447 4349 1689 4404 diacouis
1717 4350 2016 4414 ordinatura,

440 4439 722 4494 descendit
767 4437 1066 4492 Samariam
1133 4438 1329 4492 virtute
1381 4439 1592 4493 Domini
1649 4439 1923 4511 repletus,
1961 4449 2018 4496 et

2103 565 2234 636 regi.
2267 564 2404 619 Huic
2425 562 2705 635 Philippus
2743 566 3014 633 responsis
3043 563 3214 620 sancti
3244 562 3478 633 Spiritus
3498 565 3686 635 jussus

2099 655 2274 724 primo
2309 670 2377 710 ex
2411 655 2659 709 omnibus
2699 653 2948 726 gentibus
2987 657 3306 725 mysterium
3347 654 3470 709 ﬁdei
3503 665 3560 708 et
3602 671 3682 710 sa-

2101 755 2435 802 cramentum
2462 747 2710 817 baptismi
2744 746 2985 812 tradidit,
3013 755 3068 801 et
3095 745 3240 801 velut
3268 746 3530 817 quasdam
3559 761 3687 801 cum

2100 836 2215 892 Deo
2251 837 2521 908 primitias
2570 837 2811 891 omnium
2856 842 3141 892 consecrat
3189 837 3489 891 nationum.
3531 834 3687 892 Hunc

2101 927 2283 997 Opinio
2311 935 2457 982 tenet
2479 926 2545 981 ad
2568 926 2798 996 patriam
2823 933 3021 980 terram
3049 941 3376 996 regressum,
3401 925 3688 980 scientiam

2105 1017 2201 1072 Dei
2243 1017 2439 1072 summi
2462 1025 2519 1072 et
2545 1017 2780 1072 salutare
2807 1016 3019 1071 Domini
3048 1017 3220 1072 nostri
3252 1017 3521 1088 indigenis
3551 1032 3688 1087 gen-

2105 1111 2279 1176 tibus,
2304 1109 2444 1164 sicut
2473 1108 2576 1164 sibi
2605 1109 2862 1163 traditum
2890 1107 3084 1174 fuerat,
3114 1109 3453 1178 praedicasse.
3495 1108 3553 1162 In
3578 1122 3689 1179 quo

2105 1204 2267 1258 rebus
2294 1203 2424 1272 ipsis
2458 1201 2722 1272 completa
2758 1211 2841 1257 est
2868 1218 2965 1272 per
2990 1218 3112 1257 eum
3141 1203 3422 1273 prophetia
3454 1219 3577 1273 quae
3603 1203 3682 1258 di-

2107 1293 2220 1349 cit:
2249 1291 2522 1363 .Etltiopia
2555 1292 2829 1363 prwveniet
2863 1308 3051 1346 manus
3082 1292 3196 1362 ejus
3226 1292 3357 1346 Deo.
3406 1292 3543 1347 Dum
3569 1293 3691 1347 haec

2108 1383 2183 1436 ita
2214 1389 2465 1452 aguntur,
2495 1380 2692 1436 Paulus
2719 1396 2812 1436 vas
2839 1380 3119 1436 electionis
3148 1396 3255 1436 non
3281 1397 3348 1437 ex
3377 1381 3692 1437 hominibus

2109 1485 2282 1539 neque
2315 1484 2413 1539 per
2459 1469 2753 1536 hominem,
2783 1470 2878 1524 sed
2907 1485 3005 1540 per
3044 1469 3426 1526 revelationem
3473 1472 3691 1526 Domini

2111 1562 2277 1617 nostri
2302 1559 2428 1616 Jesu
2451 1559 2674 1628 Christi,
2700 1570 2755 1616 et
2780 1561 2873 1617 Dei
2899 1560 3102 1627 Patris,
3129 1563 3222 1632 qui
3250 1578 3374 1617 eum
3405 1563 3695 1618 suscitavit

2111 1667 2141 1706 a
2171 1652 2396 1708 mortuis
2422 1651 2476 1706 in
2503 1651 2862 1723 apostolatum
2883 1662 3128 1720 vocatur,
3152 1653 3358 1711 ccelesti
3386 1655 3457 1710 ad
3479 1670 3542 1711 se
3564 1671 3698 1713 voce

2113 1742 2308 1797 delata.

2711 1835 2941 1893 CAPUT
2990 1835 3084 1892 IX.

2112 1949 2355 2020 Qualiter
2401 1947 2610 2004 Pilatus
2659 1949 2878 2020 Tyberio
2926 1959 2976 2004 et
3023 1950 3227 2005 senatui
3261 1953 3697 2007 resurrectionem

2188 2019 2417 2094 Domini,
2441 2029 2489 2074 et
2509 2019 2766 2076 miracula
2795 2020 2938 2091 ejus,
2959 2029 3008 2075 et
3036 2021 3177 2094 quod
3207 2020 3346 2076 Deus
3371 2031 3532 2087 esset,
3566 2040 3694 2077 nuu-

2185 2090 2350 2145 tiavit.

2183 2203 2392 2259 Interea
2426 2218 2550 2259 cum
2577 2219 2676 2275 per
2715 2218 2930 2258 omnem
2968 2201 3085 2272 jam
3125 2202 3303 2260 locum
3341 2204 3408 2260 de
3454 2219 3703 2260 resurre-

2115 2297 2294 2353 ctione
2319 2303 2375 2352 et
2414 2295 2754 2351 mirabilibus
2804 2293 3017 2351 Domini
3049 2296 3216 2350 nostri
3254 2294 3380 2351 Iesu
3413 2295 3625 2352 Christi
3651 2303 3704 2352 et

2115 2387 2180 2442 de
2211 2387 2526 2442 ascensione
2567 2385 2682 2456 ejus
2706 2386 2772 2441 ad
2801 2386 2996 2441 coelum
3027 2385 3157 2440 felix
3183 2385 3323 2441 fama
3357 2386 3699 2456 loqueretur,

2115 2491 2178 2532 ac
2201 2491 2300 2547 per
2322 2475 2564 2531 omnium
2591 2491 2749 2532 aures
2768 2476 2912 2530 beati
2943 2474 3102 2544 hujus
3126 2476 3360 2532 rumoris
3386 2475 3703 2532 volveretur

2114 2568 2316 2640 Opinio,
2340 2577 2395 2623 et
2415 2567 2668 2637 quoniam
2697 2567 2902 2638 antiqui
2929 2567 3096 2623 moris
3120 2574 3237 2623 erat
3261 2568 3403 2637 apud
3428 2568 3703 2625 Romanos

2114 2666 2176 2713 ut
2205 2657 2605 2728 provinciarum
2652 2655 2862 2728 iudices
2905 2657 2952 2712 si
2995 2658 3124 2727 quid
3171 2656 3308 2713 forte
3353 2659 3483 2714 novi
3535 2660 3592 2713 in
3622 2660 3705 2714 his

2115 2764 2251 2818 quas
2281 2748 2546 2818 gerebant
2587 2747 2883 2817 provinciis
2922 2747 3231 2814 accidisset,
3265 2747 3320 2803 id
3349 2748 3438 2804 vel
3467 2748 3705 2819 principi

2113 2839 2200 2894 vel
2237 2838 2836 2909 senatuilnuntiarcnt,
2863 2852 2970 2907 quo
3014 2837 3146 2893 nihil
3182 2853 3248 2894 ex
3287 2838 3375 2893 his
3404 2853 3529 2907 quae
3555 2854 3707 2909 gere-

2113 2929 2315 2984 bantur
2340 2929 2592 2999 ignorare
2621 2927 2824 2998 aliquid
2848 2927 3178 2992 viderentur,
3209 2926 3276 2982 de
3297 2927 3707 2982 resurrectione

2117 3033 2148 3073 a
2177 3019 2404 3073 mortuis
2452 3016 2666 3072 Domini
2695 3025 2752 3072 et
2786 3015 3082 3072 Salvatoris
3109 3016 3274 3071 nostri
3325 3015 3455 3070 Jesu
3502 3015 3706 3070 Christi

2117 3125 2237 3180 qua:
2257 3108 2371 3178 jam
2398 3108 2452 3163 in
2476 3123 2691 3164 omnem
2723 3107 2897 3163 locum
2926 3106 3102 3162 fuerat
3125 3106 3466 3178 pervulgata,
3499 3106 3709 3160 Pilatus

2117 3199 2350 3269 Tyberio
2371 3198 2599 3268 principi
2628 3197 2813 3263 refert,
2841 3198 2935 3253 sed
2957 3205 3014 3252 et
3038 3198 3103 3252 de
3131 3197 3340 3254 castoris
3363 3199 3710 3253 mirabilibus

2116 3286 2255 3357 ejus,
2279 3294 2336 3343 et
2367 3295 2428 3341 ut
2453 3295 2576 3356 post
2605 3294 2860 3354 mortem,
2882 3303 3006 3360 cum
3029 3288 3440 3353 resurrexisset,
3463 3303 3495 3342 a
3521 3304 3711 3358 quam-

2115 3377 2365 3448 plurimis
2405 3376 2520 3447 jam
2558 3377 2700 3432 Deus
2729 3393 2851 3433 esse
2893 3376 3224 3434 crederetur.
3268 3378 3542 3450 Tyberius
3592 3394 3708 3450 quae

2117 3477 2456 3538 compererat
2483 3467 2667 3522 retulit
2693 3469 2760 3523 ad
2784 3476 3051 3523 senatum.
3086 3467 3320 3525 Senatus
3347 3477 3536 3526 autem
3562 3485 3706 3540 spre-

2115 3560 2258 3615 visse
2303 3559 2501 3613 dicitur
2545 3573 2644 3628 pro
2679 3573 2744 3614 eo
2787 3561 2932 3629 quod
2967 3574 3074 3614 non
3117 3560 3267 3628 prius
3304 3560 3410 3615 sibi
3441 3561 3609 3632 hujus
3634 3561 3705 3616 rei

2117 3649 2374 3704 indicium
2425 3647 2587 3703 fuerit
2632 3647 2908 3712 delatum,
2960 3648 3055 3704 sed
3103 3649 3488 3704 auctoritatem
3557 3666 3705 3705 suam

2115 3739 2439 3810 prmvenerit
2467 3738 2611 3808 vulgi
2642 3739 2928 3794 sententia.
2956 3739 3068 3794 Lex
3094 3741 3296 3794 etenim
3316 3751 3439 3796 erat
3467 3743 3706 3812 antiqui-

2117 3838 2202 3884 tus
2231 3829 2533 3900 designata,
2565 3843 2635 3885 ne
2667 3830 2789 3901 quis
2815 3832 2955 3901 apud
2999 3830 3272 3887 Romanos
3316 3833 3452 3888 deus
3483 3835 3706 3890 habere-

2116 3928 2232 3988 tur,
2267 3921 2370 3975 nisi
2397 3930 2618 3976 senatus
2649 3923 2869 3977 decreto
2915 3929 2971 3977 et
3015 3923 3282 3979 sententia
3325 3925 3700 3982 conﬁrmatus.

2116 4011 2286 4067 Porro
2312 4019 2488 4066 autem
2513 4026 2612 4082 pro
2633 4027 2761 4067 vero
2787 4013 2890 4068 hoc
2914 4022 3030 4068 erat
3057 4014 3198 4083 quod
3225 4015 3508 4083 agebatur,
3539 4032 3607 4072 ne
3631 4018 3704 4071 di-

2117 4102 2241 4156 vina
2267 4101 2439 4156 virtus
2465 4101 2717 4157 humanis
2745 4110 3028 4172 putaretur
3053 4104 3412 4159 assertoribus
3437 4105 3702 4177 indigere.

2119 4191 2360 4263 Cumque
2388 4192 2682 4248 secundum
2715 4209 2781 4248 ea
2810 4209 2930 4264 quae
2977 4210 3138 4265 supra
3169 4195 3407 4252 diximus
3437 4201 3706 4254 renuisset

2119 4291 2362 4348 senatus,
2392 4282 2657 4354 Tyberius
2704 4292 2886 4339 tamen
2931 4285 3103 4340 tenuit
3151 4288 3478 4343 sententiam
3529 4305 3701 4355 suam,

2118 4388 2186 4427 ne
2212 4373 2341 4442 quid
2364 4373 2647 4428 adversum
2671 4373 2971 4430 doctrinam
3000 4374 3202 4430 Christi
3228 4378 3570 4432 contrarium
3594 4396 3703 4434 mo.

2121 4463 2332 4531 liretur,
2359 4465 2722 4520 comminatus
2754 4466 3049 4536 periculum
3077 4468 3266 4522 mortis
3293 4471 3708 4526 accusatoribus

439 4527 766 4596 przedicahat
794 4527 999 4594 primus
1033 4526 1260 4581 verbum
1311 4528 1404 4582 Dei
1445 4527 1798 4585 Samaritana:
1851 4531 2013 4601 genti.

2123 4526 2575 4608 Christianorum.
2623 4526 2770 4609 Haec.
2812 4553 3195 4610 Tcrtulliauus.
3247 4556 3405 4624 Quod
3460 4557 3708 4627 profecto

439 4617 499 4672 ιιι
537 4631 644 4683 quo
678 4625 827 4671 tanta
869 4623 985 4670 erat
1011 4615 1203 4670 divinae
1233 4617 1426 4686 gratiae
1466 4616 1723 4685 efﬁcacia,
1752 4628 1813 4675 ut
1853 4621 2019 4675 etiam

442 4706 750 4762 Simeonem
810 4719 1026 4774 magum
1087 4705 1199 4760 suis
1249 4706 1719 4776 praedicationibus
1778 4719 2021 4764 conster-

441 4804 618 4850 naret.
675 4795 779 4863 Qui
826 4809 926 4866 per
979 4795 1120 4850 idem
1177 4804 1386 4866 tempus
1416 4797 1643 4854 celebris
1672 4799 1830 4856 famae
1881 4803 2021 4870 apud

443 4888 907 4944 Samaritanorum
953 4887 1178 4958 populos
1229 4888 1526 4944 habebatur
1567 4890 1644 4944 ita
1669 4929 1686 4956 ,
1735 4900 1795 4946 ut
1851 4891 2023 4949 virtus

441 4981 536 5036 Dei
584 4995 775 5051 magna
827 4995 947 5036 esse
998 4987 1301 5049 putaretur.
1361 4979 1470 5037 Sed
1523 4981 1569 5038 is
1621 4997 1744 5038 cum
1796 4983 2022 5039 vidisset

441 5073 597 5142 signa
639 5081 695 5127 et
740 5071 996 5127 miracula
1037 5087 1154 5141 qua}
1187 5087 1219 5126 a
1269 5073 1507 5143 Philippo
1541 5089 1636 5143 per
1680 5073 1872 5130 divina:
1900 5091 2020 5146 gra-

441 5161 532 5216 tiae
582 5168 902 5230 potestatem
955 5159 1193 5221 ﬁebant,
1248 5160 1648 5230 obstupefactus
1693 5171 1748 5217 et
1802 5164 2020 5220 territus

444 5249 630 5314 cessit,
661 5251 882 5305 credere
910 5263 968 5304 se
993 5249 1047 5302 in
1077 5248 1373 5315 Christum,
1403 5264 1684 5320 usquequo
1708 5252 1874 5307 etiam
1917 5253 2016 5308 ba-

443 5340 697 5407 ptismum
725 5339 1018 5408 acciperet,
1041 5337 1335 5392 simulavit.

514 5449 712 5504 Verum
740 5465 839 5521 per
865 5450 1105 5521 singulos
1145 5450 1261 5505 dies
1295 5461 1616 5522 augescente
1642 5453 2020 5524 praedicatione

443 5538 593 5592 verbi
619 5537 810 5603 divini,
839 5552 938 5606 per
963 5538 1056 5594 Dei
1085 5539 1474 5610 providentiam
1503 5558 1570 5597 ex
1597 5542 1885 5611 Ethiopian
1929 5556 2017 5597 re-

447 5624 693 5691 gionihus
732 5626 884 5682 adest
912 5630 1152 5698 quidam,
1184 5637 1440 5700 tanquam
1473 5641 1594 5688 vota
1627 5633 1679 5686 in
1709 5632 2017 5702 Hierosoly-

448 5717 552 5774 tnis
595 5722 931 5788 redditurus,
989 5723 1206 5796 Regina:
1259 5726 1434 5797 gentis
1493 5727 1633 5781 illius
1678 5727 2013 5797 prtt‘posilus.

2125 4643 2303 4697 divina
2330 4630 2667 4712 providentia
2693 4643 2767 4698 ita
2791 4654 2921 4700 tunc
2940 4644 3168 4701 Cmsaris
3189 4647 3439 4704 sensibus
3460 4649 3706 4720 ingessit,

2125 4743 2186 4789 ut
2232 4734 2584 4805 absque-ullo
2622 4736 2903 4791 obstaculo
2947 4737 3001 4791 in
3046 4737 3177 4807 ipsis
3212 4740 3479 4794 duntaxat
3535 4742 3711 4796 initiis

2125 4825 2398 4897 Evangelii
2427 4842 2604 4883 sermo
2645 4843 3030 4899 usquequaque
3062 4841 3426 4899 percurreret.
3471 4833 3629 4888 Unde
3656 4843 3713 4890 et

2127 4913 2329 4971 factum
2349 4925 2433 4972 est
2454 4927 2513 4972 ut
2532 4926 2750 4986 repente
2774 4919 2926 4988 quasi
2957 4921 3168 4974 cmlitus
3193 4920 3375 4976 lumen
3401 4931 3713 4988 ostensum,

2126 5014 2219 5058 aut
2246 5005 2428 5061 radius
2453 5007 2670 5076 quidam
2697 5007 2829 5063 solis
2851 5023 3157 5079 erumpens,
3183 5018 3352 5064 totum
3377 5012 3570 5065 orbem
3600 5012 3718 5066 cla-

2125 5094 2287 5150 ritate
2329 5097 2548 5166 superni
2577 5097 2796 5154 luminis
2828 5098 3143 5165 illustraret,
3174 5110 3234 5156 ut
3259 5101 3632 5171 complcretur
3661 5113 3720 5158 et

2125 5185 2212 5238 illa
2243 5187 2524 5255 prophetia
2555 5202 2674 5256 quae
2703 5188 2950 5243 dixerat:
2979 5189 3046 5244 In
3082 5206 3282 5243 omnem
3317 5199 3514 5244 terram
3548 5193 3718 5246 exivit

2121 5292 2280 5330 sonus
2310 5293 2511 5342 eorum,
2541 5278 2993 5348 evangelistarum
3032 5281 3296 5334 duntaxat
3339 5289 3397 5335 et
3435 5283 3722 5350 apostolo-

2123 5381 2264 5431 rum,
2293 5377 2338 5420 el
2367 5368 2421 5421 in
2446 5369 2576 5436 ﬁnes
2601 5368 2739 5422 orbis
2773 5379 2926 5424 terra:
2963 5371 3114 5424 verba
3147 5387 3348 5425 eorum.
3396 5371 3480 5426 Ex
3513 5388 3627 5441 quo
3663 5384 3723 5430 et

2119 5471 2219 5524 per
2242 5471 2429 5512 omnes
2459 5458 2704 5514 civitates
2731 5473 2795 5513 ac
2821 5460 2970 5515 vicos
2997 5460 3272 5515 immensa:
3303 5461 3720 5529 multitudines,

2122 5549 2267 5603 velut
2313 5551 2569 5607 messium
2619 5561 2860 5623 tempore
2896 5553 3163 5606 frumenta
3206 5552 3275 5607 ad
3315 5568 3500 5623 arcas,
3531 5555 3609 5609 ita
3647 5557 3720 5610 ad

2125 5641 2416 5698 Ecclesium
2448 5643 2626 5714 populi
2653 5643 3132 5715 congregabantur.
