3964 6172
301 324 441 382 1195

917 423 1141 478 CAPUT
1182 423 1248 476 Χ.

295 542 376 596 De
404 541 506 596 vita
535 547 582 593 et
627 535 827 591 actibus
867 534 1092 604 Tyberii.
1145 535 1213 588 Et
1243 535 1468 605 qun/iter
1505 537 1558 589 in
1598 534 1875 592 Antiochia

369 609 607 665 Ecclesia
634 607 830 661 Christi
861 616 970 659 tum
997 606 1307 658 mirabiliter
1333 607 1530 673 ﬂuunt.
1571 605 1668 660 Ubi
1694 615 1739 660 et
1767 608 1878 675 pri-

363 696 510 734 mum
549 677 837 731 Christiani
883 676 1164 745 παπαιρωί
1189 686 1332 741 sunt,
1358 685 1407 730 et
1449 686 1638 732 cwtera
1667 692 1785 747 qua:
1813 693 1878 731 ea

369 757 671 820 tempestate
703 747 1049 816 contigerunt.

363 883 536 954 igitur
578 881 840 954 Tyberius
882 881 1086 948 Caesar,
1117 883 1218 938 sub
1257 898 1367 952 quo
1408 893 1555 956 gesta
1586 893 1713 938 sunt
1755 900 1875 955 qua:

289 974 680 1049 praemisimus,
703 973 836 1028 satis
861 973 1100 1043 prudens
1131 974 1182 1027 in
1213 975 1407 1039 armis,
1439 975 1676 1044 satisque
1705 975 1876 1030 fortu-

295 1077 459 1123 natus
508 1073 632 1121 ante
674 1073 943 1134 sumptum
1001 1065 1285 1134 imperium
1330 1066 1429 1121 sub
1467 1065 1706 1137 Augusto
1751 1065 1869 1121 fuit.

292 1157 476 1212 Inerat
499 1157 547 1211 ei
579 1155 802 1211 scientia
831 1155 1131 1208 litterarum
1167 1155 1370 1210 multa:
1395 1157 1610 1225 eloquio
1652 1157 1871 1224 clarior,

293 1249 390 1304 sed
419 1248 636 1318 ingenio
662 1247 898 1316 pessimo
923 1255 1084 1316 atque
1117 1247 1406 1313 insidioso,
1436 1248 1698 1302 simulans
1723 1263 1785 1303 ea
1815 1263 1874 1304 se

293 1339 433 1396 velle
460 1355 580 1408 qua:
612 1338 796 1402 nollet,
827 1338 910 1393 his
938 1339 1088 1408 quasi
1123 1338 1396 1405 infensus,
1427 1342 1623 1411 quibus
1661 1342 1875 1396 consul-

293 1439 410 1484 tum
437 1429 719 1498 cupiebat;
752 1429 835 1482 his
860 1443 988 1484 vero
1006 1444 1140 1498 quos
1169 1430 1380 1495 oderat,
1405 1430 1557 1500 quasi
1581 1430 1873 1486 benevolus

295 1536 594 1591 apparens;
645 1519 941 1589 repentinis
1001 1521 1443 1590 responsionibus
1492 1530 1584 1576 aut
1634 1521 1874 1577 consiliis

291 1613 487 1668 melior
513 1627 674 1681 quam
709 1611 997 1666 meditatis.
1047 1611 1145 1666 Hic
1181 1610 1292 1679 jam
1342 1613 1634 1681 imperator
1661 1628 1758 1681 per
1783 1628 1870 1666 se-

294 1706 584 1775 metipsum
613 1703 759 1757 nulla
789 1703 924 1757 bella
958 1704 1144 1774 gessit,
1177 1704 1271 1758 sed
1299 1712 1474 1758 tamen
1508 1704 1797 1774 aliquantis
1816 1705 1869 1758 iu

1397 310 1810 368 CllRONlCON.
1857 341 1922 352 υ-
1962 309 2126 366 ΤΟΜΙ
2163 311 2182 366 ι
2217 310 2343 366 LIB.
2384 310 2424 366 Ι.

1906 425 1950 483 Α
1980 431 2134 492 poeta
2168 422 2220 475 in
2266 423 2458 477 exsilio
2503 420 2644 477 diem
2681 425 2832 479 obiit.
2880 426 2980 494 Qui
3031 429 3097 484 ab
3143 429 3382 501 Augusto
3429 451 3558 492 sene

3419 323 3558 377 “9.6

1981 519 2266 572 damnatus
2298 517 2493 580 fuerat,
2514 528 2736 587 propter
2764 519 2930 574 libros
2953 525 3228 579 amatorize
3251 523 3397 582 Artis
3423 544 3559 597 quos

1979 616 2374 677 composuerat.
2434 606 2618 661 Livius
2650 610 3110 681 bistoriograpbus
3149 613 3352 671 Patavii
3397 619 3556 672 niuri-

1978 705 2083 752 tur.
2109 697 2386 767 Philippus
2407 698 2712 751 tetrarchire
2734 696 3060 764 Peneadem,
3089 703 3142 755 in
3168 719 3272 772 qua
3294 706 3559 773 plurimas

1976 789 2119 842 mdes
2161 794 2573 851 construxerat,
2603 787 2904 842 Caesaream
2954 788 3182 861 Philippi
3233 797 3463 861 vocavit,
3504 806 3558 851 et

1975 877 2168 932 Juliam
2199 878 2357 932 aliam
2384 879 2674 932 civitatem.
2708 878 2875 946 Igitur
2896 877 3161 948 Tyberius
3183 883 3378 938 multos
3404 900 3560 956 reges

1977 971 2261 1025 advocavit
2305 986 2400 1040 per
2438 970 2748 1033 blanditias,
2782 986 2917 1038 quos
2942 988 3212 1042 nunquam
3241 976 3307 1030 ad
3336 980 3554 1048 propria

1974 1063 2204 1117 remisit.
2235 1061 2313 1115 Ex
2343 1061 2535 1129 quibus
2557 1071 2610 1114 et
2634 1062 2954 1115 Archelaum
2981 1062 3374 1133 Cappadocum,
3401 1070 3557 1138 cujus

1972 1168 2142 1220 regno
2169 1153 2221 1205 in
2249 1151 2579 1220 provinciam
2604 1167 2789 1214 verso,
2822 1151 3134 1206 Mazaeham
3166 1156 3554 1212 nobilissimam

1974 1243 2244 1298 civitatem
2293 1241 2596 1296 Caesaream
2645 1243 2903 1310 appellari
2939 1242 3121 1310 jussit.
3155 1245 3350 1302 Multos
3388 1250 3552 1302 etiam

1973 1345 2282 1392 senatorum
2307 1342 2362 1388 et
2385 1334 2623 1402 equitum
2645 1333 3009 1388 Romanorum
3031 1335 3324 1404 interfecit,
3339 1338 3554 1393 demum

1971 1438 2025 1484 et
2054 1431 2164 1501 ipse
2189 1429 2243 1484 in
2268 1429 2560 1498 Campania
2587 1430 2837 1483 moritur.

2591 1539 2818 1595 CAPUT
2849 1541 2934 1594 Kl.

1973 1630 2324 1702 DeﬁP/zilone,
2349 1632 2440 1702 qui
2472 1628 2590 1684 Gaii
2636 1630 2885 1702 laudibus
2923 1631 3211 1684 Ecclesium
3258 1635 3548 1687 exornavit.

2045 1701 2112 1754 Et
2155 1701 2367 1767 quanta
2397 1701 2576 1754 Judo‘i
2624 1701 2763 1753 mala
2804 1701 2896 1771 sub
2937 1701 3116 1754 eodem
3154 1702 3388 1771 principe
3429 1713 3550 1756 sunt

295 1770 450 1861 locis,
477 1795 830 1865 praacognitos
868 1770 980 1849 cito
1016 1793 1252 1864 gentium
1283 1803 1522 1850 tumores
1545 1770 1642 1865 per
1669 1795 1870 1865 legatos

2045 1773 2271 1843 perpessi
2307 1773 2368 1826 ob
2391 1773 2669 1825 vindictam
2695 1770 2886 1823 crucis.

290 1886 635 1956 compressit.
663 1884 805 1937 Sane
834 1893 1029 1952 quarto
1063 1884 1269 1952 imperii
1305 1882 1420 1952 ejus
1452 1899 1614 1949 anno,
1645 1883 1867 1938 Germa-

293 1979 454 2031 nicus
493 1975 652 2030 Drusi
695 1974 834 2028 ﬁlius
867 1973 1118 2044 Caligula:
1158 1982 1311 2043 pater
1355 1975 1421 2030 de
1468 1973 1774 2038 Germanis,
1801 1976 1866 2030 ad

291 2082 432 2137 quos
480 2067 545 2122 ab
579 2067 817 2136 Augusto
854 2080 982 2120 sene
1031 2065 1228 2120 missus
1271 2064 1466 2131 fuerat,
1496 2067 1864 2137 triumphavit.

291 2158 411 2228 Ipse
438 2167 614 2211 autem
640 2157 900 2228 Tyberius
940 2155 1169 2226 plurima
1218 2157 1426 2226 imperii
1456 2157 1536 2212 sui
1565 2167 1719 2226 parte
1744 2174 1867 2212 eum

290 2263 488 2319 magna
525 2257 578 2302 et
606 2247 754 2320 gravi
789 2247 1050 2301 modestia
1084 2247 1392 2316 reipublica:
1438 2247 1649 2317 prmfuit
1674 2265 1686 2300 :
1712 2249 1863 2312 adeo,

293 2351 356 2395 ut
387 2340 705 2410 quibusdam
735 2338 1050 2408 pmsidibus
1080 2339 1321 2408 augenda
1350 2339 1644 2408 provinciis
1669 2339 1868 2394 tributa

292 2432 641 2487 suadentibus
685 2430 992 2499 scripserit,
1021 2429 1144 2482 boni
1195 2429 1430 2498 pastoris
1477 2443 1600 2483 esse
1651 2430 1870 2484 tondere

293 2540 476 2594 pecus,
506 2539 608 2576 non
641 2522 946 2592 deglubere.
977 2522 1162 2590 Itaque
1194 2520 1450 2591 paulatim
1480 2521 1758 2574 immutata
1789 2528 1872 2576 est

294 2615 385 2669 illa
408 2613 622 2683 Tyberii
641 2610 874 2666 Ctesaris
893 2611 1260 2687 laudptissima
1285 2611 1543 2664 modestia
1573 2610 1625 2663 in
1656 2625 1870 2680 pmnam

296 2703 708 2757 contradictoris
727 2709 965 2764 senatus,
988 2708 1148 2768 atque
1173 2715 1239 2754 ex
1264 2699 1700 2754 mansuetissimo
1725 2699 1872 2769 prin-

294 2797 436 2866 cipe,
464 2794 754 2850 satvissima
781 2793 950 2847 bestia
981 2793 1204 2847 exarsit.

368 2886 502 2940 Nam
535 2885 793 2956 plurimos
835 2893 1144 2939 senatorum
1180 2876 1517 2954 proscripsit,
1549 2893 1604 2938 et
1629 2884 1698 2938 ad
1726 2898 1872 2938 mor-

299 2988 408 3034 tem
433 2977 643 3047 coegit:
671 2975 858 3045 viginti
885 2975 985 3029 sibi
1011 2973 1269 3045 patricios
1297 2975 1445 3027 viros
1473 2974 1685 3028 consilii
1711 2986 1872 3026 causa

297 3069 521 3139 legerat,
551 3067 738 3120 horum
763 3065 850 3117 vix
892 3063 1138 3117 undecim
1177 3061 1473 3116 incolumes
1506 3062 1739 3131 reliquit,
1769 3077 1872 3116 ete-

2039 1887 2169 1942 Post
2214 1887 2540 1957 Tyberium,
2570 1884 2634 1940 G.
2677 1884 2915 1955 Caligula
2961 1884 3244 1954 imperium
3292 1893 3548 1954 suscepit.

1969 1977 2070 2044 Qui
2099 1977 2690 2039 contiuqumlteorum
2717 1975 3079 2044 principatum
3109 1977 3332 2029 tradidit
3360 1976 3552 2046 Agrip-

1967 2082 2068 2136 pag,
2101 2069 2192 2138 qui
2219 2079 2272 2122 et
2297 2067 2536 2122 llerodes
2562 2068 2884 2131 vocabatur,
2911 2067 3150 2121 liberans
3188 2082 3310 2121 eum
3341 2067 3406 2122 de
3435 2068 3553 2122 vin-

1968 2160 2122 2224 culis,
2147 2167 2200 2213 et
2220 2159 2364 2212 dedit
2387 2157 2618 2228 Philippi
2645 2173 2706 2212 ac
2734 2158 2976 2229 Lysanize
2999 2159 3338 2212 tetrarchias.
3372 2159 3551 2229 Ipsum

1967 2266 2098 2305 vero
2143 2250 2404 2304 llerodem
2427 2291 2441 2313 ,
2469 2249 2558 2318 qui
2589 2249 2670 2303 vel
2701 2247 2926 2304 Joannis
2955 2249 3100 2302 necis
3143 2258 3330 2302 auctor
3381 2249 3550 2304 exsti-

1968 2349 2127 2404 terat,
2177 2339 2260 2393 vel
2306 2339 2359 2392 in
2410 2337 2662 2407 passione
2717 2337 2927 2391 Domini
2979 2337 3320 2401 interfuerat,
3369 2337 3553 2392 multis

1969 2431 2336 2486 excruciatum
2381 2430 2575 2492 modis,
2621 2436 2829 2482 aeterno
2877 2429 3095 2482 damnat
3147 2428 3358 2492 exsilio,
3409 2429 3552 2483 sicut

1969 2520 2232 2590 Josephus
2260 2519 2469 2575 scribit.
2503 2518 2674 2587 Hujus
2701 2519 3030 2588 temporibus
3062 2517 3214 2571 Philo
3247 2517 3554 2588 insignissi-

1969 2627 2106 2668 mus
2133 2613 2455 2681 scriptorum
2498 2608 2737 2668 ﬂorebat,
2768 2608 2860 2678 qui
2890 2623 2996 2661 non
3038 2607 3206 2661 solum
3255 2607 3308 2660 in
3341 2615 3549 2670 nostra,

1969 2720 2157 2759 verum
2195 2712 2249 2758 et
2299 2703 2351 2757 in
2399 2701 2713 2756 Grzecorum
2754 2699 3095 2770 philosophia
3152 2699 3360 2768 primus
3413 2698 3556 2752 inter

1971 2796 2175 2866 primos
2198 2795 2518 2849 habebatur.
2553 2791 2652 2847 llic
2679 2799 2857 2846 autem
2881 2806 3076 2862 genere
3100 2791 3314 2859 quidem
3339 2805 3369 2842 a
3395 2804 3554 2858 proa-

1971 2886 2055 2940 vis
2084 2885 2342 2947 chrzeis,
2377 2883 2517 2952 apud
2544 2879 2925 2934 Alexandriam
2958 2893 3084 2933 vero
3115 2878 3366 2932 omnibus
3395 2877 3556 2931 claris

1973 2985 2027 3031 et
2051 2975 2320 3030 nobilibus
2354 2973 2487 3028 viris
2518 2972 2716 3027 clarior
2743 2986 2808 3026 ac
2835 2971 3069 3025 nobilior
3099 2978 3236 3025 erat.
3267 2969 3322 3023 In
3359 2969 3556 3023 divinis

1978 3075 2158 3120 autem
2188 3066 2394 3137 legibus
2419 3075 2473 3121 et
2499 3066 2691 3136 patriis
2720 3065 2982 3120 institutis
3012 3073 3243 3134 quantus
3270 3063 3553 3133 qualisque

300 3169 448 3214 teros
488 3157 715 3212 diversis
763 3155 938 3210 causis
988 3154 1216 3208 necavit.
1251 3151 1506 3220 Seianum
1559 3151 1871 3222 [infectum
1899 3131 1944 3193 (ἶ
1976 3159 2158 3224 fuerit,
2188 3175 2252 3213 ex
2303 3159 2387 3214 bis
2415 3174 2534 3228 qua:
2569 3159 2726 3212 nobis
2753 3157 3046 3212 liberorum
3082 3171 3302 3210 suorum
3334 3154 3556 3208 tradidit

300 3267 460 3307 suum
504 3265 591 3304 res
629 3263 795 3302 novas
835 3247 1144 3300 molientem
1173 3245 1475 3311 interfecit;
1509 3245 1722 3310 merito,
1747 3245 1873 3316 quia

299 3341 722 3398 obstinatissime
767 3337 1006 3409 religioni
1046 3337 1477 3392 Christianorum
1527 3337 1871 3392 contradixit.

297 3430 467 3485 Filios
494 3444 619 3483 suos
646 3428 874 3482 Drusum
903 3436 958 3481 et
986 3425 1390 3492 Germanicum,
1413 3443 1642 3497 quorum
1671 3429 1876 3484 Drusus

297 3521 594 3585 naturalis,
635 3518 990 3574 Germanicus
1037 3518 1319 3588 adeptivus
1367 3527 1521 3582 erat,
1572 3519 1876 3574 manifestis

296 3611 494 3666 veneni
543 3610 709 3680 signis
751 3609 1014 3678 perdidit;
1045 3608 1185 3661 filios
1228 3605 1534 3662 Germanici
1567 3607 1658 3660 ﬂlii
1688 3608 1771 3662 sui
1795 3609 1877 3661 in-

299 3701 531 3758 terfecit.
564 3698 785 3754 Referre
829 3697 1136 3767 singulatim
1165 3695 1306 3750 facta
1335 3695 1449 3764 ejus
1480 3696 1749 3759 abhorret,
1778 3710 1878 3766 pu-

297 3795 516 3861 detque.
537 3791 708 3846 Tanta
731 3791 966 3844 libidinis
991 3798 1045 3844 et
1073 3789 1407 3843 crudelitatis
1436 3789 1585 3843 rabie
1607 3787 1875 3854 eﬂ‘erbuit,

296 3895 361 3939 ut.
385 3884 476 3954 qui
505 3889 819 3953 spreverant
848 3881 1064 3935 Christo
1102 3896 1228 3949 rege
1257 3881 1480 3946 salvari,
1513 3895 1638 3952 rege
1663 3879 1878 3935 Cmsare

296 3977 641 4047 punirentur.
687 3974 804 4041 Quo
843 3974 1003 4027 etiam
1049 3973 1347 4042 imperante
1374 3972 1632 4042 Agrippa,
1675 3987 1876 4043 cogno-

298 4075 486 4123 mento
514 4065 773 4126 Herodes,
803 4063 944 4117 filius
989 4063 1304 4127 Aristoboli,
1332 4063 1426 4116 filii
1458 4064 1685 4118 Herodis
1713 4064 1878 4134 regis,

297 4167 592 4214 accusator
630 4156 855 4211 Herodis
904 4157 1190 4211 tetrarcha:
1241 4155 1469 4210 Romam
1523 4156 1800 4226 profectus
1849 4172 1878 4211 a

301 4249 536 4320 Tyberio
589 4249 641 4302 in
690 4247 902 4301 vincula
955 4245 1242 4315 conjicitur
1280 4265 1292 4300 :
1324 4247 1416 4302 ubi
1468 4247 1730 4318 plurimos
1779 4247 1880 4302 silli

302 4342 499 4396 ascivit
526 4340 591 4394 ad
617 4339 931 4403 amicitiam,
952 4345 1007 4393 et
1029 4339 1262 4393 maxime
1291 4337 1596 4394 Germanici
1621 4338 1786 4392 tilium
1813 4338 1878 4393 G.

303 4431 422 4486 lloc
450 4430 612 4484 etiam
647 4438 884 4499 tempore
921 4429 1120 4498 passim
1149 4443 1244 4496 per
1271 4443 1459 4482 omnes
1487 4427 1762 4498 gentilium
1787 4442 1883 4497 po-

303 4524 466 4595 pulos
511 4520 783 4592 profusius
830 4536 952 4575 eum
998 4518 1364 4573 eﬂ‘underetur
1399 4519 1576 4573 divina
1621 4517 1879 4588 dignatio,

305 4616 516 4685 primus
558 4611 696 4681 apud
725 4610 1027 4665 Cassaream
1058 4608 1354 4664 Palaestina
1384 4607 1570 4662 urbem
1604 4606 1885 4662 Cornelius

305 4722 434 4763 cum
464 4705 609 4758 omni
635 4705 796 4757 domo
837 4716 934 4756 sua
977 4701 1044 4756 ad
1085 4699 1244 4755 [idem
1287 4699 1510 4765 Christi,
1535 4698 1697 4754 Petro
1729 4698 1887 4752 mini-

308 4807 540 4860 strante,
571 4795 900 4866 perducitur.
932 4793 1050 4849 Jam
1075 4793 1197 4848 inde
1222 4791 1602 4862 quamplurimi
1626 4800 1681 4846 et
1702 4790 1791 4844 alii
1818 4804 1886 4844 ex

309 4890 561 4962 gentibus
598 4887 736 4956 apud
773 4886 1114 4940 Antiochiam
1150 4885 1216 4939 ad
1243 4883 1401 4938 fidem
1441 4882 1665 4938 veniunt
1698 4895 1886 4936 eorum

309 4979 694 5050 praedicatione
732 4975 1021 5046 pertracti,
1065 4988 1232 5043 quos,
1277 4972 1584 5044 proditione
1628 4973 1888 5026 adversus

313 5071 648 5139 Stephanum
688 5073 974 5130 commota,
1008 5063 1386 5118 disseminatos
1411 5077 1529 5117 esse
1555 5076 1652 5132 per
1672 5075 1887 5116 omnem

313 5165 495 5217 locum
533 5161 779 5229 superius
805 5158 1120 5213 edocuimus
1137 5196 1151 5221 ,
1176 5171 1271 5224 per
1300 5171 1435 5224 quos
1456 5162 1509 5209 et
1534 5155 1673 5224 apud
1702 5153 1889 5207 Antio~

313 5253 496 5308 cbiam
543 5250 919 5305 ﬂorentissima
965 5254 1320 5316 congregatur
1361 5244 1619 5298 Ecclesia.
1683 5242 1741 5296 In
1782 5255 1887 5311 qua

315 5352 477 5400 erant
504 5343 664 5397 etiam
689 5340 988 5412 prophetici
1013 5337 1217 5393 ordinis
1236 5337 1337 5390 viri
1360 5334 1736 5406 quamplurimi
1765 5349 1887 5388 cum

317 5437 519 5509 quibus
549 5444 604 5489 et
625 5434 902 5488 Barnabas
925 5440 980 5486 et
1008 5428 1224 5494 Paulus,
1247 5429 1441 5499 quibus
1467 5426 1718 5480 omnibus
1743 5423 1890 5494 pari-

320 5536 409 5581 ter
438 5526 490 5580 in
519 5525 688 5596 gratia
731 5524 826 5578 Dei
852 5532 907 5578 et
935 5519 1286 5576 unanimitate
1312 5517 1650 5588 degentibus,
1681 5516 1752 5569 ibi
1782 5514 1893 5584 pri-

322 5631 472 5673 nnnn
520 5615 784 5687 discipuli,
813 5629 844 5669 e
883 5613 1108 5684 perenni
1155 5611 1303 5666 fonte
1349 5619 1564 5680 sumpto
1611 5608 1888 5671 vocabulo,

327 5709 578 5778 appellati
632 5718 753 5764 sunt
803 5705 1116 5765 Christiani.
1180 5703 1382 5773 Quibus
1436 5703 1626 5761 diebus
1667 5701 1892 5760 Ovidius

1977 3253 2362 3314 monumentis,
2391 3250 2640 3306 omnibus
2674 3250 2878 3305 clarum
2922 3255 3023 3304 est.
3059 3246 3191 3314 Quis
3219 3246 3361 3300 enim
3399 3246 3558 3316 digne

1977 3345 2152 3398 valeat
2173 3343 2444 3414 explicare
2465 3350 2667 3414 quanta
2689 3343 2738 3397 ei
2763 3343 2816 3396 in
2841 3339 3153 3395 liberalibus
3176 3338 3372 3394 litteris
3394 3337 3560 3392 fuerit

1978 3435 2267 3498 institutio,
2298 3443 2498 3504 quanta
2550 3433 2600 3486 in
2639 3431 3044 3501 pliilosopbicis,
3074 3437 3415 3499 quantusque
3442 3445 3560 3482 ma-

1979 3527 2122 3579 xime
2154 3526 2205 3578 in
2231 3524 2523 3578 Platonicis
2551 3532 2604 3577 et
2630 3521 3002 3593 Pythagoricis
3036 3519 3198 3574 fuerit
3239 3519 3557 3589 disciplinis,

1979 3622 2041 3668 ut
2067 3629 2253 3667 omnes
2284 3613 2375 3682 qui
2406 3628 2588 3667 secum
2631 3612 2945 3674 ﬂoruerant,
2975 3624 3110 3680 pene
3136 3619 3190 3665 et
3213 3611 3302 3680 qui
3333 3625 3559 3680 princes-

1980 3714 2183 3769 serant,
2213 3713 2516 3773 superaret.
2551 3703 2649 3760 Hic
2694 3705 2857 3777 igitur
2900 3704 3016 3774 ipse
3061 3704 3392 3773 temporibus
3437 3703 3557 3759 Gaii

1981 3804 2180 3868 quanta
2209 3795 2408 3851 Judaais
2429 3797 2725 3852 acciderint
2751 3795 2912 3860 mala,
2937 3795 3176 3865 quinque
3197 3795 3563 3850 voluminibus

1982 3889 2231 3959 exponit;
2263 3889 2354 3942 sed
2378 3897 2433 3942 et
2460 3887 2526 3942 de
2549 3886 2787 3956 ejusdem
2815 3885 2932 3941 Gaii
2959 3887 3154 3940 mentis
3183 3885 3389 3941 insania
3414 3901 3560 3940 com-

1983 3985 2266 4040 memorat,
2281 3976 2491 4045 quodin
2514 3985 2718 4030 tantum
2738 3975 3003 4045 superbia:
3018 3974 3187 4030 elatus
3209 3975 3300 4040 sit,
3315 3984 3374 4029 ut
3392 3975 3561 4029 Deum

1982 4084 2042 4124 se
2074 4069 2302 4123 voluerit
2327 4067 2582 4137 appellari
2615 4086 2627 4120 :
2659 4068 2714 4120 ln
2751 4067 2881 4136 ipsis
2924 4075 3103 4120 autem
3141 4065 3231 4120 ubi
3261 4069 3325 4120 de
3349 4063 3561 4119 Judzeo-

1984 4177 2102 4214 rum
2131 4160 2371 4214 cladibus
2393 4158 2580 4225 refert,
2608 4175 2761 4214 suam
2788 4174 3001 4228 quoque
3035 4157 3379 4228 legationem,
3398 4173 3561 4228 quam

1981 4267 2082 4322 pro
2110 4250 2499 4306 contribulibus
2537 4250 2648 4305 suis
2681 4249 2879 4303 Judzeis
2918 4248 3106 4303 detulit
3132 4248 3198 4302 ad
3235 4249 3420 4302 urbem
3452 4247 3563 4301 Ro-

1983 4355 2149 4409 mam,
2201 4339 2478 4405 describit,
2521 4348 2576 4394 et
2613 4339 2753 4409 quod
2783 4354 3044 4409 perurans
3074 4338 3214 4407 apud
3243 4337 3434 4392 Gaium
3465 4354 3564 4408 pro

1984 4428 2176 4499 patriis
2207 4429 2428 4499 legibus,
2473 4428 2606 4482 nihil
2637 4427 2866 4498 amplius
2891 4443 3052 4497 quam
3081 4427 3386 4482 irrisionem
3413 4435 3530 4482 retu

1985 4517 2113 4574 lerit
2141 4519 2380 4584 domum,
2421 4519 2528 4573 imo
2561 4528 2615 4573 et
2653 4535 2789 4589 pene
2825 4517 3120 4588 periculum
3164 4518 3352 4571 mortis
3379 4516 3563 4571 incur-

1989 4609 2142 4666 rerit.
2171 4609 2278 4664 Sed
2301 4617 2356 4664 et
2381 4609 2646 4678 Josephus
2670 4609 2914 4664 meminit
2944 4607 3136 4664 borum
3175 4607 3228 4662 in
3256 4607 3394 4684 libro
3430 4624 3564 4662 xvnt

1988 4701 2402 4772 Antiquitatum.
2438 4701 2581 4756 Inter
2607 4708 2800 4757 caetera
2843 4699 2995 4765 dicit,
3041 4699 3183 4755 illico
3218 4714 3248 4754 e
3278 4709 3566 4769 conspectu

1991 4792 2109 4848 Gaii
2131 4809 2254 4848 cum
2277 4793 2469 4863 injuria
2497 4808 2617 4848 esse
2646 4791 2895 4860 ejectum.
2919 4792 3180 4863 Egressus
3203 4799 3386 4846 autem
3413 4791 3565 4845 Philo

1993 4883 2071 4938 ait
2097 4884 2164 4938 ad
2190 4881 2423 4948 Judmos,
2452 4884 2543 4951 qui
2589 4882 2692 4937 sibi
2741 4882 2988 4936 astabant
3019 4898 3032 4934 :
3064 4879 3213 4935 Bono
3248 4880 3426 4934 animo
3471 4893 3568 4932 nos

1992 4990 2116 5031 esse
2142 4983 2382 5046 oportet;
2415 4974 2611 5043 quibus
2638 4973 2808 5026 iratus
2843 4978 2924 5026 est
2958 4969 3144 5034 Gaius,
3185 4969 3307 5040 quia
3346 4983 3569 5022 necesse

1993 5074 2078 5120 est
2106 5066 2294 5120 adesse
2325 5064 2584 5126 divinum,
2615 5062 2705 5116 ubi
2743 5061 3033 5115 humanum
3073 5064 3248 5114 cessat
3285 5056 3566 5111 auxilium.

1993 5156 2282 5210 Evidenter
2302 5155 2445 5208 enim
2481 5154 2533 5206 in
2563 5151 2776 5206 Judmos
2805 5149 3035 5205 divinam
3064 5163 3162 5217 pro
3191 5145 3416 5216 piaculis
3448 5161 3568 5212 qua).

1993 5245 2278 5302 adversum
2315 5243 2588 5299 Christum
2632 5256 2767 5295 ausu
2793 5237 3000 5296 nefario
3039 5236 3424 5318 commiserant
3452 5249 3568 5288 ma-

1993 5334 2212 5390 niiestat
2245 5334 2523 5388 ultionem.
2567 5331 2743 5401 Ipsum
2787 5328 2930 5383 enim
2972 5325 3270 5388 Philonem,
3318 5338 3440 5378 cum
3478 5338 3566 5377 se-

1993 5426 2166 5484 cunda
2192 5426 2309 5480 vice
2351 5423 2590 5478 venisset
2618 5421 2863 5484 Romam,
2894 5416 3210 5488 legationem
3247 5412 3422 5484 gentis
3459 5425 3572 5466 sua:

1993 5520 2062 5575 ad
2099 5517 2378 5574 Claudium
2409 5512 2674 5575 deferens,
2713 5512 2766 5565 in
2795 5510 2984 5564 eadem
3019 5506 3152 5561 urbe
3185 5505 3420 5562 locutum
3449 5518 3571 5559 esse

1993 5627 2115 5668 cum
2146 5609 2304 5664 Petro
2329 5604 2588 5676 apostolo,
2620 5603 2841 5673 ejusque
2865 5598 3118 5654 habuisse
3149 5595 3430 5660 amicitias,
3462 5605 3571 5648 tra-

1994 5703 2159 5772 dunt;
2192 5710 2246 5756 et
2272 5700 2342 5757 ob
2382 5699 2521 5755 hanc
2551 5709 2767 5755 causam
2815 5690 3098 5748 ecclesiam
3128 5687 3294 5743 Marci
3323 5686 3566 5757 discipuli
