3964 6172
406 344 544 399 ΗΞῚ

1428 336 1814 394 FRECULPHI
1853 335 2306 393 LEXOVIENSIS
2346 333 2673 391 EPISCOPI'

3530 337 3674 394 “2.3

394 458 545 515 Petri
580 453 720 527 apud
757 451 1138 509 Alexandriam
1168 465 1391 507 ornasse
1430 450 1680 507 laudibus
1709 450 1841 506 suis.
1874 449 1977 517 Qui
2004 454 2053 509 A
2081 448 2394 519 Hispaniam
2440 465 2562 503 cum
2610 447 2909 503 Herodiude
2956 462 3188 505 maerore
3235 451 3418 520 periit.
3470 451 3583 507 Sed
3623 466 3683 508 ct

398 550 563 605 etiam
615 546 813 599 librum
862 543 930 598 de
974 542 1385 598 conversatione
1423 551 1479 596 et
1513 541 1625 595 vita
1672 551 1980 606 nostrorum

396 637 610 695 scribit.
640 618 738 689 Ubi
780 647 886 687 non
913 631 1086 687 solum
1114 632 1168 686 in
1205 631 1554 697 Alexandria,
1586 630 1679 686 sed
1711 630 1766 685 in
1795 630 1982 685 multis

398 740 614 798 quoque
648 723 945 794 provinciis
982 736 1103 778 esse
1145 737 1451 779 memorans
1472 722 1634 793 hujus
1658 730 1841 786 secta),
1871 730 1983 776 tam

398 816 544 870 viros
572 828 735 884 quam
764 821 820 868 et
854 812 1110 867 mulieres
1145 819 1200 866 et
1226 811 1533 866 habitacula
1562 826 1771 875 eorum,
1799 811 1991 875 dicens

399 903 747 960 monasteria.
776 902 858 958 Ex
883 916 990 972 quo
1017 910 1241 973 apparet
1268 901 1428 956 talem
1449 900 1624 971 primo
1649 900 1984 956 credentium

400 994 616 1050 Christo
643 992 807 1048 fuisse
836 991 1154 1058 Ecclesiam,
1191 990 1378 1060 quales
1403 1004 1547 1043 nunc
1581 989 1830 1044 monachi
1862 988 1985 1042 imi-

402 1097 590 1143 tantur
622 1094 677 1141 et
709 1085 966 1154 cupiunt:
998 1092 1059 1138 ut
1102 1082 1239 1138 nihil
1272 1082 1523 1151 cuiquam
1566 1079 1843 1151 proprium
1890 1079 1980 1144 sit,

397 1177 581 1231 nullus
624 1176 767 1230 inter
804 1189 901 1230 eos
942 1174 1113 1238 dives,
1162 1172 1338 1227 nullus
1380 1185 1618 1242 pauper;
1658 1166 1983 1239 patrimonia

397 1266 683 1338 egentibus
719 1264 1062 1328 dividuntur;
1103 1262 1337 1318 orationi
1370 1269 1622 1316 vacantes
1651 1267 1703 1314 et
1740 1258 1981 1329 psalmis,

398 1356 662 1411 doctrinae
692 1368 906 1424 quoque
935 1363 991 1408 et
1025 1353 1388 1408 continentiae.
1431 1351 1589 1406 Tales
1631 1366 1726 1406 eos
1753 1351 1986 1406 asseruit

402 1443 593 1514 quales
622 1450 676 1496 et
704 1441 879 1497 Lucas
913 1440 1081 1495 refert
1119 1442 1352 1511 primum
1390 1438 1775 1509 Hierosolyma:
1821 1436 1986 1493 fuisse

401 1535 703 1589 credentes.
754 1533 922 1604 Igitur
964 1532 1178 1587 Jndmos
1220 1548 1320 1602 pro
1350 1532 1637 1587 commisso
1683 1529 1888 1585 scelere
1929 1530 1984 1583 in

403 1624 741 1680 Salvatorem
779 1624 914 1677 ultio
948 1624 1126 1679 divina
1158 1625 1471 1688 damnabat,
1516 1630 1576 1677 ut
1618 1622 1761 1678 idem
1799 1630 1987 1676 auctor

402 1723 566 1783 atque
583 1711 851 1782 Josepbus
875 1713 988 1768 suis
1013 1713 1233 1768 tradunt
1268 1712 1848 1777 liistoriis,'ostendens
1874 1709 1989 1778 qui-

2082 540 2308 606 Pilatus,
2341 540 2433 609 qui
2464 539 2518 593 in
2550 537 2888 594 Salvatorem
2927 539 3096 610 iniqui
3133 540 3331 610 judicis
3359 539 3587 596 functus
3607 543 3687 595 of-

2080 631 2205 687 ﬁcio
2230 639 2333 697 est,
2382 631 2575 686 iisdem
2605 630 2937 701 temporibus
2977 629 3119 695 Gaii,
3167 631 3331 685 tantis
3366 647 3435 687 ac
3483 631 3691 686 talibus

2081 722 2347 777 malorum
2391 720 2639 776 cladibus
2679 721 3023 776 excruciatus
3069 729 3194 788 est,
3245 730 3307 776 ut
3354 722 3587 793 prOpria
3628 739 3691 778 se

2081 829 2244 868 manu
2270 812 2760 879 transverberasse,
2801 820 2857 867 et
2906 811 3174 866 nefariam
3213 812 3382 867 vitam
3427 811 3482 866 vi
3534 812 3691 881 abie-

2082 904 2245 969 cisse,
2278 902 2568 959 referatur.
2598 900 2710 957 Nec
2734 903 2878 957 enim
2902 910 3120 972 poterat
3156 904 3294 957 tanti
3332 902 3540 975 piaculi
3582 904 3690 959 mi-

2082 994 2255 1049 nister
2281 993 2580 1062 impunitus
2617 993 2866 1060 evadere,
2911 993 3054 1048 sicut
3092 994 3147 1047 in
3176 994 3420 1049 historiis
3449 993 3679 1051 Greco-

2082 1100 2204 1141 rum
2258 1084 2589 1153 reperimus,
2630 1098 2821 1140 eorum
2873 1084 3135 1140 duntaxat
3175 1085 3268 1155 qui
3323 1083 3684 1156 Olympiadas

2084 1174 2343 1239 scribunt,
2386 1181 2442 1227 et
2467 1173 2694 1230 annales
2737 1190 2917 1229 rerum
2956 1183 3229 1245 gestarum
3272 1176 3445 1232 libros
3472 1177 3549 1231 ad
3592 1193 3688 1248 po-

2085 1266 2344 1322 steritatis
2382 1266 2701 1321 memoriam
2744 1267 2998 1323 condunt.
3045 1267 3212 1324 Gaius
3239 1276 3447 1333 autem,
3482 1284 3691 1340 cogno-

2085 1364 2271 1411 mento
2299 1355 2567 1426 Caligula,
2617 1357 2905 1426 imperavit
2940 1373 3111 1413 annos
3154 1368 3405 1427 quatuor,
3438 1360 3536 1430 qui
3565 1370 3693 1414 ante

2085 1448 2454 1519 principatum
2500 1448 2752 1502 omnibus
2799 1448 2995 1503 charus
3047 1457 3407 1520 acceptusque
3440 1448 3579 1514 fuit;
3631 1450 3689 1503 in

2086 1539 2394 1609 principatu
2437 1552 2567 1594 vero
2612 1537 2756 1602 talis,
2788 1546 2848 1593 ut
2887 1553 2993 1593 non
3035 1538 3303 1593 immerito
3335 1538 3692 1619 vulgaretur.

2089 1628 2414 1683 atrociorem
2467 1626 2557 1682 illo
2602 1627 2881 1682 dominum
2924 1644 3031 1682 non
3077 1627 3261 1682 fuisse.
3293 1629 3544 1699 Denique
3574 1638 3695 1685 tres

2093 1733 2308 1774 sorores
2337 1733 2465 1774 suas
2497 1726 2689 1789 stupro
2724 1717 3033 1783 maculavit,
3063 1733 3128 1772 ac
3158 1719 3348 1774 deinde
3383 1720 3584 1775 exsilio
3611 1720 3696 1773 in-

404 1804 527 1858 dem
555 1803 894 1858 evidentibus
923 1804 1104 1859 verbis
1145 1805 1289 1875 quod
1335 1819 1403 1859 ex
1454 1802 1674 1858 admissi
1721 1800 1992 1871 sacrilegii
2020 1790 2067 1850 B
2097 1809 2337 1864 sulatum
2386 1807 2783 1863 condemnavit.
2829 1808 3014 1876 Itaque
3061 1809 3115 1862 in
3162 1808 3362 1878 palatio
3410 1818 3699 1865 matronas

406 1900 650 1964 tempore
675 1908 946 1963 nunquam
972 1892 1040 1947 ab
1067 1894 1147 1947 eis
1170 1893 1494 1948 seditionum
1519 1891 1690 1957 furor,
1714 1905 1996 1959 nunquam

403 1983 546 2038 bella
591 1992 898 2053 mortesque
928 1992 1299 2048 cessaverunt,
1334 1998 1614 2054 usquequo
1657 1982 1908 2037 ultimum
1944 1988 1998 2036 et

413 2074 633 2130 exitiale
657 2075 877 2142 malum,
909 2075 1238 2145 temporibus
1267 2073 1580 2145 Vespasiani
1602 2089 1695 2130 eos
1721 2072 1998 2128 obsidione

410 2166 648 2222 inclusit.
690 2166 931 2221 Primum
976 2168 1076 2221 sub
1112 2166 1365 2238 Tyberio,
1407 2166 1472 2221 de
1515 2181 1622 2235 quo
1650 2164 1704 2219 in
1747 2163 1997 2234 passione

410 2257 623 2312 Domini
650 2257 991 2313 clamabant:
1034 2257 1156 2313 Non
1198 2258 1444 2313 habemus
1476 2274 1645 2328 regem
1686 2258 1788 2311 nisi
1822 2256 1998 2311 σωθη-

408 2364 540 2414 rem,
575 2356 806 2418 quantas
840 2349 1161 2419 pertulerint
1207 2348 1411 2414 clades,
1443 2350 1664 2420 partim,
1711 2356 1771 2403 ut
1810 2363 1997 2417 supra-

402 2440 538 2495 dicti
566 2442 801 2511 produnt
827 2445 1138 2512 scriptores,
1168 2442 1293 2511 quia
1338 2441 1669 2512 impossibile
1714 2449 1831 2496 erat
1875 2455 1994 2495 om-

406 2528 498 2584 nia
553 2543 737 2584 eorum
786 2545 816 2583 a
862 2531 1119 2601 praedicto
1166 2540 1410 2601 tempore
1455 2531 1693 2586 scribere
1748 2547 1868 2601 qua:
1919 2531 1998 2586 eis

409 2616 721 2671 acciderant
752 2616 1140 2673 instantissime
1169 2620 1332 2685 mala,
1362 2619 1488 2674 dum
1522 2620 1665 2674 versi
1693 2619 1747 2673 in
1778 2619 1999 2676 seditio-

410 2721 536 2761 nem
581 2716 803 2776 propter
837 2708 1096 2777 pccunias
1132 2723 1200 2763 ex
1231 2708 1468 2764 sacrario
1517 2708 1658 2777 quod
1702 2708 1996 2764 corbonam

410 2805 630 2862 vocant,
679 2797 731 2851 in
775 2798 1148 2867 aquazductum
1195 2815 1226 2853 a
1256 2798 1429 2854 Pilato
1472 2814 1759 2869 expensas,
1802 2798 1997 2869 quibus

410 2888 590 2943 modis
613 2886 795 2943 alllicti
827 2896 988 2959 atque
1014 2890 1235 2945 contriti
1281 2891 1408 2955 sint,
1459 2906 1672 2946 necnon
1718 2899 1881 2947 noctu
1912 2891 1998 2946 Pi-

410 2977 554 3033 latus
579 2978 843 3049 imagines
865 2978 1096 3035 Ctesaris
1121 2980 1325 3036 velatas
1349 2980 1535 3036 inferri
1568 2981 1996 3054 Hierosolymam

403 3067 577 3137 jubet,
606 3084 671 3123 ac
697 3070 881 3124 statui.
915 3068 1067 3135 Quod
1097 3071 1186 3125 ubi
1214 3072 1328 3126 dies
1353 3080 1572 3128 exortus
1606 3080 1709 3139 est,
1745 3090 1996 3145 magnam

2096 1898 2303 1954 nobiles
2347 1898 2575 1968 publica:
2604 1896 2814 1951 libidini
2861 1896 3120 1964 subjecit;
3165 1898 3374 1967 primus
3413 1897 3697 1954 Caesarum

2100 1990 2407 2045 diademate
2438 1988 2708 2058 imposito,
2742 1988 3018 2043 dominum
3049 2003 3107 2043 se
3134 1987 3298 2055 jussit
3325 1988 3616 2059 appellari,
3642 1998 3700 2042 ct

2097 2088 2158 2133 ut
2206 2079 2360 2134 deum
2407 2078 2531 2133 coli.
2583 2078 2683 2133 Hic
2750 2078 2916 2133 etiam
2963 2078 3197 2134 Memmii
3226 2079 3414 2148 Reguli
3467 2095 3698 2134 uxorem

2098 2170 2275 2235 duxit,
2320 2169 2599 2239 impellens
2622 2184 2746 2223 eum
2788 2176 2849 2223 ut
2893 2183 2951 2224 se
2978 2184 3098 2225 esse
3130 2169 3317 2225 uxoris
3340 2184 3455 2224 sua:
3481 2179 3695 2241 patrem

2099 2260 2381 2327 scriberet,
2410 2268 2465 2315 et
2490 2259 2816 2333 patrimonia
2848 2274 2946 2314 sua
2972 2261 3022 2315 ei
3050 2259 3307 2315 traderet.
3338 2258 3483 2315 Hinc
3507 2275 3697 2316 omnes

2099 2352 2320 2407 exsules
2337 2349 2503 2420 jussit
2526 2351 2779 2416 interfici,
2809 2351 3179 2421 plurimosque
3207 2350 3471 2406 nobilium
3496 2350 3695 2406 Ruina-

2097 2458 2311 2509 norum,
2355 2442 2450 2497 sed
2485 2458 2592 2497 non
2618 2451 2679 2497 ut
2709 2442 2897 2508 voluit,
2932 2441 3103 2497 fertur
3130 2443 3272 2498 enim
3312 2443 3691 2499 exclamasse:

2102 2532 2316 2588 Utinam
2345 2533 2573 2605 populus
2593 2533 2868 2589 Romanus
2894 2549 3054 2588 unam
3082 2534 3349 2589 cervicem
3378 2534 3689 2589 habuisset!

2099 2628 2216 2699 Ipse
2259 2632 2439 2678 autem
2477 2639 2509 2678 a
2552 2619 2958 2693 protectoribus
2987 2625 3100 2680 suis
3142 2625 3197 2679 in
3234 2624 3439 2695 palatio
3478 2626 3695 2681 occisus

2098 2724 2205 2782 est,
2234 2729 2378 2770 anno
2402 2714 2582 2769 aetatis
2606 2714 2867 2785 vigesimo
2894 2728 3054 2769 nono.

2687 2822 2915 2880 CAPUT
2954 2823 3089 2879 Xlll.

2100 2914 2178 2970 De
2206 2917 2430 2970 adventu
2461 2914 2596 2968 beati
2633 2913 2781 2968 Petri
2823 2913 3045 2968 Romam
3097 2915 3192 2968 sub
3239 2913 3488 2979 Claudio,
3531 2923 3586 2969 et
3630 2918 3695 2970 de

2170 2987 2327 3109 geszis
2354 2984 2590 3057 ejusdem
2618 2982 2846 3038 Claudii.
2888 2985 2957 3039 Et
2987 3001 3102 3056 qua:
3138 3000 3197 3038 eo
3232 2984 3522 3055 imperante
3545 2999 3696 3056 gesta

2171 3073 2254 3110 sm
2282 3095 2294 3110 .

412 3163 877 3232 perturbationem
923 3161 1229 3218 Judmorum
1279 3165 1490 3236 p0pulis
1543 3132 1865 3235 excitavit:
1883 3175 1996 3221 stu-
2024 3132 2068 3194 C
2171 3165 2426 3223 Claudius
2449 3167 2623 3234 Titus,
2649 3165 2806 3222 Drusi
2827 3164 3014 3222 fratris
3039 3167 3239 3223 Tiberii
3269 3168 3431 3233 filius,
3459 3177 3697 3240 patruus

409 3254 665 3322 pentibus
706 3261 761 3308 et
806 3254 1137 3324 perturbatis
1178 3255 1248 3309 ad
1306 3270 1501 3309 novam
1548 3254 1743 3310 faciem
1789 3272 1992 3311 rerum.

410 3342 800 3413 Conjiciebant,
834 3359 1063 3412 namque
1091 3359 1158 3399 ex
1197 3345 1302 3399 hoc
1340 3345 1484 3415 quod
1530 3353 1915 3417 spernerentur
1942 3354 1999 3401 et

404 3430 861 3513 \coneulcarentur
903 3430 1014 3513 jam
1058 3432 1203 3504 leges
1256 3450 1387 3501 suae,
1422 3443 1474 3489 et
1520 3435 1701 3490 omnia
1748 3436 1997 3491 instituta

411 3520 700 3589 majorum,
730 3521 924 3592 quibus
950 3512 1082 3577 nihil
1114 3523 1219 3578 tale
1261 3524 1451 3595 haberi
1489 3525 1632 3579 intra
1669 3526 1871 3582 mtenia
1899 3541 1995 3581 ur-

409 3611 497 3667 bis
526 3611 667 3667 illius
713 3611 794 3667 fas
823 3622 960 3667 erat.
1000 3612 1106 3670 Sed
1141 3615 1243 3671 hoc
1279 3624 1365 3671 est
1387 3617 1643 3672 nimirum
1673 3618 1728 3673 in
1766 3634 1873 3688 quo
1902 3634 1997 3676 eos

410 3700 592 3771 impize
636 3702 999 3776 possessionis
1043 3719 1155 3759 sua:
1201 3705 1354 3761 velox
1405 3706 1645 3763 vindicta
1700 3709 1994 3765 damnavit.

409 3788 584 3861 Igitur
608 3791 774 3848 Gaius
794 3808 959 3863 supra
981 3809 1139 3852 omne
1168 3812 1336 3868 genus
1364 3798 1643 3853 hominum
1667 3798 1882 3857 Iudaeos
1907 3801 2001 3856 ha-

408 3879 575 3938 bebat
600 3897 828 3939 .exosos.
859 3883 961 3951 Qui
1007 3887 1227 3956 speciali
1255 3890 1485 3959 quadam
1514 3890 1719 3946 saevitia
1754 3890 1873 3948 loca
1900 3907 1998 3949 eo-

411 3985 534 4027 rum
563 3987 682 4043 quze
727 3973 782 4030 in
819 3974 1016 4031 divinis
1039 3976 1306 4032 habentur
1347 3978 1823 4050 supplicationibus
1868 3998 1992 4039 con-

410 4073 644 4131 serrata,
698 4066 961 4135 incipiens
998 4068 1065 4123 ab
1108 4068 1455 4136 Alexandria,
1506 4071 1665 4142 diripi
1712 4080 1768 4128 et
1808 4083 1996 4130 contra

410 4158 725 4229 religionem
758 4174 1042 4230 moresque
1071 4162 1250 4233 gentis
1288 4161 1567 4233 profanari
1589 4164 1764 4234 jubet,
1802 4167 1999 4223 statuis

412 4249 528 4306 suis
553 4258 607 4304 et
628 4249 796 4320 signis
825 4265 890 4305 ea
918 4261 1079 4321 atque
1109 4252 1430 4322 imaginibus
1455 4253 1682 4324 replens.
1715 4254 1995 4326 Templum

415 4358 629 4412 quoque
657 4350 858 4397 sanctae
885 4344 1153 4407 civitatis,
1176 4345 1321 4414 quod
1350 4345 1523 4401 solum
1554 4346 1808 4401 manebat
1833 4347 1998 4403 totius

2098 3256 2371 3328 Caligulae,
2404 3258 2690 3329 imperavit
2724 3258 2880 3313 annis
2912 3258 3091 3314 minus
3121 3259 3207 3314 14.
3253 3259 3313 3314 In
3338 3258 3496 3329 cujus
3534 3263 3695 3333 regni

2099 3351 2346 3418 exordio,
2370 3351 2564 3407 Petrus
2590 3351 2864 3422 apostolus
2894 3351 3104 3406 Domini
3138 3352 3306 3407 nostri
3334 3349 3462 3406 Iesu
3484 3351 3694 3408 Christi

2097 3438 2325 3494 Romam
2348 3441 2514 3506 venit,
2549 3440 2729 3511 ibique
2757 3440 2827 3494 25
2852 3442 3009 3495 annis
3036 3441 3351 3496 cathedram
3378 3443 3557 3497 tenuit
3580 3444 3698 3513 cpio

2097 3530 2388 3600 scopalem,
2413 3538 2468 3586 et
2492 3531 2786 3588 salutarem
2810 3533 3020 3587 cunctis
3056 3532 3403 3589 credentibus
3428 3532 3601 3589 fidem
3630 3534 3694 3588 fi-

2097 3623 2206 3680 deli
2230 3625 2397 3682 verbo
2420 3624 2625 3691 docuit,
2660 3625 3159 3697 potentissimisque
3181 3625 3476 3682 virtutibus
3498 3642 3678 3698 appro

2095 3719 2246 3775 bavit
2289 3727 2453 3790 atque
2492 3735 2561 3775 ex
2596 3720 2725 3776 hinc
2763 3719 3192 3776 Christianorum
3239 3721 3458 3791 plurimi
3499 3722 3697 3778 Rom

2096 3821 2217 3865 esse
2242 3816 2543 3879 coeperunt.
2595 3807 2778 3865 Sensit
2822 3810 2930 3866 hoc
2978 3809 3100 3865 fidei
3143 3826 3255 3866 sua:
3284 3810 3455 3867 Roma
3482 3812 3699 3867 beneﬁ-

2098 3898 2263 3953 cium.
2297 3897 2433 3953 Nam
2465 3888 2608 3966 cum,
2647 3898 2933 3955 interfecto
2959 3900 3221 3972 Caligula,
3247 3899 3410 3955 multa
3435 3900 3502 3957 de
3528 3900 3701 3959 abro-

2096 3988 2274 4058 gando
2314 3988 2565 4058 imperio,
2596 4004 2665 4054 ac,
2702 3989 2978 4060 republica
3036 3991 3092 4045 in
3130 3990 3411 4060 antiquum
3436 3991 3700 4048 ordinem

2096 4079 2451 4147 restituenda,
2493 4080 2824 4150 delendaque
2867 4083 3082 4152 penitus
3117 4081 3391 4137 Cesamm
3426 4084 3700 4141 universa

2096 4167 2301 4225 familia
2343 4180 2562 4227 senatus
2601 4180 2655 4227 et
2694 4173 2946 4229 consules
2997 4174 3382 4240 decrevissent,
3426 4174 3703 4233 Claudius

2097 4274 2222 4315 mox
2267 4269 2328 4315 ut
2364 4261 2708 4317 confirmavit
2750 4262 3056 4333 imperium,
3087 4279 3286 4335 magna
3317 4273 3479 4336 atque
3506 4268 3706 4325 adhuc

2098 4351 2584 4424 Romaaincognita
2621 4368 2754 4410 usus
2781 4353 3089 4418 clementia,
3117 4369 3184 4409 ne
3212 4355 3268 4410 in
3297 4363 3500 4410 tantam
3532 4357 3707 4414 nobi-

412 4429 652 4500 profana:
674 4430 1009 4532 cpntagionis
1040 4432 1317 4532 intactum,
1343 4440 1397 4488 et
1417 4433 1711 4532 majoribus
1733 4436 1994 4506 perdura-
2019 4470 2074 4532 Β
2099 4437 2232 4493 lium
2283 4439 2677 4496 multitudinem
2717 4441 2850 4496 ultio
2889 4443 3133 4508 saeviret,
3170 4444 3419 4499 omnibus
3462 4444 3706 4502 indulsit

413 4526 569 4573 verat
606 4518 835 4590 asylum,
860 4529 1195 4575 commutare
1222 4521 1278 4575 in
1304 4522 1559 4591 templum
1588 4524 1793 4594 proprii
1822 4525 1996 4581 nomi-

413 4608 501 4662 nis
523 4622 686 4663 ausus
716 4616 822 4673 est,
860 4616 921 4663 ut
952 4609 1082 4664 tedis
1107 4608 1255 4664 Jovis
1276 4609 1595 4667 nobilissimi
1614 4613 1698 4668 dei
1724 4615 1846 4670 novi
1875 4613 1995 4671 Gaii

416 4704 721 4752 vocaretur.
760 4697 871 4753 Sed
906 4708 959 4753 et
1005 4698 1137 4755 alias
1183 4700 1495 4756 innumeras
1538 4702 1719 4760 clades
1762 4713 1816 4760 et
1852 4706 1993 4761 ultra

413 4801 603 4842 omnes
634 4788 866 4858 tragicos
896 4789 1095 4856 luctus,
1126 4791 1265 4861 apud
1287 4790 1669 4847 Alexandriam
1693 4792 1893 4850 Judaris
1920 4796 1995 4849 ir-

413 4884 631 4948 rogatas
663 4895 786 4935 esse
833 4881 932 4935 sub
972 4879 1129 4947 Gaio,
1170 4883 1390 4955 insuper
1420 4890 1530 4938 toto
1567 4885 1697 4939 orbe
1728 4885 1989 4952 Romano,

415 4971 557 5026 sicut
578 4971 733 5029 Philo
763 4975 951 5030 scribit
976 4984 1031 5031 et
1053 4974 1339 5046 Iosephus,
1367 4977 1420 5031 in
1462 4977 1747 5047 synagogis
1784 4975 1994 5033 Judteo-

414 5076 534 5115 rum
576 5070 764 5118 statua:
803 5074 859 5120 et
900 5066 1160 5137 imagines
1180 5074 1235 5120 et
1262 5082 1371 5121 arte
1396 5065 1515 5122 Gaii
1545 5053 1774 5122 Caesaris
1804 5082 1993 5122 conse-

413 5161 599 5208 eratin.

1012 5243 1239 5301 CAPUT
1276 5246 1387 5301 XII.

412 5329 492 5385 De
523 5329 733 5388 Herode
755 5343 804 5388 et
829 5331 1004 5407 Pilato
1028 5335 1124 5407 qui
1138 5333 1571 5407 just_as__luerunt
1590 5353 1790 5407 plenas,
1831 5356 1892 5394 ac
1927 5340 1993 5396 de

766 5403 982 5472 nefariis
1002 5402 1200 5457 actibus
1222 5402 1342 5457 Gaii
1362 5402 1638 5475 Caligultr.

487 5509 722 5570 Herodes
759 5516 1052 5578 tetrarclia,
1084 5524 1139 5571 et
1166 5515 1280 5585 ipse
1312 5513 1429 5570 Gaii
1461 5518 1752 5574 amicitiam
1778 5528 1990 5591 petens,

414 5613 639 5669 cogente
679 5602 977 5660 Herodiade
1007 5604 1234 5660 Romam
1265 5607 1430 5660 venit.
1467 5607 1570 5662 Sed
1612 5619 1896 5666 accusatus
1922 5613 1991 5667 ab

421 5686 669 5758 Agrippa,
696 5694 857 5747 etiam
901 5696 1247 5751 tetrarchiam
1289 5697 1552 5764 perdidit;
1582 5698 1898 5774 fugiensque
1936 5702 1987 5758 in

2099 4528 2356 4598 quidquid
2388 4530 2443 4583 in
2464 4538 2635 4585 semet
2658 4530 2742 4586 vel
2763 4545 2890 4585 suos
2918 4530 3043 4585 mali
3069 4540 3294 4588 senatus
3314 4532 3397 4588 vel
3432 4536 3706 4592 consules

2100 4615 2374 4685 fecissent,
2402 4617 2487 4672 vel
2509 4615 2687 4673 facere
2714 4618 3039 4674 sanxissent.
3067 4618 3280 4677 Accidit
3299 4624 3464 4679 etiam
3491 4626 3703 4683 eodem

2100 4715 2340 4778 tempore
2390 4708 2673 4777 prazsentis
2716 4708 2902 4778 gratiae
2945 4708 3041 4765 Dei
3094 4711 3295 4783 grande
3340 4714 3698 4771 miraculum.

2099 4794 2377 4866 Siquidem
2402 4795 2465 4850 F.
2497 4796 2751 4853 Camillus
2789 4796 3185 4858 Scribonianus
3227 4802 3506 4859 Dalmatire
3535 4804 3701 4877 lcga-

2101 4894 2206 4949 tus,
2246 4885 2444 4941 bellum
2488 4885 2643 4971 civile
2676 4885 2910 4954 molitus,
2953 4887 3198 4961 legiones
3228 4893 3420 4948 nmltas
3449 4892 3704 4951 fortissi-

2095 4991 2319 5046 masque
2348 4976 2413 5031 ad
2445 4977 2773 5032 sacramenti
2817 4979 3183 5037 mutationem
3228 4981 3539 5053 pellexerat.
3584 4984 3704 5039 Ita-

2092 5081 2198 5136 que
2226 5066 2313 5120 die
2340 5067 2466 5121 dato
2504 5067 2641 5121 utin
2673 5083 2841 5123 unum
2889 5070 3133 5141 undique
3166 5072 3233 5126 ad
3271 5088 3467 5128 novum
3514 5074 3705 5145 impe-

2093 5168 2327 5213 ratorem
2362 5159 2760 5224 conveniretur,
2789 5175 2964 5230 neque
2999 5162 3194 5233 aquila:
3217 5163 3476 5227 ordinari,
3508 5179 3705 5235 neq-ue

2094 5248 2319 5305 convelli
2373 5249 2751 5320 quoquomodo
2815 5251 2975 5322 signa
3027 5255 3302 5311 moverivc
3364 5264 3698 5326 potuerunt.

2092 5341 2374 5396 Exercitus
2402 5349 2548 5395 tanta
2572 5351 2626 5396 et
2653 5350 2764 5397 tam
2796 5342 3057 5404 inusuata
3081 5348 3326 5403 miraculi
3352 5348 3455 5403 fide
3480 5358 3702 5416 motus,

2093 5440 2148 5487 et
2190 5448 2481 5489 conversus
2506 5434 2560 5489 in
2586 5436 2992 5506 paenitentiam,
3037 5441 3449 5496 Scribonianum
3495 5442 3707 5510 quinta

2091 5525 2273 5580 statim
2306 5524 2395 5580 die
2420 5525 2733 5582 destitutum
2763 5528 3062 5596 interfecit,
3090 5545 3317 5602 seseque
3341 5542 3706 5588 sacramento

2090 5613 2288 5685 prioris
2334 5614 2540 5669 militia:
2584 5616 2876 5675 continuit..
2927 5620 3160 5676 Tristius
3208 5636 3273 5676 ac
3324 5621 3706 5692 perniciosius

2093 5704 2209 5760 urbi
2240 5705 2421 5759 Romae
2452 5698 2854 5777 nihil’nnquam
2902 5710 3090 5776 fuisse,
3122 5729 3283 5784 quam
3314 5697 3447 5769 bella
3476 5712 3702 5778 civilia.
