3958 6172
213 265 336 322 1129

1298 210 1707 311 aesomnes.
1746 280 1819 291 -
1857 247 2020 305 TOMI
2059 249 2100 303 u
2138 247 2266 303 LlB.
2300 246 2341 302 ι.

3313 253 3450 311 H50

207 382 328 437 satis
349 384 530 434 notum
574 383 679 431 est.
723 375 908 444 ltaque
956 379 1176 444 propter
1213 369 1501 424 adventum
1540 363 1766 435 apostoli
1792 367 1846 427 Α
1869 361 2072 416 honore
2096 358 2328 414 Caesaris
2358 358 2660 429 spectacula
2694 360 2901 417 civibus
2923 363 3126 431 ederet,
3160 364 3342 421 votivo
3371 366 3454 439 (ut

206 476 356 540 Petri,
400 481 453 529 et
495 479 682 526 tenera
729 468 1162 525 Christianorum
1209 459 1587 535 germina,vix
1637 456 1767 512 dum
1869 447 2176 520 videbatur)
2204 447 2393 540 salutis
2426 447 2655 505 Caesaris
2696 450 2802 517 die,
2845 467 3076 527 cumque
3114 454 3242 511 illuc
3288 457 3455 514 totius
3518 468 3519 471 ‘

208 567 364 621 adhuc
386 578 556 634 pauca
586 561 654 616 ad
680 568 883 616 sancta:
914 558 1036 613 fidei
1061 555 1453 627 professionem
1483 563 1771 621 erumpen-

207 660 292 722 tia,
344 657 480 710 hanc
537 652 874 709 exorientem
933 647 1273 720 tyrannidem
1325 652 1381 699 et
1440 654 1771 709 consurgens

206 748 334 804 istud
355 746 504 802 civile
526 742 727 799 bellum
756 739 1011 801 divinitus
1048 745 1134 793 est
1159 747 1551 806 compressum.
1585 730 1772 801 itaque

204 839 440 897 Claudius
484 835 879 907 expeditionem
924 832 979 886 in
1030 829 1369 884 Britanniam
1420 825 1609 890 movit,
1650 838 1771 894 quae

205 932 418 988 excitata
448 930 500 983 in
538 926 825 982 tumultum
859 930 1078 994 propter
1117 936 1224 976 non
1269 917 1508 975 redditos
1535 914 1772 970 transfu-

205 1040 291 1096 gas
315 1020 603 1085 videbatur,
639 1023 1081 1086 transvectusque
1119 1012 1173 1067 in
1200 1010 1431 1067 insulam
1470 1017 1574 1075 est,
1606 1021 1771 1078 quam

205 1131 363 1186 neque
394 1121 518 1168 ante
554 1110 756 1166 Julium
800 1108 1071 1164 Cresarem
1103 1119 1281 1175 neque
1308 1111 1432 1174 post
1468 1115 1590 1156 eum
1619 1100 1769 1170 quis-

205 1222 351 1280 quam
381 1205 528 1260 adire
560 1217 724 1258 ausus
756 1199 961 1264 fuerat;
1013 1196 1215 1266 ibique,
1256 1203 1315 1249 ut
1363 1193 1543 1248 verbis
1585 1190 1773 1246 Sueto-

203 1299 273 1353 nii
299 1293 584 1364 Tranquilli
630 1291 839 1361 loquar,
890 1288 1009 1344 sine
1046 1285 1157 1342 ullo
1198 1284 1385 1357 przelio
1414 1298 1478 1338 ac
1512 1281 1772 1350 sanguine

206 1391 334 1446 intra
374 1385 727 1458 paucissimos
774 1382 891 1436 dies
924 1379 1211 1451 plurimam
1258 1376 1445 1432 insulae
1477 1373 1772 1446 partemin

205 1481 515 1537 deditionem
563 1475 774 1545 recipit.
834 1471 1112 1528 Orchadas
1164 1469 1327 1524 etiam
1379 1467 1584 1522 insulas
1633 1465 1772 1520 ultra

202 1569 517 1627 Britanniam
552 1567 605 1621 in
632 1565 849 1621 Oceano
882 1562 1086 1635 positas
1109 1560 1355 1614 Romano
1385 1555 1578 1626 adjecit
1605 1555 1775 1626 impe-

203 1662 301 1725 rio,
328 1675 385 1714 ac
405 1664 557 1713 sexto
588 1664 870 1727 postquam
895 1650 1170 1724 profectus
1195 1656 1314 1705 erat
1339 1663 1522 1704 mense
1543 1646 1772 1701 Romam

1869 540 2159 612 provinciae
2183 539 2286 594 viri
2312 540 2516 595 honore
2557 548 2614 595 et
2653 540 2998 600 facultatibus
3021 547 3232 616 praediti
3260 561 3457 604 conve-

1856 631 2099 701 nissent,
2142 630 2379 685 secundo
2424 633 2850 700 spectaculorum
2887 635 2995 700 die,
3038 630 3258 694 indutus
3305 648 3457 695 veste

1872 720 2097 793 fulgenti
2148 736 2215 776 ex
2266 736 2400 775 auro
2444 731 2773 794 argentoque
2817 724 3140 782 mirabiliter
3181 737 3454 797 contexta,

1872 812 2163 882 incipiente
2192 812 2279 868 die
2304 813 2552 882 procedit
2596 814 2663 868 ad
2706 814 2999 870 theatrum.
3048 817 3151 874 Ubi
3181 836 3302 875 cum
3344 823 3457 896 pri-

1871 917 1991 958 mos
2017 903 2146 959 solis
2174 903 2354 959 radios
2384 914 2653 976 argenteae
2674 906 2841 962 vestis
2873 908 3079 979 gremio
3108 913 3453 983 suscepisset,

1873 1008 2191 1063 repercusso
2216 996 2521 1066 splendore,
2543 997 2867 1068 duplicatam
2890 1004 3255 1071 spectantibus
3282 1004 3458 1061 lucem

1873 1084 2048 1156 fulgor
2072 1087 2272 1143 metalli
2319 1089 2586 1144 vibrantis
2616 1088 2822 1158 effudit,
2864 1101 2923 1147 ut
2961 1093 3294 1152 intuentibus
3319 1111 3458 1167 pra:-

1874 1177 2163 1249 stringeret
2194 1179 2367 1234 aciem
2394 1188 2571 1236 terror
2591 1189 2861 1252 aSpectus,
2885 1192 2939 1238 et
2962 1199 3062 1259 per
3086 1186 3189 1242 hoc
3213 1187 3334 1258 plus
3362 1187 3460 1243 ali-

1873 1270 2002 1341 quid
2049 1272 2117 1327 de
2150 1287 2217 1327 eo
2244 1288 2404 1342 quam
2441 1274 2690 1330 humanae
2720 1285 2925 1333 natura:
2959 1288 3044 1334 est
3072 1280 3267 1335 artifex
3306 1297 3460 1338 arro-

1874 1364 2054 1435 gantia
2102 1366 2439 1419 mentiretur.
2468 1364 2614 1422 illico
2642 1368 2911 1425 adulantis
2938 1371 3081 1442 vulgi
3128 1385 3460 1443 concrepant

1872 1466 2054 1518 voces,
2092 1452 2656 1524 honoremsonantes,
2704 1459 2797 1514 sed
2844 1460 3068 1515 exitium
3117 1462 3376 1530 ferentes,
3407 1473 3463 1520 et

1876 1545 2004 1602 hinc
2047 1553 2207 1617 atque
2251 1545 2400 1602 illinc
2438 1548 2618 1603 caveis
2647 1549 3107 1607 conclamantibus
3147 1553 3278 1608 deus
3308 1568 3459 1608 com-

1872 1636 2134 1706 pellatur;
2187 1643 2240 1691 et
2279 1636 2546 1708 propitius
2578 1638 2891 1709 suppliciter
2921 1648 3195 1706 exoratur,
3237 1641 3463 1696 dicenti-

202 1722 369 1809 ηδ’ίη.
398 1722 605 1805 Eodcm'
624 1722 863 1817 lem—1,6,6
888 1722 1099 1815 imperii
1126 1741 1242 1812 eius
1266 1739 1436 1796 fames
1458 1739 1772 1811 gravissima
1804 1722 1848 1781 Β
1875 1726 1976 1782 bus
2008 1726 2219 1817 pupulis
2251 1727 2586 1817 :_Hucusque
2634 1737 2693 1783 ut
2737 1729 3013 1785 hominem
3064 1740 3117 1785 te
3159 1731 3458 1797 timuimus,

202 1859 291 1916 per
321 1842 523 1914 Syriam
552 1838 694 1894 facta
722 1845 826 1903 est,
874 1837 1096 1906 insuper
1135 1841 1189 1888 et
1223 1848 1320 1904 per
1347 1831 1659 1886 universum
1687 1846 1774 1885 or-

202 1936 337 1999 hem,
369 1948 530 2003 quam
569 1930 732 1985 etiam
762 1929 930 1984 nostri
961 1928 1238 2000 prophetae
1260 1926 1771 1997 prmnuntiaverant.

202 2025 304 2081 Sed
340 2023 765 2079 Christianorum
810 2019 1245 2082 necessitatibus,
1294 2016 1433 2087 apud
1465 2015 1775 2087 Hierosoly-

200 2131 336 2172 mam
367 2113 640 2170 convcctis
674 2112 741 2167 ab
769 2110 1000 2183 :‘Egypto
1025 2108 1333 2174 frumentis,
1363 2106 1587 2173 Helena,
1615 2106 1777 2160 Adie-

200 2207 451 2262 benorum
482 2203 686 2273 regina,
720 2216 981 2257 conversa
1030 2198 1099 2254 ad
1140 2198 1299 2253 ﬁdem
1332 2197 1555 2263 Christi,
1588 2196 1777 2267 largis-

200 2300 329 2354 sime
357 2294 696 2351 ministravit.
738 2293 1125 2348 Vcrumtamen
1154 2290 1401 2360 sequenti
1448 2303 1590 2343 anno
1628 2296 1776 2343 tanta

200 2390 364 2445 fames
388 2387 571 2441 Romae
600 2383 720 2448 fuit,
745 2391 805 2438 ut
827 2381 1005 2438 medio
1040 2380 1158 2436 foro
1182 2380 1475 2451 imperator
1496 2385 1777 2449 correptus

203 2493 232 2533 a
260 2476 471 2549 populo,
509 2473 767 2529 conviciis
796 2481 852 2528 et
880 2470 1238 2544 fragminibus
1266 2470 1423 2540 panis
1466 2468 1777 2539 turpissime

202 2569 499 2633 infestatus,
531 2580 672 2638 aegre
695 2580 794 2635 per
819 2563 1240 2634 pseudothyrum
1274 2562 1326 2616 in
1351 2560 1605 2630 palatium
1633 2557 1778 2615 refu-

203 2660 370 2731 giens,
398 2658 637 2713 furorem
658 2656 907 2711 excitata:
929 2653 1103 2724 plebis
1124 2653 1377 2708 evaserit.
1405 2651 1576 2706 Parvo
1597 2658 1778 2705 autem

200 2748 563 2803 intercedente
597 2755 861 2816 tempore,
892 2745 1109 2816 triginta
1146 2745 1383 2814 quinque
1414 2751 1696 2798 senatores
1724 2750 1780 2796 et

201 2847 467 2895 trecentos
503 2837 662 2896 simul
686 2838 897 2909 equites
923 2837 1198 2891 Romanus
1224 2835 1462 2889 minimis
1491 2849 1554 2888 ex
1599 2832 1780 2888 causis

201 2930 486 2987 interfecit.

782 3017 1008 3074 CAPUT
1047 3016 1185 3074 XIV.

1877 1817 1971 1871 sed
2006 1832 2075 1872 ex
2119 1816 2225 1873 hoc
2264 1815 2378 1885 jam
2421 1832 2583 1889 supra
2633 1818 2922 1873 humanam
2960 1827 3014 1875 te
3058 1835 3182 1876 esse
3211 1830 3463 1877 naturam

1878 1905 2128 1961 fatemur.
2162 1905 2271 1962 Sed
2300 1922 2395 1961 rex
2424 1906 2865 1964 acclamationem
2893 1918 3079 1964 contra
3108 1910 3191 1965 fas
3220 1911 3462 1966 habitam

1878 2014 1985 2053 non
2032 1999 2310 2070 repressit,
2362 2015 2463 2055 nec
2514 2001 2847 2071 impietatem
2895 2002 3093 2059 illicitae
3137 2004 3465 2060 adulationis

1876 2092 2179 2159 exhorruit,
2224 2093 2396 2149 donec
2441 2094 2758 2164 respiciens,
2793 2094 2955 2166 paulo
2994 2105 3139 2166 post,
3178 2096 3467 2153 imminen-

1877 2193 1991 2240 tem
2030 2193 2194 2256 atque
2224 2186 2564 2242 insistentem
2594 2188 2754 2259 capiti
2794 2202 2894 2244 suo
2936 2188 3147 2245 videret
3187 2190 3460 2262 angelum,

1876 2292 2110 2347 eumque
2137 2277 2306 2334 sensit
2332 2279 2588 2334 continuo
2627 2279 2776 2334 exitii
2818 2279 2902 2334 sui
2944 2281 3273 2347 ministrum,
3304 2296 3468 2352 quem

1879 2370 2031 2441 prius
2067 2378 2291 2425 noverat
2319 2371 2656 2440 provisorem
2681 2369 2969 2426 bonorum.
3000 2371 3069 2426 Et
3092 2385 3218 2427 ecce
3242 2379 3469 2441 repente

1880 2462 2154 2517 cruciatus
2179 2476 2304 2516 eum
2335 2476 2402 2515 ex
2427 2462 2611 2517 dolore
2640 2462 2940 2517 incredibili
2966 2463 3174 2538 ventris
3200 2471 3363 2533 atque
3389 2463 3470 2517 in-

1878 2549 2096 2606 ﬂatione
2120 2551 2404 2623 corripuit.
2437 2550 2858 2622 Respiciensque
2887 2553 2953 2607 ad
2980 2552 3185 2606 amicos
3212 2570 3224 2604 :
3259 2551 3359 2616 En,
3384 2555 3468 2606 ln-

1880 2645 2020 2714 quit,
2048 2642 2138 2699 ille
2173 2657 2274 2714 ego
2318 2644 2450 2698 deus
2486 2650 2686 2707 vester,
2715 2656 2842 2697 ecce
2875 2641 3147 2712 propellor
3182 2640 3470 2696 confestim

1881 2744 1938 2791 et
1964 2736 2221 2791 deturbor
2249 2750 2318 2790 ex
2358 2734 2492 2800 vita,
2536 2734 2791 2804 quoniam
2822 2734 3040 2804 quidem
3081 2732 3265 2789 divina
3298 2735 3473 2789 virtus

1882 2840 2058 2895 nuper
2086 2825 2309 2880 collatas
2331 2825 2385 2878 in
2408 2838 2495 2879 me
2520 2822 2682 2879 falsas
2703 2823 2885 2894 arguit
2902 2837 3083 2888 voces,
3108 2832 3164 2877 et
3191 2823 3281 2893 qui
3310 2824 3470 2878 modo

1883 2916 2208 2972 immortalis
2247 2916 2468 2971 dicebar
2498 2930 2529 2968 a
2555 2914 2728 2980 vobis,
2754 2928 2994 2985 prteceps
3018 2911 3351 2985 jamjamque
3381 2929 3472 2969 ra-

1883 3011 2004 3081 pior
2028 3010 2083 3063 in
2106 3016 2355 3064 mortem.
2385 3009 2570 3078 itaque
2600 3007 2876 3062 vermibus
2901 3018 3113 3063 scatens
3141 3007 3283 3063 hanc
3313 3008 3476 3064 mise'

197 3108 276 3165 De
315 3107 513 3164 Iacobo
560 3110 624 3162 ab
670 3108 879 3163 Herode
922 3105 1200 3171 decollato,
1249 3104 1297 3158 et
1342 3105 1407 3158 de
1457 3105 1776 3161 cruciatibus
1807 3077 1852 3140 (ἶ
1885 3077 2129 3155 rabiliter
2159 3099 2331 3155 finivit
2355 3077 2541 3163 vitam,
2583 3100 2676 3170 qui
2706 3109 3028 3170 regnaverat
3060 3098 3216 3154 annis
3243 3108 3471 3170 septem,

539 3180 776 3250 ejusdem
800 3177 1030 3233 Herodis
1054 3193 1146 3247 per
1175 3174 1438 3247 angelum.

162 3313 171 3320 ί
268 3294 345 3347 Ea
376 3301 691 3364 tempestate
724 3290 948 3346 immisit
989 3290 1230 3345 Herodes
1272 3287 1385 3362 (qui
1423 3298 1479 3343 et
1524 3287 1781 3363 Agrippa)

198 3398 413 3449 manus,
441 3391 500 3437 ut
527 3382 786 3455 affligeret
812 3382 1019 3453 aliquos
1046 3380 1115 3436 de
1141 3379 1403 3444 Ecclesia,
1431 3389 1487 3434 et
1514 3381 1784 3436 interfecit

194 3473 459 3530 Jacobum
488 3473 709 3530 fratrem
748 3474 970 3530 Joannis
999 3468 1193 3544 gladio.
1236 3474 1312 3529 De
1342 3474 1445 3529 hoc
1479 3483 1658 3529 autem
1688 3475 1780 3531 Ja-

195 3568 333 3621 cobo
376 3564 773 3622 Alexandrinus
802 3566 1046 3621 Clemens
1079 3565 1241 3620 etiam
1273 3564 1557 3620 historiam
1595 3581 1772 3635 quam-

195 3658 323 3710 dam
380 3655 597 3725 dignam
652 3657 913 3711 memoria
962 3656 1017 3710 in
1073 3655 1302 3725 septimo
1360 3655 1782 3725 Dispositionum

194 3760 420 3800 suarum
443 3744 577 3800 libro
596 3746 804 3812 scribit,
818 3747 1080 3816 perlatam
1102 3747 1168 3801 ad
1186 3761 1245 3800 se
1258 3762 1430 3817 usque
1452 3761 1481 3799 a
1499 3746 1785 3803 traditione

194 3838 464 3908 majorum
495 3855 509 3892 :
545 3836 809 3904 Quoniam
847 3840 1084 3910 quidem,
1114 3840 1307 3910 inquit,
1334 3850 1388 3895 et
1422 3841 1470 3896 is
1500 3841 1591 3911 qui
1620 3840 1781 3896 obtu-

191 3931 339 3985 lerat
368 3946 497 3985 eu-m
532 3930 700 4000 judici
751 3933 819 3987 ad
869 3932 1206 4003 martyrium,
1242 3932 1503 3988 Jacobum
1554 3934 1783 3999 scilicet,

190 4029 379 4076 motus
399 4022 567 4075 etiam
602 4022 714 4091 ipse
737 4020 1014 4076 confessus
1042 4030 1125 4076 est
1165 4037 1223 4077 se
1253 4036 1370 4077 esse
1396 4021 1783 4088 Christianum,

1885 3199 2117 3263 quatuor
2143 3191 2244 3247 sub
2284 3190 2438 3257 Gaio,
2479 3197 2535 3247 et
2583 3191 2758 3248 tribus
2788 3192 2888 3247 sub
2914 3189 3157 3257 Claudio,
3194 3189 3474 3261 filiumque

1884 3282 2174 3355 Agrippam
2204 3284 2358 3354 regni
2384 3297 2755 3338 successorem
2786 3282 3023 3351 reliquit.
3052 3280 3153 3349 Qui
3177 3283 3476 3353 permansit

1883 3373 1939 3427 in
1961 3388 2029 3428 eo
2052 3387 2224 3442 usque
2262 3374 2330 3428 ad
2356 3373 2693 3428 eversionem
2729 3372 3228 3443 Hierosolymorum
3254 3371 3472 3444 templi-

1882 3479 1989 3533 que
2015 3465 2459 3520 destructionem.

2490 3592 2716 3648 CAPUT
2754 3593 2870 3649 XV.

1885 3684 1963 3740 De
2002 3684 2213 3755 Theoda
2258 3682 2393 3754 {also
2439 3682 2713 3755 propheta,
2742 3684 2821 3755 de
2855 3701 2957 3755 quo
3000 3685 3191 3755 legitur
3232 3687 3288 3741 in
3327 3688 3476 3745 Actis

1957 3751 2338 3838 apostolorum,
2381 3751 2447 3807 et.
2474 3751 2545 3807 (ιε’
2581 3751 2804 3807 Claudio
2848 3751 2974 3809 civis
3021 3751 3271 3825 subjecto,
3319 3768 3476 3829 atque

1955 3841 2120 3896 ipsius
2152 3841 2289 3879 nece.

1958 3936 2076 4004 Quo
2101 3935 2264 3991 etiam
2306 3935 2362 3989 in
2409 3945 2653 4004 tempore
2694 3933 2942 3990 Theodas
2983 3936 3197 4006 quidem
3242 3936 3472 4001 exstitit,

1888 4027 2075 4083 dicens
2102 4041 2159 4080 se
2184 4040 2304 4081 esse
2334 4026 2621 4096 quemdam
2648 4040 2888 4095 magum,
2919 4025 3010 4095 qui
3038 4035 3093 4080 et
3115 4026 3229 4094 ipse
3258 4040 3475 4081 omnes-

186 4109 342 4164 ducti
389 4119 539 4174 sunt,
577 4110 768 4181 inquit,
799 4112 957 4166 ambo
999 4112 1206 4181 pariter
1250 4113 1317 4166 ad
1361 4113 1702 4182 supplicium,
1733 4122 1789 4168 et
1888 4133 1994 4188 que
2036 4116 2131 4186 qui
2173 4131 2295 4171 eum
2338 4116 2704 4186 sequebantur
2735 4114 3034 4184 perierunt.
3081 4117 3156 4171 De
3186 4131 3295 4187 quo
3317 4117 3477 4173 dece-

186 4215 317 4252 cum
369 4200 703 4255 ducerentur
746 4201 799 4254 in
845 4201 955 4265 via,
998 4202 1211 4272 rogavit
1237 4201 1496 4257 Jacobum
1538 4203 1654 4257 dari
1685 4203 1787 4258 sibi
1888 4217 2044 4280 ptore
2084 4206 2350 4278 Josephus
2375 4207 2606 4278 pleniter
2630 4205 2812 4273 refert,
2851 4206 3082 4276 qualiter
3108 4207 3220 4264 suis
3247 4208 3472 4264 menda-

185 4290 596 4344 remissionem.
640 4290 711 4345 At
758 4291 846 4346 ille
895 4307 1085 4362 parum
1126 4293 1431 4350 deliberans
1465 4313 1479 4348 :
1520 4294 1630 4351 Pax
1667 4295 1784 4362 tibi,

184 4381 395 4451 inquit,
423 4390 480 4436 et
507 4382 777 4441 osculatus
813 4392 896 4439 est
929 4400 1074 4451 eum,
1121 4394 1178 4441 et
1210 4387 1281 4441 ita
1316 4388 1475 4442 ambo
1505 4388 1664 4443 simul
1694 4404 1783 4444 ca-

182 4474 301 4545 pite
333 4474 485 4544 plexi
526 4483 669 4531 sunt.
705 4476 811 4533 Sed
840 4485 988 4544 tunc,
1034 4487 1094 4533 ut
1139 4480 1214 4534 ait
1258 4478 1538 4550 Scriptura
1582 4480 1780 4546 divina,

1812 4434 1864 4493 D

1892 4300 1991 4355 ciis
2032 4308 2194 4370 atque
2256 4299 2406 4355 falsis
2444 4299 2895 4371 promissionibus
2938 4299 3137 4370 populi
3175 4300 3475 4357 multitudi-

1892 4407 2036 4457 nem,
2068 4391 2294 4446 sublatis
2320 4389 2552 4461 propriis
2594 4389 2964 4456 facultatibus,
3009 4391 3172 4446 urbes
3213 4392 3476 4448 excedere

1888 4480 2040 4547 fecit,
2063 4490 2118 4537 et
2138 4482 2284 4553 ripas
2307 4479 2557 4536 Jordanis
2579 4478 2817 4536 fluminis
2840 4481 3111 4547 obsidere,
3136 4497 3199 4538 ac
3222 4482 3476 4556 deinceps

183 4568 388 4623 videns
433 4566 676 4625 Herodes
702 4570 831 4640 quia
877 4571 944 4625 dc
982 4570 1169 4627 Jacobi
1210 4587 1346 4627 nece
1389 4580 1603 4643 gratum
1645 4586 1790 4629 esset
1890 4572 2123 4641 qualiter
2148 4572 2328 4643 periit,
2361 4579 2416 4627 et
2441 4579 2706 4642 quotquot
2731 4588 2851 4629 eum
2881 4574 3052 4628 secuti
3081 4582 3224 4629 sunt.

180 4659 421 4727 Judreis,
456 4662 663 4717 addidit
699 4664 896 4729 adhuc,
924 4674 979 4720 et
1009 4665 1227 4721 Petrum
1269 4665 1499 4738 conjecit
1526 4668 1581 4722 in
1607 4668 1791 4725 carcc~

184 4768 334 4817 rem,
362 4753 486 4807 sine
516 4754 679 4809 dubio
719 4755 892 4825 ipsum
933 4757 1124 4825 punire
1153 4757 1355 4824 volens,
1407 4759 1512 4814 nisi
1548 4760 1786 4815 divinum

182 4845 471 4900 adfuisset
495 4846 779 4912 auxilium,
805 4863 913 4917 quo
955 4849 1176 4918 angelus
1218 4849 1269 4905 ei
1311 4858 1470 4906 nocte
1504 4852 1784 4915 assistens,

175 4936 531 4991 mirabiliter
580 4951 703 4991 eum
746 4938 1082 4993 vinculorum
1130 4939 1357 4993 nexibus
1400 4940 1587 5006 solvit,
1640 4947 1695 4995 et
1719 4940 1787 4995 ad

176 5027 572 5083 ministerium
597 5028 990 5098 prmdicationis
1021 5029 1099 5084 ire
1125 5028 1350 5085 liberum
1369 5029 1553 5099 jussit.
1577 5029 1786 5086 Etcum

170 5120 616 5191 l‘etnoquidem
646 5122 762 5178 haec
792 5132 941 5194 gesta
972 5131 1115 5178 sunt.
1146 5121 1309 5193 Regis
1338 5137 1467 5178 vero
1494 5120 1707 5178 facinus
1734 5123 1789 5177 in

1966 4663 2160 4719 Verum
2188 4679 2285 4736 per
2316 4663 2459 4719 idem
2498 4673 2733 4734 tempus,
2774 4662 2940 4720 Paulo
2978 4666 3221 4735 apostolo
3253 4666 3322 4721 ab
3349 4667 3477 4724 Hie-

1892 4756 2125 4812 rusalem
2170 4756 2225 4810 in
2267 4756 2495 4811 circuitu
2521 4764 2580 4810 et
2602 4770 2773 4824 usque
2801 4754 2868 4808 ad
2904 4753 3174 4824 lllyricum
3215 4758 3476 4826 praedica-

1895 4852 2095 4906 tionem
2122 4850 2274 4906 verbi
2302 4848 2568 4905 Dominici
2611 4847 2978 4909 ministrante.
3016 4847 3270 4902 Claudius
3300 4849 3473 4917 impe-

1893 4951 2046 4999 rator
2073 4942 2288 4997 Iudaeos
2329 4940 2463 4995 urbe
2495 4937 2732 5008 depellit.
2782 4934 2933 4993 Tunc
2970 4936 3163 5008 Aquila
3205 4946 3261 4992 et
3288 4937 3474 4995 Prisca

1895 5051 2017 5091 cum
2037 5034 2248 5090 caeteris
2261 5030 2461 5086 Iudaeis
2473 5029 2606 5084 urbe
2625 5028 2829 5099 expulsi
2844 5029 2897 5084 in
2921 5029 3101 5084 Asiam
3117 5030 3357 5094 veniunt,
3374 5029 3475 5084 ibi-

1895 5140 2000 5197 que
2022 5125 2291 5179 cohaerent
2310 5119 2572 5191 apostolo,
2597 5128 2724 5175 tunc
2747 5120 2980 5189 primum
3007 5119 3259 5175 Ecclesiae
3283 5117 3476 5174 funda-

1896 5225 2076 5271 menta
2115 5214 2246 5269 inibi
2281 5213 2561 5278 facientes,
2599 5212 2737 5266 sicut
2763 5212 2951 5269 edocet
2976 5211 3113 5266 liber
3146 5209 3212 5265 de
3248 5208 3476 5265 Actibus

1896 5309 2258 5381 apostolorum
2286 5305 2644 5375 conscriptus.
2678 5303 2901 5359 Claudio
2924 5317 3053 5358 vero
3090 5302 3266 5357 adhuc
3291 5301 3344 5357 in
3371 5302 3474 5357 im-

1894 5402 2047 5473 perio
2075 5399 2422 5469 perdurante,
2457 5396 2508 5450 in
2540 5397 2653 5465 ipsa
2681 5396 3019 5450 solemnitate
3054 5393 3294 5459 Paschte,
3327 5401 3475 5447 tanta

1896 5492 2097 5549 Iudaeis
2136 5488 2490 5561 perturbatio,
2531 5496 2586 5542 et
2614 5488 2837 5542 vastitas
2868 5484 3253 5557 Hierosolymis
3278 5485 3479 5540 accidit

164 5573 341 5629 lituo
368 5575 443 5630 de
469 5589 541 5629 eo
570 5574 643 5629 ita
670 5576 783 5629 ait:
814 5575 946 5632 Cum
974 5578 1111 5633 forte
1138 5578 1439 5635 Caesaream
1469 5579 1611 5652 (qua:
1646 5581 1796 5649 prius
1898 5600 1965 5641 ex
1995 5583 2258 5639 seditione
2286 5587 2576 5644 commota,
2603 5589 2662 5633 ut
2692 5580 2757 5634 de
2789 5578 2890 5633 illis
2916 5578 3044 5633 solis
3071 5578 3160 5648 qui
3191 5578 3245 5631 in
3272 5576 3479 5631 foribus

160 5666 416 5740 Pyrgos
468 5667 742 5726 Stratonis
793 5672 1105 5744 vocabatur)
1144 5672 1377 5741 advenit,
1427 5674 1519 5729 ubi
1565 5688 1690 5729 cum
1740 5674 1796 5729 in
1900 5674 2085 5748 templi
2109 5672 2502 5745 constipatione
2523 5671 2702 5743 populi
2732 5670 2904 5725 necati
2930 5679 3071 5735 sunt,
3105 5669 3323 5742 triginta
3350 5668 3495 5724 mil-.

543 5763 819 5826 ΡΔτιιοι.
865 5764 1020 5827 ωτι.
2872 5788 2883 5800 ο
2966 5762 3041 5826 3‘3

168 5214 485 5284 apostolos
523 5222 889 5284 perpetratum
920 5215 1232 5270 dilationem
1261 5230 1368 5270 non
1404 5222 1609 5285 patitur
1630 5216 1791 5270 ultio-

170 5304 297 5371 nis,
327 5304 439 5359 sed
467 5305 728 5361 continuo
747 5307 940 5362 vindex
962 5306 1114 5361 adest
1133 5304 1394 5360 divinitus
1414 5305 1655 5371 dextera,
1685 5306 1791 5361 sic-

164 5405 247 5449 ut
296 5395 549 5450 historia
595 5396 651 5449 in
693 5396 1055 5467 apostolon
1092 5395 1318 5452 Actibus
1346 5396 1649 5467 conscripta
1694 5411 1795 5453 nos

167 5483 418 5539 θέωσι.
464 5482 735 5552 Josephus
779 5500 909 5541 vero
953 5502 1097 5543 nono
1145 5488 1354 5544 decimo
1396 5488 1795 5559 Antiquitatum
