3964 6172
532 329 663 388 “al

1546 316 1936 379 FBECULPHI
1974 311 2432 371 LEXOVIENSIS
2470 309 2778 369 EPISCOPI

3676 311 3703 365 1
3718 312 3811 369 ηε

524 444 593 501 lia
629 441 937 498 Judazorum
982 444 1418 502 numerarentur,
1460 444 1515 491 et
1560 447 1855 490 conversus
1883 438 1965 487 est
1991 430 2108 486 dies
2135 435 2188 496 Α
2211 441 2376 494 porro
2390 426 2567 482 tantis
2587 425 2891 496 exagitatus
2911 430 3015 494 est,
3047 430 3107 477 ut
3134 437 3204 478 ne
3226 437 3258 477 a
3283 430 3460 479 matre
3480 423 3718 492 quidem
3740 426 3814 478 vel

492 540 697 599 Afestus
735 547 923 589 eurum
970 531 1025 586 in
1074 530 1299 586 luctum.
1339 528 1448 585 Sed
1481 536 1537 583 et
1564 528 1670 583 alia
1716 523 2112 597 quamplurima

523 627 723 685 Judznis
766 621 908 680 mala
940 623 1177 695 irrogata
1207 621 1477 695 Iosephus
1502 635 1598 690 per
1627 619 1745 674 hinc
1778 617 1943 673 verba
1965 614 2112 670 desi-

524 728 673 793 gnat.
702 718 832 772 Post
862 715 980 771 haec
1006 724 1209 781 autem,
1227 710 1525 782 interiectis
1550 709 1888 781 quibusdam,
1914 705 2117 762 addidit

524 810 691 865 etiam
713 807 815 862 ista
844 824 857 859 :
889 804 1120 860 Gravius
1139 818 1268 859 vero
1297 802 1444 858 omni
1473 801 1577 856 hac
1601 798 1903 855 vastatione
1926 794 2118 850 alliixit

522 898 739 955 Judzeos
767 895 1056 968 Egyptius
1082 894 1304 964 quidam
1345 891 1515 948 falsus
1550 889 1835 961 propheta,
1863 886 1957 957 qui
1994 899 2119 941 cum

525 991 767 1048 venisset
810 989 880 1045 ad
917 988 1157 1044 Judaeam
1196 987 1359 1042 homo
1396 999 1608 1057 magus,
1655 982 1817 1038 fidem
1847 978 1951 1035 sibi
1988 990 2118 1046 pro-

526 1084 705 1155 phetae
730 1080 939 1153 magica
964 1086 1080 1134 arte
1108 1077 1390 1135 conscivit.
1429 1076 1497 1130 Et
1522 1073 1779 1131 continuo
1808 1072 1873 1126 ad
1900 1068 2121 1141 triginta

529 1172 698 1229 millia
722 1172 963 1226 virorum
994 1184 1331 1241 congregans
1369 1175 1425 1224 et
1448 1166 1679 1222 ductans
1700 1179 1794 1221 eos
1817 1178 1917 1234 per
1939 1160 2124 1216 deser-

532 1276 666 1332 tum,
690 1264 939 1335 pervenit
967 1278 1090 1319 cum
1125 1263 1256 1332 ipsis
1283 1262 1352 1318 ad
1379 1269 1619 1317 montem
1648 1259 1741 1330 qui
1766 1264 1989 1313 vocatur
2013 1253 2124 1310 Oli-

531 1358 663 1423 veti,
704 1364 929 1427 paratus
976 1354 1100 1410 inde
1146 1354 1357 1410 irruere
1402 1350 1853 1422 Hierosolymam,
1886 1354 1943 1402 et
1971 1345 2024 1400 vi
2060 1358 2126 1399 ac

531 1456 801 1521 potestate
824 1447 1012 1503 urbem
1042 1452 1250 1511 tenere,
1282 1442 1550 1514 simulque
1578 1441 1947 1497 Romanorum
1990 1450 2127 1508 pra:-

535 1540 673 1596 sidia
701 1554 766 1594 ac
786 1537 998 1608 plebem
1024 1534 1296 1608 tyrannidi
1341 1548 1452 1589 suae
1496 1533 1806 1604 subjugare,
1834 1528 2006 1584 fretus
2030 1540 2129 1597 per

534 1634 715 1690 omnia
752 1632 840 1689 his
859 1647 996 1702 quos
1020 1646 1202 1688 secum
1235 1629 1500 1687 eduxerat
1537 1628 1877 1685 satellitibus.
1905 1624 2013 1681 Sed
2039 1638 2131 1679 co-

534 1734 699 1781 natus
723 1723 840 1794 ejus
867 1723 1129 1795 praevenit
1156 1722 1329 1790 Felix,
1359 1720 1751 1791 confestimque
1785 1734 1911 1775 cum
1949 1732 2129 1773 arma—

536 1816 611 1873 tis
635 1814 850 1871 obviam
872 1828 1120 1886 pergens,
1162 1828 1345 1868 secum
1375 1812 1539 1867 etiam
1570 1810 1725 1881 plebe
1765 1808 1976 1878 reliqua
2004 1822 2135 1863 con-

538 1907 802 1977 spirante,
831 1904 1215 1976 congressione
1237 1902 1399 1968 facta,
1426 1900 1739 1971 [Egyptium
1763 1897 1982 1970 quidem
2007 1910 2132 1952 cum

530 1998 730 2069 paucis
767 1998 819 2053 in
859 1997 1039 2069 fugam
1081 1996 1266 2062 vertit,
1312 1994 1609 2066 peremptis
1648 2008 1779 2049 vero
1819 1992 1959 2059 aliis,
2013 1990 2137 2045 aliis

539 2088 707 2143 etiam
735 2087 912 2158 captis
940 2095 1143 2143 temere
1180 2094 1357 2157 coepta
1398 2084 1556 2140 facile
1599 2082 1899 2140 restrinxit.
1932 2080 2058 2136 Haec
2079 2080 2137 2136 in

538 2180 780 2239 secundo
818 2179 1185 2236 Historiarum
1232 2178 1373 2235 libro
1415 2177 1683 2249 Josepbus
1733 2175 1921 2232 refert.
1949 2174 2139 2246 Operae

526 2270 777 2345 pretium
806 2278 987 2326 tamen
1012 2278 1096 2326 est
1122 2269 1237 2325 haec
1259 2284 1381 2340 qua:
1408 2268 1474 2325 de
1501 2267 1759 2340 Egyptio
1783 2266 1989 2330 scribit,
2013 2279 2139 2321 cum

536 2365 652 2422 illis
679 2381 800 2438 quae
829 2365 884 2421 in
911 2364 1279 2436 apostolorum
1290 2364 1515 2422 Actibus
1540 2364 1821 2435 designata
1839 2370 1968 2419 sunt
1991 2376 2141 2418 com-

542 2469 739 2526 parare
765 2471 779 2507 :
808 2453 900 2509 ubi
923 2455 1025 2510 sub
1048 2453 1230 2510 Felice
1262 2454 1513 2510 tribunus
1543 2455 1639 2526 qui
1672 2454 1729 2508 in
1759 2450 2142 2523 Hierosolymis

544 2552 665 2599 erat
692 2546 761 2599 ad
785 2543 1033 2608 Paulum,
1062 2544 1114 2598 in
1143 2559 1303 2613 quem
1333 2542 1641 2600 Iudaeorum
1671 2542 1849 2598 fuerat
1874 2550 2145 2598 commota

545 2635 765 2702 seditio,
794 2635 924 2690 dicit
963 2653 975 2689 :
1020 2633 1209 2689 Nonne
1238 2645 1293 2689 tu
1333 2652 1386 2689 es
1432 2634 1717 2706 Egyptius
1754 2632 1866 2700 ille,
1904 2633 1994 2704 qui
2023 2640 2145 2687 ante

546 2729 643 2784 hos
684 2729 797 2784 dies
839 2729 1197 2784 concitaveras
1233 2728 1483 2807 populum
1528 2738 1575 2782 et
1603 2727 1862 2781 eduxeras
1889 2726 1945 2780 in
1968 2725 2147 2779 deser-

551 2829 665 2874 tam
711 2818 782 2874 ad
832 2828 1063 2890 quatuor
1101 2818 1271 2873 millia
1322 2818 1586 2872 hominum
1639 2814 1992 2870 sicariorum?
2040 2811 2148 2869 Sed

550 2908 822 2966 sufﬁciunt
865 2909 967 2964 ista
1016 2909 1083 2964 de
1123 2908 1322 2965 Felice.
1374 2907 1544 2979 Igitur
1589 2905 1955 2976 descriptione
2004 2901 2149 2958 facta

551 3002 746 3059 Romae
795 3001 896 3057 sub
948 2997 1194 3063 Claudio,
1228 2999 1445 3054 inventa
1480 3004 1607 3052 sunt
1647 2996 1845 3051 civium
1881 2993 2149 3049 Romano-

540 3109 674 3150 rum
704 3092 986 3162 sexaginta
1035 3106 1226 3146 novem
1266 3098 1493 3145 centena
1523 3096 1579 3144 et
1632 3086 1988 3158 quadraginta
2018 3098 2153 3154 qua—

2214 532 2402 575 sorore
2428 517 2602 573 ullave
2628 513 3118 586 consanguinitatis
3143 513 3449 568 reverentia
3482 512 3819 568 abstinuisse

2217 610 2485 666 referatur
2518 592 2750 662 {virum
2773 605 2829 661 in
2855 620 3081 660 uxorem
3108 601 3353 669 duxerit,
3388 604 3510 674 ipse
3542 619 3579 656 a
3611 603 3739 657 viro
3768 612 3813 657 It

2216 715 2356 754 uxor
2377 705 2633 768 acceptus
2659 704 2762 752 est.
2793 695 3047 750 Luxuria:
3071 709 3204 750 vero
3236 703 3347 749 tam
3374 693 3676 749 ell‘renatae
3708 694 3809 759 fuit,

2216 797 2277 844 ut
2302 789 2508 844 retibus
2545 787 2727 843 aureis
2755 786 3081 857 piscaretur,
3112 799 3236 854 qua:
3261 784 3564 855 purpureis
3608 782 3812 839 funibus

2217 882 2667 948 cxtrahebantur,
2699 879 2912 950 frigidis
2934 888 2990 933 ct
3015 877 3209 933 calidis
3250 877 3464 931 lavaret
3502 878 3813 948 unguentis,

2218 972 2312 1042 qui
2337 971 2503 1028 etiam
2536 985 2814 1041 nunquam
2843 969 3026 1024 minus
3053 968 3203 1025 mille
3231 969 3484 1024 carrucis
3520 967 3821 1023 confecisse

2220 1064 2325 1119 iter
2354 1062 2609 1119 traditur.
2658 1060 2903 1131 Denique
2928 1060 3077 1115 urbis
3109 1059 3297 1117 Romae
3327 1058 3658 1115 incendium
3686 1058 3824 1113 volu-

2221 1154 2390 1226 ptatis
2412 1169 2522 1209 suae
2541 1151 2909 1224 spectaculum
2936 1149 3084 1207 fecit.
3106 1150 3212 1205 Per
3232 1165 3331 1206 sex
3359 1150 3481 1204 dies
3502 1159 3824 1219 septemque

2223 1251 2414 1300 noctes
2445 1243 2645 1299 ardens
2685 1242 2880 1298 civitas
2907 1241 3084 1312 regios
3117 1241 3265 1312 pavit
3292 1249 3581 1310 aspectus.
3628 1239 3825 1294 llorrea

2227 1334 2439 1406 quadro
2478 1341 2685 1389 structa
2718 1331 2916 1402 lapide,
2956 1346 3271 1403 magnasque
3310 1330 3416 1385 illa:
3450 1338 3714 1385 veterum
3756 1330 3829 1383 in-

2226 1420 2374 1487 fulua,
2427 1435 2563 1493 quas
2608 1419 2921 1476 discurrens
2968 1420 3121 1475 adire
3165 1418 3381 1473 ﬂamma
3433 1435 3552 1473 non
3596 1427 3828 1490 poterat,

2228 1511 2443 1582 magnis
2471 1510 2740 1565 machinis
2766 1509 3039 1580 quondam
3071 1510 3138 1565 ad
3174 1517 3402 1565 externa
3443 1509 3595 1564 bella
3625 1524 3830 1580 przepa-

2231 1603 2394 1667 ratis,
2424 1600 2704 1657 labefacta:
2732 1608 2895 1671 atque
2939 1598 3292 1655 inflammata:
3332 1607 3485 1653 sunt.
3520 1600 3610 1654 Ad
3646 1615 3829 1653 monu-

2234 1700 2545 1750 mentorum
2604 1691 2999 1761 bustorumque
3059 1689 3361 1745 diversoria
3412 1689 3632 1744 infelici
3690 1689 3833 1758 plebe

2161 1806 2210 1865 B
2237 1782 2515 1854 compulsa
2536 1822 2553 1848 ,
2596 1781 2741 1853 quod
2777 1782 2892 1852 ipse
2925 1795 2993 1836 ex
3026 1778 3291 1834 altissima
3332 1778 3425 1834 illa
3472 1779 3834 1834 inaccusatis:

2245 1886 2400 1933 turre
2422 1882 2795 1947 prospectans,
2822 1873 2980 1929 hctus
3005 1870 3236 1928 ﬂammae
3254 1871 3335 1944 (ut
3362 1871 3574 1942 aiebat)
3601 1871 3835 1942 pulchri-

2249 1969 2470 2035 tudine,
2509 1966 2715 2040 tragico
2750 1966 2940 2022 habitu
2987 1965 3149 2021 Iliada
3192 1965 3545 2021 decantabat.
3586 1966 3835 2019 Avaritia:

2239 2068 2421 2115 autem
2453 2066 2563 2113 tam
2593 2064 2879 2129 praerupta:
2901 2055 3133 2121 exstitit,
3160 2062 3221 2109 ut
3246 2062 3371 2125 post
3394 2053 3506 2109 hoc
3531 2054 3835 2109 incendium

2241 2149 2425 2217 Urbis,
2454 2162 2617 2219 quam
2661 2161 2723 2202 se
2758 2147 3032 2218 Augustus
3069 2160 3135 2200 ex
3179 2144 3424 2201 latericia
3473 2159 3835 2199 marmoream

2242 2238 2540 2295 reddidisse
2578 2234 2904 2307 jactaverat,
2950 2234 3220 2290 neminem
3260 2234 3330 2290 ad
3359 2233 3638 2304 reliquias
3668 2248 3835 2288 rerum

2242 2346 2466 2388 suarum
2492 2330 2646 2386 adire
2675 2327 3005 2400 permiserit.
3055 2325 3261 2382 Cuncta
3287 2340 3411 2397 qua:
3439 2324 3689 2381 flammte
3717 2341 3836 2396 quo-

2242 2426 2513 2498 quomodo
2539 2422 2921 2496 superfuerant
2946 2421 3060 2493 ipse
3089 2419 3328 2476 abstulit.
3359 2418 3588 2475 Centies
3619 2431 3830 2474 centena

2245 2518 2411 2574 millia
2443 2516 2761 2574 sestertium
2795 2530 2978 2570 annua
3030 2513 3098 2568 ad
3136 2527 3408 2584 espensas
3456 2520 3695 2569 senatus
3722 2526 3837 2566 con-

2244 2610 2379 2667 ferri
2408 2609 2514 2666 sibi
2561 2606 2871 2678 imperavit.
2918 2605 3188 2660 Plurimos
3220 2614 3563 2670 senatorum,
3578 2602 3729 2657 nulla
3752 2617 3840 2656 cx-

2246 2709 2426 2759 stante
2470 2713 2655 2764 causa,
2681 2697 2839 2753 bonis
2868 2696 3118 2765 privavit.
3147 2693 3560 2767 Negotiatorum
3598 2695 3840 2749 omnium

2248 2794 2351 2851 sub
2380 2806 2488 2847 una
2517 2790 2627 2857 die,
2654 2788 2940 2845 tormentis
2963 2801 3180 2860 quoque
3203 2787 3486 2852 adhibitis,
3510 2800 3737 2841 omnem
3762 2801 3846 2857 pe-

2251 2886 2401 2940 nitus
2430 2896 2659 2939 censum
2682 2878 2958 2934 abstersit.
3000 2877 3142 2934 Nero
3169 2877 3259 2933 hic
3285 2878 3497 2948 primus
3520 2884 3847 2947 persecutus

2255 2986 2342 3034 est
2374 2975 2749 3035 Christianos,
2781 2972 2876 3041 qui
2917 2972 3081 3027 etiam
3112 2968 3332 3026 Petrum
3369 2978 3423 3025 et
3450 2967 3689 3023 Paulum
3718 2982 3847 3039 apo—

2257 3067 2425 3124 stolos
2457 3067 2679 3123 occidit.
2716 3064 3067 3124 Crudelitatis
3091 3072 3269 3117 autem
3308 3061 3457 3116 rabie
3484 3060 3555 3115 ita
3586 3059 3849 3115 efferatus

544 3196 678 3241 tuor
708 3151 898 3246 millia,
926 3196 1067 3252 aqua
1100 3181 1407 3236 introducta
1438 3151 1687 3246 Romam,
1712 3151 2145 3249 qum'vocabatut

2258 3168 2362 3228 est,
2390 3166 2452 3215 ut
2469 3158 2758 3231 plurimam
2790 3164 3014 3215 senatus
3041 3163 3251 3226 partem
3287 3151 3646 3219 interfecerit,
3689 3168 3851 3224 eque-

542 3275 797 3334 ‘Claudia.
823 3272 924 3328 llic
963 3287 1093 3328 vero
1117 3272 1368 3343 princeps
1414 3270 1613 3335 ventri,
1658 3271 1806 3336 vino,
1843 3269 2002 3325 findat
2030 3267 2152 3323 libi-

544 3367 669 3424 dini
714 3364 992 3430 obediens,
1037 3362 1352 3419 libertorum
1391 3368 1447 3415 et
1488 3359 1731 3432 conjugis
1757 3359 2000 3431 imperiis
2026 3358 2152 3415 sub-

548 3460 732 3531 jectus
777 3453 898 3511 fuit.
951 3452 1260 3509 Vocabatur
1300 3452 1444 3508 enim
1494 3468 1633 3507 uxor
1671 3450 1790 3520 ejus
1846 3449 2151 3516 Messalina,

560 3565 682 3620 quae
704 3549 937 3618 primum
968 3545 1171 3617 passim
1194 3545 1448 3601 utebatur
1471 3542 1752 3599 adulteris.
1781 3542 1988 3599 Dehinc
2016 3550 2157 3598 atro-

561 3642 678 3697 cius
708 3654 936 3696 accensa
974 3637 1271 3694 nobiliores
1297 3648 1544 3707 quasque
1581 3641 1778 3704 nuptas
1822 3642 1877 3688 et
1919 3632 2158 3705 virgines

562 3744 868 3790 scortorum
906 3745 1059 3787 more
1086 3744 1273 3786 secum
1312 3728 1516 3784 habere
1550 3734 1950 3797 proposuerat:
1981 3725 2055 3780 ita
2095 3724 2158 3778 li-

556 3808 706 3882 berti
729 3822 845 3892 ejus
872 3827 1198 3894 potestatem
1221 3833 1491 3877 summam
1515 3816 1718 3887 adepti.

548 3976 556 3984 ,
638 3915 716 3970 Ex
762 3915 960 3986 quibus
1012 3910 1250 3968 Felicem
1300 3908 1602 3979 legionibus
1651 3906 1851 3963 Judmae
1895 3905 2157 3976 praefecit,

565 4008 705 4079 apud
731 4022 892 4079 quem
921 4004 1123 4062 Paulus
1150 4002 1426 4074 apostolus
1453 4008 1763 4065 accusatus,
1805 3999 1858 4055 in
1887 3998 2157 4055 defensio-

563 4113 694 4153 nem
724 4096 805 4151 sui
834 4102 1073 4165 perorat.
1103 4092 1153 4149 ls
1187 4092 1369 4162 itaque
1397 4089 1653 4145 Claudius
1689 4089 1942 4159 deinceps
1972 4087 2161 4159 Agrip-

564 4192 750 4263 pinam
798 4187 1109 4246 Germanici
1155 4185 1340 4242 fratris
1376 4184 1460 4240 sui
1511 4182 1676 4238 filiam
1719 4196 1944 4238 uxorem
1984 4179 2156 4234 duxit.

571 4283 700 4351 Qua:
725 4281 838 4336 filio
867 4278 1155 4351 imperium
1182 4289 1504 4348 procurans,
1534 4273 1712 4344 primo
1739 4271 2015 4343 privignos
2038 4269 2163 4325 iusi-

572 4374 675 4428 diis
708 4370 1150 4436 multiformibus,
1179 4368 1377 4425 dehinc
1418 4366 1594 4437 ipsum
1630 4362 1914 4434 conjugcm
1954 4376 2163 4417 veneno

2255 3260 2422 3308 strem
2456 3250 2706 3307 ordinem
2731 3264 2873 3322 pene
2917 3246 3245 3305 destituerit.
3290 3244 3396 3300 Sed
3435 3258 3506 3298 ne
3534 3245 3850 3314 parricidiis

2255 3343 2475 3412 quidem
2506 3342 2792 3398 abstinuit.
2838 3341 3090 3407 Matrem,
3122 3336 3368 3402 fratrem,
3404 3349 3688 3401 sororem,
3724 3350 3849 3389 uxo-

2258 3449 2393 3500 rem,
2416 3442 2750 3505 caeterosque
2774 3448 2967 3490 omnes
2996 3438 3256 3503 cognatos
3287 3438 3341 3484 et
3367 3428 3715 3499 propinquos
3738 3429 3848 3484 sine

2256 3526 2599 3583 haesitatione
2628 3525 2945 3598 prostravit.
2993 3523 3094 3579 llic
3128 3523 3295 3577 etiam
3334 3519 3605 3575 Senecam
3636 3520 3840 3574 instita-

2258 3626 2430 3674 torem
2497 3617 2553 3672 in
2626 3616 2942 3674 liberalibus
2995 3614 3297 3684 disciplinis
3352 3620 3514 3682 atque
3562 3611 3842 3667 ductet-un

2259 3724 2440 3775 suum,
2479 3708 2604 3781 quia
2629 3722 2758 3763 eum
2790 3707 2857 3762 de
2879 3705 3110 3761 utilitate
3131 3702 3443 3774 reipublicae
3470 3716 3535 3757 ac
3556 3701 3847 3757 honestate

2264 3801 2383 3855 vitae
2416 3815 2637 3856 monere
2663 3798 2929 3865 curabat,
2970 3799 3146 3854 virum
3175 3796 3408 3853 nobilem
3440 3804 3499 3850 et
3520 3794 3684 3851 Pauli
3720 3810 3844 3866 apo-

2259 3891 2383 3946 stoli
2407 3892 2667 3954 amicum,
2696 3889 2991 3946 interfecit.
3024 3887 3288 3944 Similiter
3321 3896 3376 3943 et
3415 3886 3707 3941 Lucanum
3730 3901 3849 3958 poe-

2264 3990 2395 4048 tam,
2418 3980 2661 4050 ejusdem
2689 3980 2911 4036 Senecae
2935 3978 3286 4044 avunculum,
3321 3977 3566 4049 peremit.
3623 3978 3681 4034 Is
3708 3979 3846 4033 eui:-

2263 4073 2470 4129 Seneca
2490 4071 2857 4128 Cordubensis
2870 4069 3354 4126 continentissime
3374 4066 3638 4123 vitaafuit.
3660 4068 3844 4137 Quem.

2262 4172 2324 4219 ut
2350 4163 2722 4234 prmdiximus,
2775 4162 2880 4218 illa:
2927 4162 3163 4218 amicum
3211 4160 3363 4216 Pauli
3404 4160 3568 4215 fuisse
3610 4161 3849 4232 epistol:

2263 4257 2562 4322 declarant,
2590 4272 2709 4326 qua:
2740 4255 2993 4326 leguntur
3019 4269 3051 4308 a
3086 4253 3359 4323 plurimis,
3401 4251 3552 4307 Pauli
3580 4253 3661 4307 ad
3692 4255 3851 4309 Sent-

2263 4364 2405 4414 cam,
2455 4357 2511 4403 et
2556 4346 2777 4403 Senecae
2804 4346 2870 4400 ad
2902 4344 3150 4399 Paulum.
3203 4342 3261 4397 lu
3312 4342 3510 4413 quibus
3551 4356 3691 4397 cum
3719 4352 3852 4400 esset

573 4463 868 4519 interemit.
901 4461 1050 4516 Vixit
1092 4460 1251 4515 annis
1290 4459 1380 4525 64,
1425 4435 1580 4527 cujus
1610 4456 1771 4512 funus
1799 4465 1858 4511 ut
1890 4455 2145 4525 quondau

2267 4442 2498 4499 Neronis
2539 4441 2813 4512 magister,
2847 4446 2902 4494 et
2947 4437 3096 4492 illius
3127 4435 3387 4507 temporis
3418 4437 3853 4506 potentissimus,

574 4560 631 4613 in
673 4558 950 4627 Tarquino
994 4555 1183 4610 Prisco
1215 4554 1307 4608 diu
1347 4552 1672 4608 occultatum
1716 4550 1838 4617 fuit,
1886 4551 2012 4606 dum
2047 4557 2145 4604 arti

2267 4543 2458 4604 optare
2480 4548 2539 4588 se
2561 4531 2695 4587 dicit
2714 4529 2835 4600 ejus
2862 4543 2983 4585 esse
3012 4527 3116 4584 loci
3138 4529 3280 4599 apud
3303 4541 3449 4592 suos,
3472 4526 3640 4596 cujus
3659 4528 3854 4584 Paulus

576 4648 827 4706 muliebri
848 4646 1090 4717 corrupti
1115 4646 1368 4701 custodes
1390 4660 1592 4715 aegrum
1615 4642 1892 4697 simulant.

1180 4752 1411 4812 CAPUT
1452 4751 1590 4807 XVI.

578 4853 658 4910 De
690 4852 921 4908 Neronis
949 4848 1153 4905 actibus
1177 4845 1612 4909 sceleratissimis,
1640 4852 1688 4897 et
1718 4843 1783 4897 de
1811 4841 2167 4912 interiectione

707 4921 922 4978 Seneca:
946 4920 1032 4977 sui
1052 4918 1404 4992 prwceptoris,
1434 4926 1588 4986 atque
1614 4913 1816 4968 Lucani
1849 4924 2035 4981 poetaz.

650 5012 817 5080 Nero,
840 5011 1117 5084 privignus
1133 5008 1273 5081 ejus,
1297 5007 1506 5077 imperii
1522 5005 1645 5075 jura
1673 5004 1928 5075 suscepit,
1946 5004 2171 5061 mansit-

581 5121 688 5178 que
718 5106 773 5160 in
803 5119 869 5161 eo
893 5102 1051 5159 annis
1082 5116 1189 5157 non
1219 5100 1394 5171 plenis
1417 5099 1502 5153 14.
1538 5098 1603 5152 G.
1632 5096 1887 5175 Caligula:
1917 5095 2164 5152 avunculi

582 5197 668 5254 sui
698 5211 828 5266 erga
855 5193 1039 5250 omnia
1068 5191 1201 5246 vitia
1229 5207 1292 5246 ac
1323 5190 1527 5246 scelera
1556 5196 1814 5254 sectator,
1849 5187 1959 5243 imo
1991 5195 2170 5242 trans-

570 5302 823 5360 ‘gressor,
860 5282 1251 5355 petulantiam,
1285 5280 1596 5345 libidinem,
1640 5278 1943 5341 luxuriam,
1985 5277 2164 5331 avari-

586 5379 739 5442 tiam,
770 5367 1153 5431 crudelitatem‘
1169 5370 1441 5434 exercuit,
1467 5376 1521 5424 et
1550 5368 1697 5424 omni
1728 5366 1932 5422 scelere
1961 5380 2021 5418 se
2049 5364 2165 5435 pol-

587 5468 707 5522 luit.
742 5466 1019 5537 Siquidem
1040 5461 1344 5541 petulantia
1366 5461 1622 5531 percitus,
1649 5458 1831 5514 omnia
1853 5472 1989 5527 pene
2011 5455 2174 5510 italia:

588 5574 654 5614 ac
679 5557 901 5615 Grtecia:
922 5544 1132 5613 theatra
1156 5554 1511 5629 perlustrans,
1540 5560 1819 5622 assumpto
1845 5550 2010 5605 etiam
2037 5551 2174 5605 varii

590 5649 819 5704 vestitus
845 5646 1138 5712 dedecore,
1164 5642 1371 5699 cerices
1389 5683 1403 5708 ,
1433 5643 1775 5705 citharistas,
1818 5638 2089 5713 tragoedos
2121 5648 2176 5694 et

594 5739 811 5806 aurigas
856 5751 1001 5807 saepe
1035 5737 1138 5794 sibi
1176 5750 1460 5807 superasse
1501 5734 1650 5788 visus
1688 5741 1790 5788 est.
1835 5730 2175 5788 Libidinlbus

2267 4628 2339 4683 sit
2379 4626 2521 4681 inter
2555 4624 2917 4681 Christianos.
2960 4620 3062 4678 Hic
3085 4630 3213 4678 ante
3241 4622 3523 4678 biennium
3546 4637 3731 4692 quam
3758 4624 3854 4680 Pc-

2266 4726 2383 4773 trus
2405 4725 2460 4771 et
2486 4714 2684 4771 Paulus
2711 4714 2973 4784 martyrio
3004 4718 3418 4779 coronarentur,
3452 4727 3486 4765 a
3513 4711 3743 4770 Nerone
3762 4714 3839 4771 in-

2270 4812 2527 4869 terfectus
2548 4818 2650 4867 est.

2838 4898 3067 4956 CAPUT
3108 4899 3268 4956 XVII.

2276 4993 2354 5049 De
2383 4990 2544 5046 Pauli
2588 4990 2985 5062 resolutionefet
3035 4991 3267 5045 secunda
3300 5007 3434 5062 ejus
3454 4991 3864 5062 pridie-ctione,

2407 5073 2684 5134 antequam
2708 5061 2960 5131 martyrio
2989 5070 3331 5115 coronaretur
3353 5060 3467 5114 sub'
3488 5060 3739 5117 Nerone.

2344 5180 2577 5243 Interea,
2606 5177 2908 5247 imperante
2934 5174 3147 5231 Nerone
3162 5174 3399 5241 ,Festus
3424 5176 3670 5230 mittitur
3694 5178 3755 5231 in
3777 5175 3866 5231 Ju-

2274 5274 2468 5337 daaam,
2488 5279 2550 5325 ut
2571 5269 2827 5325 succedat
2854 5266 3037 5323 Felici.
3069 5267 3227 5337 Apud
3248 5281 3429 5337 quem,
3460 5276 3524 5322 ut
3552 5266 3611 5322 in
3636 5268 3865 5323 Acti-5

2275 5360 2640 5434 apostolorum
2669 5358 2919 5428 legimus,
2944 5355 3145 5412 Paulus
3167 5372 3268 5428 pro
3289 5372 3349 5412 se
3379 5371 3580 5430 agens,
3627 5356 3767 5412 dato
3793 5357 3861 5411 i5

2275 5452 2453 5508 edicto
2479 5451 2691 5505 vinctus
2718 5448 2952 5503 mittitur
2976 5445 3225 5502 Romam.
3264 5444 3367 5503 Ubi
3398 5444 3624 5502 biennio
3653 5448 3861 5517 positus

2277 5543 2502 5598 verbum
2531 5538 2628 5595 Dei
2658 5536 3007 5610 praedicabat,
3032 5535 3249 5591 nemine
3273 5535 3613 5607 prohibente.
3648 5535 3723 5590 Et
3743 5549 3855 5591 c-

2277 5649 2378 5704 pro
2406 5631 2722 5688 defensione
2759 5644 2859 5685 sua
2888 5626 3242 5684 satisfecisset
3272 5627 3501 5694 Neroni,
3540 5628 3763 5684 solutus
3786 5638 3852 5681 σι

2230 5732 2259 5741 ⁸
2279 5744 2309 5782 a
2340 5724 2607 5803 custodia.
2656 5723 2723 5779 Et
2750 5736 2969 5785 rursum
2996 5719 3275 5792 profectus
3305 5728 3385 5776 est
3411 5720 3476 5778 ad
3514 5718 3849 5790 pmlicat'r
