3958 6172
195 331 340 390 H33

1295 321 1703 379 CIIRONICON.
1745 351 1813 362 -—
1853 317 2015 376 ΤΟΜί
2054 317 2096 372 II
2136 318 2260 373 LIB.
2302 319 2340 372 l.

3301 327 3437 382 I131

197 444 283 498 "is
328 438 592 505 ofﬁcium,
638 436 957 493 auctoritate
1005 437 1352 507 antiquorum
1393 437 1761 493 conﬁrmatus.
1792 437 1841 498 Α
1867 434 1974 503 pit,
2006 432 2212 501 inquit,
2247 429 2540 485 Ecclesium
2584 445 2705 484 cum
2735 432 2988 503 apostolis
3027 433 3192 490 frater
3227 437 3438 494 Domini

199 529 300 584 IIic
328 537 510 582 tamen
541 526 741 581 Paulus
765 525 1056 596 apostolus,
1101 527 1192 596 qui
1219 535 1343 580 ante
1367 526 1584 591 Saulus,
1615 536 1769 580 extra

205 633 491 674 numerum
514 616 794 672 duodecim
821 614 1203 686 apostolorum,
1227 615 1292 669 de
1322 614 1463 669 tribu
1491 613 1769 682 Benjamin

203 718 257 763 et
284 707 479 777 oppido
501 705 700 762 Judaza:
737 703 928 760 Gissali
954 703 1071 759 fuit.
1112 704 1227 771 Quo
1255 721 1283 758 a
1315 704 1572 758 Romanis
1592 712 1766 774 capto,

201 813 323 853 cum
349 795 666 866 parentibus
693 794 805 848 suis
833 794 1097 848 Tharsum
1141 793 1340 848 Ciliciae
1375 793 1765 863 commigravit.

198 889 244 942 Δ
286 889 484 959 quibus
519 887 590 941 ob
626 885 801 941 studia
841 885 974 956 legis
1024 887 1222 941 missus
1261 887 1704 958 Hierosolymam,
1738 903 1770 940 a

201 976 495 1033 Gamaliele
538 977 654 1031 viro
704 977 1036 1041 doctissimo,
1093 976 1246 1044 cujus
1281 976 1454 1032 Lucas
1503 977 1766 1041 meminit,

201 1071 444 1124 eruditus
497 1077 598 1123 est.
655 1067 786 1123 Cum
844 1077 1021 1123 autem
1075 1068 1407 1123 interfuisset
1464 1071 1582 1124 neci
1623 1084 1766 1124 mar-

204 1161 337 1230 tyris
367 1158 650 1228 Stephani,
674 1166 730 1212 et
755 1159 990 1229 acceptis
1017 1174 1047 1212 a
1076 1159 1328 1228 pontiﬁce
1357 1158 1536 1228 templi
1569 1159 1768 1228 episto-

203 1251 293 1314 lis,
325 1250 392 1303 ad
421 1249 816 1318 persequendos
845 1264 938 1303 eos
965 1250 1056 1318 qui
1086 1251 1136 1303 in
1168 1248 1382 1302 Christo
1409 1248 1768 1314 crediderant,

202 1338 524 1394 Damascum
549 1345 812 1408 pergeret.
832 1337 1160 1393 revelationc
1180 1336 1486 1407 compulsus
1507 1337 1571 1390 ad
1587 1337 1768 1401 ﬁdem,

203 1446 319 1499 quae
357 1429 411 1482 in
449 1429 672 1484 Actibus
722 1429 1086 1498 apostolorum
1128 1429 1402 1493 scribitur,
1437 1429 1490 1482 in
1533 1443 1629 1482 vas
1659 1427 1770 1482 ele-

202 1519 398 1573 ctionis
429 1519 494 1572 de
533 1527 879 1585 persecutore
911 1516 1204 1572 translatus
1247 1525 1352 1572 est.
1399 1517 1640 1586 Cumque
1661 1517 1772 1587 pri-

203 1625 347 1662 mum
376 1608 444 1662 ad
472 1606 907 1676 praedicationem
937 1607 1052 1677 ejus
1080 1606 1298 1679 Sergius
1317 1607 1515 1662 Paulus
1540 1623 1769 1678 procon-

202 1697 280 1751 sul
305 1696 466 1768 Cypri
497 1695 831 1761 credidisset,
861 1696 930 1750 ab
973 1711 1038 1750 eo
1083 1697 1224 1765 quod
1254 1709 1378 1750 cum
1408 1695 1611 1750 Christi
1648 1695 1771 1749 ﬁdei

1871 517 2138 586 Jacobus,
2168 520 2260 589 qui
2289 519 2358 573 ab
2393 519 2640 574 omnibus
2679 523 3084 592 cognominatus
3114 533 3196 580 est
3228 525 3435 594 Justus,

1872 616 1940 669 ab
1965 614 2094 683 ipsis
2121 612 2332 668 Domini
2355 613 2685 681 temporibus
2705 616 3003 683 perdurans
3026 634 3195 688 usque
3222 621 3286 674 ad
3317 637 3433 678 nos.

1872 703 1938 758 Et
1964 702 2118 758 multi
2142 702 2358 772 quidem
2384 701 2567 757 Jacobi
2596 705 2771 758 vocati
2799 715 2938 771 sunt,
2967 710 3059 764 sed
3083 710 3169 764 hic
3195 727 3260 765 ex
3283 722 3439 768 utero

1872 795 2061 849 matris
2090 810 2199 850 sua:
2229 803 2447 850 sanctus
2471 794 2586 858 fuit,
2617 795 2800 850 vinum
2817 806 2871 852 et
2899 801 3124 856 siceram
3151 820 3255 859 non
3281 808 3434 870 bibit,

1873 883 1965 938 sed
2000 898 2172 952 neque
2197 883 2398 937 animal
2427 885 2796 952 manducavit,
2829 886 3029 944 ferrum
3061 892 3112 946 in
3140 905 3300 964 caput
3326 898 3440 967 ejus

1873 987 1979 1025 non
2011 972 2270 1034 ascendit,
2304 972 2424 1027 oleo
2451 974 2594 1027 enim
2623 983 2708 1029 est
2734 985 3056 1044 perunctus,
3099 981 3304 1039 balneis
3335 1002 3438 1042 non

1873 1072 1956 1120 est
1985 1079 2131 1130 usus,
2169 1065 2296 1119 huic
2323 1066 2423 1120 soli
2453 1066 2646 1121 licebat
2681 1067 2904 1125 introire
2931 1071 2982 1125 in
3013 1085 3196 1131 sancta
3227 1089 3433 1135 sancto-

1874 1167 2012 1207 rum.
2062 1151 2246 1223 Neque
2284 1154 2428 1208 enim
2468 1154 2623 1210 laneo
2669 1159 2921 1213 utebatur
2967 1162 3297 1231 indumento,
3346 1171 3440 1224 sed

1876 1248 2080 1295 tantum
2105 1240 2347 1296 sindone.
2392 1241 2547 1297 Solus
2574 1244 2974 1314 ingrediebatur
2995 1249 3050 1304 in
3078 1253 3354 1322 templum,
3387 1267 3441 1309 et

1868 1330 2083 1399 jacebat
2108 1345 2268 1400 super
2293 1346 2464 1401 genua
2496 1348 2616 1398 sua,
2647 1349 2810 1389 orans
2837 1351 2933 1405 pro
2958 1340 3137 1409 populi
3169 1343 3445 1414 indulgen-

1875 1422 1966 1488 tia,
1986 1421 2058 1475 ila
2089 1430 2147 1476 ut
2174 1423 2379 1477 orando
2401 1423 2568 1478 callos
2590 1423 2792 1480 faceret
2810 1428 2860 1481 in
2887 1432 3111 1499 genibus
3135 1435 3200 1488 ad
3226 1438 3442 1492 modum

1875 1511 2085 1578 cameli,
2109 1527 2322 1581 semper
2349 1527 2520 1582 genua
2547 1514 2828 1582 ﬂectendo,
2852 1533 2950 1574 nec
2973 1536 3208 1590 unquam
3237 1526 3304 1580 ab
3327 1542 3447 1582 ora-

1877 1604 2020 1658 tione
2042 1604 2320 1659 cessando.
2344 1604 2527 1674 Itaque
2547 1621 2643 1676 pro
2666 1607 2962 1663 incredibili
2987 1610 3087 1667 hac
3113 1614 3444 1672 continentia

1877 1705 1930 1750 et
1961 1710 2167 1749 summa
2191 1693 2402 1764 justitia
2428 1695 2726 1765 appellatus
2751 1706 2833 1752 est
2853 1696 3057 1754 Justus.

200 1785 524 1854 subegerat,
573 1783 796 1838 sortitus
833 1791 918 1838 est
961 1783 1063 1838 hoc
1092 1800 1307 1841 nomen.
1353 1785 1420 1839 Et
1441 1783 1629 1853 juncto
1670 1784 1770 1840 sibi
1801 1781 1847 1839 B
1944 1783 2108 1854 Igitur
2127 1800 2248 1839 cum
2272 1785 2507 1840 maxima
2529 1786 2810 1842 multitudo
2832 1797 2943 1842 tam
2963 1788 3265 1847 Judaaorum
3283 1811 3443 1865 quam

203 1875 474 1939 Barnaba,
521 1874 704 1929 multis
753 1875 976 1930 urbibus
1027 1877 1345 1946 peragratis,
1392 1884 1773 1946 revertensquc
1871 1883 1926 1930 et
1975 1874 2256 1946 gentilium
2281 1875 2483 1946 ubique
2513 1876 2794 1932 crederent
2833 1878 2884 1932 in
2916 1879 3118 1947 Jesum,
3158 1881 3358 1940 Scriba:
3391 1895 3445 1940 ct

201 1965 652 2036 Hierosolymam,
677 1980 706 2020 a
727 1965 885 2021 Petro
907 1981 972 2021 ac
989 1966 1188 2022 Jacobo
1227 1976 1282 2023 et
1309 1967 1512 2024 Joanne
1534 1970 1770 2040 gentium
1869 1965 2126 2022 Pharisaei
2148 1967 2318 2024 livore
2341 1970 2571 2040 permoti
2594 1977 2754 2039 atque
2779 1970 2978 2026 turbati
3002 1974 3249 2030 dixerunt
3274 1978 3340 2032 ad
3367 1979 3447 2032 in-

207 2056 484 2126 apostolus
521 2053 818 2111 ordinatur.
847 2056 915 2111 Et
937 2057 1059 2126 quia
1087 2058 1138 2112 in
1162 2058 1385 2114 Actibus
1410 2059 1771 2128 apostolorum
1868 2055 2040 2111 vicem
2072 2073 2086 2109 :
2114 2055 2258 2112 Nihil
2282 2057 2618 2128 proﬁcimus,
2637 2073 2762 2114 ecce
2786 2068 2927 2116 totus
2948 2064 3178 2118 mundus
3200 2067 3370 2121 credit
3391 2068 3444 2122 in

205 2147 522 2216 plenissime
549 2146 616 2200 de
645 2144 763 2216 ejus
789 2147 1194 2202 conversatione
1235 2147 1494 2217 scriptum
1539 2155 1641 2213 est,
1671 2148 1774 2202 hoc

213 2245 420 2288 tantum
462 2235 657 2301 dicam,
686 2235 828 2303 quod
875 2243 996 2306 post
1021 2237 1326 2306 passionem
1357 2237 1585 2299 Domini,
1626 2237 1773 2293 vice-

209 2327 350 2380 simo
380 2327 568 2396 quinto
613 2341 773 2391 anno,
813 2325 1039 2381 Neronis
1073 2327 1270 2397 primo,
1299 2343 1406 2398 quo
1433 2326 1622 2382 Festus
1648 2343 1774 2397 pro—

203 2426 424 2471 curator
443 2414 637 2470 Judaeaa
663 2417 921 2471 successit
947 2416 1130 2482 Felici,
1159 2417 1384 2472 Romam
1409 2419 1619 2473 vinctus
1647 2419 1772 2472 mit-

204 2509 355 2574 titur,
391 2517 443 2562 ct
473 2502 568 2578 pe'r
610 2507 885 2570 biennium
919 2508 973 2562 in
1016 2507 1184 2563 libera
1241 2523 1466 2564 manens
1509 2508 1772 2573 custodia,

206 2598 492 2652 adversum
521 2596 732 2653 Judaeos
762 2597 827 2651 de
854 2597 1082 2652 adventu
1108 2597 1310 2653 Christi
1330 2598 1569 2667 quotidie
1595 2599 1775 2668 dispu-

208 2691 358 2745 tavit.
392 2689 680 2744 Sciendum
721 2697 900 2744 autem
932 2691 985 2744 in
1016 2691 1190 2761 prima
1216 2691 1583 2746 satisfactione
1603 2731 1618 2756 ,
1650 2705 1775 2758 nec:

206 2780 332 2834 dum
363 2775 591 2834 Neronis
634 2779 859 2848 imperio
900 2781 1176 2846 roborato,
1209 2796 1308 2836 nec
1335 2781 1390 2835 in
1416 2790 1568 2836 tanta
1595 2797 1775 2836 crum-

203 2878 364 2940 pente
392 2869 592 2924 scelera
614 2877 814 2938 quanta
844 2867 909 2925 de
933 2884 996 2924 eo
1018 2878 1243 2924 narrant
1267 2870 1528 2936 historim,
1551 2870 1773 2925 Paulum

205 2977 235 3014 a
263 2961 473 3017 Nerone
499 2961 774 3017 dimissum
800 3001 815 3027 ,
847 2968 905 3015 ut
936 2961 1282 3030 Evangelium
1313 2960 1512 3016 Christi
1544 2962 1595 3016 in
1621 2961 1776 3018 Occi-

205 3055 382 3109 dentis
406 3069 614 3124 quoque
639 3052 880 3123 partibus
905 3053 1306 3123 przedicarctur,
1337 3053 1477 3108 sicut
1505 3054 1617 3123 ipse
1642 3053 1776 3108 scri-

204 3146 283 3199 bit
313 3146 366 3198 in
394 3145 560 3215 Epist.
587 3143 630 3198 ll
655 3145 721 3199 ad
745 3143 978 3198 Timoth.
1003 3158 1067 3198 eo
1090 3151 1326 3212 tempore
1349 3143 1492 3212 quod
1511 3149 1566 3197 et
1585 3157 1775 3213 passus

206 3245 313 3300 est,
345 3247 402 3291 ct
431 3238 496 3291 de
524 3235 754 3291 vinculis
789 3235 956 3290 dictat
988 3234 1281 3306 Epistolam
1312 3253 1324 3288 :
1373 3235 1440 3289 In
1464 3236 1635 3306 prima
1662 3251 1777 3289 mea

205 3329 564 3397 satisfactione
603 3344 750 3382 nemo
778 3327 905 3381 mihi
931 3327 1123 3396 adfuit,
1154 3327 1244 3381 sed
1283 3344 1458 3382 omnes
1485 3344 1564 3381 me
1593 3326 1778 3382 dereli-

207 3429 458 3492 qtterunl,
488 3436 590 3473 non
613 3419 686 3474 eis
706 3420 1018 3490 imputetur;
1044 3417 1299 3472 Dominus
1322 3428 1492 3472 autem
1522 3417 1648 3471 mihi
1679 3418 1777 3471 ad-

209 3514 310 3582 fuit
335 3521 382 3565 et
409 3510 716 3578 confortavit
738 3550 753 3575 ,
780 3519 835 3563 ut
861 3525 952 3579 per
978 3525 1057 3562 me
1081 3507 1385 3578 pra-dicatio
1413 3509 1776 3579 compleretur,

207 3615 253 3657 ct
283 3602 527 3656 audirent
558 3617 731 3655 omnes
753 3607 946 3670 gentes,
975 3608 1024 3652 et
1049 3598 1296 3653 liberatus
1331 3615 1443 3652 sum
1474 3598 1537 3652 de
1561 3614 1650 3652 ore
1672 3598 1780 3653 leo-

208 3697 290 3750 nis
315 3711 332 3758 ;
381 3692 816 3748 manifestissime
846 3691 1052 3748 leonem
1072 3731 1086 3757 ,
1137 3701 1355 3760 propter
1381 3690 1779 3755 crudelitatem,

209 3783 476 3838 Neronem
499 3781 826 3854 signiﬁcans.

281 3873 349 3927 Et
387 3873 440 3926 in
473 3872 820 3941 sequentibus
867 3889 879 3924 :
927 3869 1198 3925 Liberatus
1230 3885 1345 3924 sum
1379 3868 1442 3924 de
1471 3885 1559 3924 ore
1595 3868 1777 3924 leonis.

209 3963 274 4018 Et
317 3963 544 4017 statim:
588 3959 844 4015 Liberavit
889 3977 970 4014 me
1014 3959 1271 4014 Dominus
1326 3959 1391 4014 ab
1437 3959 1576 4014 omni
1631 3975 1782 4029 opere

207 4051 374 4118 malo,
413 4060 458 4105 et
487 4050 699 4105 saluauit
723 4067 802 4104 me
827 4051 882 4104 in
911 4066 1124 4120 regnum
1151 4065 1326 4113 suum,
1353 4063 1418 4103 eo
1445 4049 1585 4118 quod
1617 4049 1782 4103 sciret

207 4157 453 4213 pnesens
493 4141 592 4195 sibi
622 4140 903 4195 imminere
939 4139 1277 4209 martyrium.
1311 4137 1445 4192 Nam
1492 4138 1545 4192 in
1591 4137 1780 4194 eadem

209 4230 451 4302 Epistula
493 4229 866 4299 praemiserat:
911 4228 1024 4298 Ego
1059 4228 1176 4297 jam
1204 4224 1462 4291 immolor,
1508 4235 1555 4281 et
1583 4236 1781 4297 tempus

210 4322 544 4377 resolutionis
572 4337 700 4376 metr
737 4321 914 4376 instat.
955 4320 1052 4374 llic
1080 4334 1209 4388 ergo
1231 4326 1421 4389 quarto
1445 4318 1652 4374 decimo
1679 4317 1784 4373 Ne-

211 4413 363 4468 ronis
391 4426 550 4476 anno,
580 4412 765 4466 eodem
792 4411 877 4466 die
901 4425 1007 4480 quo
1034 4410 1245 4474 Petrus,
1281 4411 1462 4464 Romae
1491 4424 1589 4478 pro
1622 4410 1782 4464 Chri-

209 4515 298 4558 sto
323 4504 499 4572 capite
548 4511 846 4557 truncatur.
894 4501 1145 4571 Sepultus
1175 4511 1256 4556 est
1298 4502 1351 4555 in
1397 4502 1482 4555 via
1524 4501 1778 4568 Ostiensi,

211 4608 359 4648 anno
389 4602 512 4664 post
540 4593 840 4663 passionem
871 4594 1080 4648 Domini
1107 4593 1379 4664 trigesimo
1409 4594 1660 4664 septimo.

775 4705 1002 4761 CAPUT
1039 4705 1220 4762 XVIII.

208 4793 290 4848 De
334 4809 455 4848 nece
487 4791 674 4866 Jacobi
716 4793 1265 4866 Justi,rapostolorum
1296 4794 1538 4866 episcopi,
1570 4806 1617 4849 et
1657 4797 1783 4866 quid

641 4863 704 4916 de
727 4863 817 4916 illo
847 4865 1077 4917 historia:
1106 4864 1350 4932 referant.

287 4954 401 5010 Sub
427 4954 654 5010 Neronis
683 4955 844 5009 etiam
882 4955 1104 5026 imperio
1143 4955 1393 5022 Jacobus,
1420 4958 1510 5026 qui
1555 4959 1621 5011 ab
1658 4973 1785 5027 apo-

207 5046 372 5101 stolis
400 5045 678 5100 ordinatus
705 5044 1088 5116 Hierosolymis
1126 5055 1210 5100 est
1237 5047 1550 5116 episcopus,
1581 5057 1787 5119 marty-

211 5138 298 5190 rio
329 5143 750 5189 consummatur.
793 5135 896 5202 Qui
941 5135 1106 5188 frater
1130 5135 1340 5191 Domini
1375 5137 1694 5200 vocabatur,
1724 5151 1788 5190 eo

206 5225 362 5295 quod
419 5223 558 5278 ﬁlius
610 5225 812 5279 sororis
869 5223 1049 5277 Marite
1106 5225 1297 5279 matris
1359 5223 1571 5277 Domini
1621 5231 1786 5287 esset,

208 5315 467 5384 quamvis
489 5314 650 5383 aliqui
674 5313 1045 5368 existimarent
1071 5311 1268 5381 Joseph
1294 5329 1417 5367 eum
1447 5313 1695 5382 genuisse
1722 5328 1789 5366 ex

208 5406 319 5458 alia
352 5418 542 5458 uxore.
601 5401 787 5458 Refert
823 5404 877 5456 in
913 5403 1056 5456 hunc
1094 5403 1306 5456 modum
1335 5402 1470 5456 satis
1505 5401 1674 5455 ﬁdelis
1704 5401 1790 5456 bi-

209 5493 625 5562 storiographus
647 5493 713 5546 de
735 5507 800 5546 eo
821 5491 1158 5561 Egesippus,
1184 5492 1272 5560 qui
1301 5500 1422 5560 post
1449 5493 1590 5563 ipsas
1611 5492 1790 5546 statim

209 5581 423 5650 primas
476 5581 838 5651 apostolorum
892 5581 1260 5636 successiones
1312 5580 1440 5646 fuit,
1497 5598 1549 5635 in
1601 5595 1790 5651 quinto

212 5669 742 5728 Commentariorum
775 5687 992 5726 suorum
1038 5672 1193 5736 libro,
1225 5671 1309 5726 his
1345 5672 1561 5727 verbis:
1597 5675 1792 5728 Susce-

1869 2143 2070 2200 Jesum.
2098 2144 2237 2201 Inito
2263 2155 2440 2202 autem
2461 2148 2684 2204 consilio
2707 2149 2904 2205 adeunt
2927 2150 3184 2207 Jacobum
3220 2155 3440 2212 fratrem

1873 2234 2085 2289 Domini
2132 2236 2371 2292 dicentes
2404 2254 2416 2290 :
2459 2238 2822 2308 Deprecamur
2860 2256 2989 2312 ergo
3027 2251 3078 2298 te
3124 2252 3182 2297 ut
3216 2247 3446 2303 suadeas

1871 2325 2121 2382 omnibus
2149 2327 2592 2382 convenientibus
2621 2331 2672 2382 in
2701 2329 2786 2383 die
2809 2329 3027 2386 Pascbce
3059 2332 3124 2387 de
3148 2331 3298 2388 Jcsu.
3323 2335 3442 2390 Tibi

1872 2416 2015 2471 enim
2043 2431 2231 2472 omnes
2255 2417 2688 2488 obtemperamus
2713 2460 2727 2484 ,
2764 2429 2819 2475 et
2845 2421 2910 2475 de
2934 2429 2987 2476 te
3021 2430 3124 2476 tam
3155 2439 3253 2479 nos
3282 2441 3444 2494 quam

1872 2508 2100 2577 populus
2136 2509 2504 2564 testimonium
2533 2510 2899 2580 perhibemus,
2929 2513 3051 2581 quia
3078 2512 3255 2581 justus
3278 2531 3358 2581 es,
3391 2525 3444 2571 et

1873 2611 2158 2667 personam
2203 2597 2402 2652 nullius
2428 2598 2647 2668 accipis.
2698 2597 2776 2653 Tu
2811 2614 2938 2666 ergo
2966 2603 3130 2657 suade
3165 2604 3357 2672 populo
3386 2604 3452 2659 de

1874 2684 1997 2740 Jesu
2029 2699 2096 2740 ne
2127 2692 2302 2751 erret,
2341 2685 2466 2756 quia
2495 2700 2685 2742 omnes
2726 2687 2822 2742 tibi
2864 2689 3163 2745 obedimus.
3203 2690 3452 2746 Ascende

1875 2775 2056 2845 itaque
2081 2776 2132 2830 in
2159 2775 2428 2831 excelsum
2457 2776 2633 2832 locum
2662 2777 2842 2847 pinnae
2874 2779 3092 2847 templi,
3125 2788 3183 2833 ut
3222 2780 3274 2834 in
3305 2781 3450 2836 edito

1869 2865 2079 2935 positus
2103 2879 2363 2935 appareas
2388 2865 2669 2932 omnibus,
2699 2875 2753 2922 et
2786 2867 2947 2923 verba
2977 2876 3065 2922 tua
3103 2869 3390 2923 audiantur
3418 2887 3448 2924 a

1875 2957 2100 3012 cunctis.
2151 2956 2318 3026 Igitur
2346 2957 2470 3025 quia
2511 2956 2564 3010 in
2613 2956 2799 3012 diebus
2849 2957 3072 3013 Pascha:
3102 2960 3448 3024 conveniunt,

1875 3062 1981 3101 non
2034 3046 2206 3102 solum
2235 3044 2561 3111 Judteorum,
2602 3047 2696 3102 sed
2741 3057 2795 3103 et
2835 3050 3116 3120 gentilium
3147 3051 3451 3117 multitudo,

1803 3117 1846 3178 (ἶ
1878 3145 2184 3215 statuerunt
2214 3153 2335 3191 cum
2373 3137 2664 3208 supradicti
2700 3117 2903 3195 Scribae
2929 3150 2982 3195 et
3008 3141 3262 3197 Pharismi
3291 3158 3455 3212 super

1875 3228 2093 3298 pinnam
2125 3227 2328 3296 templi,
2359 3235 2410 3283 et
2437 3243 2568 3284 voce
2597 3244 2789 3301 magna
2815 3230 3109 3286 clamantes
3134 3233 3200 3286 ad
3225 3249 3345 3288 eum
3373 3236 3453 3290 di-

1877 3324 2008 3370 cunt
2039 3333 2052 3369 :
2083 3316 2332 3370 Virorum
2359 3315 2688 3385 justissime,
2720 3319 2804 3373 cui
2835 3334 3022 3374 omnes
3051 3335 3148 3375 nos
3173 3309 3451 3393 obtcmpc4

1877 3421 2000 3460 rare
2023 3406 2298 3472 debemus,
2315 3406 2566 3477 quoniam
2591 3409 2817 3477 populus
2836 3417 2983 3464 errat
2999 3419 3116 3478 post
3136 3408 3336 3476 Jesum,
3359 3413 3450 3481 qui

1877 3498 2165 3554 crucifixus
2203 3506 2287 3552 est
2307 3537 2323 3562 ,
2355 3498 2572 3552 enuntia
2603 3500 2759 3554 nobis
2795 3501 2938 3569 quod
2975 3501 3047 3554 sit
3075 3503 3271 3556 ostium
3299 3502 3449 3559 Jesu.

1879 3587 2012 3642 Tum
2036 3588 2266 3645 Jacobus
2285 3591 2488 3661 ingenti
2511 3606 2640 3646 voce
2666 3591 2732 3645 ad
2755 3608 2849 3648 eos
2869 3594 3180 3662 respondit:
3205 3595 3340 3662 Quid
3365 3613 3450 3667 me

1878 3681 2221 3750 interrogatis
2248 3681 2313 3736 de
2338 3681 2475 3736 Filio
2517 3682 2788 3737 hominis?
2830 3683 2896 3738 Et
2922 3699 3048 3739 ecce
3078 3685 3192 3754 ipse
3220 3686 3372 3741 sedet
3398 3688 3452 3742 in

1879 3770 2031 3826 caelis
2063 3786 2093 3825 a
2123 3772 2326 3827 dextris
2352 3787 2577 3828 summie
2597 3773 2831 3837 virtutis,
2865 3784 2919 3829 et
2947 3776 3062 3844 ipse
3088 3786 3342 3832 venturus
3367 3789 3452 3834 est

1880 3863 1933 3917 in
1960 3863 2194 3917 nubibus
2235 3863 2379 3918 caeli.
2408 3864 2653 3934 Cumque
2683 3868 3033 3936 responsione
3058 3876 3110 3922 et
3147 3870 3454 3925 testimonio

1877 3951 2061 4010 Jacobi
2089 3954 2270 4010 multis
2297 3955 2633 4012 satisfactum
2662 3966 2822 4024 esset,
2848 3967 2902 4014 et
2930 3959 3157 4014 libenter
3178 3961 3455 4018 audissent

1879 4060 1998 4114 qua:
2033 4043 2262 4102 Jacobus
2313 4055 2641 4117 protestatus
2670 4057 2792 4120 est,
2837 4058 3115 4119 coeperunt
3149 4050 3451 4121 gloriﬁcare

1880 4135 2045 4190 Deum
2075 4144 2129 4191 et
2151 4135 2332 4192 dicere
2357 4154 2370 4190 :
2395 4135 2609 4192 Osanna
2640 4138 2749 4193 filio
2775 4138 2958 4193 David.
2994 4138 3142 4194 Tunc
3167 4140 3372 4195 Scriba:
3401 4151 3457 4196 et
3509 4145 3518 4160 ‘

1878 4225 2136 4281 Pharisaei
2164 4242 2228 4284 ac
2256 4227 2562 4285 sacerdotes
2588 4228 2850 4299 indignati
2876 4237 3017 4293 sunt,
3049 4238 3102 4282 et
3129 4231 3270 4285 versi
3296 4230 3347 4284 in
3371 4229 3453 4285 fu-

1881 4330 2060 4370 rorem
2087 4318 2556 4387 prtecipitaverunt
2579 4319 2644 4375 de
2666 4319 2830 4390 pinna
2857 4319 3057 4391 templi,
3090 4329 3144 4376 et
3167 4321 3453 4391 lapidando

1809 4452 1859 4512 Ι)
1883 4408 2198 4462 occiderunt
2225 4424 2344 4463 eum
2371 4425 2469 4481 pro
2498 4412 2629 4482 ipsis
2663 4419 2930 4467 orantem.
2982 4410 3088 4467 Sed
3110 4421 3164 4468 et
3192 4411 3454 4484 Josepbus

1890 4504 1942 4554 in
1973 4499 2065 4552 lib.
2095 4515 2163 4552 xx
2199 4500 2462 4571 Antiquit.
2489 4502 2653 4557 refert
2677 4502 2744 4558 de
2771 4517 2856 4568 eo,
2891 4511 2944 4557 et
2966 4502 3213 4559 Clemens
3235 4505 3288 4558 in
3316 4505 3452 4560 libro

1892 4607 1964 4645 vn
1995 4592 2088 4656 ait,
2118 4601 2331 4648 mortuo
2361 4592 2522 4648 Festo
2552 4593 2643 4662 qui
2672 4592 2909 4648 Judaeam
2947 4595 3192 4666 regebat,
3228 4596 3453 4651 miSSum

1893 4694 2008 4734 esse
2029 4695 2075 4746 ,a
2112 4680 2320 4736 Nerone
2349 4697 2713 4738 successorem
2743 4682 2860 4752 ejus
2883 4684 3152 4740 Albinum.
3194 4684 3298 4752 Qui
3333 4701 3455 4740 cum

1891 4769 2118 4823 necdum
2154 4773 2222 4825 ad
2261 4771 2590 4841 provinciam
2628 4775 2981 4841 pervenisset,
3035 4774 3333 4840 Annianus,
3374 4775 3455 4830 in-

1893 4859 2026 4928 quit,
2059 4860 2297 4929 pontifex
2330 4861 2658 4925 adolescens,
2689 4862 2949 4917 Annaniae
2980 4863 3137 4931 ﬁlius,
3175 4867 3240 4920 de
3261 4879 3460 4934 genere

1888 4953 2225 5016 sacerdotali,
2260 4960 2479 5021 accepta
2503 4953 2801 5016 occasione,
2827 4954 3112 5009 concilium
3141 4956 3454 5020 celebravit,

1885 5041 2209 5108 compellens
2236 5041 2446 5111 publice
2472 5038 2730 5094 Jacobum
2759 5048 2818 5094 ut
2841 5041 3110 5096 Christum
3142 5043 3232 5097 Dei
3263 5042 3455 5099 Filium

1887 5131 2210 5200 denegaret;
2240 5129 2694 5184 contradicentem
2723 5129 2960 5200 lapidare
2983 5129 3162 5200 jdssit.
3192 5130 3290 5196 Qui
3314 5145 3452 5200 prte-

1887 5221 2138 5291 cipitatus
2162 5222 2226 5275 de
2254 5220 2417 5290 pinna
2445 5219 2650 5290 templi,
2677 5221 2970 5275 contractis
2993 5221 3260 5286 cruribus,
3285 5223 3459 5277 adhuc

1896 5310 2183 5363 semivivus
2228 5307 2424 5362 tollens
2465 5308 2530 5360 ad
2580 5307 2776 5363 caelum
2819 5324 3010 5381 manus
3057 5323 3176 5363 cum
3213 5310 3455 5365 diceret:

1898 5398 2135 5462 Domine,
2182 5399 2396 5469 ignosce
2447 5399 2544 5461 eis,
2580 5399 2722 5468 quod
2771 5400 2913 5453 enim
2945 5399 3146 5454 faciunt
3190 5402 3460 5468 nesciunt,

1893 5490 2110 5544 fullonis
2139 5490 2292 5551 fuste,
2329 5506 2435 5560 quo
2464 5490 2780 5545 vestimenta
2829 5492 3134 5561 extorqueri
3173 5492 3368 5557 solent,
3401 5494 3454 5548 iu

1895 5582 2118 5636 cerebro
2163 5596 2449 5649 percussus
2478 5581 2700 5636 interiit.
2733 5581 2918 5636 Tradit
2946 5583 3086 5636 enim
3133 5584 3272 5638 idem
3302 5583 3457 5639 Jose-

1895 5675 2032 5742 phus
2064 5680 2222 5726 tantte
2256 5673 2558 5728 sanctitatis
2589 5673 2751 5728 fuisse
2781 5680 2829 5728 et
2864 5673 3136 5740 qualitatis
3164 5675 3214 5728 in
3242 5674 3456 5745 populo,
