3958 6172
255 327 398 381 “37

243 530 452 586 utentia
485 529 681 584 divina:
724 527 1076 596 providentiae
1108 528 1548 598 probatissimum
1593 531 1836 587 onmium

244 632 301 675 ct
349 621 723 692 apostolorum
773 620 1094 683 maximum,
1155 620 1276 675 ﬁdei
1328 622 1731 689 magniﬁcentia
1785 631 1840 676 et

243 713 468 766 virtutis
528 712 746 774 merito,
778 712 1074 778 primormn
1138 713 1438 781 principem
1495 713 1717 767 Petrum
1773 715 1838 768 ad

244 804 438 858 urbem
467 801 712 864 Romam,
742 801 885 856 velut
908 802 1194 858 adversum
1214 804 1434 857 humani
1454 805 1668 873 generis
1692 820 1837 858 coni-

245 907 469 946 munem
526 891 821 959 perniciem
879 902 1325 962 repugnaturum,
1377 895 1595 948 deducit
1648 895 1836 948 ducem

241 982 540 1051 quemdam
565 988 620 1033 et
645 980 958 1049 magistrum
991 982 1194 1038 militiae
1223 998 1354 1048 sum,
1375 983 1638 1042 scientem
1655 983 1837 1036 divina

242 1073 432 1142 praelia
477 1087 666 1141 gerere
705 1080 761 1126 et
805 1072 1066 1128 virtutum
1100 1084 1282 1128 castra
1317 1076 1561 1130 ductare.
1610 1075 1715 1130 Iste
1744 1075 1840 1132 ad-

243 1163 472 1217 veniens
498 1178 566 1216 ex
592 1160 827 1218 Orientis
856 1163 1120 1231 partibus,
1154 1173 1213 1217 ut
1239 1165 1478 1223 ccelestis
1505 1165 1723 1233 quidam
1745 1181 1838 1219 ne—

245 1256 504 1324 gotiator,
536 1254 944 1309 mercimonium
989 1256 1156 1313 divini
1206 1257 1442 1320 luminis,
1496 1258 1541 1312 si
1596 1258 1717 1325 quis
1769 1258 1838 1311 sit

245 1360 566 1412 comparare
597 1354 837 1413 paratus,
882 1345 1126 1408 adduxit,
1170 1356 1226 1400 et
1273 1347 1603 1402 salutaribus
1644 1349 1838 1417 prtedi-

245 1434 481 1488 catiouis
506 1433 688 1489 verbis
719 1435 925 1502 prinms
961 1435 1014 1488 in
1041 1436 1172 1488 urbe
1217 1435 1386 1494 Roma
1415 1436 1690 1505 Evangelii
1721 1435 1834 1492 cla-

244 1526 406 1578 vibus
429 1525 650 1593 jauuam
678 1523 912 1578 cmlestis
943 1525 1091 1593 regni
1123 1525 1351 1592 aperuit.
1383 1525 1550 1593 Igitur
1575 1540 1695 1578 cum
1720 1525 1835 1583 Ro-

247 1632 428 1669 mana:
467 1614 590 1668 urbi
618 1615 825 1668 clarum
855 1615 1078 1668 verbum
1123 1615 1217 1669 Dei
1249 1615 1426 1674 lumen
1454 1615 1644 1669 fuisset
1673 1632 1833 1670 exor-

249 1717 385 1768 tum,
419 1705 658 1759 Simonis
707 1705 924 1773 quidem
976 1707 1210 1759 tenebra:
1278 1723 1399 1759 eum
1463 1723 1560 1766 suo
1615 1716 1835 1763 auctore

249 1798 524 1851 restincta:
562 1806 708 1851 sunt.
749 1796 940 1850 Sermo
972 1806 1151 1856 autem
1197 1798 1441 1855 veritatis
1470 1807 1520 1852 ct
1551 1798 1705 1864 lucis,
1747 1799 1835 1868 qui
1875 1796 1889 1842 ἓ

246 1904 348 1957 per
375 1888 596 1942 Petrum
625 1888 1044 1957 praedicabatur,
1071 1888 1446 1944 universorum
1485 1901 1692 1944 mentes
1726 1889 1842 1958 pla—

245 1985 371 2038 eido
405 1982 697 2038 illustravit
726 1983 933 2046 auditu,
977 1984 1052 2037 ita
1103 1990 1160 2040 ut
1208 1982 1447 2050 quotidie
1497 1983 1842 2036 audientibus

243 2088 375 2128 eum
405 2072 546 2126 nulla
583 2088 818 2142 unquam
845 2073 1067 2127 satietas
1097 2073 1270 2130 ﬁeret.
1315 2073 1466 2129 [huic
1494 2089 1668 2142 neque
1693 2074 1842 2126 andi-

247 2165 328 2218 tio
377 2164 458 2218 eis
501 2163 617 2218 sola
663 2164 894 2228 suffecit,
942 2164 1037 2218 sed
1083 2165 1319 2220 Marcum
1367 2165 1685 2235 discipulum
1727 2166 1845 2234 ejus

245 2257 504 2312 omnibus
539 2257 792 2325 precibus
848 2265 1097 2319 exorant,
1146 2257 1220 2311 uti
1263 2271 1328 2311 ea
1376 2273 1496 2326 quae
1545 2257 1634 2312 ille
1677 2258 1843 2312 verbo

247 2349 607 2420 praedicabat,
667 2349 734 2404 ad
777 2357 1090 2417 perpetuam
1134 2363 1320 2402 eorum
1365 2347 1842 2402 commonitionem

249 2441 555 2496 habendam
592 2441 872 2508 scripturae
910 2439 1167 2504 traderet,
1194 2455 1300 2508 qua
1327 2439 1473 2494 domi
1513 2438 1753 2506 forisque
1786 2439 1840 2492 in

251 2530 628 2600 hujuscemodi
653 2530 803 2584 verbi
845 2529 1282 2583 meditationibus
1303 2536 1702 2598 permanerent.
1736 2527 1844 2580 Nec

251 2625 405 2693 prius
429 2624 496 2677 ab
522 2622 857 2678 obsecrando
891 2621 1180 2686 desistunt,
1210 2637 1371 2690 quam
1405 2636 1526 2691 quae
1547 2628 1839 2675 oraverant

254 2713 631 2782 impetrarent.
671 2712 739 2766 Et
782 2712 894 2765 Iuec
938 2710 1037 2765 fuit
1063 2725 1227 2765 causa
1275 2711 1544 2765 scribendi
1576 2711 1719 2778 quod
1763 2725 1846 2764 se—

253 2803 492 2857 cundum
536 2802 776 2858 Marcum
828 2802 1026 2856 dicitur
1069 2801 1442 2870 Evangelium.
1489 2801 1685 2855 Petrus
1717 2815 1846 2854 vero

253 2902 316 2948 ut
348 2909 448 2962 per
520 2892 781 2963 Spiritum
842 2903 1089 2947 sanctum
1146 2893 1398 2962 religioso
1450 2908 1509 2946 se
1561 2892 1845 2961 spoliatum

253 2984 523 3053 comperit
554 2984 720 3047 furto,
745 2984 1039 3038 delectatus
1063 2990 1166 3045 est,
1196 2982 1355 3036 ﬁdem
1386 2997 1573 3036 eorum
1601 2997 1696 3050 per
1731 2981 1844 3034 hcce

255 3075 704 3143 devotionemque
734 3075 1105 3138 considerans,
1145 3072 1454 3142 facturaque
1483 3072 1838 3134 conﬁrmavit,

254 3173 311 3220 et
353 3165 405 3218 in
435 3174 749 3233 perpetuum
787 3163 1064 3232 legendam
1097 3163 1421 3231 scripturam
1448 3161 1706 3215 Ecclesiis
1737 3170 1844 3215 tra-

255 3255 412 3311 didit.
471 3255 565 3309 llic
612 3263 894 3325 postquam
944 3255 1336 3309 Antiochenam
1386 3251 1632 3307 fundavit
1662 3251 1846 3307 Eccle-

256 3347 396 3400 siam
428 3347 526 3398 sub
552 3345 772 3399 Claudio
799 3343 915 3398 Caes
935 3360 1032 3407 iI'C,
1065 3351 1260 3397 contra
1291 3342 1544 3398 eumdem
1571 3342 1844 3398 Simonem

258 3451 474 3504 magum
507 3434 731 3488 Romam
779 3435 976 3503 pergit,
1029 3433 1208 3503 ibique
1267 3432 1570 3502 praedicans
1607 3432 1847 3501 Evange-

259 3528 394 3581 lium
433 3527 503 3580 25
557 3528 712 3581 annis
760 3525 1002 3594 ejusdem
1054 3526 1201 3580 urbis
1243 3526 1611 3594 pontificatum
1654 3527 1842 3580 tenuit.

259 3619 418 3672 Anno
451 3619 723 3678 tricesimo
755 3628 906 3673 sexto
938 3629 1059 3687 post
1088 3617 1397 3687 passionem
1432 3616 1643 3672 Domini
1682 3631 1711 3668 a
1740 3615 1844 3670 Ne-

261 3725 393 3763 rone
424 3708 637 3763 Gesare
674 3710 724 3762 in
754 3710 884 3762 urbe
910 3707 1080 3762 Roma
1110 3708 1381 3771 deorsum,
1431 3714 1491 3758 ut
1517 3706 1628 3774 ipse
1656 3706 1844 3770 voluit,

260 3800 442 3866 capite
489 3799 778 3852 crucifixus
816 3807 916 3852 est.
965 3797 1194 3866 Scripsit
1232 3797 1366 3851 duas
1399 3796 1661 3866 Epistolas
1687 3837 1700 3859 ,
1731 3812 1848 3864 quae

262 3887 545 3944 catholicae
573 3888 948 3952 i‘iominantur;
982 3889 1072 3942 scd
1117 3897 1171 3942 et
1215 3887 1562 3957 Evangelium
1603 3887 1684 3956 (ut
1712 3888 1849 3942 dixi—

263 3981 407 4047 mus)
457 3979 753 4033 secundum
801 3978 1059 4040 Marcum,
1094 3978 1184 4046 qui
1236 3977 1452 4031 auditor
1493 3976 1608 4044 ejus
1649 3977 1748 4038 fuit
1797 3987 1849 4032 et

264 4070 553 4138 interpres.
595 4069 741 4123 Libri
777 4077 960 4123 autem
990 4084 1020 4121 e
1064 4069 1261 4136 quibus
1292 4085 1431 4126 unus
1474 4069 1704 4123 Actuum
1734 4068 1849 4135 ejus

265 4162 604 4227 inscribitur,
657 4161 792 4216 alius
836 4161 1137 4230 Evangelii,
1189 4162 1380 4215 tertius
1431 4161 1846 4230 praedicationis,

262 4260 494 4322 quartus
516 4250 930 4321 Apocalypseos,
962 4252 1182 4320 quintus
1205 4249 1419 4316 judicii,
1448 4251 1590 4304 inter
1616 4267 1846 4319 apocry-

263 4342 402 4411 phas
430 4341 726 4410 scripturas
755 4352 1088 4410 repntantur.
1121 4343 1287 4410 Igitur
1316 4351 1433 4411 post
1471 4342 1699 4412 insignia
1734 4343 1850 4412 ejus

268 4432 595 4485 mirabiliter
647 4441 795 4502 gesta
825 4433 1112 4486 virtutibus
1163 4443 1323 4500 atque
1379 4433 1676 4499 doctrinis,
1727 4443 1848 4502 post

266 4523 437 4578 etiam
467 4521 789 4592 triumphos,
823 4524 1016 4592 quibus
1059 4522 1336 4576 Simonem
1368 4523 1563 4592 saepius
1595 4539 1848 4592 congres-

269 4629 414 4679 sum,
443 4613 681 4667 rediviva
715 4613 1045 4677 molientem,
1077 4612 1290 4666 diabolo
1327 4612 1634 4682 instigante,
1674 4622 1850 4667 certa-

271 4705 440 4766 mina,
475 4703 767 4772 prostravit
805 4711 966 4772 atque
996 4701 1141 4766 vicit,
1175 4711 1300 4756 tunc
1327 4718 1456 4756 vero
1481 4703 1722 4755 omnium
1756 4703 1851 4756 ho-

273 4796 482 4851 minum
514 4793 980 4858 sceleratissimus,
1011 4801 1068 4847 ut
1099 4801 1342 4862 apertum
1379 4808 1439 4847 se
1485 4794 1692 4847 hostem
1723 4793 1851 4846 divi-

274 4883 464 4937 nitatis
500 4881 813 4936 ostenderet
842 4888 897 4934 et
927 4880 1159 4949 pictatis,
1200 4880 1435 4948 ipsorum
1460 4880 1610 4948 prius
1635 4887 1851 4947 aposto-

275 4978 476 5039 lorum,
500 4975 697 5044 quippe
723 4972 814 5042 qui
841 4973 1004 5026 duces
1041 4978 1094 5024 ct
1123 4970 1364 5039 signiferi
1393 4977 1549 5024 erant
1575 4970 1627 5022 in
1660 4969 1853 5040 populo

277 5067 393 5131 Dei,
426 5067 631 5136 expetit
653 5079 846 5128 neces;
877 5071 932 5116 et
954 5061 1175 5114 Paulum
1205 5061 1420 5129 quidem
1443 5061 1619 5128 capite
1648 5060 1700 5115 in
1733 5060 1848 5129 ipsa

275 5157 410 5212 urbe
437 5171 610 5219 roma,
641 5154 858 5210 Petrum
889 5167 1018 5206 vero
1043 5150 1218 5206 erucis
1243 5150 1481 5220 patibulo
1508 5151 1848 5206 condemnat.

273 5250 530 5303 Attamen
557 5247 752 5301 divina:
777 5245 993 5301 ultionis
1030 5245 1350 5299 sententiam
1387 5244 1439 5297 in
1487 5260 1544 5299 se
1586 5261 1707 5300 mox
1752 5263 1849 5300 ex-

275 5347 463 5408 pertus
483 5347 586 5392 est.
619 5338 861 5408 Cumque
890 5343 943 5391 et
964 5335 1066 5390 alia
1093 5335 1424 5391 incredibilia
1450 5336 1848 5404 perturbandm,

277 5429 385 5482 imo
445 5428 767 5482 subruendae
805 5425 1111 5494 reipublicae
1151 5425 1288 5478 mala
1340 5423 1640 5486 moliretur,
1681 5425 1852 5495 hostis

275 5538 304 5572 a
331 5527 522 5574 senatu
558 5519 967 5588 pronuntiatur;
1005 5524 1057 5568 et
1089 5514 1592 5585 ignominiosissime
1623 5514 1847 5585 fugiens,

277 5616 343 5668 ad
389 5621 645 5683 quartum
693 5612 761 5664 ab
805 5611 936 5664 urbe
987 5608 1216 5678 lapidem
1260 5621 1379 5661 sesc
1415 5607 1527 5676 ipse
1559 5607 1848 5672 interfecit,

271 5715 437 5772 atque
476 5704 530 5757 in
559 5718 622 5756 co
654 5700 828 5755 onmis
856 5698 1121 5752 Caesarum
1154 5696 1352 5750 familia
1393 5704 1710 5764 consumpta
1746 5704 1847 5751 est.

1368 301 1782 380 cuuomCox.
1827 353 1891 364 —
1930 322 2093 380 TOMI
2133 323 2177 380 u
2215 326 2342 380 LIB.
2383 326 2424 380 ι.

246 442 524 496 Continuo
553 453 787 503 namque
829 439 879 490 in
918 438 1048 506 ipsis
1084 438 1293 492 Claudii
1345 440 1700 508 temporibus,
1733 439 1842 494 ele-
1873 443 1913 500 Α

1874 1785 1912 1840 Β

1870 3129 1912 3190 C

3399 337 3533 394 I153

2532 437 2758 496 CAPUT
2800 440 2938 498 XXI.

1941 547 2018 602 De
2047 549 2285 618 tyrannis
2311 556 2426 617 post
2469 549 2828 617 turpissimam
2858 560 3076 606 mortem
3122 552 3352 611 Neronis
3374 575 3525 614 caror-

2010 620 2096 682 tis,
2127 629 2176 672 et
2203 620 2305 672 cito
2347 619 2638 685 exstinctis,
2672 636 2835 688 usque
2875 622 2945 674 ad
2985 621 3287 694 Vespasiani
3331 631 3531 698 princi-

2007 701 2208 758 patum.

2009 801 2172 871 Igitur
2208 799 2397 864 Galba,
2430 801 2520 870 qui
2552 802 2690 870 apud
2736 802 3023 873 Hispanias
3055 808 3122 860 ab
3153 812 3392 867 exercitu
3423 813 3524 870 im-

1939 899 2154 958 perator
2178 900 2394 944 creatus
2433 891 2625 953 fuerat,
2666 892 2849 945 audita
2885 905 3058 950 morte
3089 896 3345 966 Neronis,
3379 906 3528 960 venit

1940 979 2191 1045 Romam,
2226 993 2494 1048 usurpans
2525 980 2624 1033 sibi
2669 981 2977 1050 imperium.
3007 983 3246 1056 Cumque
3277 994 3526 1054 avaritia.

1939 1069 2164 1133 saevitia,
2204 1069 2543 1140 scgnitiaque
2575 1068 2874 1126 offenderet
2908 1089 3116 1139 omnes,
3146 1077 3396 1136 Pisonem
3425 1083 3527 1138 sibi

1941 1161 2172 1220 nobilem
2198 1161 2628 1231 industriumque
2651 1164 3045 1220 adolescentem
3080 1169 3132 1221 in
3163 1170 3331 1226 ﬁlium
3359 1184 3526 1243 atque

1941 1269 2164 1323 regnum
2198 1253 2491 1322 adoptavit.
2520 1253 2618 1307 llic
2654 1264 2780 1310 ante
2801 1266 3070 1326 sumptam
3104 1260 3530 1337 dominationem

1940 1343 2137 1401 multas
2185 1344 2490 1412 provincias
2540 1346 2756 1415 egregie
2806 1346 3242 1418 administravit,
3296 1353 3527 1416 militem

1940 1434 2280 1488 severissime
2314 1443 2570 1500 tractans,
2603 1437 2676 1488 ita
2723 1444 2780 1490 ut
2811 1437 3054 1508 ingresso
3083 1456 3149 1495 eo
3185 1451 3384 1507 castra,
3412 1445 3530 1499 vul-

1938 1532 2159 1594 garetur
2185 1526 2370 1578 statim
2400 1543 2410 1576 :
2459 1524 2615 1579 Disce
2645 1527 2899 1591 militare,
2929 1529 3105 1594 miles,
3139 1530 3306 1585 Galba
3356 1534 3527 1592 adest.

1939 1617 2075 1670 Nam
2108 1631 2322 1671 nienses
2351 1625 2554 1688 septem
2591 1618 2921 1688 totidemque
2946 1619 3060 1673 dies
3092 1623 3405 1692 imperavit,
3439 1626 3532 1694 qui

1942 1706 2173 1762 factione
2202 1708 2430 1762 Othonis
2457 1709 2668 1762 occisus
2691 1717 2794 1762 est.
2823 1709 2993 1780 Igitur
3020 1711 3159 1766 Otho
3187 1728 3332 1777 cum,
3357 1714 3532 1769 Galba

1942 1807 1995 1852 ct
2018 1798 2213 1852 Pisone
2254 1798 2437 1852 Romae
2468 1798 2828 1868 interemptis,
2877 1801 3015 1855 intra
3047 1804 3306 1858 tumultus
3332 1807 3533 1860 cedes-

1942 1906 2046 1964 que
2077 1891 2360 1944 invasisset
2391 1890 2699 1960 imperium,
2723 1907 2784 1944 ac
2819 1909 2936 1947 mox
2967 1903 3205 1950 creatum
3239 1896 3534 1968 imperato-

1946 1995 2056 2034 rem
2089 1981 2141 2034 in
2183 1980 2352 2033 Gallia
2407 1997 2505 2049 per
2564 1982 2918 2037 Germanicas
2969 1985 3205 2055 legiones
3258 1987 3532 2042 Vitellium

1942 2071 2314 2140 comperisset,
2345 2071 2542 2125 bellum
2580 2073 2737 2127 civile
2785 2075 3030 2140 molitus,
3079 2079 3252 2132 tribus
3295 2080 3529 2148 primum

1942 2159 2150 2215 levibus
2195 2162 2402 2231 prteliis
2435 2172 2624 2216 contra
2661 2165 2972 2223 Vitellianos
3013 2168 3176 2223 duces
3207 2186 3533 2239 congressus

1942 2252 2113 2305 victor
2161 2253 2482 2317 exstitisset,
2533 2263 2726 2324 quarto
2782 2258 2925 2326 apud
2975 2259 3293 2316 Iledriacum
3348 2263 3532 2330 prndio

1943 2356 2064 2395 cum
2095 2344 2568 2398 animadvertisset
2595 2361 2720 2402 suos
2764 2349 2926 2413 vinci,
2957 2365 3140 2405 mense
3169 2353 3330 2407 tertio
3363 2371 3530 2424 quam

1945 2434 2210 2502 imperare
2256 2444 2516 2504 cmperat,
2568 2451 2686 2492 sese
2737 2439 3024 2494 interfecit.
3067 2442 3312 2498 Vitellius
3357 2446 3532 2498 victor

1944 2524 2172 2578 Romam
2198 2526 2364 2587 venit,
2396 2528 2486 2580 ubi
2519 2544 2640 2582 cum
2670 2529 2835 2584 multa
2868 2530 3158 2586 crudeliter
3186 2549 3250 2588 ac
3277 2536 3529 2604 nequiter

1944 2622 2149 2684 ageret,
2179 2615 2480 2670 incredibili
2521 2617 2683 2671 etiam
2711 2619 3024 2673 voracitatis
3056 2620 3296 2690 appetitu
3339 2622 3533 2679 huma-

1945 2722 2071 2760 nam
2096 2706 2266 2762 vitam
2294 2708 2508 2777 probris
2539 2717 2877 2779 aggravaret,
2906 2720 3191 2780 postquam
3234 2713 3300 2767 de
3329 2711 3534 2782 Vespa-

1945 2796 2097 2850 siano
2119 2798 2404 2866 comperit,
2437 2799 2670 2867 primum
2693 2800 2961 2868 deponere
2982 2802 3199 2856 molitus
3221 2803 3530 2872 imperium,

1948 2894 2086 2954 post,
2119 2902 2150 2940 a
2199 2887 2517 2955 quibusdam
2562 2889 2854 2953 animatus,
2906 2887 3165 2945 Sabinum
3215 2892 3530 2962 Vespasiani

1949 2976 2194 3039 fratrem,
2241 2977 2374 3032 nihil
2413 2984 2525 3034 tum
2564 2979 2688 3032 mali
2735 2979 3122 3050 suspicantem,
3159 2998 3284 3036 cum
3315 2983 3528 3038 caeteris

1946 3066 2218 3122 Flavianis
2249 3066 2302 3119 in
2335 3066 2656 3137 Capitolium
2679 3070 2970 3138 compulit;
3002 3086 3370 3141 succensoque
3397 3081 3502 3128 tan

1946 3158 2050 3227 plo,
2099 3166 2155 3212 et
2203 3158 2362 3212 mista
2413 3159 2572 3212 simul
2627 3159 2840 3216 tlantma
2896 3163 3180 3232 ruinaque,
3235 3179 3425 3220 omnes
3476 3166 3532 3219 in

1948 3263 2110 3300 unum
2143 3247 2346 3315 pariter
2369 3247 2647 3302 interitum
2686 3264 2748 3302 ae
2795 3250 3060 3304 tumulum
3091 3253 3255 3306 dedit.
3287 3252 3412 3307 Post
3441 3253 3532 3306 de«

1950 3339 2165 3394 ﬁciente
2197 3339 2248 3392 in
2269 3339 2580 3408 Vespasiani
2606 3356 2798 3396 nomen
2829 3343 3071 3397 exercitu
3094 3359 3192 3398 suo
3218 3344 3528 3408 destitutus.

1946 3427 2627 3500 appropinquantibusjam
2651 3430 2916 3495 hostibus,
2947 3433 3210 3502 trepidus,
3236 3418 3359 3488 cum
3388 3449 3446 3488 se
3478 3434 3533 3489 in

1946 3521 2232 3588 quamdam
2271 3519 2572 3587 proximam
2606 3521 2806 3590 palatio
2849 3521 3096 3578 cellulam
3144 3523 3529 3587 contraxisset,

1949 3611 2257 3680 turpissime
2287 3610 2413 3663 inde
2457 3619 2763 3679 protractus
2813 3627 2934 3665 cum
2981 3628 3078 3680 per
3122 3613 3261 3666 viam
3306 3613 3529 3668 Sacram

1948 3702 2122 3758 nudus
2148 3700 2458 3764 duceretur,
2491 3700 2693 3769 passim
2724 3701 2908 3756 limum
2926 3701 2979 3754 in
3006 3717 3066 3756 os
3088 3702 3202 3771 ejus
3230 3702 3532 3771 conjectan-

1949 3789 2111 3854 tibus,
2144 3789 2197 3846 in
2227 3787 2403 3842 forum
2426 3789 2706 3852 deductus,
2729 3799 2924 3844 octavo
2950 3806 3112 3860 quam
3136 3806 3358 3859 regnum
3390 3807 3530 3864 pra:-

1949 3889 2253 3949 smnpserat
2287 3895 2471 3934 mense
2515 3879 2656 3948 apud
2685 3879 2976 3934 Gemonias
3020 3881 3193 3936 scalas
3223 3881 3528 3936 minutissi-

1952 3987 2160 4023 morum
2195 3971 2394 4023 ictuum
2445 3969 2654 4023 crebris
2697 3970 3204 4038 compunctiouibus
3241 3971 3528 4025 excarnifi-

1950 4069 2124 4124 catus,
2158 4068 2316 4129 atque
2353 4059 2474 4112 inde
2514 4074 2653 4112 unco
2683 4067 2886 4114 tractus
2928 4059 2980 4114 in
3016 4060 3266 4130 Tyberim
3297 4075 3526 4123 mersus,

1950 4151 2110 4203 etiam
2135 4150 2404 4203 communi
2433 4148 2604 4203 caruit
2627 4149 2922 4218 sepultura.
2945 4149 3122 4205 Multis
3152 4159 3330 4204 autem
3358 4160 3414 4205 et
3437 4167 3532 4206 ne—

1953 4241 2100 4294 fariis
2138 4241 2310 4296 modis
2340 4256 2436 4310 per
2463 4240 2766 4308 complures
2795 4239 2912 4294 dies
2937 4255 2966 4294 a
3004 4240 3316 4309 VCSpasiani
3347 4241 3531 4294 militi-

1952 4332 2048 4387 bus
2071 4333 2356 4388 adversum
2380 4339 2627 4386 senatum
2647 4329 3006 4400 populumque
3033 4329 3333 4388 Romanum
3365 4330 3530 4385 indis-

1953 4432 2100 4478 creta
2155 4423 2300 4477 etede
2338 4423 2581 4476 smvitum
2630 4429 2732 4475 est.
2765 4419 2950 4489 Itaque
2991 4419 3140 4474 brevi
3171 4420 3258 4472 illa
3289 4421 3527 4490 quidem,

1956 4512 2049 4566 sed
2080 4512 2288 4565 turbida
2316 4519 2669 4582 tyrannorum
2699 4518 3016 4581 tempestate
3058 4509 3326 4572 discussa,
3377 4518 3529 4563 tran-

1956 4604 2119 4674 quilla
2149 4603 2248 4657 sub
2275 4588 2607 4672 Vespasiano
2637 4603 2770 4656 duce
2802 4601 3069 4656 serenitas
3093 4600 3266 4656 rediit.
3302 4599 3401 4666 Qui
3434 4615 3530 4669 prr

1957 4695 2096 4748 idem
2143 4703 2351 4762 tempus
2382 4694 2434 4746 in
2464 4693 2745 4762 procinctu
2778 4693 2920 4758 belli,
2951 4692 3090 4760 quod
3122 4690 3322 4745 Judteis
3355 4691 3530 4745 inten-

1956 4786 2130 4851 derat,
2162 4801 2268 4854 quo
2311 4802 2339 4838 a
2383 4777 2594 4838 Nerone
2625 4785 2821 4840 missus
2849 4784 3179 4854 imperatore
3226 4782 3420 4848 fuerat,
3464 4785 3532 4836 ab

1956 4875 2071 4945 ipso
2096 4875 2356 4938 exercitu,
2391 4891 2522 4928 cum
2552 4889 2658 4942 quo
2699 4873 3037 4943 oppugnabat
3074 4871 3311 4925 Judream
3343 4873 3531 4925 subro-

1954 4977 2110 5035 gatur
2138 4967 2190 5020 in
2233 4967 2476 5036 imperio.
2509 4965 2663 5033 Isque
2693 4962 2974 5017 confestim
3018 4961 3245 5015 Romam
3283 4960 3528 5020 tendens,

1955 5057 2075 5112 Tito
2107 5057 2217 5121 ﬁlio
2246 5072 2342 5109 suo
2369 5069 2555 5109 curam
2587 5052 2710 5107 belli
2741 5061 2795 5106 et
2821 5051 3313 5123 Hierosolymorum
3353 5060 3526 5116 oppu-

1957 5149 2239 5220 gnationes
2271 5145 2519 5216 injungit.

2519 5256 2746 5312 CAPUT
2799 5255 2958 5310 XXII.

1956 5353 2033 5407 De
2053 5350 2305 5406 inauditis
2328 5347 2468 5416 apud
2495 5347 2634 5402 alias
2657 5357 2832 5417 gentes
2858 5345 3110 5417 mortibus
3136 5361 3197 5417 ac
3221 5343 3528 5413 prardonunt

2062 5414 2482 5489 infestationibus
2514 5417 2566 5469 in
2592 5414 2888 5471 conditione
2918 5414 3420 5483 Hierosolymorum.

2030 5514 2225 5568 Verum
2255 5520 2376 5578 post
2404 5509 2776 5562 ascensionem
2826 5506 3034 5563 Domini
3087 5503 3382 5558 Salvatoris
3429 5516 3526 5553 no-

1957 5605 2075 5669 stri,
2104 5620 2131 5656 a
2172 5599 2389 5664 Juda‘is,
2427 5600 2510 5653 vel
2555 5601 2606 5653 in
2660 5600 2832 5669 ipsum
2879 5597 3151 5651 commissi
3199 5593 3391 5664 piaculi
3446 5592 3530 5645 vel

1959 5691 2342 5764 persecutionis
2371 5692 2422 5744 in
2465 5691 2752 5761 apostolos,
2784 5699 2836 5746 et
2877 5689 3024 5744 necis
3073 5689 3124 5742 in
3169 5687 3524 5755 Stephanum,
