3958 6172
443 302 587 361 “39

1472 299 1861 356 FRECULPHI
1901 296 2352 354 LEXOVIENSIS
2391 299 2690 356 EPISCOPI

3563 302 3696 358 “i0

442 422 539 479 sed
565 429 620 475 et
659 418 1089 475 obtruncationis
1124 418 1176 472 in
1207 418 1508 488 apostolum
1547 417 1830 482 Iacobum,
1867 425 1923 470 et
1963 417 2016 471 in
2044 417 2097 476 Α
2123 416 2351 482 nissent,
2384 424 2641 490 tanquam
2683 416 2749 471 de
2787 416 2871 470 his
2905 415 2995 484 qui
3028 415 3348 482 fefellerant,
3380 431 3575 487 poenas
3617 436 3703 478 su-

442 509 704 568 Iacobum
725 509 1075 562 nihilominus
1100 506 1322 562 fratrem
1343 508 1577 572 Domini,
1604 509 1694 577 qui
1723 507 2022 576 appellatur

443 599 648 665 Justus,
673 599 893 654 sceleris
922 600 1162 664 admtssi,
1180 608 1606 668 caeterorumque
1626 601 1866 653 omnium
1885 614 2021 668 quos

443 700 667 762 propter
703 690 862 744 ﬁdem
908 688 1132 753 Christi,
1179 689 1408 754 insidiis,
1461 689 1619 752 dolis,
1660 697 1821 758 atque
1872 689 2018 743 omni

440 783 632 840 fraude
672 782 925 850 nequitia:
960 785 1443 844 circumvenerant,
1483 795 1582 849 pro
1625 780 1730 843 his,
1779 781 2014 850 inquam,

440 874 691 930 omnibus
732 872 906 936 malis,
952 888 1124 943 preme
1164 872 1421 927 divinitus
1463 873 1904 941 rcposcebantur.
1953 873 2021 927 Et

440 963 669 1034 apostoli
697 963 912 1032 quidem
967 963 1035 1016 ab
1079 962 1185 1016 illis
1233 963 1382 1032 prius
1428 962 1617 1034 fugati,
1658 979 1722 1018 ac
1775 977 1872 1033 per
1903 979 2022 1018 om-

438 1072 564 1111 nem
595 1056 770 1111 locum
795 1054 1047 1124 dispersi,
1073 1054 1213 1107 sicut
1242 1069 1404 1122 supra
1431 1053 1682 1117 diximus,
1725 1056 2021 1124 pergebant

438 1148 492 1201 in
526 1149 724 1202 virtute
750 1147 974 1210 Christi,
1007 1146 1098 1216 qui
1129 1145 1208 1200 cis
1248 1153 1599 1214 praeceperat,
1625 1146 1847 1200 dicens:
1874 1146 2022 1200 Eun-

438 1246 522 1293 tes
561 1238 837 1307 baptizate
879 1251 1067 1290 omnes
1095 1235 1148 1288 in
1201 1235 1417 1289 nomine
1445 1249 1582 1290 meo.
1617 1235 1859 1290 Ecclesia
1888 1251 2018 1291 vero

436 1346 558 1400 qua:
600 1331 654 1385 in
686 1329 1072 1400 Hierosolymis
1101 1327 1279 1381 fuerat
1320 1339 1660 1399 congregata,
1695 1342 1952 1398 responso
1985 1344 2016 1382 a

437 1420 549 1474 Deo
575 1428 811 1489 accepto,
842 1420 1109 1486 emigrare
1132 1416 1372 1485 iubetur,
1403 1425 1457 1472 et
1494 1417 1727 1472 transire
1765 1417 1832 1472 ad
1859 1417 2017 1487 oppi-

435 1512 562 1566 dum
592 1511 859 1580 quoddam
885 1509 1085 1564 Pellam
1112 1509 1327 1563 nomine
1360 1517 1509 1562 trans
1542 1505 1834 1564 Iordanem
1866 1527 1877 1561 :
1909 1523 2017 1578 quo

436 1601 633 1656 ablatis
673 1616 739 1654 ex
770 1602 903 1655 urbe
943 1601 1146 1655 sanctis
1170 1608 1225 1654 et
1255 1600 1418 1670 justis
1446 1600 1597 1666 viris,
1631 1602 1882 1656 vindictae
1903 1617 2016 1656 cm-

432 1692 585 1747 lestis
615 1691 768 1746 fieret
799 1692 966 1756 locus,
1003 1700 1110 1745 tam
1141 1691 1206 1745 de
1239 1691 1370 1744 urbe
1406 1691 1688 1761 sacrilega,
1735 1707 1896 1760 quam
1947 1692 2014 1746 de

2124 507 2373 572 mebant;
2418 507 2462 562 si
2484 521 2612 562 vero
2641 521 2747 560 non
2786 507 3135 572 invenissent,
3165 507 3536 574 nihilominus,
3581 517 3703 564 tan-

2123 609 2284 663 quam
2313 610 2407 650 eos
2433 596 2525 665 qui
2563 595 2825 650 occultius
2863 603 2918 650 et
2945 595 3255 666 diligentius
3283 597 3702 664 absconderent,

2123 687 2456 742 crueiabant.
2495 687 2753 743 Indicium
2778 701 2905 744 vero
2935 688 3124 743 haberi
3161 689 3230 743 ab
3256 689 3337 743 eis
3373 690 3574 759 pabula
3612 707 3705 746 ca-

2121 777 2358 845 piebant,
2403 778 2508 834 hoc
2547 779 2663 848 ipso
2704 780 2848 849 quod
2878 780 3055 834 adhuc
3094 779 3275 834 vivere
3311 788 3367 835 et
3404 782 3707 838 subsistere

2122 869 2437 938 corporibus
2482 871 2830 937 videbantur,
2881 879 3138 941 tanquam
3181 872 3273 941 qui
3323 872 3568 942 profecto
3594 873 3704 942 jam

2121 957 2451 1024 interissent,
2491 960 2594 1014 nisi
2624 961 2967 1016 absconditos
2998 962 3204 1031 uspiam
3248 970 3492 1034 tegerent
3531 965 3702 1020 cibos.

2123 1046 2178 1101 Si
2207 1063 2343 1116 quos
2387 1065 2520 1105 sane
2559 1051 2901 1106 tabescentes
2941 1052 3114 1107 macie
3142 1053 3422 1119 vidissent,
3454 1055 3555 1110 hos
3581 1072 3703 1111 cum

2120 1136 2274 1190 venia
2322 1139 2695 1206 praeteribant,
2743 1139 3070 1210 superﬂuum
3132 1150 3382 1212 putantes
3435 1145 3703 1213 perimere

2119 1239 2254 1294 quos
2282 1227 2440 1296 paulo
2463 1237 2586 1298 post
2632 1230 2944 1285 absumeret
2988 1230 3178 1286 fames.
3229 1231 3377 1287 Multi
3409 1243 3595 1290 tamen
3648 1237 3700 1290 in

2119 1316 2346 1372 occultis
2381 1319 2526 1372 omni
2573 1335 2740 1376 censu
2793 1335 2892 1376 suo
2939 1321 3167 1376 mercati
3211 1330 3337 1376 sunt
3383 1339 3552 1377 unum
3596 1341 3707 1380 meo

2119 1417 2284 1476 trum,
2315 1410 2360 1465 si
2386 1411 2601 1477 divites,
2633 1412 2914 1479 frumenti,
2939 1413 3149 1479 hordei,
3174 1414 3222 1470 si
3256 1413 3548 1472 inferiores
3586 1416 3702 1473 fue-

2119 1511 2260 1566 rant,
2286 1510 2362 1568 et,
2409 1504 2794 1561 concludentes
2820 1521 2878 1562 se
2908 1507 2961 1561 in
3004 1507 3350 1563 interioribus
3393 1510 3706 1582 quibusque

2115 1595 2484 1664 penetralibus
2510 1597 2722 1665 domus,
2751 1599 2994 1654 nonnulli
3032 1615 3133 1654 nec
3160 1599 3214 1655 in
3244 1601 3479 1669 panibus
3515 1603 3706 1659 confe-

2117 1698 2233 1742 ctas
2255 1687 2436 1759 fruges
2466 1677 2718 1745 edebant.
2762 1691 2868 1746 Alii
2894 1707 3044 1758 vero,
3081 1691 3134 1746 in
3175 1702 3440 1762 quantum
3485 1695 3572 1751 vel
3621 1713 3706 1752 ne-

430 1781 630 1852 populo
659 1781 842 1852 impio,
891 1790 946 1836 et
988 1797 1085 1852 per
1129 1781 1396 1836 excidium
1446 1782 1638 1851 patriae
1691 1783 2006 1838 eversionis.
2045 1767 2092 1824 Β
2119 1777 2344 1830 ceSSilaS
2391 1777 2474 1832 vel
2521 1785 2698 1833 melus
2748 1779 3118 1848 permitlel‘el.
3169 1781 3599 1851 excoquebant;
3653 1794 3707 1840 et

432 1872 661 1940 Quantis
689 1888 816 1944 ergo
847 1873 1003 1928 malis
1032 1889 1163 1943 gens
1209 1883 1335 1928 tunc
1367 1874 1614 1927 universa
1648 1873 1874 1928 multata
1917 1875 2009 1940 sit,

428 1972 598 2034 utque
628 1965 741 2032 ipsa
769 1963 967 2019 Iudaeae
1009 1974 1152 2018 terra
1183 1964 1340 2030 bello,
1389 1965 1550 2027 fame,
1600 1965 1732 2035 igni,
1777 1966 2011 2022 caedibus

429 2063 645 2110 vastata
676 2056 761 2120 sit,
805 2064 1005 2125 quanta
1046 2055 1364 2125 populorum
1412 2055 1577 2110 millia
1623 2067 1806 2124 patres
1853 2058 2013 2113 simul

428 2159 557 2201 cum
602 2142 922 2216 coniugibus
966 2160 1030 2199 ac
1063 2145 1304 2214 parvulis
1357 2154 1411 2200 et
1454 2145 1638 2201 liberis
1672 2149 1874 2217 absque
1907 2165 2010 2202 nu-

425 2250 600 2302 mero,
648 2237 852 2306 absque
890 2237 1232 2302 discretione,
1266 2238 1517 2292 trucidati
1547 2239 1674 2303 sint,
1704 2255 1822 2309 qua:
1847 2241 2009 2296 etiam

428 2329 767 2385 diversarum
793 2329 1008 2384 urbium
1035 2329 1364 2392 obsidiones,
1390 2330 1485 2384 sed
1521 2339 1574 2385 et
1600 2332 1768 2400 ipsius
1796 2333 2010 2403 magni-

426 2417 543 2474 ﬁcae
566 2429 621 2474 et
643 2421 1016 2475 famosissima:
1051 2420 1284 2475 civitatis
1321 2420 1675 2485 Hierusalem,
1705 2437 1825 2490 qua:
1845 2423 2010 2476 vasti-

426 2517 530 2576 tas,
574 2520 629 2566 et
671 2522 875 2581 quanta
907 2513 1071 2566 fuerit
1098 2514 1432 2567 diversarum
1476 2515 1733 2568 mortium
1779 2522 2006 2585 strages,

425 2600 548 2670 quis
575 2615 739 2670 super
771 2602 886 2655 haec
928 2601 1137 2671 singula
1185 2600 1445 2656 bellorum
1480 2603 1750 2657 exstiterit
1794 2605 2006 2669 modus,

426 2699 482 2746 et
537 2699 595 2746 ut
645 2691 942 2746 secundum
994 2692 1049 2746 id
1098 2691 1242 2760 quod
1299 2691 1574 2762 prophetae
1617 2694 2005 2763 praedixerant,

424 2784 761 2841 abominatio
785 2783 1135 2839 desolationis
1162 2785 1216 2839 in
1245 2784 1364 2853 ipso
1408 2786 1679 2854 quondam
1710 2787 1802 2840 Dei
1830 2785 2006 2840 famo-

423 2875 638 2932 sissimo
659 2874 852 2930 collata
891 2875 962 2929 sit
991 2874 1210 2944 templo,
1242 2884 1410 2945 utque
1441 2874 1508 2929 ad
1536 2875 1782 2930 ultimum
1812 2885 2005 2932 cuncta

426 2964 568 3032 ignis
608 2964 896 3034 populatus
940 2965 1032 3027 sit,
1080 2973 1134 3018 ct
1179 2963 1394 3019 flamma
1443 2967 1857 3036 consumpserit,
1912 2968 2004 3037 qui

421 3055 632 3125 plenius
661 3071 820 3111 nosse
843 3055 969 3119 vult,
996 3055 1264 3112 Historias
1291 3055 1511 3127 Iosephi
1550 3058 1710 3128 legat.
1740 3057 1848 3114 Nos
1873 3076 2003 3115 vero

2114 1883 2358 1924 mensam
2388 1868 2606 1938 quidem
2627 1869 2804 1925 nullus
2825 1872 3111 1941 expetebat
3135 1871 3350 1942 apponi,
3378 1875 3473 1928 sed
3495 1890 3562 1929 ex
3592 1877 3706 1946 ipso

2114 1959 2371 2014 semiusta
2401 1960 2522 2030 igne
2554 1959 2851 2028 rapientes,
2882 1961 3098 2030 propria
3129 1962 3272 2017 velut
3301 1961 3506 2019 furtiva
3538 1967 3704 2021 devo-

2114 2048 2327 2103 rabant.
2361 2048 2492 2102 Erat
2521 2047 2752 2103 infelicis
2788 2049 2960 2118 ipsius
2992 2050 3099 2105 cibi
3143 2053 3517 2122 spectaculum
3548 2056 3705 2112 mise-

2113 2139 2308 2204 rabile,
2357 2155 2480 2193 cum
2531 2138 2819 2194 validiores
2870 2140 3071 2210 quique
3118 2142 3334 2198 inventa
3385 2145 3703 2215 dinpercnt.

2114 2228 2557 2283 imbecillioribus
2579 2243 2708 2283 vero
2751 2227 2886 2282 nihil
2934 2239 3133 2300 praeter
3182 2231 3386 2288 luctum
3423 2247 3702 2304 supererat

2111 2328 2166 2375 et
2192 2320 2481 2390 lacrymas.
2505 2319 2716 2374 Etenim
2742 2319 2867 2375 licet
2895 2322 3138 2377 omnium
3167 2326 3497 2381 acerbitates
3520 2343 3698 2382 rerum

2113 2424 2333 2484 superet
2373 2415 2564 2479 fames,
2599 2414 2733 2468 nihil
2758 2423 2935 2470 tamen
2969 2417 3044 2470 ita
3087 2417 3300 2473 subruit
3341 2429 3397 2474 et
3440 2420 3702 2476 subvertit

2112 2505 2517 2570 verecundiam,
2549 2504 2693 2559 sicut
2730 2503 2921 2560 fames.
2961 2505 3229 2576 Quidquid
3253 2508 3398 2562 enim
3426 2510 3600 2565 salvis
3627 2525 3701 2566 re-

2111 2594 2212 2649 bus
2239 2595 2442 2663 pudore
2463 2595 2682 2664 dignum
2705 2605 2810 2660 est,
2837 2597 2888 2651 in
2921 2597 3025 2652 hac
3048 2599 3372 2654 necessitate
3395 2605 3699 2658 contemni-

2111 2693 2217 2738 tur.
2250 2685 2489 2756 Denique
2517 2694 2574 2740 et
2602 2703 2802 2742 uxores
2828 2689 2894 2743 de
2923 2688 3162 2744 virorum
3208 2692 3482 2759 manibus,
3523 2705 3580 2750 et
3607 2695 3696 2749 ﬁlii

2112 2779 2176 2833 de
2201 2786 2502 2848 parentum,
2529 2789 2602 2844 et,
2629 2781 2772 2849 quod
2801 2791 2885 2837 est
2904 2780 3193 2849 infelicius,
3227 2793 3434 2841 matres
3459 2787 3614 2843 cibos
3637 2788 3700 2843 de

2111 2869 2454 2938 parvulorum
2500 2885 2720 2925 suorum
2768 2874 3018 2928 manibus
3051 2885 3214 2944 atque
3257 2891 3356 2931 ore
3393 2879 3696 2947 rapiebant.

2111 2957 2178 3012 Et
2203 2975 2324 3012 cum
2352 2959 2652 3014 dulcissimi
2680 2960 2836 3016 liberi
2880 2963 2933 3017 in
2967 2963 3217 3019 manibus
3247 2973 3414 3034 atque
3450 2975 3582 3020 ante
3609 2984 3699 3022 ora

2108 3049 2270 3118 positi
2307 3051 2667 3118 tabescerent,
2723 3053 2917 3124 exigua
2969 3056 3093 3110 vice
3147 3058 3388 3112 subsidia
3445 3059 3698 3115 dentibus

421 3161 489 3200 ex
528 3145 614 3199 his
644 3159 709 3199 ea
767 3152 976 3199 tantum
1013 3161 1133 3215 quae
1183 3147 1249 3201 ad
1285 3148 1719 3217 explanationem
1764 3155 1998 3222 suscepti

2107 3139 2239 3208 ipsis
2269 3139 2510 3195 eximere
2540 3156 2699 3196 nemo
2719 3144 2995 3210 parcebat.
3026 3145 3222 3199 Verum
3247 3161 3313 3200 ne
3340 3147 3444 3217 ipsi
3477 3150 3695 3217 quidem

419 3232 600 3302 operis
627 3229 897 3286 sufﬁciunt
921 3247 1296 3288 assumemus:
1330 3235 1384 3288 in
1430 3237 1625 3305 quibus
1655 3237 1823 3294 refert
1862 3243 2005 3310 quod

419 3337 487 3377 ex
517 3321 664 3376 omni
695 3319 878 3376 Iudaea
903 3321 1105 3392 populi,
1138 3323 1193 3376 in
1223 3323 1308 3378 die
1334 3324 1563 3380 solemni
1592 3326 1834 3391 Paschte,
1873 3328 2001 3384 Hie-

418 3409 770 3482 rosolymam,
819 3411 967 3466 velut
1013 3413 1222 3468 exitiali
1274 3417 1506 3485 quadam
1553 3433 1717 3472 manu
1755 3430 2001 3490 cogente,

417 3511 807 3568 convenerant,
849 3517 984 3572 quos
1013 3504 1197 3560 tricies
1242 3516 1470 3562 centena
1515 3507 1681 3562 millia
1724 3509 2000 3565 hominum

416 3593 762 3659 dicitfuisse,
785 3593 934 3663 justo
981 3595 1187 3651 scilicet
1217 3597 1308 3653 Dei
1353 3599 1560 3669 judicio
1608 3609 1855 3672 tempore
1899 3603 2003 3660 hoc

418 3686 636 3742 ultionis
661 3686 854 3753 electo,
888 3697 948 3742 ut
971 3689 1062 3758 qui
1095 3690 1147 3744 in
1180 3691 1368 3746 diebus
1409 3691 1635 3748 Pascha:
1659 3694 1999 3751 Salvatorcm

414 3790 573 3830 suum
603 3783 658 3831 et
687 3777 923 3832 salutare
952 3778 1152 3834 Christi
1201 3781 1434 3846 Domini,
1465 3783 1708 3839 cruentis
1750 3786 2002 3843 manibus

414 3874 470 3920 et
501 3866 776 3938 sacrilegis
802 3868 1025 3924 vocibus
1047 3871 1400 3938 violaverant,
1434 3873 1487 3927 in
1530 3874 1660 3943 ipsis
1690 3875 1877 3930 diebus
1904 3892 1997 3932 ve-

413 3957 495 4012 lut
536 3959 591 4013 in
612 3975 778 4013 unum
807 3975 1081 4016 carcerem
1123 3964 1298 4019 omnis
1329 3964 1614 4020 multitudo
1636 3967 1888 4023 conclusa
1916 3969 1998 4024 fe-

413 4049 543 4103 ralis
591 4063 766 4118 pmnae
825 4050 1052 4105 exitium
1118 4053 1260 4122 quod
1318 4055 1630 4111 merebatur
1696 4059 1992 4130 exciperet.

410 4136 708 4193 Przeteribo
735 4155 853 4208 quae
883 4141 938 4194 in
961 4156 1055 4197 cos
1091 4142 1172 4196 vel
1209 4143 1369 4214 gladii
1401 4145 1566 4207 cmde.
1599 4147 1681 4200 vel
1718 4147 1840 4204 aliis
1867 4149 1994 4205 belli

410 4231 678 4287 machinis
721 4231 914 4287 collata
961 4243 1107 4300 sunt,
1157 4237 1458 4306 explicare;
1515 4255 1579 4294 ea
1622 4244 1996 4299 tantummodo

409 4340 530 4396 qua:
553 4326 683 4382 dira:
712 4326 868 4381 famis
899 4328 1064 4383 exitio
1101 4330 1438 4399 pertulerunt
1482 4334 1780 4402 supradicti
1815 4336 1990 4391 histo-

409 4419 686 4487 riographi
733 4421 1073 4475 sermonibus
1107 4420 1398 4489 proferam,
1451 4440 1559 4493 quo
1607 4426 1845 4495 legentes
1877 4428 1992 4486 btec

319 4505 340 4516 ’
407 4508 712 4577 intelligant
752 4518 1015 4577 quantum
1063 4511 1259 4579 piaculi
1318 4513 1390 4566 sit
1434 4515 1634 4569 audere
1683 4515 1886 4586 aliquid
1934 4518 1988 4572 in

407 4595 705 4664 Christum,
738 4605 793 4652 et
820 4613 983 4667 quam
1027 4601 1280 4670 gravibus
1321 4617 1450 4657 ausa
1483 4604 1760 4673 suppliciis
1809 4607 1990 4676 expie-

411 4700 520 4746 tur.

475 4781 663 4852 Itaque
684 4782 904 4852 quintus
931 4780 1148 4852 Iosephi
1191 4782 1548 4838 Historiarum
1578 4775 1716 4841 liber
1756 4799 1987 4857 ponatur

405 4873 461 4927 in
490 4871 692 4937 medio,
743 4887 811 4926 ex
850 4887 958 4942 quo
1001 4872 1178 4926 omnis
1207 4887 1394 4926 eorum
1426 4872 1670 4929 luctuosa
1721 4879 1984 4948 tragoedia

402 4973 777 5035 peraoscatur.
817 4964 1080 5020 Divitibus
1101 4973 1281 5020 autem
1307 4980 1645 5034 permanere,
1669 4967 1863 5038 inquit,
1892 4980 1985 5026 aut

401 5055 601 5125 perire,
638 5071 805 5109 unum
837 5064 997 5124 atque
1024 5056 1165 5110 idem
1187 5064 1324 5110 erat.
1361 5055 1417 5110 Si
1447 5057 1590 5111 enim
1621 5058 1673 5111 in
1704 5059 1837 5114 urbe
1864 5075 1984 5129 per-

403 5146 752 5212 mansissent,
783 5144 1099 5200 facultatum
1139 5161 1359 5201 suarum
1383 5161 1546 5202 causa
1575 5149 1800 5204 crimine
1828 5151 1979 5221 obje-

407 5245 515 5300 cto,
541 5237 694 5306 quasi
721 5237 814 5307 qui
840 5237 907 5292 de
931 5235 1334 5306 transfugiendo
1373 5240 1697 5310 cogitarent,
1742 5243 1979 5312 perime-

400 5325 616 5380 bantur.
655 5325 962 5382 Necessitas
1003 5342 1134 5381 vero
1179 5327 1337 5384 famis
1373 5329 1625 5386 factiosos
1671 5345 1831 5401 opum
1879 5347 1979 5388 ex-

400 5416 625 5472 tollebat
647 5433 743 5488 per
786 5419 1174 5489 arrogantiam,
1206 5427 1261 5473 et
1295 5420 1551 5491 utrinque
1594 5421 1752 5476 simul
1801 5421 1979 5476 inedia

401 5521 523 5562 cum
551 5510 857 5564 temeritate
885 5509 1183 5564 crescebat.
1217 5508 1433 5566 Publice
1481 5512 1698 5580 quidem
1743 5501 1981 5567 frumen-

401 5608 517 5653 tum
573 5617 836 5670 nusquam
889 5602 1112 5657 omnino
1161 5612 1308 5666 erat;
1366 5602 1460 5656 sed
1513 5603 1782 5659 irruentes
1830 5604 1979 5659 urbis

395 5691 680 5762 prtedoncs
715 5693 1194 5760 perscrutabantur
1220 5692 1427 5759 domos,
1459 5704 1512 5748 et
1542 5695 1679 5763 siqui
1705 5695 1804 5748 7cm
1831 5695 1978 5751 inve-

2106 3226 2346 3282 infelices
2375 3236 2428 3282 et
2456 3231 2775 3301 perexiguos
2807 3243 3081 3289 sumentes
3111 3234 3350 3291 latebant
3383 3238 3566 3303 cibos,
3605 3240 3692 3293 sed

2105 3317 2361 3375 continuo
2381 3320 2709 3390 aderatquis
2731 3325 3068 3392 praedonum,
3098 3336 3152 3381 ct
3177 3328 3358 3382 statim
3388 3337 3448 3382 ut
3478 3330 3688 3385 clausas

2103 3407 2403 3480 cujuspiam
2464 3413 2837 3481 conspexisset
2901 3412 3064 3480 fores,
3123 3417 3380 3472 indicium
3442 3421 3693 3475 credebat

2104 3501 2209 3556 hoc
2227 3516 2347 3556 esse
2373 3503 2514 3572 quod
2544 3503 2871 3561 intrinsecus
2892 3507 3052 3576 positi
3079 3508 3334 3576 ederent;
3365 3519 3421 3564 et
3448 3522 3684 3582 repente,

2103 3591 2396 3662 despicatis
2435 3591 2661 3656 foribus,
2712 3596 3017 3672 prmeipites
3062 3599 3358 3664 irruebant,
3408 3611 3580 3672 atque
3624 3604 3682 3657 ab

2103 3682 2232 3752 ipsis
2249 3683 2330 3754 (ut
2351 3684 2424 3738 ita
2437 3684 2634 3754 dicam)
2659 3668 2902 3741 faucibus
2918 3689 3300 3757 exprimentes,
3323 3691 3371 3746 si
3396 3668 3534 3762 quid
3554 3691 3687 3748 forte

2099 3783 2371 3844 sumptum
2418 3774 2532 3843 jam
2581 3776 2778 3840 fuerat,
2831 3779 3174 3834 revocabant.
3233 3781 3675 3840 Verberabantur

2100 3879 2276 3930 senes,
2320 3867 2365 3920 si
2405 3866 2555 3922 cibos
2581 3867 2858 3924 vindicare
2904 3879 3237 3936 tentassent;
3285 3876 3494 3943 sparsis
3523 3878 3679 3932 etiam

2100 3955 2340 4010 crinibus
2383 3957 2639 4013 mulieres
2663 3961 3038 4028 trahebantur,
3067 3962 3342 4018 occultare
3369 3965 3608 4022 nitentes
3641 3967 3687 4021 si

2099 4048 2227 4119 quid
2271 4047 2412 4104 forte
2461 4050 2857 4120 deprehensum
2904 4052 3093 4109 fuisset
3132 4055 3186 4108 in
3217 4056 3488 4112 manibus.
3537 4057 3689 4112 Nulla

2099 4141 2317 4197 senibus
2357 4158 2456 4212 pro
2498 4145 2696 4200 canitie
2726 4147 3056 4212 reverentia,
3089 4148 3232 4202 nulla
3271 4164 3401 4219 erga
3432 4151 3689 4220 parvulos

2098 4232 2396 4299 miseratio,
2447 4234 2541 4289 sed
2584 4235 2636 4288 in
2664 4236 2858 4307 exiguo
2887 4239 3043 4306 panis
3092 4237 3399 4309 fragmento
3430 4241 3691 4309 parvulos

2099 4325 2442 4392 inhaerentes,
2477 4341 2544 4380 ex
2591 4327 2707 4396 ipso
2753 4328 2838 4382 cui
2885 4329 3226 4394 inhazserant,
3259 4346 3552 4400 suspensos
3582 4334 3689 4395 eli-

2096 4413 2296 4468 dcbant
2323 4415 2376 4469 in
2408 4424 2627 4470 terram.
2673 4417 2730 4471 ln
2763 4433 2886 4473 eum
2934 4434 3062 4474 vero
3115 4421 3208 4489 qui
3255 4429 3507 4490 raptores
3557 4423 3686 4478 cibo

2094 4506 2444 4574 praevenisset
2472 4506 2756 4577 absumpto
2781 4509 3053 4565 crudelius
3091 4512 3406 4578 sazviebant,
3434 4523 3492 4568 et
3521 4529 3690 4571 exco-

2091 4597 2335 4665 gitabant
2365 4599 2481 4653 dira
2520 4599 2798 4669 supplicia,
2830 4603 3146 4658 obturantes
3176 4603 3490 4660 infelicibus
3517 4618 3684 4662 natu-

2091 4686 2233 4741 rales
2265 4687 2618 4756 digestionum
2644 4698 2873 4756 meatus,
2901 4691 3022 4747 aliis
3048 4703 3348 4762 prteacutas
3376 4695 3541 4751 sudes
3582 4713 3693 4768 per

2089 4779 2276 4834 eadem
2301 4781 2533 4834 verenda
2565 4781 2862 4851 adigentes.
2907 4782 3173 4838 Horresco
3217 4800 3338 4854 quze
3365 4796 3519 4856 gesta
3551 4799 3692 4844 sunt

2091 4870 2352 4924 referens.
2382 4871 2463 4926 Ad
2489 4871 2884 4926 confessionem
2915 4889 3011 4944 per
3048 4874 3163 4930 btec
3205 4876 3366 4930 unius
3395 4879 3549 4946 panis
3585 4890 3690 4935 aut

2089 4959 2267 5030 cyathi
2297 4959 2486 5014 farina:
2515 4961 2740 5015 miseros
2776 4964 3157 5034 perurgebant.
3204 4964 3337 5019 Nam
3366 4967 3468 5036 ipsi
3503 4978 3688 5026 torto-

2088 5068 2176 5108 res
2206 5068 2305 5108 nec
2351 5055 2696 5122 patiebantur
2739 5055 2960 5112 famem.
3016 5053 3172 5112 Esset
3212 5058 3354 5112 enim
3405 5061 3690 5128 quodam-

2088 5145 2247 5200 modo
2281 5144 2630 5208 tolerabilius,
2663 5146 2706 5202 si
2739 5147 2855 5201 hazc
2881 5148 3143 5218 compulsi
3172 5149 3349 5203 inedia
3379 5149 3566 5206 facere
3593 5156 3691 5208 vi-

2086 5236 2364 5299 derentur,
2400 5235 2495 5291 sed
2527 5244 2586 5291 ut
2627 5236 2712 5292 vel
2749 5225 3117 5307 praepararent
3159 5237 3260 5293 sibi
3303 5239 3356 5292 in
3388 5249 3692 5308 posterum

2085 5325 2253 5390 cibos,
2283 5327 2366 5381 vel
2397 5335 2456 5380 ut
2491 5327 2784 5383 crudelitas
2831 5328 3090 5386 exercitio
3132 5329 3554 5385 convalesceret.
3624 5334 3697 5390 In

2083 5418 2171 5474 his
2199 5419 2362 5473 etiam
2393 5419 2437 5473 si
2473 5418 2564 5487 qui
2595 5417 2733 5473 forte
2763 5417 2946 5472 furtim
2993 5434 3092 5488 per
3123 5419 3385 5474 stationes
3423 5420 3693 5478 hostium

2081 5525 2180 5580 pro
2223 5509 2540 5580 colligendis
2584 5509 2767 5563 herbis
2795 5509 3144 5578 erepsissent,
3189 5521 3543 5565 occurrentes
3597 5515 3695 5570 eis

2081 5605 2172 5675 qui
2213 5620 2273 5660 se
2305 5605 2541 5660 hostium
2575 5619 2765 5658 manus
2789 5601 3038 5673 effugisse
3066 5603 3388 5675 gauderent,
3440 5603 3692 5674 diripieo

2081 5697 2212 5751 bant
2241 5693 2498 5765 quidquid
2525 5693 2839 5750 attulerant.
2890 5691 3328 5764 Snpplicantibus
3371 5704 3557 5750 autem
3616 5712 3695 5754 ac
