3964 6172
298 251 432 305 illi

1387 240 1801 300 CIIRONICON.
1839 272 1911 282 —-
1948 238 2111 296 T0)"
2150 238 2190 294 II
2228 238 2356 293 LIB.
2398 238 2438 292 I.

3425 236 3555 291 I132

296 362 539 421 terribile
574 360 842 433 quondam
878 360 979 416 sibi
1023 375 1214 415 nomen
1262 358 1356 413 Dei
1401 357 1775 435 invocantibus
1810 363 1870 409 ut
1898 356 1948 415 Α
1972 356 2274 405 mereretur
2302 347 2592 420 exstingui.
2628 345 2735 403 Sed
2764 347 2817 402 in
2844 346 3059 403 librovl
3099 347 3164 403 de
3199 346 3389 402 iisdem
3431 349 3556 402 talia

293 455 379 510 vel
404 461 612 524 partem
640 452 873 521 aliquam
903 465 968 505 ex
1003 449 1089 504 his
1113 464 1231 518 qum
1251 463 1372 503 cum
1408 447 1599 501 mortis
1624 444 1869 516 periculo

291 544 621 614 quaesieram
662 540 1019 611 indulgerent,
1071 537 1205 593 nihil
1258 552 1482 608 prorsus
1532 535 1867 606 prmbebant,

291 636 388 691 sed
417 644 472 690 et
498 634 603 689 hoc
627 632 874 689 beneficii
911 632 1028 687 loco
1054 638 1314 695 cesserat,
1342 630 1387 685 si
1418 630 1868 699 comprehensum

290 729 475 782 vivum
502 726 745 781 licuisset
778 725 1028 780 evadere.
1072 722 1168 777 llis
1210 730 1390 778 autem
1416 730 1538 792 post
1561 721 1739 791 aliqua
1771 720 1870 775 ad-

284 815 490 886 jungit,
520 815 708 870 dicens
739 832 753 867 :
783 811 984 869 Judaeis
1020 828 1147 868 vero
1181 813 1247 868 de
1269 827 1491 885 egressu
1517 812 1669 868 urbis
1693 811 1870 867 omnis

292 906 501 976 pariter
546 919 670 974 spes
714 903 1103 959 excludebatur
1156 902 1377 968 salutis;
1436 911 1491 957 et
1539 902 1873 959 invalescens

290 998 563 1052 acerbitas
590 996 765 1060 famis,
797 996 988 1052 domus
1013 996 1173 1051 simul
1201 1003 1257 1051 et
1282 995 1516 1050 familias
1549 1002 1872 1066 gentemque

290 1089 559 1153 vastabat,
601 1088 677 1142 ita
707 1096 767 1142 ut
792 1088 845 1143 in
870 1088 1239 1158 penetralibus
1270 1095 1441 1143 strata
1472 1085 1724 1157 jacerent
1748 1102 1870 1141 mu-

292 1180 489 1233 lierum
534 1177 992 1248 parvulorumque
1021 1180 1319 1243 cadavera;
1369 1192 1467 1247 per
1508 1177 1716 1248 plateas
1741 1192 1873 1233 vero

292 1267 587 1324 infelicium
617 1282 807 1322 senum
850 1284 1094 1339 corpora,
1127 1268 1268 1324 fame
1306 1268 1478 1341 magis
1522 1284 1684 1339 quam
1713 1277 1872 1325 astate

290 1369 632 1429 consumpta.
685 1358 918 1414 Juvenes
973 1375 1103 1417 vero
1157 1369 1321 1430 atque
1367 1368 1500 1416 mtas
1556 1360 1733 1417 omnis
1778 1376 1870 1416 ro-

289 1450 505 1506 bustior
532 1448 678 1504 velut
704 1449 992 1505 simulacra
1015 1450 1259 1519 quredam
1287 1450 1340 1504 in
1362 1450 1463 1505 viis
1490 1457 1545 1505 et
1566 1450 1873 1521 egressibus

288 1541 660 1605 oberrabant,
716 1548 1034 1596 corruentes
1087 1555 1410 1611 quocunque
1462 1541 1582 1597 loco
1625 1555 1873 1610 gressum

290 1631 597 1688 subruissct
636 1631 835 1685 inedia.
884 1630 1127 1703 Sepelire
1174 1641 1354 1687 autem
1394 1632 1656 1688 cadavera
1684 1632 1872 1702 proxi-

1971 442 2159 498 scribit
2187 459 2201 495 :
2245 442 2313 495 Et
2358 455 2569 505 eorum,
2621 438 2816 511 inquit,
2842 441 2933 511 qui
2964 455 3063 509 per
3083 448 3251 495 totam
3281 440 3555 496 civitatem

1970 532 2130 588 famis
2162 531 2337 587 inedia
2365 530 2851 600 corrumpebantur
2883 531 3171 588 multitudo
3192 530 3559 586 innumerabi-

1972 617 2036 682 lis
2062 633 2202 691 erat,
2232 639 2461 695 quorum
2494 638 2595 678 nec
2632 623 2890 694 explicari
2937 625 3156 680 miseria
3215 632 3412 695 potest.
3455 625 3559 681 Per

1970 718 2208 789 singulas
2258 730 2490 786 namque
2529 716 2717 772 domos
2764 717 2934 772 sicubi
2981 716 3173 773 fuisset
3218 719 3419 789 aliquid
3449 719 3556 774 cibi

1970 820 2272 882 repertum,
2328 809 2466 865 bella
2523 809 2780 864 continuo
2834 816 2891 864 et
2938 810 3113 865 caedes
3164 810 3303 864 inter
3360 812 3558 868 charos

1971 904 2221 975 ipsosque
2247 910 2498 973 parentes
2529 916 2592 955 ac
2626 900 2830 956 liberos
2857 900 3255 966 nascebantur;
3288 902 3413 955 dum
3449 917 3556 957 non

1970 994 2144 1050 solum
2181 1007 2212 1047 e
2237 993 2505 1056 manibus,
2539 991 2631 1047 sed
2676 1007 2741 1047 ex
2774 991 2908 1060 ipsis
2940 991 3104 1045 etiam
3147 990 3390 1047 faucibus
3420 992 3558 1046 invi-

1969 1101 2087 1142 cem
2130 1083 2310 1140 cibum
2350 1097 2539 1154 rapere
2563 1083 2861 1138 certabant.
2894 1082 3055 1138 Fides
3081 1091 3258 1138 autem
3285 1100 3387 1140 nec
3413 1100 3559 1139 mor-

1972 1178 2079 1232 tuis
2106 1182 2259 1241 erat;
2293 1172 2388 1229 sed
2412 1181 2466 1229 et
2516 1173 2615 1243 ipsi
2638 1189 2761 1229 cum
2798 1174 2910 1246 jam
2938 1175 3185 1244 spiritum
3213 1176 3554 1240 exhalarent,

1970 1267 2448 1337 perscrutabantur
2494 1280 2525 1319 a
2568 1266 2930 1336 praedonibus,
2979 1280 3049 1321 ne
3091 1266 3179 1320 cui
3229 1264 3369 1321 forte
3415 1267 3558 1321 intra

1971 1357 2235 1429 gremium
2286 1356 2395 1411 cibi
2447 1356 2648 1427 aliquid
2699 1356 2980 1412 resideret.
3055 1356 3162 1412 Alii
3224 1365 3405 1412 autem
3462 1371 3561 1428 per

1973 1447 2207 1502 inediam
2228 1447 2519 1513 inhiantes,
2568 1446 2714 1501 velut
2766 1447 2937 1503 rabidi
2969 1462 3133 1503 canes
3172 1449 3280 1504 huc
3304 1457 3467 1520 atque
3497 1449 3561 1502 il-

1972 1537 2061 1593 Iuc
2095 1536 2428 1602 ferebantur,
2472 1546 2528 1591 et
2557 1538 2713 1606 quasi
2751 1537 2962 1593 insania
3016 1538 3250 1607 quadam
3302 1538 3561 1606 exagitati

1975 1630 2028 1683 in
2057 1629 2275 1684 easdem
2304 1628 2494 1684 domos
2518 1629 2635 1687 sub.
2657 1637 2932 1684 momento
2962 1629 3219 1698 temporis
3244 1629 3440 1685 iterum
3495 1645 3561 1684 ac

288 1736 528 1787 morum,
556 1735 658 1777 nec
687 1719 1063 1777 defunctorum
1091 1722 1396 1784 multitudo,
1429 1739 1530 1780 nec
1550 1724 1747 1778 virium
1773 1723 1870 1779 de-
1899 1705 1946 1764 Β
1973 1720 2167 1789 saepius
2189 1719 2487 1775 irruebant.
2541 1718 2732 1775 Omnia
2763 1727 2941 1774 tamen
2976 1720 3275 1776 necessitas
3317 1722 3562 1776 vertebat

286 1812 475 1868 bilitas
519 1812 901 1882 permittebat;
949 1813 1108 1868 simul
1151 1822 1206 1869 et
1250 1829 1349 1885 pro
1376 1829 1472 1869 sua
1503 1814 1872 1885 unusquisque

288 1905 400 1959 vita
434 1905 692 1960 incertus.
722 1904 967 1975 Denique
1007 1904 1269 1976 aliquanti
1297 1920 1461 1977 supra
1496 1921 1590 1963 eos
1616 1920 1753 1977 quos
1787 1920 1873 1962 se-

286 1995 561 2067 peliebant
594 1995 807 2051 animas
845 1996 1096 2053 emisere.

357 2085 512 2140 Multi
577 2085 744 2141 etiam
807 2085 936 2141 dum
994 2094 1392 2157 prosequuntur
1426 2085 1652 2152 funera,
1692 2086 1874 2157 prius-

283 2193 450 2249 quam
495 2177 563 2232 ad
611 2176 921 2247 sepulcrum
947 2179 1245 2245 veniretur,
1293 2178 1563 2235 etllabant.
1617 2178 1725 2234 Sed
1771 2193 1873 2235 nec

284 2269 538 2340 planctus
569 2283 637 2323 ex
671 2283 825 2324 more
848 2267 1119 2325 defunctis
1162 2269 1524 2325 exhibebatur
1553 2278 1645 2324 aut
1670 2269 1870 2337 luctus,

284 2360 419 2431 quia
456 2360 562 2414 hoc
600 2358 704 2413 sibi
752 2367 924 2413 totum
970 2359 1340 2414 vindicaverat
1384 2359 1573 2414 fames.
1619 2358 1728 2414 Sed
1774 2374 1874 2415 nec

285 2453 514 2508 ariditas
541 2451 730 2507 inedia:
757 2452 1044 2506 humorem
1083 2453 1339 2523 cuiquam
1368 2452 1666 2522 reliquerat
1690 2451 1873 2525 Iacry-

285 2557 523 2599 marum.
551 2540 893 2597 Obsederant
918 2541 1065 2597 enim
1093 2541 1371 2597 civitatem
1411 2539 1675 2612 profunda
1705 2541 1873 2596 silen-

287 2633 385 2698 tia,
418 2640 474 2686 et
516 2646 622 2687 nox
664 2628 823 2701 plena
864 2630 1054 2686 mortis
1081 2639 1277 2687 cuncta
1305 2638 1638 2687 contexerat.
1669 2630 1875 2700 Quibus

286 2725 447 2781 malis
497 2722 751 2779 omnibus
796 2723 1075 2795 graviores
1118 2723 1218 2779 soli
1266 2724 1520 2795 vigebant
1566 2724 1871 2792 praedones,

286 2814 382 2885 qui
422 2828 493 2867 ne
531 2810 741 2881 sepulta
777 2809 994 2881 quidem
1037 2810 1307 2865 cadavera
1352 2810 1589 2882 diripere
1626 2810 1872 2866 illicitum

287 2905 579 2969 ducebant,
609 2917 716 2957 non
747 2911 852 2956 tam
904 2902 1142 2972 prmdam
1195 2909 1441 2972 petentes
1487 2917 1651 2972 quam
1699 2902 1876 2958 scelus

286 2994 545 3050 irrisione
575 2991 933 3057 cumulantes,
961 2999 1014 3046 et
1058 2991 1229 3046 aciem
1253 2990 1552 3063 gladiorum
1573 3008 1795 3048 suorum
1818 2992 1872 3047 in

1974 1809 2029 1863 in
2053 1808 2251 1875 cibum,
2277 1809 2439 1864 etiam
2468 1809 2578 1875 illa,
2607 1824 2730 1879 qua:
2761 1825 2833 1865 ne
2858 1810 3023 1865 mutis
3047 1810 3263 1880 quidem
3310 1811 3567 1866 animali-

1972 1900 2073 1956 bus
2099 1901 2261 1957 edere
2307 1916 2438 1957 usus
2464 1899 2600 1965 fuit;
2651 1900 2719 1955 ad
2765 1899 3014 1955 ultimum
3057 1915 3127 1955 ne
3157 1900 3289 1956 loris
3316 1901 3559 1971 quidem,

1973 1990 2057 2046 vel
2081 1991 2331 2063 cingulis,
2366 2000 2459 2047 aut
2483 1991 2617 2062 ipsis
2645 1991 2808 2047 etiam
2851 1991 3243 2057 calciamentis,
3279 1993 3561 2048 abstinue-

1974 2090 2121 2138 runt.
2145 2082 2430 2139 Portarnm
2452 2097 2667 2153 quoque
2695 2083 3007 2138 indumenta
3035 2084 3403 2151 detrahentes,
3432 2100 3563 2141 con-

1975 2174 2202 2231 licienda
2226 2174 2479 2231 dentibus
2505 2175 2840 2246 ingerebant.
2878 2174 3128 2230 Nonnulli
3150 2184 3205 2231 et
3233 2174 3340 2231 feni
3361 2178 3564 2232 veteris

1973 2264 2212 2321 festucas
2246 2264 2499 2321 edebant.
2551 2265 2658 2321 Sed
2688 2273 2743 2320 et
2769 2267 2838 2322 de
2870 2267 3176 2337 quisquiliis
3206 2268 3564 2338 undecunque

1975 2356 2214 2413 collectis
2245 2356 2623 2428 parvissimum
2648 2358 2857 2428 pondus
2884 2358 3159 2413 drachmis
3195 2366 3428 2428 quatuor
3453 2360 3565 2414 dis-

1974 2447 2279 2502 trahebant.
2329 2445 2436 2502 Sed
2482 2447 2611 2517 quid
2652 2462 2789 2518 opus
2841 2456 2926 2502 est
2974 2463 3073 2518 per
3099 2447 3214 2503 hrec
3237 2448 3448 2518 pondus
3482 2448 3563 2502 fa-

1975 2537 2079 2592 mis
2106 2536 2250 2592 illius
2276 2538 2570 2607 explicare,
2599 2552 2720 2592 cum
2742 2538 2813 2592 sit
2840 2547 3055 2607 gestum
3082 2537 3155 2591 ibi
3183 2536 3395 2594 facinus
3414 2541 3561 2609 quod

1976 2642 2152 2698 neque
2181 2627 2320 2698 apud
2346 2626 2584 2693 Grzecos,
2612 2643 2788 2699 neque
2813 2628 2954 2698 apud
2988 2628 3258 2684 Barbaros
3300 2629 3441 2686 ullus
3471 2646 3571 2686 ac-

1976 2717 2117 2787 cepit
2143 2716 2381 2782 auditus,
2412 2718 2742 2772 horrendum
2771 2718 2989 2788 quidem
3017 2719 3193 2784 dictu,
3222 2720 3408 2775 auditu
3434 2736 3567 2777 vero

1978 2806 2311 2864 incredibile.
2363 2809 2431 2863 Et
2485 2810 2703 2879 quidem
2752 2810 2987 2866 immane
3028 2810 3240 2867 facinus
3269 2813 3565 2880 siluissem,

1977 2899 2189 2969 nequis
2213 2914 2299 2953 me
2320 2900 2565 2955 crederet
2591 2908 2935 2957 monstruosa
2972 2917 3221 2967 narrare,
3272 2905 3379 2959 nisi
3427 2906 3570 2960 mulo

1978 2995 2064 3051 tos
2091 2989 2364 3043 memorias
2398 2998 2599 3045 nostra:
2630 2990 2779 3046 viros
2829 2999 2999 3048 testes
3032 2995 3307 3049 commissi
3348 2995 3570 3052 sceleris

289 3086 615 3143 cadaverum
639 3082 1052 3139 obtruncatione
1077 3057 1390 3153 probantes.
1413 3082 1688 3138 Interdum
1711 3083 1875 3139 etiam
1902 3057 1948 3120 (ἶ
1979 3076 2307 3134 habuissem.
2355 3078 2524 3135 Porro
2572 3095 2704 3136 vero
2756 3095 2859 3136 nec
2903 3082 3109 3152 aliquid
3166 3083 3219 3137 in
3249 3085 3353 3140 hoc
3380 3086 3571 3156 patria:

292 3179 349 3234 in
385 3175 675 3232 nonnullos
718 3174 894 3229 adhuc
942 3174 1216 3244 spirantes
1258 3188 1447 3228 nmero
1486 3174 1879 3229 examinandas

291 3268 575 3341 agebatur.
605 3265 760 3334 Quod
783 3264 873 3319 alii
902 3264 1202 3320 semineces
1236 3279 1361 3319 cum
1383 3265 1649 3331 viderent,
1676 3266 1881 3336 suppli-

290 3373 385 3414 ces
411 3358 661 3413 dexteras
686 3354 1103 3427 protendebant,
1132 3362 1195 3409 ut
1220 3355 1273 3409 in
1297 3369 1357 3409 se
1384 3370 1601 3426 quoque
1628 3356 1879 3412 beneﬁcii

293 3452 415 3506 loco
438 3455 819 3505 converterent
841 3446 1037 3512 scelus,
1065 3461 1173 3516 quo
1197 3447 1407 3503 scilicet
1440 3449 1771 3504 cruciatibus
1796 3449 1879 3504 fa-

294 3542 405 3598 mis
441 3540 681 3595 velocius
728 3536 1156 3594 absolverentur.
1220 3535 1326 3592 Sed
1373 3552 1511 3592 novo
1547 3538 1882 3595 crudelitatis

295 3648 516 3706 genere,
548 3645 735 3687 necem
758 3646 923 3701 quam
948 3637 1141 3700 sponte
1180 3628 1506 3695 inferebant,
1548 3629 1592 3685 si
1618 3645 1881 3702 rogaren-

296 3734 404 3789 tur,
432 3723 721 3793 negabant,
750 3736 872 3776 cum
901 3731 1080 3776 tamen
1116 3720 1489 3790 unusquisque
1515 3720 1882 3778 deficientium

296 3815 426 3870 dum
449 3812 651 3884 gemitu
683 3810 869 3867 oculos
897 3819 1238 3880 retorqueret
1265 3811 1334 3865 ad
1363 3811 1646 3881 templum,
1672 3826 1780 3867 non
1814 3812 1884 3869 de

299 3915 476 3960 morte
498 3902 715 3973 propria
743 3901 951 3966 dolens,
971 3900 1067 3956 sed
1091 3902 1159 3958 de
1183 3902 1505 3972 impunitate
1548 3904 1879 3973 praedonum,

298 4009 439 4064 quos
485 3992 805 4061 superstites
870 3990 1269 4061 relinquebant.
1321 3990 1392 4045 Et
1437 3991 1616 4060 primo
1666 3992 1883 4062 quidem

301 4091 519 4154 sumptu
546 4082 759 4152 publico
789 4080 1005 4152 sepeliri
1037 4088 1279 4136 mortuos
1302 4081 1544 4152 jusserat
1586 4081 1778 4138 fetoris
1802 4083 1884 4138 in-

305 4173 613 4229 tolerantia.
647 4172 718 4228 Ut
749 4186 876 4228 vero
905 4186 1124 4227 omnem
1152 4180 1429 4243 sumptum
1471 4173 1637 4244 cmpit
1666 4174 1884 4231 vincere

305 4264 593 4321 multitudo
634 4263 1006 4329 moriemium,
1035 4262 1103 4318 de
1134 4277 1292 4318 muro
1329 4263 1593 4319 cadavera
1634 4262 1885 4334 praecipi-

306 4355 512 4412 tabant.

379 4448 449 4502 At
471 4463 593 4503 cum
633 4446 788 4502 Titus
817 4446 1087 4502 circuiens
1114 4446 1436 4517 pervidisset
1468 4446 1700 4517 repletos
1735 4461 1882 4501 mor-
1907 4418 1961 4477 D

309 4550 524 4611 tuorum
552 4540 906 4595 cadaveribus
934 4538 1123 4605 vallos,
1150 4547 1206 4594 et
1239 4539 1461 4594 humani
1488 4539 1733 4610 corporis
1761 4540 1885 4594 tabo

306 4631 538 4704 patriam
570 4638 772 4685 terram
804 4630 994 4700 rigari,
1017 4645 1139 4685 cum
1186 4630 1389 4701 ingenti
1430 4631 1632 4702 gemitu
1662 4630 1887 4687 elevatis

307 4725 377 4780 ad
404 4722 600 4778 coelum
629 4722 895 4789 manibus,
927 4723 1094 4779 Deum
1121 4724 1334 4780 invocat
1360 4734 1553 4782 testem
1587 4727 1692 4783 boc
1727 4742 1885 4781 suum

308 4831 447 4887 opus
485 4829 592 4869 non
622 4829 761 4869 esse.

382 4906 449 4959 Et
472 4913 595 4975 post
616 4904 911 4977 aliquanta,
949 4907 1142 4963 iterum
1176 4908 1303 4963 talia
1333 4911 1576 4980 quaedam
1605 4911 1888 4983 prosequi-

312 5006 439 5050 tur:
490 4994 605 5050 Non
655 4997 968 5062 cunctabor,
1014 4997 1209 5067 inquit,
1253 5001 1496 5069 proferre
1522 5004 1663 5072 quod
1691 5003 1884 5058 sentio.

311 5087 565 5143 Arbitror
588 5090 732 5144 enim
761 5092 904 5161 quod
943 5092 1105 5147 etiam
1130 5094 1176 5148 si
1205 5094 1490 5151 adversum
1515 5097 1707 5168 impios
1743 5098 1889 5152 cives

313 5177 679 5234 Romanorum
713 5180 986 5252 paulisper
1025 5197 1176 5238 arma
1216 5194 1550 5251 cessassent,
1602 5196 1696 5242 aut
1740 5188 1887 5242 hiatu

310 5276 493 5332 terrm,
520 5276 613 5322 aut
649 5285 801 5339 aqum
828 5270 1047 5335 diluvio,
1081 5279 1176 5327 aut
1203 5271 1568 5331 Sodomitanis
1593 5274 1805 5346 ignibus
1834 5284 1890 5331 et

312 5355 629 5413 fulminibus
654 5359 870 5415 coalitus
897 5362 1072 5427 tortis,
1108 5361 1429 5432 supplicium
1460 5364 1652 5421 civitas
1691 5365 1892 5435 depen-

310 5445 502 5512 dissct,
543 5462 664 5516 qua:
708 5449 878 5504 multo
920 5449 1295 5508 infaustiorem
1329 5453 1437 5510 illis
1477 5455 1568 5525 qui
1619 5455 1733 5511 haec
1768 5471 1892 5525 per-

313 5536 459 5607 pessi
490 5546 638 5603 sunt,
665 5547 722 5593 et
768 5538 1079 5610 nequiorem
1110 5543 1347 5599 virorum
1387 5554 1707 5616 praesentem
1752 5548 1892 5606 hanc

313 5630 626 5699 protulisset
652 5640 866 5689 mtatcm
900 5653 914 5690 :
953 5652 1052 5706 pro
1089 5638 1283 5709 quibus
1317 5641 1492 5697 omnis
1532 5657 1663 5714 gens
1690 5643 1894 5714 pariter

1975 3178 2236 3241 praestare
2257 3187 2342 3228 me
2376 3173 2632 3253 arbitror,
2662 3174 2706 3228 si
2734 3175 3052 3231 subtraham
3090 3191 3277 3233 eorum
3302 3180 3569 3239 malorum

1975 3262 2142 3319 verba
2170 3278 2399 3334 quorum
2425 3264 2647 3336 pertulit
2674 3264 2837 3322 facta.

2542 3420 2772 3479 CAPUT
2813 3422 2999 3479 XXIII.

1980 3528 2058 3584 De
2090 3528 2286 3595 Maria,
2315 3545 2432 3611 quo:
2462 3532 2736 3611 propriam
2774 3536 2998 3611 comedit
3019 3535 3223 3611 ﬁliam,
3252 3547 3302 3593 et
3335 3540 3411 3594 sic
3433 3559 3573 3611 pra:—

2266 3650 2274 3658 ,
2328 3599 2335 3602 ⁷
2365 3599 2527 3655 donec
2553 3599 2798 3671 confusos
2826 3604 2970 3660 abire
2992 3599 3179 3677 coegit.

2054 3731 2244 3788 Mulier
2280 3734 2528 3804 quaedam
2554 3749 2623 3791 ex
2657 3735 2743 3791 bis
2787 3737 2879 3807 qui
2906 3739 3046 3794 ultra
3071 3738 3327 3798 Iordanis
3358 3732 3573 3799 alveum

1981 3825 2418 3891 commanebant,
2449 3824 2617 3882 Maria
2646 3827 2887 3895 nomine,
2919 3828 3164 3884 Eleazari
3197 3830 3328 3898 filia,
3358 3833 3425 3887 de
3451 3834 3571 3889 vico

1981 3913 2311 3982 Obethezob,
2357 3917 2503 3986 quod
2548 3917 2940 3988 interpretatur
2974 3919 3161 3976 domus
3210 3922 3440 3995 hyssopi,
3481 3941 3575 3997 ge-

1982 4022 2113 4063 nere
2133 4016 2190 4063 et
2208 4006 2553 4064 facultatibus
2580 4008 2793 4075 nobilis,
2820 4024 2945 4066 cum
2988 4011 3198 4084 reliqua
3227 4015 3575 4072 multitudine

1982 4112 2103 4168 quas
2129 4098 2461 4154 confluxerat
2512 4097 2913 4172 Hierosolymas
2943 4112 3177 4173 reperta,
3229 4119 3572 4162 communem

1983 4201 2108 4241 cum
2134 4188 2388 4243 omnibus
2443 4187 2741 4245 obsidionis
2785 4204 2972 4246 casum
3018 4192 3346 4263 perferebat.
3400 4195 3573 4268 Ilujus

1983 4277 2219 4348 reliquas
2245 4278 2462 4348 quidem
2516 4278 2821 4348 facultates,
2874 4296 3011 4352 quas
3050 4281 3212 4339 domo
3270 4285 3325 4339 in
3378 4287 3569 4343 urbem

1985 4377 2331 4434 convexerat,
2365 4370 2579 4440 tyranni
2611 4369 2877 4427 invasere.
2916 4371 2973 4427 Si
3000 4373 3130 4443 quid
3159 4390 3287 4432 vero
3319 4377 3573 4448 reliquia—

1987 4476 2106 4516 rum
2161 4474 2227 4515 ex
2267 4461 2478 4533 magnis
2518 4462 2712 4533 opibus
2743 4462 2940 4532 fuerat,
2968 4467 3165 4536 quibus
3210 4470 3412 4526 victum
3438 4487 3573 4542 quo-

1986 4551 2249 4606 tidianum
2279 4560 2592 4622 pertenuem
2621 4554 2865 4623 duceret,
2886 4558 3155 4616 irruentes
3179 4577 3277 4632 per
3301 4574 3573 4621 momenta

1986 4640 2298 4710 przedonum
2356 4642 2617 4700 satellites
2651 4645 2962 4715 rapiebant,
3020 4664 3119 4720 pro
3154 4651 3350 4721 quibus
3386 4654 3573 4727 ingens

1989 4728 2272 4785 mulierem
2301 4730 2446 4786 velut
2467 4733 2675 4789 insania
2701 4734 2812 4804 jam
2840 4737 3088 4807 quaedam
3113 4756 3176 4795 ex
3205 4741 3574 4815 indignatione

1991 4819 2274 4893 fatigabat,
2305 4821 2380 4877 ita
2411 4831 2470 4877 ut
2518 4823 2787 4879 interdum
2834 4828 3119 4897 praedones
3162 4832 3467 4888 maledictis
3518 4835 3574 4888 in

1992 4924 2181 4966 necem
2206 4912 2289 4967 sui
2310 4922 2365 4968 et
2387 4913 2644 4968 conviciis
2675 4914 2977 4986 instigaret.
3014 4917 3210 4975 Verum
3245 4938 3367 4977 cum
3399 4937 3574 4991 neque

1993 5001 2239 5057 irritatus
2267 5003 2550 5072 quisquam
2572 5018 2746 5073 neque
2783 5006 3073 5064 miseratus
3097 5026 3215 5065 eam
3257 5012 3570 5082 perimeret,

1992 5103 2049 5147 et
2081 5094 2126 5148 si
2175 5093 2302 5162 quid
2350 5094 2491 5149 forte
2516 5095 2621 5150 cibi
2649 5096 2718 5152 ab
2744 5112 2807 5152 ea
2854 5099 3046 5155 fuisset
3075 5104 3378 5172 qumsitum,
3415 5107 3467 5160 id
3504 5107 3571 5160 ab

1993 5185 2114 5240 aliis
2141 5194 2490 5254 qumreretur,
2539 5202 2640 5242 nec
2662 5188 2777 5259 jam
2806 5206 3032 5261 usquam
3078 5196 3381 5264 reperiendi
3417 5199 3570 5267 copia

1994 5279 2165 5344 fieret,
2194 5277 2364 5334 fames
2393 5288 2573 5334 autem
2601 5280 2718 5336 dira
2765 5283 3063 5341 visceribus
3114 5286 3247 5356 ipsis
3296 5289 3572 5345 insisteret

1991 5385 2057 5426 ac
2095 5368 2365 5436 medullis,
2408 5379 2464 5426 et
2490 5371 2556 5427 ad
2579 5371 2817 5430 furorem
2858 5375 2971 5446 jam
3014 5382 3332 5449 perurgeret
3369 5379 3567 5448 inedia,

1990 5460 2135 5517 fame
2157 5470 2211 5516 et
2248 5460 2327 5516 ira
2354 5462 2605 5533 pessimis
2632 5481 2730 5520 usa
2759 5468 3155 5524 consultoribus
3173 5510 3188 5532 ,
3238 5478 3425 5525 contra
3449 5476 3568 5538 ipsa

1988 5553 2100 5625 jam
2131 5562 2375 5608 armatur
2397 5551 2519 5623 jura
2547 5566 2772 5615 naturae.
2805 5557 2935 5612 Erat
2962 5573 3192 5629 namque
3220 5561 3270 5614 ei
3301 5560 3402 5615 sub
3442 5561 3569 5616 ube-

1992 5646 2140 5702 ribus
2165 5646 2421 5716 parvulns
2450 5646 2607 5705 filius.
2643 5647 2794 5706 Hunc
2816 5657 2940 5704 ante
2964 5649 3149 5707 oculos
3171 5649 3351 5707 ferens
3376 5668 3388 5705 :
3432 5649 3575 5705 Infe-
