3964 6172
435 231 574 288 1H5

1472 216 1861 275 FRECULPHI
1902 213 2357 271 LEXO‘t‘iENSiS
2394 214 2698 273 EPISCOPI

3544 220 3718 273 'ilsii

425 348 571 416 licis,
601 346 794 418 inquit,
854 344 1069 409 matris,
1115 360 1149 398 ο
1182 339 1450 397 infelicior
1479 337 1592 393 fili:
1634 339 1689 392 in
1716 337 1856 393 bello
1883 335 2027 390 fame
2058 334 2103 393 A
2130 335 2264 389 bant
2298 334 2496 403 aetatis,
2546 335 2757 390 vinctos
2787 334 2853 388 ad
2899 348 3063 403 Opera
3117 332 3334 405 :Egypti
3373 349 3468 406 per
3495 340 3725 394 metalla

428 452 486 497 et
518 440 822 510 direptione
850 435 1164 507 praedonum
1186 474 1201 498 ,
1232 433 1320 488 cui
1349 434 1401 487 te
1423 430 1758 486 reservabo?
1787 427 1921 483 Nam
1970 435 2026 482 et

429 534 475 589 si
513 532 626 587 vita
655 529 863 601 sperari
891 526 1087 597 possit,
1117 526 1248 596 jugo
1276 522 1534 579 Romanae
1558 520 1834 577 servitutis
1864 535 2027 590 urge-

428 637 571 679 mur.
609 621 716 676 Sed
750 635 894 673 nunc
929 618 1104 687 ipsam
1127 617 1290 671 etiam
1318 614 1636 670 servitutem
1661 611 1923 681 przevenit
1942 610 2026 664 fa-

428 728 567 777 mes,
597 710 878 781 praedones
903 721 1034 763 vero
1061 715 1291 777 utraque
1313 705 1365 759 vi
1387 704 1666 776 graviores
1694 710 2019 771 perurgent;

427 802 552 857 veni
591 814 721 872 ergo
743 814 909 863 nunc,
940 812 975 853 o
1003 797 1078 853 mi
1103 806 1249 859 nate.
1280 801 1399 850 esto
1434 792 1592 847 matri
1619 791 1793 855 cibus,
1817 791 2024 861 praelo-

426 892 588 949 n'rhus
619 890 792 957 furor,
847 881 1060 946 saeculis
1091 888 1296 953 fabula,
1334 901 1456 956 qua:
1485 885 1599 941 sola
1630 885 1818 939 deerat
1856 882 2025 938 cladi-

426 988 530 1042 bus
556 985 888 1041 Iudaeorum.
932 984 1000 1039 Et
1028 984 1145 1039 haec
1180 996 1302 1037 cum
1350 979 1608 1043 dixisset,
1646 976 1807 1031 simul
1855 974 2022 1029 tilium

422 1079 654 1151 jugulat.
714 1078 866 1134 Tunc
895 1077 1088 1132 deinde
1130 1075 1239 1146 igni
1289 1072 1689 1143 superpositum
1736 1078 1926 1133 torret,
1969 1076 2026 1122 et

428 1170 669 1224 medium
707 1168 924 1239 quidem
957 1166 1316 1236 consumpsit,
1363 1164 1600 1218 medium
1630 1176 1759 1217 vero
1783 1170 2026 1215 reservat

428 1263 725 1317 obtectum.
784 1261 851 1315 Et
879 1274 1006 1315 ecce
1036 1258 1321 1313 confestim
1365 1256 1647 1326 praedones
1674 1254 1922 1316 irruunt,
1953 1250 2024 1306 ob

429 1359 565 1406 ustae
598 1352 777 1407 carnis
805 1349 1047 1404 nidorem
1073 1355 1419 1417 conceptum,
1458 1352 1687 1401 mortem
1723 1344 2021 1406 minantur,

429 1459 535 1499 tuSt
568 1458 685 1498 smc
720 1458 871 1498 mora
900 1442 1049 1497 cibos
1074 1454 1208 1511 quos
1231 1446 1447 1510 paratos
1478 1443 1764 1492 senserant
1799 1435 2022 1490 demon-

430 1542 650 1590 straret.
709 1534 845 1588 Tum
889 1533 978 1588 illa
1024 1532 1279 1602 quidem:
1333 1530 1586 1592 Partem,
1629 1526 1822 1595 inquit,
1871 1525 2023 1580 vobis

429 1625 691 1695 optimam
748 1625 1039 1679 reservavi.
1096 1623 1163 1676 Et
1203 1624 1463 1678 continuo
1489 1633 1609 1689 quae
1642 1615 2023 1688 superfuerant

2126 426 2447 493 destinatos,
2503 426 2588 481 vel
2619 443 2714 497 per
2749 434 2979 482 caeteras
3004 426 3312 498 provincias
3350 442 3471 482 esse
3498 427 3726 501 disper-

2125 533 2252 583 sos;
2291 518 2383 572 alii
2404 518 2624 588 quidem
2664 526 2723 572 ut
2745 518 2884 573 ludis
2911 517 3264 589 gladiatoriis,
3301 518 3389 572 alii
3419 527 3482 573 ut
3528 521 3599 574 ad
3622 520 3727 577 be-

2127 611 2260 666 stias
2289 609 2652 665 traderentur.
2709 609 2766 664 Si
2803 610 2896 679 qui
2939 624 3072 665 vero
3113 608 3257 663 intra
3311 610 3606 680 septimum
3668 623 3730 666 et

2126 702 2396 756 decimum
2451 701 2628 755 :etatis
2674 715 2875 754 annum
2913 699 3112 769 reperti
3171 700 3298 764 sint,
3339 715 3441 770 per
3468 701 3728 758 diversas

2124 793 2436 864 provincias
2486 793 2540 847 in
2590 792 2908 848 servitutem
2947 792 3176 846 distrahi
3215 790 3355 862 jussi
3386 803 3534 849 sunt.
3576 794 3727 862 Quo-

2126 900 2245 939 rum
2268 899 2526 938 numerus
2558 897 2728 952 usque
2774 883 2843 937 ad
2874 883 3164 953 nonaginta
3206 884 3371 938 millia
3420 886 3727 954 perductus

2082 968 2093 981 κ
2125 983 2225 1029 est.
2270 975 2396 1029 Haec
2420 990 2550 1029 vero
2575 974 2759 1029 Omnia
2809 982 2959 1045 gesta
2983 982 3112 1030 sunt
3153 976 3388 1030 secundo
3431 992 3578 1031 anno
3618 978 3726 1032 im—

2123 1065 2260 1134 perii
2300 1065 2639 1136 Vespasiani,
2660 1064 2817 1135 juxta
2835 1081 2899 1120 ea
2922 1082 3040 1136 qua:
3070 1067 3183 1137 ipse
3213 1068 3470 1124 Dominus
3514 1078 3574 1124 et
3599 1069 3726 1125 Salo

2124 1166 2281 1214 vator
2314 1168 2497 1214 noster
2519 1159 2676 1215 Jesus
2718 1159 2970 1215 Christus
3001 1161 3360 1231 praedixerat;
3388 1164 3589 1234 quippe
3624 1166 3723 1234 qui

2125 1266 2188 1305 ea
2218 1266 2337 1320 quae
2359 1252 2595 1321 gerenda
2640 1258 2808 1305 erant
2857 1254 3143 1322 praesentia
3175 1253 3291 1323 jam
3338 1254 3571 1315 videret.
3604 1265 3721 1310 tum

2126 1356 2268 1403 cum,
2314 1339 2608 1395 secundum
2631 1341 3044 1412 Evangeliorum
3070 1341 3252 1407 fidem,
3295 1343 3486 1398 videns
3520 1345 3721 1399 civita-

2126 1440 2236 1487 tem
2262 1431 2412 1487 ﬂevit
2443 1447 2605 1502 super
2626 1448 2744 1487 eam
2772 1441 2827 1487 et
2868 1433 3015 1489 velut
3046 1434 3098 1488 in
3127 1434 3350 1489 auribus
3376 1436 3496 1505 ejus
3521 1437 3724 1506 prmlo—

2126 1535 2284 1581 cutus
2308 1533 2394 1580 est
2424 1525 2539 1580 hate
2561 1526 2727 1580 verba
2760 1545 2772 1580 :
2808 1525 2866 1581 Si
2890 1526 3227 1597 agnovisses,
3260 1528 3455 1596 inquit,
3490 1536 3550 1583 et
3575 1538 3633 1583 tu
3664 1530 3724 1584 in

2125 1615 2229 1672 hac
2255 1617 2360 1679 die,
2388 1617 2512 1685 quia
2541 1618 2758 1672 venient
2776 1616 2894 1671 dies
2930 1632 3095 1687 super
3120 1626 3193 1682 te,
3223 1627 3278 1673 et
3303 1621 3725 1676 circumdabant

430 1715 672 1770 membra
699 1715 904 1770 detexit
923 1713 1164 1769 infantis.
1194 1714 1264 1767 At
1290 1712 1409 1768 illos
1433 1718 1652 1782 repente
1678 1710 1865 1779 ingens
1899 1710 2025 1763 hor-
2054 1706 2102 1767 B
2130 1717 2181 1763 te
2208 1708 2414 1762 inimici
2464 1707 2543 1761 tui
2568 1707 2731 1772 vallo,
2785 1716 2842 1762 et
2870 1709 3287 1764 circumdabunt
3336 1719 3408 1775 te,
3454 1721 3508 1765 et
3528 1727 3723 1782 perur-

431 1820 525 1861 ror
572 1806 794 1872 invasit,
833 1814 889 1860 et
936 1806 1201 1860 immanes
1228 1802 1475 1873 quamvis
1501 1800 1669 1857 animi
1726 1798 2021 1870 diriguere,

429 1914 538 1953 vox
568 1897 816 1953 faucibus
840 1896 1134 1952 interclusa
1164 1904 1269 1951 est.
1306 1895 1399 1950 illa
1428 1910 1558 1950 vero
1589 1893 1725 1949 truci
1753 1892 1903 1947 vultu
1924 1931 1938 1957 ,
1967 1899 2023 1947 et

432 1986 565 2056 ipsis
603 1988 717 2056 jam
754 1986 1099 2056 prmdonihus
1149 1984 1546 2041 truculentior:
1601 1982 1771 2047 Meus,
1827 1982 2021 2051 inquit,

432 2077 524 2131 hic
559 2075 723 2141 filius,
755 2090 911 2131 meus
960 2083 1046 2130 est
1073 2082 1281 2145 partus,
1337 2083 1394 2129 et
1423 2073 1634 2128 facinus
1686 2087 1867 2127 meum
1915 2080 2020 2136 est,

431 2167 596 2221 edite.
624 2166 762 2221 Nam
789 2174 844 2221 et
873 2181 973 2238 ego
1001 2167 1149 2235 prior
1171 2165 1417 2230 comedi,
1465 2179 1586 2235 qua:
1606 2163 1786 2233 genui.
1846 2161 2024 2217 Nolite

429 2258 568 2314 etlici
591 2268 684 2313 aut
709 2267 883 2315 matre
910 2259 1273 2330 religiosiores
1297 2298 1314 2323 ,
1349 2266 1445 2312 aut
1491 2257 1689 2313 femina
1722 2256 2019 2311 molliores.

431 2352 587 2419 Quod
619 2352 664 2407 si
692 2366 789 2407 vos
816 2352 991 2422 pietas
1015 2352 1200 2415 vincit,
1225 2360 1282 2406 et
1300 2350 1661 2407 exsecramini
1688 2349 1838 2405 cibos
1852 2362 2019 2413 meos,

430 2458 554 2515 ego,
584 2454 704 2511 quas
728 2440 835 2502 iam
877 2443 1075 2498 talibus
1096 2450 1248 2513 pasta
1274 2457 1419 2507 sum,
1465 2457 1565 2514 ego
1595 2440 1680 2496 his
1708 2441 1904 2495 iterum
1928 2452 2024 2510 pa-

431 2546 573 2587 scar.
621 2532 752 2587 Post
781 2532 897 2587 haec
938 2532 1015 2588 illi
1052 2535 1227 2589 territi
1266 2542 1667 2601 trementesque
1716 2532 2017 2597 discedunt,

430 2618 526 2690 qui
553 2620 698 2676 hunc
746 2619 919 2677 solum
946 2622 1199 2676 omnibus
1224 2620 1574 2676 facultatibus
1600 2621 1812 2675 miserae
1858 2619 2020 2674 matri

432 2709 769 2781 reliquerant
816 2710 1019 2766 cibum.
1082 2711 1306 2781 Repleta
1358 2719 1444 2767 est
1494 2720 1674 2766 autem
1730 2710 2019 2766 confestim

431 2803 686 2859 universa
715 2803 910 2859 civitas
938 2803 1131 2859 nefarii
1158 2803 1381 2860 sceleris
1411 2804 1618 2867 nuntio,
1646 2811 1702 2857 et
1730 2802 2020 2872 unusquis-

431 2908 540 2965 que
587 2904 714 2951 ante
748 2896 938 2951 oculos
981 2894 1197 2951 facinus
1248 2896 1389 2965 quod
1416 2902 1786 2965 perpetratum
1841 2891 2020 2947 fuerat

430 2987 725 3055 adducens,
763 2996 1017 3057 tanquam
1057 2988 1103 3043 si
1158 2987 1272 3058 ipse
1318 2987 1372 3041 id
1404 2991 1788 3056 perpetrasset,
1829 2984 2019 3040 horre~

2126 1802 2329 1872 gebunt
2353 1810 2404 1857 te
2429 1803 2694 1871 undique,
2717 1809 2773 1857 et
2801 1802 2867 1857 ad
2891 1802 3064 1858 solum
3091 1804 3358 1859 deducent
3386 1813 3461 1867 te,
3492 1816 3553 1859 et
3581 1806 3723 1863 ﬁlios

2127 1903 2248 1951 tuos
2269 1893 2617 1949 iuterflcient.
2669 1893 2776 1949 Sed
2811 1905 2865 1949 et
2892 1908 3108 1949 rursum
3136 1903 3392 1965 tanquam
3424 1897 3490 1951 de
3517 1900 3721 1969 populo

2124 1986 2354 2041 dicens:
2402 1986 2539 2052 Erit,
2592 1986 2788 2055 inquit,
2837 1987 3135 2042 necessitas
3179 2004 3376 2058 magna
3412 2005 3583 2059 super
3611 2000 3721 2045 ter-

2124 2091 2263 2141 ram,
2291 2083 2345 2130 et
2373 2075 2452 2129 ira
2482 2074 2680 2145 populo
2726 2074 2875 2139 huic,
2922 2083 2978 2129 et
3007 2075 3203 2131 cadent
3231 2076 3286 2131 in
3319 2092 3417 2133 ore
3446 2078 3639 2147 gladii,
3668 2088 3719 2133 et

2125 2167 2322 2237 captivi
2368 2166 2631 2221 ducentur
2688 2166 2741 2220 in
2772 2180 2961 2221 omnes
3006 2174 3215 2234 gentes,
3266 2175 3323 2221 et
3374 2167 3718 2224 Hierusalem

2124 2259 2229 2319 erit
2271 2255 2589 2312 conculcata
2638 2270 2669 2309 a
2700 2255 2968 2325 gentibus,
3021 2268 3304 2325 usquequo
3336 2256 3718 2324 compleantur

2125 2356 2366 2417 tempora
2396 2347 2654 2418 gentium.
2697 2346 2765 2400 Et
2817 2348 3011 2400 iterum
3039 2364 3052 2399 :
3087 2345 3221 2401 Cum
3248 2354 3432 2400 autem
3462 2347 3713 2403 videritis

2124 2439 2447 2496 circumdari
2469 2439 2538 2493 ab
2557 2438 2798 2494 exercitu
2829 2437 3189 2501 Hierusalem,
3219 2449 3345 2492 tunc
3368 2439 3570 2495 scitote
3592 2442 3716 2509 quia

2124 2532 2574 2603 appropinquabit
2595 2530 2861 2586 desolatio
2885 2528 3020 2599 ejus.
3049 2529 3340 2599 Comparet
3376 2545 3520 2586 nunc
3551 2547 3715 2587 unus-

2122 2626 2353 2696 quisque
2381 2624 2594 2680 Domini
2646 2631 2703 2679 et
2740 2622 3039 2679 Salvatoris
3077 2623 3250 2678 nostri
3278 2638 3566 2678 sermones
3596 2640 3713 2679 cum

2121 2717 2539 2789 historiographi
2578 2717 2840 2773 relatione
2893 2718 2961 2773 de
3008 2716 3149 2773 bello
3175 2717 3316 2787 quod
3354 2726 3567 2787 gestum
3614 2726 3710 2779 est,

2122 2818 2284 2880 atque
2305 2810 2518 2865 excidio
2540 2809 2801 2875 civitatis,
2827 2817 2881 2865 et
2901 2809 3092 2864 videns
3120 2809 3317 2863 miram
3355 2809 3554 2864 divina:
3579 2824 3712 2879 pra:-

2122 2902 2310 2958 sentia:
2342 2902 2620 2965 virtutem,
2673 2898 3299 2971 agnoscat'przedicentis
3347 2898 3709 2952 divinitatem.

2123 2995 2252 3050 litae
2278 2993 2493 3064 quidem
2554 2991 2865 3047 Iudaeorum
2910 2989 3057 3062 genti
3098 2997 3223 3059 post
3257 2988 3565 3058 passionem
3598 2987 3717 3042 Sal-

429 3078 544 3133 hat.
575 3076 777 3134 Omnes
802 3088 982 3134 autem
1019 3095 1156 3149 quos
1194 3078 1353 3134 famis
1373 3079 1671 3134 necessitas
1695 3079 2023 3149 perurgebat
2048 3064 2093 3128 C
2126 3085 2330 3139 valoris
2350 3082 2495 3152 justa
2536 3082 2741 3138 ultione
2783 3088 3068 3143 venerunt,
3110 3094 3209 3150 pro
3245 3093 3311 3133 eo
3353 3078 3503 3147 quod
3530 3086 3717 3132 aucto-

429 3167 764 3223 festinabant
808 3169 983 3239 magis
1012 3169 1081 3223 ad
1130 3178 1383 3233 mortem,
1433 3170 1624 3224 beatos
1660 3168 1902 3223 dicentes
1926 3183 2022 3223 eos

431 3256 630 3326 quibus
658 3258 885 3328 contigit
919 3258 1210 3324 interiisse,
1271 3258 1584 3328 priusquam
1634 3257 1820 3312 talium
1852 3257 2021 3313 malo-

433 3362 555 3402 rum
590 3349 962 3419 polluerentur
984 3350 1189 3405 auditu.

1007 3480 1235 3538 CAPUT
1264 3481 1452 3537 XXIV.

432 3593 512 3649 De
535 3594 721 3650 ultima
765 3598 920 3652 ruina
950 3596 1302 3664 Hierusalem,
1330 3609 1378 3653 et
1404 3598 1469 3653 de
1497 3598 1831 3654 multitudine
1860 3601 2020 3654 inter-

569 3675 858 3736 emptorum
879 3669 1164 3723 secundum
1184 3668 1399 3741 Iosephi
1424 3670 1865 3740 supputationem.

502 3796 776 3857 Hactenus
807 3801 1093 3874 Iosephus.
1148 3804 1420 3875 Colligens
1458 3813 1639 3861 autem
1673 3805 2018 3877 supradictus

431 3889 899 3964 historiographus
934 3910 1150 3950 omnem
1176 3911 1459 3952 numerum
1482 3904 1905 3967 peremptorum,
1932 3896 2018 3953 vel

430 3984 595 4052 fame,
641 3985 727 4042 vel
755 3984 924 4053 ferro,
952 3988 1208 4045 undecies
1236 3996 1468 4045 centena
1498 3988 1667 4044 millia
1693 3989 2013 4061 designavit.

430 4077 670 4135 Czeteros
696 4096 828 4135 vero
850 4080 1090 4139 latrones
1115 4090 1171 4137 et
1197 4082 1446 4149 sicarios,
1475 4098 1540 4139 ac
1565 4082 1867 4153 praedones,
1898 4091 2020 4153 post

431 4170 586 4225 urbis
604 4171 877 4227 excidium
904 4173 1106 4228 mutuis
1137 4172 1375 4228 declarat
1402 4174 1652 4228 interisse
1682 4172 2015 4229 vulneribus.

431 4259 646 4316 Eiectos
690 4277 932 4334 quosque
966 4261 1225 4332 juvenum
1256 4302 1272 4331 ,
1303 4279 1441 4334 quos
1472 4264 1635 4320 decor
1681 4271 1736 4319 et
1775 4265 2021 4334 corporis

430 4351 731 4419 proceritas
759 4354 1175 4410 commendabat
1197 4393 1214 4422 ,
1266 4354 1335 4410 ad
1360 4355 1688 4424 triumphum
1719 4354 1852 4409 dicit
1895 4368 2019 4411 esse

2126 3189 2238 3229 rem
2275 3174 2401 3228 vitae
2420 3188 2452 3227 a
2479 3179 2652 3227 semet
2673 3171 2923 3225 universa
2949 3184 3081 3240 gens
3104 3167 3459 3224 conclamavit
3488 3166 3712 3222 auferri.

2123 3266 2462 3337 Colliguntur
2488 3279 2615 3335 ergo
2645 3279 2744 3334 per
2767 3276 2930 3318 omne
2980 3269 3188 3332 tempus
3211 3276 3242 3314 a
3283 3261 3499 3316 decimo
3528 3260 3714 3329 quinto

2124 3376 2267 3415 anno
2303 3357 2520 3430 Tyberii
2556 3355 2826 3420 Caesaris,
2885 3362 2943 3409 et
2988 3353 3057 3408 ab
3110 3352 3334 3407 exordio
3388 3351 3714 3421 evangelia):

2123 3448 2519 3519 praedicationis
2548 3447 2674 3502 anni
2720 3444 3078 3515 quadraginta
3109 3443 3237 3508 duo,
3288 3456 3464 3512 usque
3516 3441 3589 3496 ad
3616 3439 3713 3495 Ve-

2122 3539 2362 3609 spasiani
2387 3537 2678 3592 secundum
2706 3535 2940 3606 imperii,
2973 3533 3189 3603 quando
3208 3533 3312 3588 hoc
3339 3530 3496 3586 urbis
3519 3529 3709 3586 Hiero-

2124 3627 2456 3699 solymitanze
2483 3625 2753 3681 excidium
2783 3631 2963 3679 actum
2991 3630 3094 3679 est.
3126 3620 3503 3690 Acaptivitate
3531 3628 3711 3674 autem

2122 3730 2287 3787 quam
2311 3718 2380 3774 ab
2407 3715 2678 3773 Antiocho
2701 3714 2944 3787 perpessi
3007 3721 3133 3769 sunt
3167 3711 3294 3767 anni
3345 3711 3567 3767 ducenti
3618 3711 3712 3765 tri-

2122 3811 2273 3881 ginta
2308 3817 2456 3867 octo.
2507 3808 2680 3865 Porro
2726 3825 2758 3864 a
2803 3808 2954 3863 Darii
2999 3807 3237 3881 secundo
3280 3820 3427 3860 anno
3477 3805 3579 3860 sub
3606 3819 3713 3874 quo

2124 3917 2336 3957 rursum
2375 3902 2631 3971 templum
2659 3901 2984 3957 aediﬁcatum
3017 3908 3122 3965 est,
3154 3899 3278 3953 anni
3303 3898 3585 3968 quingenti
3614 3914 3714 3953 no-

2122 3992 2362 4064 naginta.
2391 3992 2437 4046 A
2471 3992 2646 4062 prima
2673 4000 2856 4047 autem
2892 3990 3248 4047 :ediilcatione
3271 3988 3455 4059 templi
3483 3989 3585 4042 sub
3612 3987 3717 4042 Sa-

2119 4084 2334 4140 lomone
2356 4096 2529 4152 usque
2551 4083 2622 4137 ad
2657 4082 3007 4140 novissimam
3038 4081 3157 4152 ejus
3198 4080 3432 4145 ruinam,
3466 4095 3589 4149 qua:
3608 4080 3712 4133 sub

2122 4176 2453 4248 Vespasiano
2482 4175 2625 4231 facta
2667 4185 2773 4241 est,
2831 4176 2956 4230 anni
2990 4174 3145 4229 “02.
3194 4172 3294 4227 Hic
3329 4181 3512 4226 autem
3545 4172 3712 4242 empti

2119 4270 2298 4340 operis
2345 4267 2560 4325 decrevi
2591 4269 2753 4340 primi
2782 4267 2944 4323 tinem
2973 4266 3153 4322 facere
3184 4266 3329 4320 lihri.
3378 4264 3483 4320 Ubi
3511 4263 3713 4334 legales

2120 4359 2311 4413 hostize
2359 4359 2562 4429 pariter
2598 4374 2729 4439 cum]
2776 4357 2975 4427 templo
3024 4371 3089 4411 ac
3145 4355 3344 4425 populo
3396 4352 3713 4408 Judmorutn

431 4448 711 4508 senatos;
744 4442 982 4514 reliquos
1007 4454 1210 4509 autem.
1256 4444 1349 4514 qui
1379 4459 1543 4516 supra
1574 4444 1639 4498 17
1672 4459 1845 4499 annos
1890 4458 2018 4516 age-
2041 4445 2095 4506 D
2119 4450 2536 4506 sceleratissimo
2562 4447 3060 4519 irrecuperabiliter
3087 4445 3461 4501 conciderunt.

440 4586 1263 4613 Μ

2676 4592 3684 4618 Μ’*-

1591 4750 1890 4830 LIBER
1966 4752 2525 4833 SECUNDUS.

932 4978 1160 5038 CAPUT
1183 4980 1475 5040 PRIMUM.

825 5070 1143 5127 Prwlocutio
1172 5072 1238 5126 de
1267 5074 1443 5145 priore
1471 5073 1623 5132 libro.

505 5165 668 5237 Igitur
695 5164 751 5220 in
790 5163 973 5234 priore
1002 5162 1142 5219 libro
1181 5178 1214 5217 a
1254 5164 1538 5220 nativitate
1574 5181 1746 5237 usque
1788 5169 1856 5224 ad
1902 5170 2020 5240 ejus

429 5258 743 5328 passionem
787 5272 854 5312 ac
891 5255 1084 5313 deinde
1108 5270 1279 5326 usque
1316 5257 1402 5326 ad,
1419 5258 1600 5329 templi
1639 5259 2021 5331 Hierosolymi-

434 5349 549 5404 tani
578 5347 1026 5414 destructionem,
1064 5347 1355 5418 populique
1397 5347 1773 5419 Judaicijusta
1807 5352 1905 5408 Dei
1930 5352 2015 5406 ul-

435 5441 581 5496 tione
618 5440 1043 5512 dispersionem,
1094 5456 1160 5495 ac
1202 5440 1434 5496 diversis
1487 5443 1753 5499 mortibus
1794 5442 2019 5498 interni—

432 5532 573 5587 ciem
622 5542 845 5603 propter
885 5534 1153 5603 passionis
1192 5532 1398 5590 Christi
1426 5534 1523 5590 Dei
1561 5535 1901 5607 hominisque
1928 5535 2019 5591 Fi-

2126 5005 2310 5056 neces,
2335 4997 2448 5046 tam
2474 4988 2543 5044 de
2563 4989 2730 5061 gestis
2761 4989 3171 5059 imperatorum,
3227 4960 3498 5056 quamque
3536 4992 3591 5040 et
3640 4987 3718 5044 de

2122 5082 2615 5141 ecclesiasticorum
2638 5080 2871 5144 actibus,
2915 5078 3191 5135 succincto
3239 5090 3492 5133 sermone
3523 5091 3590 5131 ex
3622 5077 3716 5133 di-

2123 5174 2293 5231 versis
2315 5180 2596 5229 auctorum
2622 5171 2777 5228 libris
2814 5170 3066 5241 colligere
3093 5167 3302 5224 curavi.

2742 5279 2971 5336 CAPUT
3014 5274 3077 5334 η.
3141 5296 3149 5302 ’

2486 5351 2564 5407 De
2600 5350 2905 5423 Vespasiani
2934 5350 3136 5405 actibus
3161 5349 3327 5403 bonis.

2190 5447 2553 5518 Vespasianus
2595 5446 2780 5515 igitur,
2830 5453 2891 5498 ut
2917 5441 3296 5513 praemisimus,
3340 5438 3558 5511 cognita
3596 5438 3718 5496 Ne-

2119 5552 2269 5595 ronis
2291 5545 2489 5602 morte,
2535 5535 2750 5592 hortatu
2777 5534 3131 5605 plurimorum
3172 5546 3359 5601 regum
3405 5539 3461 5585 et
3504 5530 3743 5597 ducum,

436 5618 496 5674 lii
525 5622 815 5680 vindictam
841 5664 854 5691 ,
906 5623 1126 5695 ejusque
1177 5642 1455 5684 servorum
1501 5630 1905 5698 persecutiones
1951 5644 2016 5685 ac
2116 5630 2354 5687 maxime
2379 5626 2598 5699 Iosephi
2628 5625 2936 5683 Iudaeorum
2975 5623 3129 5682 ducis
3176 5621 3466 5685 sententia,
3490 5621 3579 5691 qui
3609 5636 3711 5677 ca-
