3964 6172
299 307 440 363 {H3

293 513 528 574 dixerat,
574 507 834 562 continuo
858 507 926 561 ab
965 507 1156 562 eodem
1194 522 1253 562 se
1296 507 1626 578 imperatore
1666 508 1883 563 solven-

289 604 442 665 dum,
476 599 763 670 imperium
791 598 1018 667 adeptus
1049 604 1153 652 est.
1209 598 1525 668 Relictoque
1545 598 1614 653 ad
1643 599 1882 655 obsidio-

288 694 377 750 nis
403 689 895 760 Hierosolymorum
943 690 1382 759 procurationem
1437 688 1547 744 ﬁlio
1577 688 1697 744 Tito
1722 729 1739 755 ,
1782 706 1880 761 per

286 782 673 840 Alexandriam
702 778 978 849 profectus
1000 788 1084 835 est
1114 780 1359 835 Romam.
1393 778 1522 845 Sed,
1551 781 1766 850 cognita
1796 781 1880 834 in-

287 871 614 927 terfectione
661 868 881 933 Vitellii,
913 868 1186 939 paulisper
1220 869 1562 923 Alexandriae
1611 868 1874 924 substitit.

287 962 444 1016 Titus
466 976 598 1015 vero
622 974 816 1029 magna
844 974 910 1013 ac
936 959 1192 1014 diuturna
1221 959 1499 1015 obsidione
1526 957 1739 1014 Judmos
1759 974 1878 1028 pre-

286 1071 444 1110 mens
495 1052 790 1117 machinis,
845 1052 1165 1121 cunctisque
1218 1051 1424 1107 bellicis
1463 1052 1715 1117 molibus,
1767 1066 1877 1106 non

285 1148 406 1203 sine
449 1146 621 1200 multo
659 1160 879 1200 suorum
907 1146 1192 1216 sanguine,
1240 1146 1459 1201 tandem
1493 1147 1682 1200 urbem
1710 1146 1872 1215 cepit,

284 1254 475 1293 muros
517 1235 1043 1306 Hierosolymitanos
1106 1235 1221 1291 solo
1268 1235 1588 1304 coaequavit,
1629 1251 1694 1289 ac
1742 1245 1876 1291 tem-

277 1328 436 1399 plum
467 1328 636 1382 diruit
662 1326 827 1382 totius
850 1327 999 1381 orbis
1036 1325 1478 1380 famosissimum.
1510 1325 1875 1395 Vespasianus

284 1435 417 1489 ergo
438 1428 494 1472 et
514 1417 666 1472 Titus
692 1417 1051 1487 imperatores
1072 1415 1419 1486 magniﬁcum
1444 1424 1664 1487 agentes
1696 1417 1763 1472 de
1780 1414 1874 1469 Ju-

284 1511 418 1565 daeis
447 1510 781 1578 triumphum
809 1548 824 1573 ,
861 1507 1050 1563 urbem
1109 1508 1340 1579 ingressi
1387 1516 1533 1562 sunt.
1580 1507 1872 1563 Pulchrum

282 1610 341 1656 et
390 1601 630 1671 ignotum
684 1608 844 1654 antea
897 1601 1108 1655 cunctis
1154 1597 1514 1663 mortalibus,
1577 1598 1719 1653 inter
1768 1597 1872 1652 5‘20

282 1691 607 1759 triumphos,
646 1690 738 1760 qui
769 1705 799 1743 a
828 1690 1139 1745 conditione
1162 1690 1334 1755 urbis,
1379 1705 1551 1760 usque
1576 1690 1629 1744 in
1659 1690 1711 1744 id
1737 1699 1872 1743 tem-

1389 298 1807 358 CHRONICON.
1840 327 1909 340 --
1949 298 2115 354 TOMI
2153 299 2196 353 ll
2233 298 2359 353 LIB.
2402 298 2462 354 ll.

294 430 423 494 ptus
453 431 576 473 cum
624 416 678 470 in
710 415 921 471 vincula
975 413 1335 483 conjiceretur
1362 456 1379 482 ,
1444 416 1890 473 constantissime
1917 417 1970 477 Α

3436 305 3572 360 illi}

2606 417 2833 475 CAPUT
2881 420 2965 475 lll.

2190 507 2271 563 De
2296 510 2534 579 operibus
2561 511 2855 581 magniﬁcis
2886 511 2988 564 Titi
3017 512 3363 582 imperatam.

2052 601 2204 656 Titus
2231 598 2545 669 Vespasiani
2578 600 2743 667 ﬁlius,
2798 609 2922 672 post
2971 603 3144 671 patris
3187 604 3395 659 obitum
3439 604 3569 675 jura

1980 691 2217 761 suscepit
2255 691 2487 761 imperii.
2543 689 2642 756 Qui
2672 699 2846 745 matre
2896 691 3088 746 liberta
3134 695 3351 749 nomine
3382 695 3571 751 Domi-

1980 785 2091 840 tilla
2137 784 2350 855 genitus
2406 783 2692 855 imperavit
2730 784 2886 839 annis
2935 785 3149 841 duobus
3196 795 3249 841 et
3293 789 3571 845 mensibus

1978 876 2207 931 duobus.
2242 875 2345 941 Qui
2374 875 2427 929 in
2468 882 2697 945 utraque
2741 876 2919 947 lingua
2966 879 3332 947 peritissimus
3362 881 3573 963 fuitne;

1978 966 2291 1022 liberalibus
2336 966 2660 1036 disciplinis,
2723 968 2900 1021 studio
2930 967 3138 1038 legendi
3174 970 3435 1026 eruditus.
3471 973 3569 1027 llic

1976 1059 2068 1113 ubi
2100 1058 2287 1127 patrim
2314 1072 2501 1111 curam
2530 1057 2784 1126 suscepit,
2818 1057 3133 1113 incredibile
3169 1069 3250 1114 est
3277 1070 3562 1130 quantum,

1976 1166 2135 1221 quem
2178 1149 2513 1214 imitabatur,
2558 1158 2767 1217 patrem
2817 1149 3089 1215 anteierit,
3145 1151 3413 1220 prtecipue
3457 1152 3568 1213 cle-

1976 1242 2199 1305 mentia,
2230 1240 2553 1293 liberalitate
2576 1282 2589 1301 ,
2624 1240 3057 1304 honoriﬁcentia,
3084 1256 3147 1294 ac
3177 1243 3417 1308 pecuniae
3439 1258 3570 1296 con-

1976 1339 2200 1399 temptu.
2255 1329 2389 1383 Nam
2441 1329 2565 1383 dum
2621 1330 3000 1399 prmfeeturam
3058 1330 3371 1400 praetoriam
3414 1340 3568 1400 patre

1974 1422 2272 1488 imperante
2299 1421 2525 1489 aleptus
2556 1428 2719 1484 esset,
2743 1430 3024 1490 suspectus
3059 1422 3278 1491 quidem
3311 1424 3430 1489 fuit,
3464 1441 3565 1492 pro

1974 1509 2293 1580 quibusdam
2335 1511 2492 1575 actis,
2549 1509 2780 1564 Neronis
2807 1510 2922 1565 fore
2955 1512 3306 1579 imitatorem,
3359 1515 3401 1568 si
3427 1516 3568 1583 poti-

1974 1608 2125 1654 retur
2160 1600 2425 1670 imperio;
2468 1601 2561 1655 sed
2613 1601 2729 1654 haec
2783 1601 2916 1654 adeo
2973 1602 3024 1655 in
3066 1601 3258 1657 melius
3307 1619 3567 1659 conversa

1975 1701 2119 1756 sunt,
2158 1700 2218 1747 ut
2245 1693 2293 1748 ei
2323 1693 2399 1747 ita
2433 1692 2791 1747 immortalem
2837 1693 3063 1763 gloriam
3094 1695 3425 1748 contulerint
3450 1736 3464 1754 ,
3509 1705 3567 1749 ut

280 1796 385 1852 pus
416 1780 523 1834 acti
569 1788 745 1845 erant,
798 1781 902 1834 hoc
953 1779 1321 1849 spectaculum
1373 1779 1496 1845 fuit,
1555 1789 1766 1849 patrem
1818 1788 1872 1835 et
1900 1780 1948 1839 B
1975 1784 2184 1839 delicize
2212 1795 2375 1854 atque
2396 1800 2549 1838 amor
2572 1783 2793 1838 humani
2822 1783 3039 1853 generis
3061 1782 3440 1852 appellaretur.
3468 1783 3568 1839 De-

282 1872 453 1928 ﬁlium
483 1886 590 1925 uno
618 1870 927 1940 triumphali
961 1886 1125 1925 curru
1172 1879 1374 1936 vectos,
1424 1870 1869 1941 gloriosissimam

282 1963 351 2018 ab
394 1962 481 2016 his
511 1962 601 2030 qui
630 1960 846 2015 Patrem
888 1970 943 2016 et
972 1961 1166 2015 Filium
1200 1945 1552 2016 colfenderant
1592 1962 1870 2018 victoriam

278 2064 612 2125 reportasse.
660 2054 761 2120 Qui
789 2053 1048 2109 continuo
1096 2053 1348 2109 omnibus
1373 2053 1529 2108 bellis
1558 2070 1621 2109 ac
1670 2055 1869 2109 tumul-

278 2146 430 2201 tibus
461 2146 623 2208 domi,
654 2145 893 2214 forisque
920 2146 1263 2215 compressis,
1317 2161 1505 2216 pacem
1538 2147 1701 2201 totius
1722 2147 1869 2202 orbis

277 2235 682 2307 praenuntiavit,
715 2244 769 2290 ct
794 2236 989 2291 Janum
1024 2237 1297 2307 geminum
1329 2237 1597 2293 obseratis
1626 2239 1871 2295 cohiberi

275 2325 534 2382 claustris
581 2334 733 2380 sexto
779 2327 996 2380 demum
1040 2326 1142 2396 ipsi
1180 2336 1305 2396 post
1345 2326 1542 2381 Urbem
1597 2329 1869 2383 conditam

280 2427 637 2473 censuerunt.
680 2415 808 2473 Jurc
833 2418 976 2471 enim
1005 2418 1147 2473 idem
1178 2418 1398 2473 ultionis
1431 2419 1602 2475 honos
1632 2422 1868 2490 passioui

276 2504 491 2561 Domini
520 2508 795 2576 impensus
823 2516 925 2573 est,
979 2509 1073 2578 qui
1100 2509 1264 2562 etiam
1288 2509 1558 2563 nativitati
1587 2510 1762 2564 fuerat
1788 2519 1870 2565 at-

275 2598 534 2652 tributus.
592 2599 744 2655 Tunc
769 2600 980 2666 deinde,
1028 2600 1145 2655 sine
1196 2601 1321 2655 ullis
1366 2600 1631 2657 bellorum
1663 2603 1864 2657 tumul-

277 2684 448 2758 tibus,
473 2694 527 2748 in
552 2694 873 2748 immensum
906 2694 1228 2764 Respublica
1257 2695 1498 2750 Romana
1526 2696 1862 2766 provehitur.

275 2786 557 2858 Siquidem
596 2787 821 2849 Achaia,
867 2787 1051 2857 Lycia,
1100 2787 1340 2850 Rhodus,
1388 2788 1717 2853 Bizantium,
1766 2787 1865 2841 Sa-

271 2879 598 2944 mothracia,
644 2878 855 2943 Cilicia,
906 2876 1289 2947 Commagene,
1342 2888 1471 2933 tunc
1510 2881 1742 2948 primum
1779 2896 1866 2935 re-

273 2973 447 3029 dactae
472 2973 527 3027 in
578 2973 908 3043 provincias,
968 2973 1230 3028 Romanis
1252 2972 1523 3041 judicibus
1552 2975 1864 3044 legibusque

269 3073 589 3134 paruerunt.
631 3063 783 3119 Nono
813 3072 993 3119 autem
1037 3064 1251 3134 imperii
1304 3064 1422 3133 ejus
1450 3080 1616 3130 anno,
1646 3074 1757 3121 tres
1784 3067 1863 3122 ci-

268 3152 470 3209 vitates
511 3151 673 3223 Cypri
695 3160 853 3207 teme
884 3161 1029 3207 motu
1055 3162 1398 3217 corruerunt,
1438 3162 1496 3208 et
1527 3153 1715 3209 Romae
1746 3171 1860 3210 ma-

270 3258 377 3313 gna
414 3244 722 3314 pestilentia
748 3243 867 3298 fuit.
922 3245 1288 3315 Vespasianus
1314 3254 1492 3300 autem
1518 3245 1573 3299 in
1596 3246 1718 3300 villa
1735 3263 1861 3316 pro-

266 3335 390 3403 pria
413 3334 559 3389 circa
590 3333 821 3389 Sabinos
854 3350 996 3391 nono
1053 3352 1197 3390 anno
1243 3337 1579 3407 principatus
1593 3338 1706 3402 sui,
1734 3353 1858 3408 pros

268 3426 435 3482 ﬂuvio
452 3426 660 3481 ventris
687 3434 771 3480 est
805 3435 1069 3481 mortuus.
1104 3426 1241 3482 Huic
1267 3436 1449 3483 autem
1478 3428 1620 3482 inter
1637 3420 1857 3484 ~uetera

267 3521 413 3576 bona
438 3519 571 3574 illud
601 3519 874 3589 singulare
903 3518 1023 3582 fuit,
1049 3519 1362 3575 inimicitias
1390 3519 1634 3575 oblivisci
1663 3538 1677 3574 :
1721 3521 1857 3583 adeo

268 3618 332 3664 ut
347 3609 546 3665 Vitellii
569 3610 739 3664 hostis
760 3608 925 3663 ﬁliam
945 3604 1368 3678 locupletissime
1389 3610 1649 3675 dotatam,
1681 3612 1859 3681 splen-

268 3702 555 3758 didissimo
581 3701 933 3770 conjungeret
968 3701 1107 3755 viro.
1132 3699 1238 3755 lste
1258 3715 1585 3771 exsanguem
1607 3700 1719 3765 diu,
1753 3701 1857 3757 tes.

269 3808 502 3863 sumque
542 3802 808 3849 terrarum
833 3794 1043 3857 orbem,
1073 3792 1223 3848 brevi
1255 3791 1446 3848 refecit
1502 3793 1556 3848 in
1595 3802 1852 3864 tempore.

267 3890 515 3959 Namque
551 3889 787 3959 primum
813 3887 1074 3944 satellites
1118 3888 1440 3959 tyrannidis,
1477 3888 1580 3943 nisi
1601 3888 1690 3957 qui
1719 3886 1856 3943 forte

268 3982 513 4036 atrocius
542 3980 699 4051 longe
747 3987 1162 4050 processerant,
1198 3978 1415 4035 ﬂectere
1442 3980 1619 4049 potius
1646 3979 1852 4045 maluit,

266 4087 436 4142 quam
464 4071 802 4126 excruciatos
831 4069 1031 4136 delere,
1090 4070 1509 4140 prudentissime
1533 4078 1682 4125 ratus
1703 4070 1855 4125 nefa-

268 4162 352 4216 ria
376 4160 677 4217 ministeria
720 4176 749 4214 a
776 4159 1019 4229 pluribus
1058 4168 1205 4214 metu
1247 4159 1448 4214 curari.
1497 4158 1597 4214 llic
1626 4159 1855 4216 Romam

264 4252 570 4307 deformem
596 4251 859 4306 incendiis
885 4265 949 4305 ac
977 4249 1252 4305 veteribus
1292 4249 1467 4304 ruinis
1503 4251 1849 4320 permissam,

264 4343 317 4397 si
352 4340 587 4397 dominis
630 4343 839 4396 deesset
879 4339 1184 4396 volentibus
1212 4338 1511 4395 aedificandi
1552 4340 1728 4410 copia,
1754 4340 1855 4397 Ca-

266 4432 542 4504 pitolium,
582 4432 752 4487 aedem
802 4431 973 4501 pacis,
1019 4430 1225 4486 Claudii
1251 4439 1595 4487 monumenta
1636 4446 1855 4503 repara-

266 4524 366 4588 vit,
395 4523 672 4592 multaque
696 4538 834 4579 nova
861 4522 1093 4577 instituit
1119 4537 1216 4592 per
1240 4537 1431 4577 omnes
1471 4531 1666 4589 terras,
1717 4538 1854 4591 quas

260 4613 357 4683 jus
390 4613 691 4670 Romanum
720 4620 883 4668 tenet.
926 4613 1215 4669 Renovatae
1244 4613 1408 4669 urbes
1436 4612 1581 4667 cultu
1611 4613 1850 4684 egregio,

268 4704 373 4759 viae
411 4703 666 4775 operibus
725 4703 977 4757 maximis
1022 4703 1242 4757 munita:
1290 4712 1434 4758 sunt.
1489 4702 1640 4757 Tune
1678 4702 1854 4758 cavati

266 4804 485 4852 montes
514 4811 612 4866 per
626 4794 950 4850 Flaminiam
979 4802 1106 4849 sunt
1123 4808 1294 4864 prono
1320 4795 1705 4865 transgressui,
1731 4810 1852 4865 qua:

267 4886 567 4957 vulgariter
585 4893 841 4955 pertunsa
862 4894 1016 4954 petra
1041 4891 1286 4938 vocatur.
1329 4882 1469 4939 Mille
1494 4893 1682 4955 gentes
1705 4898 1851 4938 com-

267 4975 481 5047 positae,
522 4990 647 5030 cum
675 4975 936 5031 ducentas
962 4973 1244 5045 aegerrime
1290 4974 1603 5043 reperisset,
1651 4975 1857 5030 exstin-

266 5064 379 5119 ctis
406 5064 611 5119 saevitia
662 5071 1016 5136 tyrannorum
1050 5062 1342 5132 plerisque,
1389 5078 1485 5118 rex
1526 5064 1853 5119 Parthorum

269 5152 539 5223 Vogesses
563 5160 711 5208 metu
754 5152 869 5208 solo
897 5152 951 5206 in
975 5166 1166 5221 pacem
1205 5160 1426 5206 coactus
1452 5160 1554 5207 est.
1588 5152 1749 5207 Plura
1774 5153 1855 5207 di-

264 5259 399 5301 cere
444 5244 681 5300 studium
708 5242 888 5314 coegit
914 5241 1257 5311 imperatoris
1288 5241 1444 5306 boni,
1472 5256 1633 5311 quem
1662 5241 1730 5296 ab
1748 5241 1855 5296 Au-

264 5338 415 5410 gusti
442 5345 639 5403 morte,
656 5344 784 5408 post
811 5350 982 5390 annos
998 5348 1096 5389 sex
1125 5342 1181 5390 et
1194 5334 1588 5405 quinquaginta
1606 5333 1851 5389 Romana

267 5427 574 5498 respublica
601 5426 892 5498 exsanguis
917 5425 1123 5481 saevitia
1151 5432 1523 5496 tyrannorum,
1550 5439 1617 5479 ne
1638 5425 1854 5495 penitus

267 5528 477 5586 rueret,
508 5526 756 5576 assecuta
774 5524 878 5574 est.
911 5517 1098 5588 itaque
1128 5516 1255 5571 dum
1281 5517 1486 5572 ventris
1522 5516 1698 5572 eluvie
1721 5514 1850 5573 etfu-

263 5615 383 5671 sius
408 5624 715 5688 urgeretur,
746 5628 1037 5685 assurgens
1055 5611 1132 5667 ait
1165 5629 1177 5665 :
1226 5610 1473 5668 Stantem
1501 5609 1657 5667 decet
1681 5609 1852 5681 impe-

266 5713 503 5764 ratorem
530 5706 792 5763 excedere
819 5704 996 5761 terris.

1877 4479 1931 4539 D

1970 1876 2133 1947 nique
2162 1884 2221 1929 ut
2251 1876 2416 1930 subiit
2453 1875 2663 1945 pondus
2690 1874 2917 1946 regium,
2962 1873 3312 1929 Berennicem
3348 1876 3566 1946 nuptias

1971 1983 2096 2024 suas
2159 1976 2466 2037 sperantem
2516 1964 2729 2035 regredi
2789 1966 3028 2030 domum,
3088 1974 3142 2021 et
3177 1975 3563 2023 enervatorum

1970 2074 2159 2129 greges
2203 2059 2354 2113 abire
2376 2058 2651 2128 prreeepit.
2691 2056 2861 2125 llujus
2886 2065 3128 2127 tempore
3179 2072 3335 2111 mons
3364 2056 3565 2113 Hebius

1971 2150 2025 2204 in
2057 2149 2349 2220 Campania
2387 2149 2579 2203 ardere
2624 2149 2807 2219 cmpit.
2835 2148 2913 2201 Ex
2942 2146 3094 2216 cujus
3122 2150 3322 2203 vertice
3353 2157 3563 2204 tantum

1968 2241 2147 2309 erupit
2175 2240 2504 2301 incendiun,
2538 2249 2595 2292 ut
2626 2239 2870 2309 regiones
2918 2238 3122 2293 vicinas
3151 2247 3205 2294 et
3229 2239 3390 2295 urbes
3437 2257 3563 2296 eum

1967 2332 2277 2385 hominibus
2301 2341 2576 2385 exureret.
2626 2330 2675 2384 ls
2703 2330 2870 2384 etiam
2921 2328 3077 2384 Titus
3101 2331 3562 2398 amphitheatrum

1968 2420 2152 2475 Romrc
2178 2420 2481 2483 :ediﬁcavit,
2509 2429 2562 2474 et
2592 2419 2645 2473 in
2678 2419 3014 2474 dedicatione
3037 2420 3151 2489 ejus
3178 2420 3415 2489 quinque
3446 2421 3564 2475 mil-

1966 2512 2033 2565 lia
2062 2510 2298 2566 fcrarum
2327 2510 2542 2565 occidit.
2568 2509 2854 2565 Civitatem
2882 2524 3012 2563 vero
3030 2510 3371 2574 Aventicum,
3396 2527 3562 2580 quant

1966 2611 2121 2673 pater
2148 2600 2265 2670 ejus
2296 2602 2658 2670 Vespasianus
2705 2599 2976 2654 (edifieare
3002 2609 3273 2668 emperat,
3306 2616 3560 2655 consum-

1965 2693 2154 2758 mavit,
2191 2700 2245 2747 et
2267 2691 2499 2762 gloriose
2527 2690 2762 2754 ornavit,
2798 2689 2850 2743 in
2872 2687 3045 2743 Callia
3076 2688 3370 2757 Cisalpina.
3400 2691 3562 2743 Eam-

1963 2784 2193 2851 dcmque
2232 2783 2506 2852 regionem
2546 2790 2736 2850 stagno
2758 2779 3114 2848 adjacentem,
3164 2789 3385 2851 prepter
3407 2782 3561 2837 simi-

1965 2873 2244 2928 litudinem
2275 2873 2355 2943 (ut
2389 2873 2589 2943 ferunt)
2628 2873 2864 2928 Galilacae
2907 2873 3342 2938 Palaestinorum,
3392 2889 3555 2943 quam

1964 2978 2070 3017 non
2110 2963 2320 3019 modico
2349 2964 2545 3018 sudore
2569 2979 2632 3018 ac
2658 2963 2919 3032 sanguine
2950 2963 3246 3027 devicerat,
3276 2964 3553 3019 Galilaeam

1965 3061 2176 3116 censuit
2216 3060 2534 3129 nuncupari.
2584 3057 2696 3113 Sub
2723 3057 2841 3127 ejus
2880 3073 3095 3128 quoque
3142 3060 3447 3131 principatu
3474 3062 3559 3115 in-

1964 3152 2432 3208 ceudium'Roma:
2479 3152 2597 3207 sine
2644 3159 2910 3204 nocturna
2965 3151 3153 3219 requie
3179 3166 3273 3219 per
3314 3151 3551 3206 triduum

1962 3245 2083 3310 fuit,
2120 3246 2237 3300 lues
2287 3260 2502 3315 quoque
2531 3252 2701 3309 tanta,
2746 3252 2967 3317 quanta
2990 3244 3080 3298 vix
3120 3261 3358 3314 unquam
3392 3255 3553 3301 antea

1963 3338 2080 3394 fuit.
2131 3338 2336 3405 Quibus
2382 3346 2561 3392 tamen
2610 3337 2766 3392 malis
2795 3378 2810 3402 ,
2854 3337 3000 3392 nullo
3049 3347 3263 3404 vexato,
3323 3343 3551 3409 pecunia

1960 3430 2176 3499 propria
2230 3429 2512 3493 subvenit,
2558 3430 2769 3485 cunctis
2824 3432 3190 3485 remediorum
3240 3434 3547 3505 generibus,

1961 3536 2105 3576 nunc
2123 3528 2448 3590 aegrotantes
2468 3536 2566 3589 per
2588 3520 2940 3587 semetipsum
2964 3521 3231 3586 reﬁciens,
3256 3540 3397 3578 nunc
3422 3541 3555 3579 con-

1961 3610 2164 3666 solatus
2205 3624 2425 3665 suorum
2448 3610 2712 3663 mortibus
2738 3610 2985 3665 alllictos.
3019 3610 3161 3666 Vixit
3194 3614 3351 3667 annis
3371 3613 3463 3677 Ιιι,
3494 3625 3550 3669 et

1963 3700 2018 3753 in
2044 3700 2233 3754 eodem
2261 3716 2368 3769 quo
2399 3709 2552 3770 pater
2600 3699 2742 3767 apud
2782 3700 3011 3753 Sabinos
3044 3717 3175 3769 agro
3216 3702 3349 3755 febri
3382 3704 3551 3757 inter-

1961 3790 2045 3844 iit.
2103 3788 2271 3858 llujus
2301 3806 2448 3845 mors
2497 3789 2644 3845 credi
2685 3790 2776 3845 vix
2820 3798 3000 3860 potest
3044 3800 3303 3861 quantum
3343 3794 3547 3850 luctum

1961 3881 2091 3937 Urbi
2116 3881 2515 3951 provinciisque
2544 3881 2824 3935 intulerit:
2856 3881 2990 3936 adeo
3010 3922 3025 3946 ,
3075 3890 3134 3936 ut
3171 3897 3293 3937 eum
3326 3883 3549 3940 delicias

1953 3972 2202 4041 publicas
2246 3972 2408 4044 (sicut
2447 3972 2702 4043 diximus)
2728 3972 3076 4043 appellantes,
3107 3976 3258 4043 quasi
3289 3986 3550 4045 perpetuo

1958 4062 2179 4117 custode
2198 4061 2443 4116 orbatura
2472 4070 2737 4117 terrarum
2763 4063 2947 4117 orbem
2977 4063 3257 4119 deﬂerent.
3286 4066 3381 4119 llic
3403 4068 3548 4121 enim

1956 4151 2208 4221 princeps
2257 4157 2423 4204 tanta:
2475 4150 2736 4205 bonitatis
2776 4150 2917 4216 fuit,
2975 4160 3034 4205 ut
3066 4152 3191 4206 dum
3228 4153 3462 4222 quadam
3490 4153 3546 4208 in

1957 4255 2111 4296 coena
2140 4241 2459 4296 recordatus
2498 4240 2688 4295 fuisset
2716 4241 2849 4295 nihil
2890 4256 2949 4294 se
2979 4241 3032 4295 in
3065 4240 3151 4295 illa
3177 4242 3262 4295 die
3292 4242 3545 4313 cuiquam

1955 4332 2296 4400 praestitisse,
2335 4330 2533 4386 dixerit
2560 4351 2573 4385 :
2605 4332 2803 4398 Amici,
2835 4333 2976 4386 hunc
3020 4332 3162 4387 diem
3189 4335 3543 4403 perdidimus.

1955 4420 2006 4477 ls
2034 4422 2178 4476 enim
2217 4423 2344 4477 dum
2374 4422 2441 4476 ad
2468 4420 2879 4492 expugnandam
2918 4420 3411 4494 Ilierosolymorum
3464 4426 3545 4479 in-

1960 4512 2213 4568 teriorem
2238 4522 2488 4567 cerneret
2522 4512 2703 4582 templi
2733 4512 3108 4578 munitionem,
3145 4530 3305 4583 quam
3336 4514 3545 4571 reclusa

1956 4603 2244 4658 multitudo
2285 4602 2628 4657 sacerdotum
2656 4617 2721 4655 ac
2756 4603 3061 4672 principum
3110 4604 3381 4670 tuebatur,
3430 4621 3546 4659 ma-

1950 4692 2069 4763 jore
2101 4693 2153 4747 vi
2179 4701 2235 4748 et
2273 4708 2426 4747 mora
2453 4692 2659 4748 studuit
2689 4693 2960 4748 insistere.
2993 4692 3145 4760 Quod
3180 4702 3359 4748 tamen
3390 4704 3541 4764 post-

1955 4798 2118 4853 quam
2150 4783 2205 4838 in
2230 4791 2555 4854 potestatem
2587 4783 2866 4838 redactum
2895 4799 3059 4854 opere
3101 4794 3266 4854 atque
3302 4786 3540 4856 antiqui-

1957 4883 2065 4931 tate
2096 4877 2335 4948 suspexit
2362 4874 2618 4945 templum
2647 4915 2662 4940 ,
2695 4874 2789 4928 diu
2837 4876 3158 4931 deliberavit
3187 4886 3369 4931 utrum
3419 4887 3541 4932 tan-

1956 4984 2121 5039 quam
2151 4968 2557 5023 incitamentum
2583 4966 2819 5019 hostium
2849 4966 3186 5033 incenderet,
3213 4985 3280 5022 an
3309 4967 3361 5021 in
3391 4967 3540 5022 testi-

1956 5061 2198 5115 monium
2227 5057 2466 5114 victoria:
2503 5065 2825 5112 reservaret.
2887 5057 2993 5112 Sed
3041 5058 3282 5113 Ecclesia
3306 5058 3399 5113 Dei
3423 5056 3538 5126 jam

1952 5167 2052 5225 per
2085 5160 2258 5207 totum
2302 5150 2489 5206 orbem
2526 5148 2798 5204 uberrime
2843 5150 3210 5219 germinante,
3267 5149 3371 5204 hoc
3419 5156 3541 5203 tan-

1955 5257 2118 5313 quam
2143 5255 2398 5304 vacuum,
2449 5237 2688 5308 nullique
2732 5239 2853 5293 usui
2885 5239 3026 5293 bono
3056 5240 3419 5305 commodum,
3450 5234 3540 5295 ar-

1953 5333 2117 5390 bitrio
2158 5331 2254 5387 Dei
2278 5328 2630 5385 auferendum
2676 5328 2798 5384 fuit.
2838 5330 3023 5400 Itaque
3058 5330 3210 5386 Titus
3241 5332 3537 5401 imperator

1953 5425 2022 5480 ab
2048 5422 2287 5479 exercitu
2329 5421 2711 5491 pronuntiatus
2739 5420 2997 5490 templum
3043 5419 3429 5491 Hierosolymis
3455 5423 3536 5475 in-

1954 5513 2133 5570 cendit
2170 5528 2234 5568 ac
2282 5511 2469 5566 diruit.
2510 5509 2613 5565 Per
2649 5511 2842 5566 horum
2890 5518 3131 5580 tempora
3184 5510 3534 5582 praefatorum

1951 5603 2277 5676 principum,
2304 5609 2428 5672 post
2470 5602 2843 5657 ascensionem
2890 5600 3113 5668 Christi,
3171 5603 3371 5675 quique
3416 5601 3535 5657 illu-

1954 5703 2097 5751 strcs
2131 5693 2350 5749 fuerunt
2374 5692 2739 5748 Ecclesiarum
2770 5691 3037 5758 doctores,
3068 5690 3329 5748 librorum
3367 5691 3534 5748 etiam
