3958 6172
397 317 532 374 1117

1424 301 1814 360 FRECL’LPHI
1852 297 2312 356 LEXOVIENSIS
2350 295 2656 352 EPISCOPI

3537 291 3674 346 1143

397 450 533 506 quos
564 447 693 486 usus
736 428 948 500 ‘legendi
993 423 1215 480 tradidit
1263 427 1535 482 auctores,
1582 431 1716 486 quas
1760 415 1977 485 quidem
2007 417 2054 475 Α
2083 411 2296 468 Domini
2319 411 2629 481 discipulos,
2655 410 2747 480 qui
2776 410 2844 463 ad
2873 408 3001 464 illud
3024 415 3236 477 tempus
3267 406 3460 476 reliqui
3489 418 3679 474 erant,

399 527 581 582 mundi
613 532 794 595 partes
839 517 1066 590 apostoli
1107 516 1173 570 ad
1207 510 1607 582 praedicandum
1663 523 1762 578 per
1808 514 1984 561 sortes

400 619 646 690 proprias
681 618 1036 681 acceperunt,
1068 607 1264 676 quibus
1287 603 1452 658 etiam
1479 600 1611 655 locis
1652 597 1987 669 agonizando

403 687 824 776 triumphatores
850 711 1107 755 aeternam
1137 691 1413 750 consecuti
1435 698 1559 745 sunt
1579 687 1838 758 palmam,
1871 700 1990 740 suc-

402 800 577 852 cincta
605 795 868 850 brevitate
902 789 1153 857 expedire
1183 784 1439 839 conabor.
1499 779 1685 848 Itaque
1713 778 1766 831 in
1812 776 1992 846 priore

404 890 540 944 libro
571 888 635 942 de
661 885 821 938 Petro
850 890 904 936 et
931 878 1114 943 Paulo,
1148 883 1202 929 et
1225 883 1456 943 utroque
1474 869 1676 926 Iacobo
1703 867 1862 922 latius
1885 866 1994 920 dis-

405 981 694 1036 seruimus.
1026 1003 1251 1094 CAPUT
1288 1037 1376 1090 IV.

408 1141 519 1195 Sub
541 1138 774 1210 prrrfalis
797 1131 1122 1210 principibus
1159 1126 1436 1210 apostolici
1467 1117 1995 1210 riri,returel‘iquiudo-

476 1191 827 1269 ctores'sacri',
866 1191 1110 1274 qui'tunc
1147 1191 1462 1274 ﬂoruerunt,
1500 1209 1633 1264 quas
1655 1191 1843 1274 inundi
1871 1204 1995 1274 par-

480 1256 1091 1347 ias-ad‘prcedic'andum
1126 1256 1464 1347 susceperint,
1494 1256 1556 1345 et.
1579 1261 1765 1333 quibus
1915 1256 1996 1310 lo-

595 1330 852 1402 consecuti
896 1344 1000 1398 sint
1047 1330 1287 1410 palmam'
1317 1330 1716 1404 martyrii,’per
1759 1330 1994 1385 ordinem

483 1421 796 1475 continetur.

483 1531 788 1589 Matthazus,
812 1524 904 1594 qui
952 1530 1008 1577 et
1047 1519 1199 1586 Levi,
1236 1534 1304 1573 ex
1355 1516 1642 1588 publicano
1698 1509 1994 1582 apostolus,

2087 502 2140 556 in
2167 517 2336 556 unum
2364 517 2395 556 e
2421 501 2553 556 locis
2573 500 2823 556 omnibus
2863 498 3202 563 convenisse,
3236 497 3394 552 simul
3426 514 3554 552 cum
3589 500 3680 554 his

2086 592 2179 662 qui
2213 591 2499 662 propinqui
2529 590 2822 645 secundum
2839 603 3059 643 carnem
3088 587 3303 642 Domini
3331 588 3682 654 dicebantur,

2085 683 2303 754 plurimi
2324 697 2558 752 namque
2586 696 2654 736 ex
2678 681 2764 736 his
2791 695 2889 750 per
2910 679 3040 734 illud
3087 687 3302 749 tempus
3327 688 3682 751 supererant,

2087 783 2144 828 et
2191 773 2446 828 habuisse
2497 785 2784 826 commune
2829 769 3138 833 consilium,
3189 783 3351 837 quem
3403 776 3686 838 oporteret

2091 863 2310 933 dignum
2333 863 2676 917 successione
2697 859 2886 915 Jacobi
2941 858 3208 927 judicari;
3233 875 3536 928 omnesque
3565 876 3676 916 uno

2090 969 2356 1010 consensu
2383 955 2660 1008 Simonem
2684 952 2933 1022 Cleoplne
2963 950 3131 1005 ﬁlium
3168 951 3496 1015 decrevisse,
3520 950 3682 1019 cujus

2094 1045 2297 1099 mentio
2319 1044 2373 1098 in
2404 1043 2712 1114 Evangeliis
2741 1041 2882 1097 facta
2908 1050 3008 1106 est,
3038 1049 3097 1095 ut
3125 1041 3473 1111 episcOpatus
3493 1043 3680 1097 sedem

2094 1137 2410 1206 susciperet.
2448 1135 2498 1189 Is
2545 1149 2781 1204 namque
2831 1131 3016 1188 Simon
3060 1131 3291 1194 Zelotes,
3320 1132 3413 1201 qui
3449 1133 3682 1201 primum

2095 1228 2272 1282 dictus
2298 1235 2383 1281 est
2431 1225 2794 1291 Chananatus,
2838 1223 2954 1278 zelo
2999 1223 3212 1278 Domini
3264 1221 3482 1277 fervens
3505 1238 3601 1291 par
3628 1223 3682 1276 in

2095 1323 2454 1387 cognomento
2474 1313 2644 1379 Petri,
2683 1323 2740 1368 et
2764 1313 2956 1367 similis
2980 1311 3032 1366 in
3057 1312 3264 1365 honore
3287 1312 3497 1381 accepit
3521 1310 3690 1382 .Egy-

2100 1406 2175 1483 pti
2205 1411 2587 1482 principatum,
2613 1417 2669 1464 et
2687 1416 2809 1478 post
2831 1406 3090 1462 Iacobum
3112 1404 3346 1472 Iustum,
3370 1405 3690 1461 cathedram

2101 1502 2184 1575 (ut
2231 1501 2488 1574 diximus)
2538 1500 2716 1556 tenuit
2760 1499 3278 1569 Hierosolymorum.
3334 1496 3465 1553 Post
3519 1513 3695 1552 annos

412 1625 622 1696 primus
651 1621 703 1674 in
734 1591 940 1681 Iudaea,
974 1622 1194 1686 propter
1236 1627 1330 1666 eos
1364 1609 1453 1679 qui
1491 1622 1557 1662 ex
1587 1603 2000 1660 circumcisione
2101 1604 2283 1651 autem
2309 1595 2435 1650 vitae
2462 1594 2564 1649 120
2588 1595 2786 1649 meruit
2825 1594 2925 1648 sub
2947 1591 3180 1660 Traiano
3200 1607 3298 1661 per
3316 1606 3537 1646 crucem
3569 1606 3695 1644 sus-

415 1681 780 1776 crediilerant,
828 1681 1178 1777 Evangelium
1246 1699 1449 1758 Christi
1498 1692 1741 1754 Hebrieis
1805 1694 2001 1749 litteris
2102 1687 2277 1743 tinere
2325 1685 2576 1756 martyrii
2624 1685 2953 1756 passionem.
2979 1681 3130 1737 Jacet
3153 1683 3207 1736 in
3237 1681 3542 1753 Bosphoro.
3571 1681 3700 1736 Phi-

416 1806 704 1874 verbisque
733 1773 1056 1871 composuit.
1087 1797 1220 1864 Quis
1249 1803 1430 1850 autem
1458 1801 1644 1864 postea
1673 1792 1727 1846 in
1750 1788 1997 1845 Gnaeum
2029 1782 2076 1841 B
2105 1778 2280 1848 lippus
2314 1793 2344 1832 a
2372 1775 2662 1832 Belhsaida
2709 1775 2946 1874 civitate,
2978 1775 3121 1829 unde
3163 1781 3220 1828 ει
3247 1773 3462 1838 Petrus,
3493 1774 3565 1829 de
3590 1789 3698 1844 quo

417 1895 777 1960 transtulerit,
832 1908 942 1948 non
984 1889 1118 1945 satis
1159 1895 1370 1943 certum
1421 1893 1524 1940 est.
1574 1883 1769 1947 Porro,
1827 1882 2002 1951 ipsum

426 1985 751 2042 Hebraicum
781 1983 1012 2039 habetur
1035 1995 1205 2049 usque
1237 1977 1397 2034 hodie
1421 1977 1502 2048 (ut
1523 1976 1600 2029 ait
1618 1970 2002 2043 Hieronymus)

421 2082 477 2136 in
505 2075 827 2136 Caesariensi
870 2073 1222 2138 bibliotheca,
1248 2085 1412 2141 quam
1456 2065 1772 2137 Pamphilus
1803 2073 2009 2134 martyr

423 2170 821 2228 studiosissime
880 2165 1214 2228 conﬁciens,
1265 2161 1558 2218 ordinavit.
1619 2159 1678 2214 In
1726 2173 1834 2228 quo
1895 2156 2009 2211 ani-

423 2257 894 2324 madvertendum,
952 2255 1095 2326 quod
1148 2255 1460 2323 ubicunque
1502 2249 1862 2320 evangelista,
1893 2247 2009 2302 sive

423 2372 491 2411 ex
521 2367 752 2424 persona
780 2366 897 2417 sua,
920 2349 1036 2404 sive
1063 2364 1130 2404 ex
1154 2347 1366 2402 Domini
1390 2345 1690 2400 Salvatoris
1716 2343 2012 2412 Scriptura:

423 2444 751 2506 testimoniis
797 2441 1058 2506 abutitur,
1109 2455 1217 2494 non
1253 2437 1500 2506 sequitur
1545 2433 1687 2489 LXX
1722 2432 2010 2487 translato-

401 2534 544 2607 °rum
571 2534 968 2597 auctoritatem,
1001 2531 1096 2586 sed
1125 2529 1467 2584 llebraicam.
1501 2527 1542 2580 E
1568 2526 1762 2594 quibus
1791 2523 1876 2576 illa
1906 2523 2012 2576 duo

426 2634 588 2680 sunt:
622 2622 707 2677 Ea:
745 2622 973 2691 /Egypto
1031 2619 1209 2674 vocavi
1257 2615 1456 2669 Filium
1495 2629 1686 2676 meum,
1741 2619 1835 2666 et:
1870 2610 2013 2676 Quo-

428 2717 570 2770 niam
596 2713 890 2769 Nazara’us
910 2709 1196 2765 vocabitur.
1228 2707 1278 2761 Is
1301 2705 1533 2775 primum
1559 2703 1611 2757 in
1633 2701 1816 2756 Judaea
1845 2701 2015 2754 Evan-

430 2807 704 2878 gelizavit,
729 2801 1070 2874 postmodum
1102 2799 1157 2853 in
1197 2796 1508 2851 Macedonia
1539 2793 1870 2864 praedicavit.
1906 2792 2014 2846 Re-

430 2897 660 2968 quiescit
700 2896 754 2950 in
791 2892 1067 2948 montibus
1091 2889 1437 2944 Parthorum.

505 2989 748 3042 Andreas
790 2984 906 3055 (qui
949 2983 1338 3051 interpretatur
1364 2976 1614 3049 decorus)
1654 2975 1822 3030 frater
1842 2974 2012 3039 Petri,

2105 1872 2160 1924 in
2200 1868 2506 1940 Evangeliis
2537 1876 2701 1938 atque
2737 1867 2792 1921 in
2838 1864 3063 1920 Actibus
3113 1865 3483 1936 apostolorum
3533 1865 3698 1935 digna

2106 1967 2281 2021 laudis
2306 1964 2567 2020 memoria
2622 1962 2820 2032 saepius
2868 1960 3010 2016 facta
3040 1968 3147 2025 est,
3175 1960 3328 2030 cujus
3371 1959 3547 2014 etiam
3576 1958 3699 2013 ﬁliae

2106 2056 2460 2128 prophetissm
2487 2055 2832 2119 exstiterunt,
2870 2060 2925 2107 et
2955 2051 3107 2106 mirae
3140 2051 3448 2106 sanctitatis
3479 2066 3547 2105 ac
3571 2065 3696 2121 per-

2107 2157 2283 2222 petua:
2307 2147 2660 2234 virginitatis,
2687 2155 2748 2202 ut
2789 2145 3170 2201 Ecclesiastica
3197 2152 3390 2199 narrat
3441 2145 3696 2209 historia,

2109 2242 2278 2300 Gallis
2303 2241 2565 2313 praedicat
2606 2238 2906 2304 Christum,
2925 2237 3304 2306 Barbarasque
3327 2245 3542 2306 gentes,
3571 2236 3704 2291 vici-

2110 2349 2315 2404 nasque
2354 2331 2595 2388 tenebris
2620 2339 2676 2385 et
2703 2328 2934 2384 tumenti
2973 2326 3192 2383 Oceano
3247 2326 3594 2397 eonjunctas,
3636 2327 3701 2381 ad
3753 2325 3757 2328 ’

2111 2424 2351 2479 scientia:
2389 2423 2585 2487 lucem,
2617 2420 2853 2490 ﬁdeique
2890 2427 3106 2489 portum
3137 2417 3374 2472 deducit.
3416 2416 3624 2472 Deinde
3649 2417 3699 2470 in

2112 2513 2385 2582 Hierapoli
2416 2511 2661 2582 Phrygia:
2682 2509 2976 2581 provincia:
2998 2509 3133 2562 urbe
3158 2505 3468 2571 crucifixus,
3501 2505 3704 2576 lapida-

2112 2613 2306 2672 tusque
2333 2602 2487 2665 obiit,
2521 2609 2777 2669 rectoque
2811 2598 3056 2669 sepultus
3077 2597 3361 2659 cadavere,
3389 2597 3554 2651 simul
3580 2611 3699 2651 eum

2113 2694 2326 2748 ﬁliabus
2350 2693 2462 2747 suis
2485 2692 2683 2746 ibidem
2714 2690 3024 2760 requiescit.
3067 2689 3324 2743 Matthias
3345 2688 3412 2743 de
3447 2688 3519 2742 70
3542 2688 3702 2743 disci-

2113 2785 2254 2855 pulis
2304 2799 2478 2848 unus,
2510 2791 2564 2837 et
2609 2797 2706 2852 pro
2757 2781 2894 2836 Juda
2944 2781 3202 2836 Iscariote
3239 2780 3525 2836 duodecim
3568 2781 3707 2835 inter

2116 2875 2387 2944 apostolos
2409 2875 2752 2944 subrogatus,
2787 2873 2990 2928 electus
3029 2881 3193 2936 sorte,
3216 2882 3273 2928 et
3293 2872 3443 2927 solus
3472 2873 3593 2927 sine
3617 2887 3707 2928 co-

2115 2967 2386 3037 gnomine,
2419 2965 2570 3034 cujus
2599 2965 2758 3018 datur
2788 2963 3058 3034 Evangelii
3082 2963 3393 3034 prtedicatio
3415 2964 3469 3017 in
3494 2962 3700 3017 Judaza.

434 3077 731 3131 secundum
797 3051 1062 3127 ipannem
1126 3071 1334 3140 primus
1358 3108 1373 3133 ,
1419 3066 1574 3136 juxta
1624 3067 1932 3121 Mauhmum
1982 3079 2014 3118 τι
2053 3130 2088 3140 Α
2116 3054 2392 3109 Barnabas
2411 3053 2641 3125 Cyprius
2676 3053 2820 3123 (cum
2849 3052 3018 3106 Paulo
3039 3052 3278 3122 gentium
3310 3051 3597 3120 apostolus
3617 3067 3705 3106 or-

432 3167 607 3236 primo
633 3162 920 3225 secundus,
969 3162 1022 3214 in
1067 3130 1270 3215 soi'tem
1311 3130 1711 3228 praedicationis
1740 3157 2016 3227 Scythiam
2045 3130 2089 3193 (ἶ
2124 3145 2382 3214 dinatus),
2411 3159 2573 3198 unam
2598 3143 2664 3198 ad
2693 3142 3103 3198 mdiﬁcationem
3132 3141 3386 3197 Ecclesia:
3425 3143 3704 3212 pertinen-

435 3264 599 3326 atque
633 3251 892 3307 Achaiam
931 3248 1155 3318 accepit,
1189 3247 1244 3300 in
1274 3263 1376 3316 qua
1417 3246 1582 3300 etiam
1612 3246 1832 3300 civitate
1868 3245 2017 3300 cruci

436 3357 729 3414 suspensus
771 3339 1042 3396 occubuit.
1105 3335 1338 3391 Iacobus
1382 3333 1523 3390 ﬁlius
1557 3333 1799 3388 Zebedaei
1852 3332 2020 3387 frater

438 3432 702 3490 Johannis
726 3429 792 3485 IV
825 3431 880 3484 in
909 3429 1119 3492 ordine,
1143 3424 1426 3482 duodecim
1455 3422 1700 3478 tribubus
1748 3437 1868 3491 quae
1893 3429 2021 3476 sunt

438 3526 494 3579 in
546 3522 882 3592 dispersione
937 3518 1176 3590 gentium
1222 3515 1474 3584 scripsit,
1528 3521 1691 3583 atque
1751 3513 2022 3583 Hispaniae

439 3627 497 3672 et
529 3611 956 3671 Occidentalium
995 3610 1239 3665 locorum
1288 3605 1637 3678 Evangelium
1684 3605 2019 3675 praedicavit,

436 3707 568 3762 etin
595 3705 860 3760 Occasum
908 3699 1095 3756 mundi
1147 3699 1322 3754 lucem
1369 3697 1767 3768 praedicationis
1804 3696 2016 3750 infudit.

439 3799 539 3854 llic
587 3797 655 3851 ab
688 3794 899 3850 Herode
947 3791 1223 3848 tetrarcha
1264 3788 1441 3861 gladio
1482 3789 1714 3854 occisus,
1743 3789 2021 3855 occubuit,

441 3889 681 3959 sepultus
697 3886 840 3940 intra
863 3883 1260 3939 Marmaricam.
1279 3881 1517 3936 Thomas
1536 3879 1738 3935 Christi
1765 3880 2024 3951 Didymus

445 3983 774 4046 nominatus,
815 3987 870 4034 et
914 3976 1070 4046 juxta
1123 3975 1372 4029 Latinam
1421 3974 1660 4044 linguam
1699 3971 1903 4028 Christi
1933 3985 2027 4042 ge-

448 4072 648 4136 minus,
692 4086 756 4126 ac
803 4068 995 4124 similis
1037 4066 1322 4132 Salvatori,
1376 4066 1644 4121 audiendo
1694 4062 2021 4129 incredulus,

444 4162 676 4218 videndo
711 4160 903 4224 ﬁdelis,
940 4157 1287 4228 Evangelium
1322 4155 1631 4227 praedicavit
1655 4155 1892 4216 Parthis,
1913 4153 2024 4208 Me-

446 4255 526 4309 dis
548 4262 603 4308 et
629 4252 829 4317 Persis,
858 4249 1211 4318 Hircanisque
1238 4247 1541 4302 Bactrianis
1564 4253 1617 4300 et
1638 4245 1804 4308 Indis,
1837 4251 2028 4298 tenens

445 4343 769 4400 Orientalem
811 4341 1044 4412 plagam,
1085 4345 1140 4394 et
1179 4346 1379 4392 terram
1423 4337 1662 4408 gentium
1704 4344 2023 4406 penetrans;

2128 3245 2235 3291 tem
2287 3235 2580 3304 Epistulam
2625 3233 2944 3304 composuit,
2994 3248 3114 3302 quae
3164 3233 3306 3287 inter
3364 3234 3709 3304 apocryphas

2127 3330 2341 3401 legitur.
2377 3328 2480 3383 llic
2523 3336 2705 3398 postea
2762 3335 2982 3398 propter
3037 3325 3339 3380 Johannem
3385 3326 3708 3396 discipulum

2129 3419 2243 3490 (qui
2304 3426 2359 3473 et
2417 3417 2629 3476 Marcus
2666 3415 2980 3487 vocabatur)
3013 3425 3294 3486 separatus
3343 3432 3374 3469 a
3415 3416 3608 3479 Paulo,
3637 3417 3714 3469 ni-

2127 3509 2418 3567 hilominus
2457 3495 2780 3580 evangelica:
2829 3507 3225 3576 praedicationis
3275 3506 3582 3577 injunctum
3619 3508 3710 3562 sibi

2128 3617 2264 3671 opus
2311 3603 2574 3658 exercuit.
2621 3601 2794 3658 Lucas
2839 3601 3082 3656 medicus
3128 3599 3539 3664 Antiochensis,
3568 3599 3712 3668 cujus

2129 3692 2331 3762 scripta
2384 3691 2622 3746 indicant
2674 3705 2797 3746 eum
2836 3689 3003 3745 fuisse
3050 3688 3221 3744 Graeci
3277 3689 3558 3744 sermonis
3611 3703 3710 3741 non

2131 3785 2402 3853 ignarum,
2430 3783 2532 3838 fuit
2573 3790 2811 3838 sectator
2835 3782 3063 3853 apostoli
3087 3782 3240 3836 Pauli
3281 3791 3338 3836 et
3375 3783 3562 3836 omnis
3603 3782 3711 3851 ejus

2130 3875 2580 3948 peregrinationis
2608 3889 2815 3939 comes,
2853 3873 3070 3943 scripsit
3117 3872 3496 3943 Evangelium,
3525 3872 3593 3926 de
3613 3885 3713 3940 quo

2131 3967 2274 4020 idem
2325 3964 2526 4020 Paulus
2571 3963 2859 4019 meminit:
2896 3962 3167 4027 Misimus,
3211 3961 3405 4032 inquit,
3454 3979 3578 4015 cum
3628 3959 3713 4016 illo

2133 4056 2366 4126 fratrem,
2391 4055 2544 4125 cujus
2571 4054 2688 4108 laus
2715 4055 2769 4108 in
2797 4053 3080 4123 Evangelia
3109 4063 3181 4107 est
3209 4069 3301 4121 per
3331 4069 3512 4107 omnes
3546 4051 3716 4105 Eccle~

2129 4149 2259 4202 sias.
2285 4147 2375 4201 Sic
2395 4154 2449 4200 et
2471 4147 2540 4200 ad
2565 4145 2913 4200 Colossenses
2948 4163 2960 4198 :
2997 4143 3206 4198 Salutat
3239 4161 3325 4198 vos
3353 4144 3529 4198 Lucas
3555 4145 3717 4198 medi-

2132 4255 2226 4293 cus
2265 4237 2626 4292 cltarissimus.
2659 4237 2726 4291 Et
2751 4237 2818 4292 ad
2847 4236 3189 4291 Timotheum
3228 4253 3240 4288 :
3279 4235 3456 4290 Lucas
3491 4246 3568 4290 est
3614 4252 3716 4290 me-

2133 4345 2250 4381 cum
2269 4326 2430 4381 solus.
2453 4326 2611 4381 Aliud
2637 4342 2854 4396 quoque
2897 4325 3068 4381 edidit
3113 4325 3368 4380 volumen
3418 4326 3716 4397 egregium.

447 4437 627 4505 ibique
647 4433 1085 4505 przedicationem
1109 4445 1261 4485 suam
1278 4443 1451 4498 usque
1466 4429 1533 4483 ad
1553 4427 1765 4481 titulum
1781 4442 1891 4483 suae
1912 4441 2029 4496 pas-
2057 4479 2106 4505 “
2133 4419 2274 4488 quod
2299 4417 2454 4472 titulo
2493 4418 2913 4487 apostolicorum
2939 4417 3174 4473 Actuum
3227 4426 3592 4488 praenotatur.
3621 4416 3722 4472 Cu-

453 4525 621 4580 sionis
660 4523 983 4592 perducens.
1010 4519 1240 4575 Lanceis
1265 4519 1407 4573 enim
1434 4517 1745 4582 transﬁxus,
1768 4517 2022 4573 occubuit

449 4617 503 4670 in
531 4614 804 4670 Calamina
823 4612 985 4666 Indiae
1006 4613 1155 4674 urbe,
1182 4610 1271 4664 ubi
1293 4617 1346 4663 et
1369 4610 1606 4678 sepultus
1628 4617 1710 4663 est
1729 4610 1782 4663 in
1800 4611 2021 4664 honore.

449 4704 873 4762 Bartholomzeus
907 4701 1198 4772 apostolus,
1227 4714 1423 4754 nomen
1450 4715 1516 4752 ex
1545 4698 1681 4769 Syra
1703 4699 1882 4770 lingua
1910 4715 2025 4754 sus-

451 4796 676 4867 cipiens,
713 4792 1038 4863 Lycaoniam
1069 4791 1121 4844 in
1150 4798 1348 4844 sortem
1374 4789 1766 4859 prmdicationis
1789 4791 2022 4860 accepit,

450 4897 613 4959 atque
651 4885 996 4954 Evangelium
1044 4883 1196 4953 juxta
1242 4881 1550 4936 Matthacum
1589 4881 1728 4950 apud
1772 4881 1930 4935 Indos
1972 4880 2026 4933 in

450 4995 636 5036 eorum
683 4977 922 5048 linguam
977 4975 1264 5032 convertit.
1305 4973 1386 5027 Ad
1419 4973 1668 5026 ultimum
1722 4973 1774 5026 in
1822 4972 2030 5027 Albano

450 5074 672 5144 majoris
700 5074 832 5126 urbe
854 5071 1123 5125 Armeniae
1147 5070 1333 5123 vivens
1363 5083 1392 5120 a
1417 5067 1669 5123 Barbaris
1695 5067 2030 5133 decoriatur,

451 5168 636 5237 sicque
664 5175 820 5220 terra:
850 5163 1117 5218 conditur.
1149 5160 1315 5216 Judas
1341 5160 1526 5216 Jacobi
1573 5159 1742 5214 frater
1771 5159 1824 5212 in
1861 5159 2033 5214 Meso-

449 5258 688 5327 potamia
717 5265 880 5325 atque
911 5252 1257 5308 interioribus
1293 5251 1446 5305 Ponti
1491 5250 1868 5320 evangelizans
1892 5248 2033 5305 feras

451 5359 506 5404 ct
531 5348 820 5404 indomitas
866 5355 1074 5416 gentes,
1107 5343 1262 5412 quasi
1311 5342 1609 5396 belluarum
1667 5349 1889 5395 naturas
1934 5355 2032 5395 suo

454 5450 641 5496 sancto
668 5441 919 5510 dogmate
957 5436 1187 5506 mitigat,
1221 5444 1274 5488 et
1296 5432 1416 5488 ﬁdei
1445 5434 1739 5488 Dominica:
1761 5431 2031 5504 subjugat.

456 5529 709 5600 Sepultus
729 5538 815 5586 est
843 5530 895 5584 in
937 5528 1122 5584 Nerito
1161 5526 1432 5580 Armeniae
1476 5526 1628 5581 urbe.
1660 5525 1789 5580 Post
1833 5531 2036 5595 marty-

457 5619 594 5672 rium
623 5619 812 5674 Jacobi
851 5626 936 5674 est
988 5617 1244 5672 continuo
1270 5621 1618 5668 Consecutum
1649 5613 1884 5668 civitatis
1910 5611 2036 5667 Hie-

459 5708 690 5766 rusalcm
713 5709 1004 5764 excidium.
1061 5706 1317 5763 Traditur
1374 5703 1668 5774 apostolos,
1703 5712 2034 5774 ceterosque

2053 4479 2106 4538 D

2123 4509 2215 4578 jus
2253 4509 2480 4564 historia
2521 4525 2692 4578 usque
2735 4509 3013 4564 biennium
3064 4508 3250 4564 Romae
3289 4519 3717 4563 commorantem

2131 4602 2376 4672 pervenit
2413 4601 2662 4666 Paulum,
2692 4602 2743 4657 id
2772 4610 2874 4666 est,
2907 4617 3079 4672 usque
3107 4601 3175 4656 ad
3205 4610 3462 4671 quartum
3492 4601 3721 4658 Nemnis

2135 4709 2354 4748 annum.
2397 4694 2475 4748 Ex
2511 4709 2617 4764 quo
2639 4693 2990 4764 intelligimus
3036 4695 3088 4747 in
3143 4694 3331 4749 eadem
3357 4693 3494 4749 urbe
3524 4693 3718 4749 librum

2134 4786 2250 4856 ejus
2269 4801 2386 4840 esse
2408 4785 2792 4854 conscriptum.
2821 4784 2990 4854 Igitur
3011 4783 3164 4838 Pauli
3191 4791 3246 4839 et
3269 4783 3447 4839 Teclaa
3471 4792 3526 4837 et
3558 4791 3720 4838 totam

2136 4876 2461 4945 baptizatum
2487 4875 2684 4930 Leonis
2711 4872 2994 4939 familiam,
3047 4874 3189 4930 inter
3242 4873 3544 4942 scripturas
3588 4889 3720 4943 apo-

2139 4967 2370 5038 cryphas
2415 4974 2806 5035 computemus.
2836 4965 2980 5021 Leve
3019 4966 3164 5020 enim
3199 4972 3283 5021 est
3308 4973 3368 5018 ut
3414 4964 3726 5019 individuus

2139 5076 2320 5116 comes
2366 5060 2594 5129 apostoli
2650 5059 2795 5114 inter
2839 5067 3066 5114 czcteras
3102 5058 3220 5128 ejus
3268 5072 3355 5111 res
3413 5057 3516 5111 hoc
3547 5055 3725 5111 solum

2139 5149 2487 5220 ignoraverit.
2513 5147 2620 5202 Sed
2647 5156 2703 5202 et
2731 5147 3096 5202 Tertullianus
3119 5147 3330 5202 vicinus
3353 5145 3565 5200 illorum
3593 5153 3727 5200 tem-

2137 5257 2329 5312 porum
2368 5240 2534 5296 refert
2553 5241 2926 5311 prcsbyterum
2959 5240 3244 5309 quemdam
3266 5238 3321 5291 in
3349 5237 3477 5291 Asia
3506 5238 3729 5290 nomine

2138 5332 2290 5387 Pauli
2320 5332 2623 5388 convictum
2655 5331 2794 5401 apud
2828 5329 3151 5392 Iohannem,
3185 5329 3329 5399 quod
3357 5336 3554 5381 auctor
3579 5332 3731 5380 esset

2134 5423 2279 5487 libri,
2307 5431 2360 5477 et
2380 5422 2687 5478 confessum
2713 5437 2770 5476 se
2797 5422 2898 5476 hoc
2919 5420 3068 5474 Pauli
3087 5432 3270 5474 amore
3287 5418 3504 5480 fecisse,
3531 5425 3587 5471 et
3606 5415 3729 5471 loco

2135 5513 2419 5568 excidisse.
2447 5512 2674 5579 Quidam
2712 5511 3077 5581 suspicantur,
3117 5509 3548 5579 quotiescunque
3577 5505 3724 5559 Pau-

2134 5605 2220 5661 lus
2248 5606 2302 5660 in
2332 5604 2585 5676 Epistolis
2609 5604 2743 5666 suis,
2768 5603 2943 5658 dicat:
2967 5601 3135 5655 Juxta
3158 5597 3508 5669 Evangelia»:
3527 5612 3730 5658 nam,

2086 5711 2102 5729 ⁸
2136 5699 2337 5755 Lucam
2369 5714 2397 5751 a
2435 5697 2598 5751 Paulo
2625 5694 2901 5761 didicisse,
2933 5693 3024 5764 qui
3070 5708 3196 5747 cum
3227 5690 3458 5746 Domino
3480 5689 3537 5743 in
3559 5699 3730 5743 carne
