3964 6172
315 289 454 347 1149

1405 276 1822 334 υιίιιοΝιευΝ.
1863 307 1934 316 —-
1973 274 2134 330 T0?!”
2174 277 2211 330 ll
2252 277 2378 331 L13.
2419 277 2482 331 ll.

3450 283 3586 339 H50

311 420 420 460 non
450 398 631 458 fuerit.
665 394 759 452 sed
806 409 837 447 a
887 390 1097 446 caeteris
1143 387 1438 459 apostolus.
1489 389 1648 456 Quod
1693 396 1748 442 et
1784 388 1896 458 ipse
1925 394 1974 455 Α
1999 397 2146 459 ptem
2172 388 2340 445 libros
2361 387 2566 444 Iudaici
2594 387 2719 444 belli
2767 389 3183 459 imperatoribus
3207 393 3346 462 patri
3369 394 3588 467 ﬁlioque

311 504 529 564 quoque
555 488 609 542 in
636 482 902 556 principio
929 478 1217 534 voluminis
1256 477 1340 530 sui
1368 475 1632 542 declarat,
1667 478 1852 531 dicens
1881 489 1896 527 :

314 586 466 640 Sicut
491 578 824 634 tradiderunt
851 573 1028 637 nobis,
1055 571 1141 642 qui
1166 587 1196 623 a
1218 569 1478 639 principio
1516 570 1616 639 ipsi
1638 569 1897 632 viderunt,

312 685 361 730 et
383 673 610 727 ministri
635 669 848 739 [uerunt
872 664 1148 718 sermonis.
1180 662 1350 732 Igitur
1374 661 1728 731 Evangelium
1761 661 1903 715 sicut

315 770 562 824 audierat
591 763 827 833 scripsit,
859 760 992 816 Acta
1021 774 1152 814 vero
1178 757 1546 828 apostolorum
1577 759 1720 812 sicut
1743 758 1897 812 vide-

315 869 403 916 rat
456 861 569 929 ipse
611 853 950 923 conscripsit.
995 850 1251 921 Sepultus
1279 857 1365 904 est
1408 847 1899 918 Constantinopoli,

314 949 585 1018 vigesimo
612 942 913 1002 Constantii
947 957 1110 1006 anno,
1141 957 1250 1011 quo
1294 955 1418 994 ossa
1465 938 1583 1007 ejus
1618 953 1740 993 cum
1772 938 1901 992 reli-

316 1041 462 1111 quiis
487 1038 716 1092 Andreae
761 1033 986 1104 apostoli
1023 1032 1284 1088 translata
1313 1038 1457 1086 sunt.
1487 1029 1707 1084 Marcus
1737 1044 1901 1084 evan-

317 1131 532 1203 gelista,
559 1129 623 1184 de
648 1143 753 1197 quo
782 1127 833 1180 in
859 1126 1041 1196 priore
1076 1124 1212 1178 libro
1233 1122 1608 1186 disseruimus,
1635 1135 1718 1183 ne,
1748 1129 1808 1174 ut
1827 1121 1904 1174 fe-

319 1233 468 1288 runt,
521 1223 586 1277 ad
638 1219 1001 1276 sacerdotium
1054 1224 1366 1272 moveretur
1406 1212 1747 1277 Iudaeorum,
1801 1212 1905 1267 sibi

317 1313 568 1384 pollicem
592 1309 820 1364 abscidit
852 1323 867 1360 ε
901 1307 1108 1377 primus
1142 1313 1318 1358 tamen
1352 1302 1694 1356 Alexandria:
1721 1302 1907 1356 cathe—

320 1406 478 1460 dram
505 1401 696 1465 tenuit,
723 1400 1039 1470 primusque
1067 1396 1340 1450 Ecclesias
1369 1394 1746 1466 [Egyptiorum
1780 1393 1902 1447 fun-

244 1524 250 1530 -
321 1497 488 1561 davit,
523 1495 688 1549 tantis
727 1493 984 1549 doctrina:
1013 1499 1067 1546 et
1093 1490 1437 1546 continentia:
1484 1488 1778 1544 virtutibus
1806 1487 1904 1543 ﬁo-

321 1603 469 1650 rens,
501 1593 558 1638 ut
588 1599 776 1638 omnes
837 1582 1083 1652 discipuli
1129 1581 1328 1636 Christi
1375 1579 1491 1648 ejus
1546 1580 1905 1635 imitationem

320 1685 700 1747 sequerentur.
730 1675 971 1729 Mortuus
1002 1682 1085 1728 est
1123 1681 1316 1728 octavo
1346 1672 1572 1727 Neronis
1605 1687 1769 1738 anno,
1793 1672 1908 1743 pla-

2001 479 2216 546 obtulit,
2247 481 2363 549 qui,
2386 487 2443 535 et
2465 480 2804 535 bibliotheca:
2843 482 3070 550 publica:
3104 484 3287 539 traditi
3335 495 3483 552 sunt,
3533 496 3590 542 et

2003 573 2072 627 ob
2102 573 2302 644 ingenii
2350 573 2576 644 gloriam
2607 582 2840 628 statuam
2869 591 3082 646 quoque
3131 578 3316 634 Romae
3363 582 3584 636 meruit.

2010 662 2242 734 Scripsit
2269 673 2452 720 autem
2489 674 2544 719 et
2573 665 2707 721 alios
2733 667 2920 738 viginti
2963 668 3362 739 Antiquitatum
3393 672 3584 738 libros,

2004 755 2073 810 ab
2098 755 2320 810 exordio
2335 756 2519 811 mundi
2536 772 2706 827 usque
2734 757 2800 811 ad
2819 767 3068 826 quartum
3089 761 3355 816 decimum
3381 778 3582 826 annum

2007 846 2295 901 Domitiani
2320 846 2572 912 Ctesaris,
2594 856 2650 902 et
2671 849 2778 903 duo
2805 849 3066 905 adversus
3085 849 3382 920 Appionem
3411 869 3592 923 gram-

2004 936 2262 991 maticum
2287 935 2733 992 Alexandrinum.
2767 937 2866 1005 Qui
2891 941 2990 995 sub
3019 940 3258 1011 Caligula
3288 943 3486 998 missus
3515 959 3584 998 ex

2004 1034 2156 1096 parte
2184 1028 2465 1098 gentilium
2494 1040 2685 1085 contra
2729 1031 3033 1098 Philonem,
3065 1034 3156 1101 qui
3203 1035 3367 1088 etiam
3391 1035 3589 1091 librum

2004 1119 2452 1188 vituperationem
2477 1123 2652 1190 gentis
2681 1121 2920 1179 Judaicze
2953 1124 3320 1182 continentem
3357 1129 3591 1198 scripse-

2007 1216 2112 1260 rat.
2165 1207 2320 1263 Alius
2349 1225 2563 1279 quoque
2614 1211 2751 1266 liber
2787 1212 2905 1280 ejus
2932 1215 3023 1284 qui
3077 1215 3394 1272 inscribitur
3438 1220 3593 1274 valde

2005 1297 2223 1365 elegans
2246 1299 2494 1364 habetur,
2533 1301 2586 1354 in
2611 1316 2719 1369 quo
2759 1311 2815 1356 et
2860 1303 3294 1362 Machabaaorum
3344 1318 3468 1363 sunt
3512 1311 3594 1364 di-

2006 1397 2156 1457 gesta
2186 1389 2465 1460 martyria.
2497 1389 2595 1445 Hic
2625 1392 2676 1444 in
2716 1392 3118 1463 Antiquitatum
3145 1397 3286 1454 libro
3315 1416 3446 1454 xvul
3477 1417 3593 1455 ma-

2006 1477 2357 1533 nifestissime
2386 1479 2696 1548 conﬁtetur,
2722 1493 2946 1553 propter
2971 1487 3395 1557 magnitudinem
3419 1489 3596 1560 signo-

2007 1583 2128 1621 rum
2153 1567 2429 1623 Christum
2457 1585 2486 1623 a
2509 1569 2799 1628 Pharisaeis
2821 1575 3188 1642 interfectum,
3213 1586 3269 1632 et
3290 1577 3593 1635 Iohannem

2006 1655 2304 1726 Baptistam
2333 1672 2460 1714 vere
2481 1661 2798 1729 prophetam
2838 1663 3023 1730 fuisse,
3048 1674 3102 1719 et
3131 1676 3352 1738 propter
3374 1670 3597 1725 interfe-

321 1743 443 1822 cid'a
502 1767 684 1836 quiete
731 1764 992 1836 sepultus.
1040 1764 1357 1818 Timotheus
1410 1763 1764 1834 Ephesiorum
1793 1765 1906 1834 epi-

2014 1749 2241 1804 ctionem
2315 1748 2503 1806 Jacobi
2571 1755 2798 1823 apostoli
2855 1757 3282 1830 Hierosolymam
3334 1762 3591 1818 dirutam.

324 1874 548 1928 scopus,
581 1859 647 1912 de
667 1857 886 1912 civitate
907 1855 1265 1910 Listrensium
1297 1863 1451 1925 patre
1477 1853 1690 1918 Graeco,
1721 1854 1774 1908 id
1803 1863 1905 1920 est,

321 1949 563 2012 ethnico,
593 1956 766 2002 matre
816 1955 995 2001 autem
1048 1944 1255 2010 Iudzca,
1288 1953 1346 2000 ut
1387 1943 1553 2000 refert
1594 1944 1906 2014 Apostolus,

321 2039 512 2094 dicens
545 2058 557 2092 :
593 2039 724 2105 Qum
746 2040 996 2092 habitavit
1021 2039 1150 2108 ﬁdes
1172 2040 1227 2092 in
1252 2041 1370 2093 avia
1395 2050 1486 2094 tua
1519 2039 1702 2104 Loitle,
1727 2049 1775 2094 et
1803 2057 1910 2094 ma-

323 2144 403 2186 tre
433 2143 524 2185 tua
574 2131 779 2186 Eunica
805 2131 936 2203 [A1,
978 2130 1204 2203 Euticej,
1236 2139 1446 2186 certum
1473 2139 1650 2186 autem
1681 2132 1824 2202 quod
1855 2139 1910 2186 et

326 2225 379 2278 in
407 2233 480 2278 te.
531 2221 630 2276 Hie
679 2221 779 2276 fuit
811 2222 1104 2292 discipulus
1145 2222 1318 2288 Pauli,
1371 2223 1594 2294 ejusque
1652 2223 1910 2293 spiritalis

327 2313 488 2379 ﬁlius,
540 2329 701 2384 quem
754 2329 983 2383 puerum
1030 2315 1246 2382 proprie
1295 2329 1479 2368 secum
1529 2315 1671 2368 idem
1713 2313 1909 2370 Paulus

329 2406 641 2475 assumpsit,
668 2405 757 2474 qui
803 2405 1030 2474 pudicus
1077 2413 1132 2458 et
1162 2405 1315 2475 virgo
1370 2405 1686 2474 permansit,
1712 2406 1911 2475 quique

327 2497 470 2564 apud
494 2495 762 2566 Ephesum
791 2497 842 2548 in
873 2504 1053 2549 monte
1079 2495 1170 2564 qui
1208 2503 1434 2549 vocatur
1455 2495 1586 2548 Pion
1631 2511 1752 2549 cum
1792 2512 1909 2549 ma-

328 2605 437 2660 gno
461 2590 664 2645 honore
692 2587 930 2656 sepultus
956 2588 1203 2657 quiescit.
1231 2587 1383 2642 Titus
1415 2587 1562 2640 Pauli
1593 2587 1908 2655 discipulus,

328 2691 384 2736 ct
408 2683 459 2735 in
492 2681 760 2750 baptismo
798 2680 958 2743 ﬁlius,
1007 2680 1221 2733 natione
1268 2679 1509 2744 Cnecus,
1561 2688 1616 2734 et
1661 2681 1910 2750 gentibus

328 2773 475 2827 solus
525 2788 553 2825 a
610 2772 774 2827 Paulo
821 2780 942 2841 post
977 2772 1320 2842 Evangelium
1357 2773 1730 2826 circumcisus.
1758 2773 1911 2828 llunc

331 2863 398 2915 ad
435 2860 826 2917 construendas
874 2861 1048 2914 Cretae
1089 2860 1359 2915 Ecclesias
1388 2861 1642 2928 praefatus
1692 2862 1912 2930 reliquit

327 2950 638 3020 Apostolus,
673 2951 854 3020 ibique
885 2951 938 3004 in
973 2964 1106 3018 pace
1154 2949 1438 3004 defunctus
1463 2959 1565 3013 est,
1607 2959 1770 3020 atque
1825 2965 1910 3004 se-

327 3039 514 3109 pultus
560 3039 816 3103 ilerman,
850 3037 1002 3106 cujus
1047 3039 1206 3093 etiam
1264 3038 1464 3093 Paulus
1514 3041 1582 3094 ad
1639 3041 1908 3097 Romanos

329 3130 597 3194 scribens,
657 3130 901 3184 meminit
946 3145 960 3182 :
1018 3127 1258 3183 Salutate
1303 3127 1596 3199 Flegunta,
1653 3129 1908 3199 Herman,

330 3217 642 3284 Patrobam,
665 3229 712 3273 et
737 3220 964 3289 quicum
987 3219 1060 3272 eis
1087 3228 1204 3272 sunt
1234 3218 1445 3287 fratres.
1479 3219 1742 3274 Asserunt
1768 3221 1912 3277 hunc

330 3318 608 3363 auctorem
647 3324 767 3363 esse
799 3309 920 3362 libri
947 3309 1375 3379 qui-appellatur
1397 3310 1658 3375 Pastoris,
1690 3322 1744 3366 et
1770 3314 1913 3382 apud

329 3401 591 3469 quasdam
620 3400 840 3455 Grazcize
886 3402 1155 3456 Ecclesias
1203 3402 1415 3472 publice
1469 3404 1686 3475 legitur,
1720 3421 1911 3462 revera

329 3493 480 3547 utilis
535 3492 706 3556 liber,
755 3493 1015 3562 multique
1073 3493 1140 3546 de
1191 3507 1256 3547 eo
1291 3495 1615 3562 scriptormn
1666 3504 1913 3550 veterum

331 3599 667 3653 usurparcre
713 3584 1042 3650 testimonia,
1074 3583 1166 3639 sed
1192 3584 1331 3654 apud
1358 3584 1576 3639 Latinos
1599 3601 1738 3654 pene
1764 3587 1916 3657 igno—

334 3683 425 3728 IIIS
445 3683 544 3729 est.

403 3765 574 3836 Igitur
598 3765 808 3820 Domini
827 3765 1074 3836 discipuli
1100 3767 1484 3836 praedicatores
1505 3766 1628 3821 ﬁdei
1650 3775 1706 3822 et
1727 3767 1915 3824 docto-

332 3871 423 3909 res
448 3855 705 3926 gentium,
746 3853 874 3908 dum
915 3870 1102 3910 omnes
1138 3871 1301 3910 unum
1335 3857 1462 3920 sint,
1505 3856 1700 3926 singuli
1732 3865 1913 3911 tamen

333 3948 499 4002 certis
526 3947 657 4002 locis
705 3948 760 4002 in
808 3950 1008 4002 mundo
1034 3949 1098 4002 ad
1125 3950 1524 4018 praedicandum
1570 3958 1754 4018 partes
1792 3965 1917 4020 pro-

332 4038 482 4106 prias
512 4045 855 4106 acceperunt.
893 4039 1046 4105 Quod
1075 4047 1133 4092 ut
1161 4039 1396 4093 breviter
1426 4049 1692 4108 repetam,
1723 4041 1917 4096 Petrus

336 4130 562 4183 Romam
593 4129 821 4198 accepit,
855 4129 1101 4185 Andreas
1148 4130 1428 4195 Achaiam,
1463 4129 1699 4186 Iacobus
1726 4132 1916 4202 Hispa-

337 4223 503 4285 niam,
530 4220 766 4274 Thomas
793 4221 1017 4285 Indiam,
1047 4219 1321 4275 Iohannes
1371 4221 1581 4285 Asiam,
1632 4222 1916 4278 Matthteus

338 4310 729 4374 Macedoniam,
764 4309 1042 4381 Philippus
1090 4311 1311 4375 Gallias,
1353 4311 1778 4368 Bartholomams
1815 4313 1917 4384 Ly-

335 4402 618 4467 caoniam,
667 4402 854 4456 Simon
909 4402 1120 4457 Zelotes
1173 4401 1497 4474 Egyptum,
1549 4404 1777 4459 Mathias
1820 4403 1913 4459 Iu-

334 4493 506 4546 daeam
534 4532 548 4557 ,
597 4491 827 4548 Iacobus
873 4493 1040 4547 frater
1086 4494 1293 4548 Domini
1343 4493 1702 4562 Hierusalem,
1749 4495 1914 4552 Iudas

334 4583 506 4637 frater
532 4584 718 4639 Jacobi
768 4585 1223 4655 Mesopotamiam.
1253 4585 1420 4640 Paulo
1450 4594 1630 4641 autem
1659 4602 1780 4642 cum
1810 4603 1916 4642 cte-

337 4673 470 4726 teris
497 4673 755 4743 apostolis
811 4674 954 4728 nulla
987 4691 1106 4730 sors
1143 4670 1361 4745 propria
1405 4677 1657 4742 traditur,
1702 4678 1828 4748 quia
1860 4678 1915 4732 in

334 4764 589 4818 omnibus
631 4765 882 4835 gentibus
927 4767 1182 4836 magister
1224 4775 1280 4821 et
1322 4769 1646 4837 przedicator
1675 4769 1911 4840 eligitur.

334 4853 473 4907 Nam
499 4854 810 4909 sicutPetro
831 4864 884 4910 et
913 4857 1134 4926 reliquis
1175 4858 1609 4914 circumcisionis
1637 4861 1912 4930 apostola-

338 4955 427 4998 tus
473 4953 556 4999 cst
614 4946 794 5011 datus,
825 4947 894 5000 ita
925 4946 1090 5001 Paulo
1117 4950 1360 5019 praeputii
1413 4951 1464 5004 in
1509 4953 1777 5022 gentibus.
1814 4952 1912 5008 llic

336 5043 518 5088 tamen
548 5045 752 5105 septem
803 5035 1060 5092 Ecclesiis
1085 5048 1137 5092 et
1168 5039 1340 5094 tribus
1379 5043 1713 5112 evangelizat
1750 5043 1914 5097 disci-

334 5122 498 5192 pulis.

920 5217 1146 5273 CAPUT
1185 5217 1246 5272 V.

415 5302 490 5358 De
506 5302 734 5375 Josepho
763 5305 1202 5378 historiograplto.
1241 5307 1307 5361 Et
1333 5325 1450 5378 qua:
1478 5309 1542 5362 de
1566 5308 1841 5366 Saluatore

987 5377 1279 5444 protulerit.

412 5481 530 5550 Quo
569 5485 732 5540 etiam
789 5497 1032 5557 tempore
1081 5485 1346 5557 Iosephus
1391 5487 1606 5544 Mathize
1654 5489 1796 5545 ﬁlius
1845 5508 1912 5546 ex

338 5573 726 5647 Hierosolymis
769 5579 1044 5644 sacerdos,
1092 5595 1123 5634 a
1158 5579 1487 5650 Vespasiano
1533 5589 1745 5651 captus,
1799 5593 1910 5638 tum

339 5662 464 5721 Tito
497 5667 607 5724 lilio
636 5667 750 5735 ejus
775 5669 992 5726 relictus
1021 5679 1123 5727 est.
1158 5671 1255 5728 llic
1285 5673 1510 5729 Romam
1554 5673 1802 5743 veniens,
1829 5689 1913 5731 see

2014 1841 2245 1910 Scripsit
2264 1850 2442 1898 autem
2472 1843 2540 1899 de
2569 1845 2795 1902 Domino
2826 1848 2879 1904 in
2909 1851 3052 1906 hunc
3077 1853 3296 1908 modum
3321 1873 3334 1909 :
3361 1853 3437 1910 Eo
3462 1865 3599 1912 tem-

2011 1948 2142 2002 pore
2167 1932 2270 1987 fuit
2319 1932 2476 1990 Iesus
2517 1937 2736 2006 sapiens
2785 1941 2888 2005 vir,
2931 1943 2976 1996 si
3026 1951 3206 1999 tamen
3261 1947 3436 2001 virum
3472 1963 3594 2003 eum

2011 2033 2224 2094 oportet
2244 2025 2446 2081 dicere.
2484 2027 2615 2082 Erat
2640 2039 2822 2086 autem
2849 2033 3177 2089 mirabilium
3205 2045 3448 2106 patrator
3471 2055 3600 2109 ope-

2011 2132 2152 2181 rum,
2175 2127 2232 2172 et
2261 2119 2453 2174 doctor
2480 2135 2668 2176 eorum
2692 2125 2784 2193 qui
2827 2124 3059 2181 libenter
3102 2143 3231 2184 vera
3275 2131 3596 2202 suscipiunt.

2011 2207 2280 2266 Plurimos
2307 2227 2524 2282 quoque
2555 2221 2664 2268 tam
2693 2214 2759 2269 de
2796 2213 2997 2286 Iudaeis
3025 2235 3188 2289 quam
3237 2222 3303 2276 de
3347 2224 3600 2292 gentibus

2012 2302 2096 2356 sui
2121 2302 2311 2357 habuit
2355 2314 2681 2373 sectatores,
2712 2310 3035 2366 credebatur
3061 2311 3331 2368 Christus.
3355 2314 3600 2385 Cumque

2013 2391 2211 2446 invidia
2239 2403 2553 2451 nostrorum
2579 2399 2882 2469 principum
2912 2401 3060 2456 cruci
3099 2417 3224 2457 eum
3269 2403 3474 2460 Pilatus
3504 2406 3601 2459 ad-

2013 2493 2256 2557 dixisset,
2284 2489 2638 2544 nihilominus
2663 2491 2754 2559 qui
2781 2507 2905 2545 eum
2931 2491 3254 2557 dilexerunt,
3287 2510 3602 2564 persevera-

2011 2591 2205 2637 verunt
2228 2584 2279 2636 in
2294 2596 2378 2636 eo.
2395 2579 2658 2651 Apparuit
2679 2589 2859 2636 autem
2874 2582 2952 2636 eis
2978 2584 3135 2639 tertia
3150 2584 3237 2640 die
3249 2585 3454 2641 vivens.
3475 2585 3604 2641 Mul-

2012 2681 2066 2727 ta
2082 2675 2196 2728 hazc
2216 2681 2270 2726 et
2291 2671 2394 2726 alia
2419 2671 2685 2726 mirabilia
2701 2671 3033 2728 carminibus
3057 2677 3440 2745 prophetarum
3457 2678 3522 2732 de
3535 2693 3601 2733 eo

2014 2765 2460 2827 vaticinantibus;
2485 2770 2541 2818 et
2555 2779 2725 2834 usque
2739 2764 2896 2820 hodie
2917 2781 3050 2836 gens
3065 2767 3134 2821 ab
3153 2769 3256 2822 hoc
3276 2769 3597 2824 vocabuhun

2015 2855 2228 2920 sortita,
2263 2870 2368 2908 non
2410 2853 2625 2908 defecit.
2658 2854 2838 2910 Refert
2875 2857 3040 2911 etiam
3075 2858 3216 2912 idem
3248 2859 3602 2932 historiogra«

2012 2951 2154 3013 phus
2199 2942 2478 2998 oraculum
2498 2944 2766 3013 quoddam
2793 2945 2849 2999 in
2875 2946 3046 3000 sacris
3072 2946 3266 3002 litteris
3297 2959 3594 3019 repertum,

2015 3032 2156 3101 quod
2187 3046 2284 3103 per
2317 3033 2457 3087 idem
2507 3041 2719 3104 tempus
2758 3032 2930 3088 virum
2984 3035 3294 3108 designaret
3321 3055 3387 3094 ex
3411 3056 3600 3098 eormn

2017 3122 2275 3192 religione
2302 3137 2708 3193 processurum,
2730 3125 2822 3194 qui
2852 3126 3020 3180 totius
3043 3128 3192 3183 orbis
3217 3129 3486 3198 potiretur
3506 3133 3604 3187 ini-

2015 3213 2186 3282 perio.
2221 3211 2386 3282 Cujus
2412 3214 2616 3268 oraculi
2656 3230 2979 3284 pmsagium
3005 3217 3395 3290 Vespasianum
3421 3223 3602 3279 decla-

2016 3319 2139 3360 rare
2166 3306 2492 3376 suspicatur.
2518 3305 2626 3362 Sed
2646 3306 3012 3378 Vespasianus
3035 3325 3142 3365 non
3165 3311 3287 3367 aliis
3307 3327 3468 3384 quam
3497 3314 3604 3373 illis

2016 3397 2144 3452 solis
2172 3399 2422 3468 gentibus
2457 3413 2578 3466 quae
2605 3397 2850 3454 Romano
2880 3400 3107 3470 imperio
3135 3402 3456 3459 videbantur
3474 3407 3606 3462 sub-

2017 3490 2142 3545 dita:
2190 3491 2501 3545 dominatus
2543 3497 2646 3553 est,
2675 3505 2776 3544 nec
2805 3491 2870 3544 de
2914 3491 3165 3560 prosapia
3212 3501 3306 3547 aut
3346 3494 3604 3564 religione

2020 3578 2332 3635 Iudteorum
2369 3579 2658 3649 processit.
2692 3579 3060 3647 Undejustius
3091 3583 3157 3635 ad
3184 3581 3462 3638 Christum
3488 3586 3604 3641 haec

2017 3685 2276 3741 responsa
2307 3670 2640 3735 referuntur,
2677 3671 2746 3725 ad
2775 3686 2937 3740 quem
2979 3670 3181 3725 Pater:
3214 3669 3342 3727 Pete
3366 3690 3397 3727 a
3430 3685 3600 3738 me,et

2017 3759 2152 3815 dabo
2181 3761 2276 3814 tibi
2324 3768 2499 3831 gentes
2529 3760 2888 3814 haereditatem
2918 3768 3085 3824 tuam,
3127 3769 3176 3814 et
3220 3763 3598 3831 possessionem

2015 3859 2160 3904 tuam
2193 3851 2442 3904 terminos
2465 3860 2638 3904 terrm.
2672 3850 2737 3904 Et
2773 3850 2926 3920 Cujus
2955 3866 3054 3921 per
3080 3851 3220 3906 idem
3255 3862 3464 3924 tempus
3502 3871 3602 3925 per

2017 3945 2287 4014 apostolos
2317 3960 2443 4001 suos
2477 3946 2529 3998 in
2567 3960 2782 3999 omnem
2815 3955 3013 4001 terram
3057 3947 3265 4002 exierat
3307 3963 3474 4003 sonus
3510 3963 3601 4004 eo-

2018 4052 2159 4104 rum,
2191 4045 2246 4094 et
2271 4039 2323 4092 in
2353 4038 2487 4093 ﬁnes
2515 4039 2666 4093 orbis
2694 4047 2852 4092 terra:
2879 4039 3044 4094 verba
3073 4054 3278 4094 eorum.

2630 4178 2858 4234 CAPUT
2891 4179 2976 4234 VI.

2383 4287 2462 4342 De
2490 4287 2774 4343 Domitiani
2796 4291 3030 4360 superbis
3055 4291 3231 4360 gestis.

2090 4403 2255 4474 Igitur
2275 4402 2614 4457 Domitianus
2637 4404 2950 4473 Vespasiani
2982 4413 3036 4458 et
3072 4405 3360 4462 Domitillae
3393 4405 3600 4462 liberta:

2021 4494 2182 4559 ﬁlius,
2215 4508 2501 4564 germanus
2526 4492 2653 4558 Titi,
2685 4493 2971 4563 imperavit
3007 4497 3162 4551 annis
3187 4497 3270 4551 15.
3300 4497 3405 4553 Iste
3424 4499 3603 4568 primo

2020 4584 2362 4640 clementiam
2391 4584 2671 4649 simulans,
2709 4600 2885 4654 neque
2913 4587 3046 4642 adeo
3084 4587 3232 4643 iners
3262 4589 3407 4644 domi
3437 4590 3604 4644 bello-

2017 4689 2124 4746 que
2151 4674 2465 4729 tolerantior
2487 4673 2790 4738 videbatur,
2817 4675 3034 4731 idcirco'
3053 4677 3239 4734 Cattos
3269 4677 3598 4734 Gemianos-

2019 4780 2125 4834 que
2157 4763 2375 4825 devicit,
2399 4765 2488 4833 jus
2526 4765 2835 4832 aequissime
2885 4767 3036 4831 dixit,
3063 4766 3249 4823 Roma:
3280 4769 3445 4822 multa
3471 4770 3600 4823 aedi—

2019 4857 2140 4912 ﬁcia
2170 4855 2253 4910 vel
2279 4865 2475 4924 empta,
2505 4856 2586 4909 vel
2614 4871 2643 4909 a
2671 4855 3036 4912 fundamentis
3057 4860 3378 4913 construxit.
3404 4859 3601 4913 Biblio-

2020 4949 2205 5004 thecas
2243 4947 2492 5001 incendio
2532 4956 2904 5017 consumptas,
2950 4949 3133 5018 petitis
3184 4950 3439 5020 undique,
3463 4965 3601 5019 pra:-

2017 5040 2205 5093 sertim
2222 5039 2288 5091 ab
2303 5036 2641 5097 Alexandria,
2659 5037 2938 5106 exemplis,
2963 5041 3250 5108 reparavit.
3269 5039 3495 5109 Sagitta:
3510 5055 3598 5094 um

2021 5137 2129 5183 tam
2153 5129 2345 5183 doctus
2381 5125 2502 5189 fuit,
2532 5134 2592 5178 ut
2637 5125 2779 5180 inter
2825 5137 3074 5196 patentes
3124 5129 3320 5198 digitos
3365 5137 3600 5183 extentae

2017 5234 2213 5273 manus
2240 5216 2344 5270 viri
2370 5215 2558 5284 procul
2606 5216 2766 5284 positi
2823 5218 3029 5286 spicula
3073 5217 3489 5273 transvolarent.
3516 5218 3599 5272 Ab

2018 5311 2121 5366 hoc
2147 5307 2403 5380 paulatim
2441 5321 2536 5376 per
2576 5323 2765 5363 omnes
2791 5311 3054 5364 scelerum
3079 5311 3277 5382 gradus
3325 5312 3515 5377 crevit,
3539 5325 3597 5367 ut

2017 5397 2544 5457 conﬁrmatissimam
2573 5407 2688 5454 toto
2729 5401 2862 5455 orbe
2901 5400 3102 5456 Christi
3152 5401 3470 5466 Ecclesiam,
3497 5402 3594 5458 da-

2015 5494 2082 5548 tis
2130 5493 2333 5563 ubique
2370 5490 2755 5546 crudelissima:
2795 5492 3188 5562 persecutionis
3242 5494 3433 5549 edictis
3468 5509 3600 5549 con-

2013 5585 2212 5640 vellere
2239 5580 2487 5639 auderet.
2531 5581 2582 5637 ls
2612 5583 2666 5636 in
2708 5590 2912 5637 tantam
2957 5583 3267 5653 superbiam
3311 5583 3596 5654 prolapsus

2015 5674 2134 5742 fuit,
2166 5681 2224 5728 ut
2249 5673 2411 5729 deum
2443 5685 2563 5727 sese
2606 5687 2669 5727 ac
2710 5671 2986 5729 dominum
3031 5672 3234 5740 vocari,
3285 5672 3470 5742 scribi,
3501 5691 3595 5730 co-
