3964 6172
500 309 525 322 ν

500 309 525 322 ,.

432 308 557 363 lIeI

1424 296 1813 352 FRECULPIII
1852 294 2307 350 LEXOVIENSiS
2348 293 2651 349 EPISCOI’I

3539 296 3701 349 Ηὅί

420 424 571 489 lique
613 417 853 487 jusserit.
886 413 1257 468 Nobilissimos
1291 417 1573 463 senatores
1600 407 1816 462 invidiae
1840 404 1998 461 simul
2025 409 2075 466 Α
2102 403 2521 475 prepinquitatis
2556 404 2757 460 Christi
2792 406 3169 476 praerogativa,
3213 408 3361 477 pacis
3387 408 3499 477 jam
3534 419 3687 463 tem-

429 532 492 571 ac
516 513 709 584 praedae
736 523 916 573 causa,
940 508 1077 561 alios
1096 505 1275 575 palam
1305 501 1597 567 interfecit,
1620 501 1756 556 alios
1776 500 1832 555 in
1856 499 2001 554 exsi-

430 610 559 663 lium
591 606 769 669 trusit,
801 603 980 672 ibique
1007 600 1265 655 trucidari
1290 598 1594 668 imperavit.
1621 596 1883 651 Libidinis
1919 595 2001 649 in-

429 696 786 767 temperantia
814 693 1073 763 quidquid
1102 692 1329 762 cogitari
1356 696 1533 760 potest
1556 688 1702 743 fecit.
1733 688 2001 743 Plurimas

428 787 578 840 urbis
596 783 757 849 audes,
772 784 1059 838 destructis
1075 781 1254 852 populi
1275 780 1498 835 Romani
1514 780 1695 843 rebus,
1713 777 1998 832 exstruxit.

428 879 629 933 Bellum
656 877 911 931 adversus
934 875 1235 930 Germanos
1263 882 1317 928 et
1346 874 1520 928 Dacos
1536 888 1635 943 per
1657 872 1862 941 legatos
1886 886 2005 941 ges—

432 969 518 1031 sit,
564 967 678 1036 pari
711 965 1017 1033 reipublicae
1058 964 1324 1033 pernicie,
1369 978 1494 1018 cum
1526 970 1580 1016 et
1617 962 1671 1016 in
1710 960 1857 1017 Urbe
1888 962 2005 1031 ipse

436 1068 673 1112 senatum
702 1057 1064 1126 populumque
1106 1055 1356 1118 laniaret,
1386 1062 1442 1108 et
1491 1052 1623 1107 foris
1648 1052 1790 1107 male
1829 1052 2004 1107 circu-

430 1158 664 1203 mactum
691 1148 985 1201 exercitum
1014 1146 1227 1199 assidue
1253 1146 1438 1198 hostes
1479 1143 1626 1198 ctede
1651 1143 2000 1197 conficerent.

432 1239 567 1293 Nam
594 1246 793 1308 quanta
828 1236 1028 1291 fuerint
1058 1235 1344 1304 Diurpanei
1383 1234 1646 1287 Dacorum
1692 1233 1836 1302 regis
1879 1248 2003 1287 cum

430 1329 607 1383 Fusco
645 1329 781 1382 duce
809 1326 1016 1396 prmlia,
1047 1335 1367 1393 quantmque
1408 1324 1775 1378 Romanorum
1794 1323 1999 1386 clades,

431 1419 589 1487 longo
639 1426 787 1471 textu
821 1417 1145 1480 evolverem,
1181 1416 1281 1469 nisi
1338 1414 1397 1468 C.
1454 1414 1690 1473 Tacitus,
1727 1414 1819 1482 qui
1866 1414 2004 1469 hanc

431 1510 713 1565 historiam
762 1506 1171 1576 diligentissime
1196 1505 1505 1569 contexuit,
1530 1506 1595 1558 de
1622 1505 1900 1558 reticendo
1923 1505 2006 1558 in-

436 1598 779 1653 terfectorum
809 1612 1057 1661 numero,
1087 1604 1142 1650 et
1183 1596 1477 1651 Salustium
1517 1596 1763 1664 Crispum
1789 1603 1845 1649 et
1872 1596 2004 1650 alios

433 1697 682 1743 auctores
712 1688 1137 1757 quamplurimos
1189 1687 1432 1741 sanxisse
1488 1695 1545 1740 et
1592 1687 1731 1741 idem
1767 1686 2003 1755 seipsum

432 1750 771 1848 potissimum
811 1750 1040 1848 elegisse
1082 1778 1325 1831 dixisset.
1370 1777 1707 1832 Domitianus
1745 1750 1865 1831 tam
1882 1792 2006 1847 pra-
2033 1750 2080 1809 Β

432 1868 651 1923 vissima
694 1868 867 1921 elatus
906 1866 1162 1937 jactantia
1184 1905 1200 1931 ,
1247 1867 1349 1921 sub
1380 1867 1597 1920 nomine
1627 1874 2004 1936 superatorum

432 1959 671 2013 hostium
708 1957 775 2013 de
802 1958 1084 2012 exstinctis
1124 1957 1422 2027 legionibus
1447 1956 1814 2027 triumphavit,
1841 1957 2008 2011 idem-

432 2067 539 2123 que
578 2051 830 2108 efferatus
877 2052 1159 2121 superbia,
1203 2067 1307 2121 qua
1367 2066 1426 2107 se
1465 2052 1625 2107 deum
1669 2050 1772 2105 coli
1820 2049 2000 2114 vellet,

433 2144 862 2214 persecutionem
885 2144 940 2197 in
962 2142 1298 2198 Christianos
1313 2144 1418 2216 agi,
1448 2143 1717 2197 secundus
1735 2154 1766 2195 a
1793 2138 2009 2196 Nerone

434 2234 738 2305 imperavit.

1031 2323 1257 2380 CAPUT
1297 2323 1408 2377 VII.

502 2413 581 2468 De
616 2415 862 2487 prosapia
891 2413 1084 2477 David,
1117 2423 1166 2467 et
1199 2414 1498 2495 propinquis
1524 2412 1719 2468 Christi
1751 2412 1816 2466 ab
1841 2412 1934 2465 illo

1075 2494 1355 2554 requisitas.

503 2595 649 2649 Inter
687 2593 901 2649 Judaeos
938 2610 1152 2665 quoque
1200 2594 1495 2649 acerbitate
1525 2600 1915 2649 tormentorum
1950 2600 2006 2648 et

433 2686 823 2741 cruentissima:
864 2685 1175 2755 quaestionis
1215 2684 1425 2754 exquiri
1451 2698 1620 2754 genus
1648 2682 1816 2739 David
1844 2691 2007 2752 atque

435 2777 665 2832 interﬁci
686 2787 1012 2847 prmceptum
1038 2786 1144 2840 est,
1175 2776 1302 2830 dum
1340 2774 1618 2845 prephetis
1641 2774 1846 2829 sanctis
1874 2773 2007 2829 iuvi-

435 2868 608 2932 detur,
624 2877 680 2922 et
698 2869 935 2923 creditur
947 2867 1101 2936 quasi
1125 2867 1300 2921 adhuc
1325 2865 1538 2920 futurus
1554 2872 1696 2919 esset
1708 2880 1775 2918 ex
1798 2863 2006 2919 semine

436 2956 602 3013 David
633 2959 724 3028 qui
754 2974 975 3029 regnum
1006 2958 1175 3028 possit
1201 2957 1447 3027 adipisci.
1484 2956 1786 3012 Verebatur
1809 2964 1864 3009 et
1890 2954 2007 3024 ipse

434 3058 652 3104 terreno
680 3050 881 3119 privari
925 3065 1089 3119 regno
1120 3066 1148 3102 a
1179 3049 1407 3103 Domino
1445 3048 1682 3113 Christo,
1724 3047 1865 3102 sicut
1901 3046 2006 3101 He-

2102 512 2233 569 pore
2264 497 2429 552 duces
2454 497 2935 563 Ecclesiareﬂ'ecti,
2971 514 3145 568 usque
3171 501 3239 554 ad
3286 500 3505 570 Trajani
3546 513 3699 557 tem-

2102 603 2236 657 pora
2273 595 2707 657 permanserunt.
2734 587 2861 645 Haec
2896 589 3114 658 quidem
3142 590 3457 661 Egesippus,
3500 593 3602 647 sed
3624 602 3699 647 et

2104 679 2468 735 Tertullianus
2514 682 2580 736 de
2628 681 2934 739 Domitiano
2975 683 3172 739 similia
3218 684 3407 750 refert,
3443 685 3639 742 dicens
3671 706 3689 740 :

2105 771 2357 827 Tentavit
2398 771 2685 840 aliquando
2728 780 2785 828 et
2833 774 3172 831 Domitianus
3221 776 3396 831 simile
3449 777 3688 848 aliquid,

2104 864 2280 933 portio
2311 861 2541 920 Neronis
2571 865 2638 920 de
2668 863 3006 930 crudelitate,
3051 868 3147 920 sed
3182 869 3336 938 quasi
3388 870 3554 925 homo
3581 871 3695 925 de-

2105 953 2244 1009 stitit
2271 954 2400 1018 cito,
2453 961 2513 1009 ut
2556 954 2718 1011 etiam
2746 969 2841 1012 eos
2883 971 3020 1024 quos
3057 957 3110 1011 in
3165 958 3413 1015 exsilium
3450 960 3690 1015 miserat

2105 1052 2403 1100 revocaret.
2432 1043 2620 1114 Itaque
2644 1045 2934 1101 Domitiani
2964 1062 3103 1101 uxor
3124 1058 3348 1118 augusta
3371 1051 3693 1121 appellatur

2105 1134 2323 1190 decreto
2349 1143 2587 1190 senatus.
2628 1134 2784 1191 Titus
2823 1136 2965 1191 inter
2996 1138 3125 1193 deos
3159 1139 3411 1195 refertur.
3435 1140 3485 1195 ls
3509 1143 3683 1196 etiam

2105 1223 2441 1278 Domitianus
2463 1225 2720 1294 templum
2754 1227 2872 1282 sine
2908 1228 3230 1283 admistione
3249 1230 3516 1301 lignorum
3547 1248 3683 1284 con-

2106 1315 2323 1369 struxit.
2348 1315 2493 1369 ldem
2522 1323 2684 1370 tanta:
2713 1318 2977 1386 superbia:
3010 1317 3134 1383 fuit,
3171 1329 3233 1373 ut
3272 1336 3465 1375 aureas
3490 1331 3549 1376 et
3591 1338 3685 1374 ar-

2105 1414 2326 1475 genteas
2358 1414 2567 1464 statuas
2608 1408 2709 1462 sibi
2741 1408 2795 1462 in
2837 1408 3102 1478 Capitolio
3142 1413 3268 1480 poni
3300 1411 3551 1481 jusserit,
3576 1414 3685 1469 sub

2105 1510 2212 1564 quo
2232 1495 2451 1551 Brutius
2478 1496 2739 1566 plurimos
2776 1498 3205 1556 Christianorum
3244 1505 3503 1575 martyrio
3549 1520 3686 1558 con-

2107 1587 2255 1647 fecit.
2282 1588 2430 1646 Inter
2449 1605 2586 1659 quos
2606 1600 2663 1645 et
2689 1589 2750 1646 F.
2776 1591 3101 1647 Domitillam
3126 1593 3187 1647 F.
3221 1594 3515 1650 Clementis
3543 1611 3677 1650 con-

2106 1678 2240 1733 sulis
2270 1693 2337 1733 ex
2362 1694 2547 1735 sorore
2575 1689 2789 1749 neptem
2832 1682 2885 1736 in
2916 1683 3143 1739 insulam
3191 1683 3507 1740 Pontianam
3545 1687 3685 1741 rele-

2107 1777 2285 1841 gatum
2315 1772 2590 1840 deportari
2628 1773 2887 1841 jusserat,
2917 1777 3040 1845 quia
3074 1792 3131 1831 se
3157 1775 3517 1833 Christianam
3555 1794 3693 1834 esse

2107 1867 2300 1915 testata
2331 1862 2420 1916 sit.
2439 1861 2591 1916 Tunc
2616 1871 2672 1917 et
2694 1864 2967 1933 apostolus
2988 1863 3282 1932 Iohannes,
3311 1866 3364 1920 in
3389 1867 3680 1922 Pathmum

2106 1949 2337 2007 insulam
2384 1951 2686 2021 relegatus,
2725 1954 3098 2026 Apocalypsim
3127 1957 3280 2011 vidit.
3304 1956 3467 2011 Multa
3509 1960 3683 2013 etiam

2107 2038 2259 2110 signa
2284 2054 2349 2095 eo
2382 2047 2625 2112 tempore
2652 2050 2812 2112 atque
2836 2052 3081 2114 portenta
3104 2044 3289 2101 Romae
3318 2056 3374 2101 et
3399 2055 3513 2103 toto
3545 2049 3682 2102 orbe

2107 2128 2250 2185 facta
2300 2139 2445 2186 sunt.
2478 2130 2744 2188 Continuo
2778 2141 2959 2189 tamen
2998 2135 3332 2191 Domitianus
3386 2138 3683 2194 crudeliter

2108 2221 2163 2276 in
2193 2220 2393 2292 palatio
2418 2238 2450 2277 a
2479 2224 2592 2279 suis
2615 2224 2932 2282 interfectus
2958 2234 3059 2283 est.
3082 2227 3246 2298 Cujus
3269 2230 3503 2286 cadaver
3533 2232 3679 2305 igno-

2107 2312 2490 2369 miniosissime
2511 2324 2857 2386 exportatum
2882 2326 3045 2388 atque
3068 2319 3334 2389 sepultum
3360 2328 3460 2375 est.

2688 2429 2916 2487 CAPUT
2948 2430 3078 2486 VIII.

2105 2497 2182 2553 De
2207 2498 2393 2553 Nerva:
2412 2500 2649 2570 operibus
2670 2500 2836 2565 bonis,
2855 2512 2903 2556 et
2924 2500 3141 2573 Trajani
3159 2503 3314 2572 gestis
3332 2503 3675 2557 mirabilibus.

2174 2587 2302 2642 Post
2342 2588 2703 2645 Domitianum
2748 2606 2878 2646 vero
2915 2590 3087 2647 Nerva
3129 2594 3365 2662 suscepit
3407 2594 3678 2664 principa-

2105 2685 2218 2731 tum
2243 2678 2377 2733 :sub
2396 2693 2503 2748 quo
2528 2693 2718 2735 omnes
2741 2680 2955 2750 quidem
2998 2683 3266 2738 honorum
3303 2684 3441 2738 tituli
3486 2686 3579 2753 qui
3624 2689 3676 2739 in

2106 2766 2468 2823 Domitianum
2512 2769 2689 2825 collati
2730 2770 2945 2826 fuerant
2985 2772 3356 2829 detrahuntur.
3413 2774 3679 2829 Revocari

2106 2868 2286 2915 autem
2315 2862 2620 2931 quicunque
2639 2862 2709 2918 ab
2732 2878 2797 2918 eo
2824 2863 2881 2918 in
2906 2863 3155 2919 exsilium
3188 2865 3322 2919 trusi
3354 2873 3480 2920 sunt
3504 2881 3571 2920 ac
3600 2882 3682 2919 re—

2105 2949 2287 3019 cipere
2336 2949 2619 3007 facultates
2665 2967 2734 3007 ex
2779 2954 3243 3011 senatusconsulto
3278 2955 3557 3027 jubentur.
3606 2955 3684 3009 De

2107 3039 2300 3109 quibus
2328 3041 2550 3111 singulis
2588 3043 2952 3099 testimonium
2979 3045 3266 3114 perhibent
3304 3047 3398 3116 qui
3441 3056 3591 3118 gesta
3622 3047 3684 3101 ξι-

435 3140 596 3192 rudes
623 3116 741 3206 ejus
771 3140 951 3193 audita
985 3116 1287 3192 nativitate.
1313 3138 1467 3193 Unde
1496 3137 1732 3206 perquiri
1769 3135 2007 3204 iusserat
2031 3116 2076 3179 (ἶ
2106 3132 2280 3187 lorum
2318 3142 2616 3205 temporum
2653 3136 3107 3205 conscripserunt.
3158 3137 3308 3193 Tunc
3349 3116 3511 3208 igitur
3553 3152 3683 3206 apo-

436 3227 672 3297 regalem
716 3227 882 3281 David
915 3228 1218 3298 prosapiam
1259 3228 1327 3281 ad
1371 3235 1621 3289 mortem,
1676 3226 1759 3281 vel
1806 3226 2006 3281 Christi
2108 3224 2302 3279 stolum
2327 3223 2587 3281 Joannem
2617 3227 2684 3283 de
2716 3227 2886 3282 insula
2913 3227 3182 3298 Ephesum
3219 3230 3375 3299 quasi
3423 3229 3492 3283 ad
3531 3231 3684 3284 scho-

436 3317 731 3371 secundum
765 3332 986 3372 carnem
1009 3315 1357 3386 propinquos.
1390 3315 1540 3369 Tunc
1568 3315 1789 3384 quidam
1819 3315 1885 3370 de
1913 3330 2010 3384 po-
2107 3311 2214 3366 lam
2234 3315 2506 3384 propriam
2545 3316 2770 3381 redisse,
2810 3326 3119 3373 nostrorum
3156 3319 3451 3388 scriptores
3497 3319 3677 3374 decla-

437 3410 683 3465 steritate
716 3409 883 3464 David
916 3408 1077 3464 delati
1098 3418 1226 3463 sunt
1253 3408 1321 3462 ad
1353 3407 1642 3463 Caesarem.
1675 3406 1817 3477 Ergo
1843 3407 2009 3464 inter-

438 3499 613 3569 rogati
641 3515 672 3553 a
712 3500 1019 3557 Domitiano
1064 3500 1111 3554 si
1160 3506 1345 3553 essent
1380 3513 1446 3552 ex
1488 3497 1689 3552 familia
1742 3498 1910 3553 David
1955 3505 2011 3553 et

437 3591 722 3661 propinqui
752 3591 976 3655 Christi,
1010 3590 1240 3646 confessi
1267 3599 1394 3645 sunt
1426 3604 1484 3645 se
1505 3604 1646 3645 esse.
1686 3588 1839 3644 Tunc
1858 3604 2008 3658 quie-

435 3683 563 3737 sivit
587 3684 655 3738 ab
671 3683 751 3737 eis
778 3682 995 3752 quantis
1020 3682 1448 3752 possessionibus
1478 3680 1564 3735 vel
1589 3681 1805 3751 quantis
1828 3688 2011 3737 essent

446 3771 796 3829 facultatibus
816 3772 1045 3844 praediti,
1080 3780 1135 3826 at
1158 3771 1231 3825 illi
1258 3771 1648 3841 responderunt
1682 3771 1823 3840 quod
1848 3771 2010 3826 utris-

435 3878 544 3932 que
591 3879 697 3919 non
727 3864 958 3934 amplius
1001 3870 1147 3921 esset
1186 3863 1241 3917 in
1280 3864 1437 3919 bonis
1467 3878 1500 3917 a
1537 3878 1731 3919 novem
1776 3863 2012 3920 millibus

441 3955 697 4009 denariis.
729 3953 808 4008 Ex
836 3952 1032 4023 quibus
1057 3952 1281 4023 singulis
1317 3967 1445 4022 pars
1469 3953 1643 4007 media
1664 3952 2011 4022 proportione

442 4044 748 4107 deberetur,
772 4057 873 4098 nec
899 4042 1001 4097 hoc
1021 4042 1123 4098 sibi
1149 4043 1203 4096 in
1232 4042 1474 4111 pecuniis
1500 4041 1813 4107 subsistere,
1842 4042 1937 4097 sed
1956 4042 2009 4096 in

444 4134 802 4187 mstimatione
831 4140 1009 4196 terrae,
1032 4146 1151 4202 quae
1176 4131 1257 4185 eis
1284 4139 1427 4185 esset
1454 4131 1507 4184 in
1532 4130 1886 4199 quadraginta
1911 4130 2012 4183 mi-

443 4240 543 4278 nus
570 4239 676 4278 uno
694 4220 974 4293 jugeribus
1001 4223 1312 4287 constituta,
1336 4235 1493 4291 quam
1513 4220 1625 4274 suis
1643 4220 1892 4275 manibus
1918 4235 2012 4275 ex-

442 4314 704 4379 colentes,
732 4314 817 4368 vel
846 4313 946 4383 ipsi
972 4313 1265 4377 alerentur,
1290 4311 1373 4367 vel
1394 4312 1593 4366 tributa
1613 4311 2006 4380 dependereut;

2108 3411 2249 3459 rant.
2299 3404 2539 3477 Namque
2565 3407 2740 3463 Nerva
2786 3408 3074 3477 Trajanum
3102 3411 3154 3465 in
3185 3410 3341 3465 liberi
3366 3410 3571 3474 locum,
3602 3412 3681 3464 in-

2108 3510 2213 3565 que
2231 3504 2441 3564 partem
2462 3498 2672 3569 imperii
2704 3500 2995 3570 adoptavit.
3042 3500 3143 3567 Qui
3172 3501 3322 3566 dum,
3364 3510 3681 3572 suggerente

2108 3586 2209 3652 ira,
2237 3596 2426 3643 contra
2452 3591 2734 3659 quemdam
2766 3592 3009 3662 regulum
3034 3593 3312 3659 clamaret,
3343 3594 3541 3648 sudore
3567 3609 3679 3647 cor-

2109 3689 2293 3749 reptus
2335 3690 2436 3736 est.
2490 3682 2606 3749 Quo
2646 3683 3045 3754 refrigescentc,
3081 3685 3272 3739 horror
3308 3687 3558 3754 corporis
3602 3686 3680 3738 nio

2107 3773 2275 3829 mium
2302 3773 2545 3842 iniquum
2574 3772 2709 3829 febri
2733 3776 2979 3846 prmhuit,
3029 3791 3130 3830 nec
3170 3776 3340 3830 multo
3369 3785 3493 3845 post
3516 3778 3674 3829 vitam

2109 3861 2302 3927 finivit,
2332 3877 2473 3917 anno
2507 3864 2683 3919 aetatis
2709 3866 3040 3934 sexagesimo
3071 3867 3248 3920 tertio.
3303 3864 3470 3933 Cujus
3490 3882 3681 3935 corpus

2108 3969 2142 4009 a
2171 3962 2358 4009 senatu
2380 3963 2442 4009 ut
2468 3955 2738 4025 quondam
2776 3957 3001 4028 Augusti
3031 3959 3236 4012 honore
3261 3957 3461 4023 delato,
3511 3958 3565 4012 in
3604 3972 3684 4012 se-

2108 4044 2297 4114 pulcro
2343 4044 2569 4116 Augusti
2607 4046 2877 4116 sepultum
2926 4056 3027 4102 est.
3079 4048 3279 4103 Eodem
3330 4065 3440 4118 quo
3484 4049 3685 4104 interiit

2110 4134 2197 4189 die
2225 4133 2352 4189 solis
2382 4134 2610 4189 defectio
2638 4135 2782 4190 facta
2824 4144 2928 4192 est.
2967 4135 3255 4205 Imperavit
3288 4154 3488 4192 annum
3526 4153 3685 4191 unum

2109 4228 2166 4276 et
2220 4236 2433 4277 menses
2479 4232 2729 4292 quatuor.
2782 4223 2888 4278 Iste
2922 4223 3122 4279 tributa
3171 4224 3433 4279 relaxavit
3481 4226 3683 4287 multa,

2111 4310 2335 4368 afﬂictas
2362 4312 2609 4370 civitates
2638 4313 2915 4370 relevavit.
2955 4314 3169 4371 Puellas
3195 4330 3502 4385 puerosque
3527 4326 3680 4369 natos

443 4404 601 4459 simul
626 4413 681 4458 et
706 4411 875 4458 testes
897 4404 1092 4459 ruralis
1113 4413 1169 4458 et
1192 4402 1371 4459 diurni
1408 4401 1590 4471 aperis
1614 4416 1806 4455 manus
1828 4401 2011 4456 labore
2038 4451 2089 4512 Β
2112 4404 2424 4512 parentibus
2453 4404 2715 4473 cgestosis
2760 4412 2974 4476 sumptu
3016 4405 3230 4475 publico
3262 4420 3360 4475 per
3393 4406 3558 4461 Italia:
3595 4421 3685 4475 op-

444 4494 647 4563 rigidas
669 4501 725 4547 et
759 4494 910 4548 callis
951 4495 1242 4551 obduratas
1269 4494 1645 4565 praeferebant.
1695 4493 2012 4565 Interrogati
2038 4490 2088 4512 ν
2113 4490 2238 4561 pida
2278 4491 2347 4546 ali
2389 4492 2571 4561 jussit.
2624 4491 2889 4562 Trajanus
2912 4504 3035 4564 post
3067 4494 3299 4551 Nervam
3329 4498 3564 4565 suscepit
3590 4497 3688 4550 im-

444 4597 574 4638 vero
605 4584 672 4638 de
697 4583 913 4639 Christo
945 4584 1100 4653 quale
1126 4586 1197 4640 sit
1226 4601 1452 4656 regnum
1481 4586 1617 4656 ejus,
1644 4586 1730 4641 vel
1758 4586 1849 4655 qui
1874 4586 2009 4656 ipse,

445 4681 541 4727 aut
567 4673 728 4740 unde,
768 4682 863 4729 aut
899 4674 1114 4743 quando
1141 4684 1417 4744 venturus,
1446 4677 1841 4746 responderunt
1871 4676 2012 4746 quod

444 4780 552 4821 non
580 4764 741 4835 hujus
767 4767 953 4822 mundi
977 4782 1224 4837 regnum,
1256 4783 1429 4837 neque
1461 4767 1622 4836 hujus
1653 4777 1812 4823 terra:
1841 4768 1894 4823 ei
1919 4769 2014 4824 de-

2113 4585 2343 4654 perinm,
2365 4585 2503 4656 apud
2530 4585 2877 4656 Agrippinam
2914 4588 3147 4643 nobilem
3183 4590 3447 4671 colpniam
3483 4589 3680 4649 Gallia,

2114 4678 2318 4734 habens
2355 4678 2687 4750 diligentiam
2720 4678 2775 4733 in
2797 4695 2856 4735 re
2882 4680 3123 4745 militari,
3171 4681 3226 4735 in
3261 4680 3511 4736 civilibus
3554 4680 3685 4743 leni-

2114 4774 2304 4835 tatem,
2331 4768 2387 4822 in
2412 4769 2754 4825 sublevandis
2780 4770 3089 4826 civitatibus
3126 4771 3485 4842 largitionem.
3520 4770 3681 4827 Cum-

446 4855 687 4927 signetur
712 4856 1020 4926 imperium,
1051 4858 1147 4913 sed
1176 4857 1302 4927 quia
1330 4858 1548 4914 caeleste
1573 4856 1624 4912 ei
1651 4872 1875 4926 regnum
1917 4872 2014 4927 per
2114 4874 2220 4930 que
2244 4859 2351 4917 duo
2377 4860 2486 4915 sint
2517 4875 2637 4932 quae
2664 4861 2733 4915 ab
2761 4864 2994 4934 egregiis
3014 4863 3344 4933 principibus
3366 4872 3680 4933 exspecten-

446 4949 760 5020 angelorum
813 4952 1113 5009 ministeria
1165 4954 1220 5009 in
1271 4952 1768 5010 consummationes
1829 4954 2013 5009 saeculi
2122 4957 2227 5015 tur,
2262 4950 2519 5009 sanctitas
2556 4950 2717 5017 domi,
2762 4951 2818 5006 in
2862 4953 3029 5008 armis
3066 4952 3345 5020 fortitudo,
3374 4954 3427 5008 in
3461 4962 3685 5021 utroque

446 5049 798 5111 praeparetur,
820 5041 1035 5110 quando
1074 5042 1281 5098 scilicet
1315 5042 1614 5098 adventans
1651 5043 1706 5097 in
1734 5042 1921 5111 gloria,
1945 5045 2014 5101 de
2118 5039 2424 5111 Prudentia,
2455 5046 2636 5096 tantus
2667 5049 2784 5095 erat
2812 5040 2865 5095 in
2891 5056 2958 5096 eo
2982 5043 3339 5097 maximarum
3364 5056 3542 5099 rerum
3567 5057 3681 5096 mo-

446 5128 586 5184 vivis
607 5145 672 5185 ac
695 5132 923 5186 mortuis
938 5130 1220 5200 judicabit,
1249 5139 1303 5188 et
1327 5133 1579 5188 restituet
1604 5132 1896 5203 unicuique
1921 5149 2020 5203 pro
2120 5129 2241 5193 dus,
2278 5138 2338 5184 ut
2381 5130 2535 5199 quasi
2576 5140 3000 5201 temperamento
3039 5132 3271 5203 quodam
3311 5135 3538 5188 virtutes
3580 5134 3685 5188 mi-

446 5218 608 5276 factis
630 5236 696 5277 ac
719 5223 929 5278 meritis
971 5224 1102 5279 suis.
1134 5224 1215 5279 Ad
1237 5225 1355 5280 haec
1394 5225 1752 5291 Domitianus,
1774 5241 1899 5282 cum
1925 5241 2021 5282 ne-
2119 5218 2324 5274 scuisse
2361 5219 2653 5284 videretur.
2696 5222 2802 5276 nisi
2838 5223 2982 5291 quod
3009 5223 3129 5279 cibo
3158 5224 3388 5293 vinoque
3414 5223 3683 5293 paululum

446 5324 554 5380 que
576 5312 632 5369 in
648 5313 734 5370 eis
757 5313 1049 5385 quidquam
1079 5315 1323 5373 criminis
1360 5316 1650 5382 inveniret,
1677 5325 1734 5372 et
1752 5317 2015 5372 vilitatem
2119 5309 2333 5366 deditus
2359 5321 2477 5367 erat
2509 5329 2523 5366 :
2552 5313 2785 5370 liberalis
2822 5314 2879 5371 in
2924 5315 3149 5380 amicos,
3189 5325 3243 5371 et
3282 5325 3540 5386 tauquam
3564 5317 3688 5371 vita:

443 5414 632 5457 eorum
657 5417 820 5471 quam
842 5405 1077 5462 maxime
1099 5415 1490 5475 contemneret,
1512 5408 1664 5465 abire
1686 5421 1782 5464 eos
1816 5407 2015 5464 liberos
2120 5400 2422 5457 conditione
2447 5418 2545 5472 par
2566 5404 2914 5462 societatibus
2939 5404 3164 5475 perfrui.
3216 5405 3319 5472 Qui
3360 5414 3421 5460 ut
3460 5405 3687 5476 insignia

440 5490 615 5560 iubet,
638 5495 734 5550 sed
772 5503 828 5550 et
860 5498 1290 5567 persecutionem
1317 5513 1483 5568 quam
1532 5499 1792 5555 adversus
1828 5497 2014 5559 Eccle-
2120 5490 2327 5573 imperii
2366 5501 2451 5549 est
2487 5494 2712 5564 adeptus
2743 5510 2866 5550 mox
2889 5494 3233 5551 Germaniam
3264 5505 3420 5552 trans
3442 5497 3687 5551 Rhaum

444 5582 557 5638 sias
574 5585 765 5655 agitari
788 5586 1046 5655 jusserat,
1076 5591 1215 5646 datis
1242 5606 1457 5646 rursum
1479 5590 1775 5660 compescit
1794 5590 2009 5646 edictis.
2117 5583 2173 5637 iu
2200 5584 2484 5652 pristinum
2511 5594 2712 5642 statum
2743 5586 2973 5653 reduxit,
3012 5597 3161 5643 trans
3204 5588 3507 5644 Danubium
3553 5586 3691 5643 mul-

447 5667 525 5722 llli
551 5686 678 5728 vero
695 5674 906 5733 dimissi
921 5678 991 5733 ab
1011 5696 1095 5748 eo,
1117 5681 1203 5736 vel
1224 5682 1466 5751 martyrii
1492 5682 1711 5748 merito,
1738 5681 1822 5738 vel
1848 5690 2008 5738 tanta:
2118 5685 2199 5732 tas
2227 5684 2414 5747 gentes
2435 5678 2666 5751 subegit.
2718 5679 2983 5749 Regiones
3009 5689 3188 5739 autem
3227 5690 3377 5737 trans
3411 5681 3690 5738 Eufraten)
