3964 6172
336 221 476 276 H53

327 424 604 485 sifontem,
633 429 688 475 et
709 419 1036 490 Babylonem
1062 420 1350 489 occupavit
1372 429 1428 475 et
1454 421 1644 475 tenuit.
1690 422 1746 475 in
1775 423 1913 476 mari

327 514 514 569 Rubro
538 511 765 567 classem
795 510 1063 565 instituit:
1093 518 1151 565 ut
1183 526 1283 581 per
1310 526 1431 565 eam
1459 511 1621 566 Indiae
1655 512 1791 567 ﬁnes
1822 528 1916 566 va—

327 614 518 661 staret.
566 604 706 658 Hine
740 602 1004 671 Trajanus
1048 603 1378 665 Armeniam,
1410 603 1712 673 Assyriam,
1742 604 1913 659 Meso-

325 696 621 766 potamiam
651 693 781 749 fecit
811 694 1136 763 provincias.
1202 694 1316 747 Sub
1349 708 1456 762 quo
1486 692 1652 747 Judaei
1685 695 1736 747 in
1765 694 1911 748 sedi-

325 791 528 843 tionem
549 787 714 850 versi,
750 801 857 840 uno
885 793 1145 855 tempore,
1177 785 1333 854 quasi
1364 786 1511 840 rabie
1548 785 1779 851 efferati,
1814 802 1913 856 per

323 882 566 935 diversas
598 887 864 933 terrarum
912 887 1097 947 partes
1143 886 1482 932 exarserunt.
1534 877 1671 932 Nam
1713 886 1767 933 et
1813 893 1912 948 per

323 982 492 1026 totam
535 971 758 1040 Libyam
817 971 1074 1025 adversus
1126 969 1331 1024 incolas
1384 969 1722 1023 atrocissima
1768 967 1908 1023 bella

320 1072 625 1132 gesserunt.
686 1062 816 1129 Qtue
877 1064 1011 1117 adeo
1074 1072 1204 1116 tunc
1251 1060 1549 1116 interfectis
1615 1060 1910 1115 cultoribus

319 1152 561 1206 desolata
592 1161 696 1217 est,
731 1161 790 1206 ut
817 1152 916 1205 nisi
950 1160 1134 1221 postea
1167 1151 1436 1205 Adrianus
1470 1152 1763 1220 imperator
1798 1151 1909 1206 col-

318 1243 488 1297 lectas
521 1243 648 1297 illuc
693 1242 905 1297 aliunde
943 1242 1183 1297 colonias
1213 1243 1540 1307 deduxisset,
1569 1258 1737 1296 vacua
1765 1244 1909 1312 peni-

318 1344 407 1388 tus
446 1341 591 1387 terra
648 1333 842 1387 abraso
893 1333 1198 1387 habitatore
1249 1334 1559 1387 mansisset.
1610 1331 1905 1403 Egyptum

316 1439 450 1480 vero
474 1434 665 1491 totam,
693 1433 747 1479 et
768 1423 1055 1496 Cyrenem,
1078 1433 1133 1478 et
1162 1424 1513 1489 Thebaidam,
1544 1424 1783 1478 cruentis
1821 1438 1906 1477 se-

316 1516 614 1571 ditionibus
641 1517 1014 1571 turbaverunt.
1065 1515 1120 1568 In
1150 1514 1532 1568 Alexandriam
1562 1523 1742 1569 autem
1765 1528 1907 1568 com-

315 1609 484 1663 misso
512 1607 716 1678 prmlio,
749 1607 877 1661 victi
921 1607 1184 1661 eteattriti
1231 1616 1376 1661 sunt.
1426 1606 1482 1660 In
1520 1606 1899 1675 Mesopotamia

1424 216 1836 274 CHRONICON.
1876 247 1947 259 -—
1985 217 2149 274 ΤΟΜΙ
2189 218 2232 274 Il
2269 219 2399 274 LIB.
2438 221 2501 275 η.

330 341 387 388 et
413 327 617 401 Tigrim
648 328 783 386 sitas
812 327 1118 398 provincias
1151 326 1280 383 fecit
1309 347 1320 381 :
1353 326 1657 385 Seleuciam
1692 340 1747 385 et
1777 329 1914 386 The-
1944 337 1991 396 Α

3457 234 3590 289 lilii

2615 331 2842 389 CAPUT
2897 335 2986 390 IX.

2120 424 2197 479 De
2235 424 2461 480 Joannis
2502 426 2828 497 evangelista:
2878 431 3201 488 mirabilibus
3239 444 3285 488 et
3325 438 3488 493 obitu.

2083 518 2163 574 Ad
2211 519 2363 589 cujus
2408 536 2576 591 usque
2618 531 2857 594 tempora
2901 527 3213 596 perduravit
3261 531 3315 585 in
3367 548 3597 604 corpore

2010 608 2244 665 Joannes
2272 612 2548 682 apostolus
2575 619 2630 667 et
2655 615 3001 684 evangelista,
3032 616 3170 673 ﬁlius
3194 619 3457 689 Zehediei,
3487 622 3597 677 fra—

2014 708 2095 753 ter
2123 698 2330 763 Jacobi,
2372 702 2523 771 virgo
2555 701 2756 756 electus
2784 719 2811 755 a
2841 703 3090 770 Domino,
3131 717 3294 777 atque
3323 710 3465 765 inter
3486 729 3591 767 cae-

2013 796 2157 843 teros
2186 791 2356 859 magis
2385 791 2631 846 dilectus.
2688 790 2789 858 Qui
2827 794 2987 847 etiam
3045 811 3204 865 supra
3249 810 3436 868 pectus
3474 819 3591 857 ma-
3624 797 3630 802 ’

2011 879 2162 949 gistri
2196 881 2533 944 recumbens,
2576 891 2628 935 et
2676 882 2944 953 Evangelii
2992 886 3072 939 sui
3122 886 3317 944 fluenta
3368 892 3433 946 de
3479 894 3592 962 ipso

2009 970 2148 1024 sacri
2182 971 2441 1025 Dominici
2481 973 2718 1040 pectoris
2747 972 2893 1028 fonte
2935 976 3159 1043 potavit,
3192 987 3246 1031 et
3271 982 3424 1049 quasi
3455 999 3593 1039 unus

2009 1060 2073 1114 dc
2104 1061 2337 1129 paradisi
2374 1059 2680 1116 fluminibus
2706 1063 2853 1117 verbi
2886 1064 2975 1118 Dei
3002 1067 3227 1133 gratiam
3257 1070 3307 1122 in
3346 1079 3459 1127 toto
3486 1082 3596 1129 ter-

2006 1170 2189 1207 rarum
2220 1154 2351 1209 urbe
2392 1154 2621 1218 diliudit,
2662 1157 2860 1225 quique
2900 1158 2950 1210 in
2986 1157 3159 1213 locum
3187 1160 3410 1227 Christi,
3437 1163 3595 1218 Chri-

2007 1256 2090 1299 sto
2111 1244 2357 1314 jubentc,
2386 1247 2667 1307 successit.
2689 1246 2815 1300 dum
2841 1250 3142 1317 suscipiens
3170 1261 3394 1306 matrem
3426 1256 3595 1326 magi-

2006 1338 2101 1391 stri
2127 1338 2439 1407 discipulus,
2469 1339 2627 1392 etiam
2662 1339 2775 1409 ipse
2797 1355 2895 1409 pro
2920 1341 3136 1397 Christo
3166 1342 3302 1396 alter
3330 1346 3592 1413 quodam-

2006 1429 2163 1483 modo
2220 1428 2508 1483 derelictus
2563 1437 2644 1483 est
2694 1429 2852 1483 ﬁlius.
2910 1431 3008 1485 Hic
3059 1433 3183 1486 dum
3240 1433 3588 1503 Evangeliuin

2004 1517 2203 1573 Christi
2246 1520 2297 1572 in
2328 1519 2452 1573 Asia
2479 1519 2818 1589 przedicaret,
2858 1535 2885 1573 a
2936 1520 3243 1576 Domitiano
3283 1522 3495 1578 (lassare
3533 1525 3589 1579 in

2001 1608 2259 1662 Pathmos
2286 1608 2457 1663 insula
2483 1609 2697 1663 metallo
2730 1610 3021 1680 relegatur,
3055 1612 3147 1665 ubi
3189 1614 3351 1666 etiam
3379 1615 3588 1684 positus

314 1677 531 1770 quoque
558 1699 958 1762 rebellantibus,
995 1698 1148 1767 jussu
1188 1698 1551 1768 imperatoris,
1596 1698 1794 1752 bellum
1840 1698 1902 1752 il-
1931 1677 1974 1735 Β
2001 1698 2376 1770 Apocalypsim
2420 1702 2654 1770 scripsit.
2713 1677 3002 1757 Interfecto
3052 1711 3230 1757 autem
3260 1677 3584 1769 Domitiano,

313 1790 481 1845 latum
532 1799 634 1845 est.
695 1791 879 1860 Itaque
929 1791 1099 1845 multa
1159 1791 1325 1845 uiillia
1387 1790 1697 1846 Judmomm
1747 1802 1899 1846 vasta

310 1881 462 1936 0(0th
510 1880 681 1935 deleta
724 1888 868 1934 sunt.
927 1878 1070 1935 Saue
1114 1880 1443 1934 Salaminam
1490 1882 1678 1934 urbem
1714 1880 1896 1952 Cypri,

312 1970 612 2027 interfectis
650 1972 901 2026 omnibus
945 1971 1165 2034 accolis,
1210 1971 1543 2026 deleverunt.
1571 1971 1738 2041 Igitur
1766 1970 1898 2024 Tra-

303 2061 496 2131 janus,
530 2077 718 2117 errore
744 2062 1029 2130 deceptus,
1064 2060 1243 2115 omnia
1272 2060 1409 2115 bona
1437 2076 1531 2115 sua
1557 2063 1610 2114 in
1641 2076 1895 2131 persecu-

309 2154 457 2207 tione
505 2151 933 2206 Christianorum
1000 2151 1241 2207 foedavit.
1294 2151 1427 2205 Nam
1476 2154 1668 2206 tertius
1716 2168 1745 2205 a
1794 2150 1899 2206 Ne-

307 2262 440 2300 rone
470 2246 805 2299 Christianos
833 2246 1197 2315 persequitur,
1251 2254 1495 2315 repertos
1535 2245 1653 2315 cogi
1700 2245 1765 2299 ad
1811 2261 1899 2299 sa-

306 2336 660 2391 criﬁcandum
688 2334 867 2401 idolis,
907 2337 1269 2390 detrectantes
1310 2344 1486 2390 autem
1525 2336 1753 2390 interﬁci
1782 2337 1897 2406 jus-

307 2429 398 2481 sit.
458 2424 570 2481 Sub
601 2442 707 2497 quo
733 2427 885 2481 multi
912 2427 1167 2481 nobiliter
1195 2427 1259 2480 ad
1282 2426 1516 2495 palmam
1539 2434 1899 2495 pervenerunt

309 2517 555 2587 martyrii
586 2517 874 2587 pluresque
919 2515 1186 2570 interfecti
1227 2515 1471 2579 fuissent,
1503 2516 1555 2569 ni
1580 2516 1751 2569 relatu
1792 2514 1898 2567 Pli-

308 2609 385 2662 nii
427 2607 693 2673 Secundi,
741 2608 833 2677 qui
888 2607 1029 2661 inter
1074 2615 1301 2662 caeteros
1331 2605 1539 2674 judiees
1581 2613 1898 2675 persecutor

306 2702 468 2756 datus
509 2701 703 2765 fuerat,
748 2701 1073 2754 admonitus.
1130 2699 1232 2766 Qui
1264 2701 1389 2754 dum
1432 2700 1720 2769 quamdam
1752 2714 1899 2768 rege-

306 2800 391 2846 ret
418 2791 777 2860 provinciam,
810 2799 864 2844 et
899 2791 949 2844 in
981 2790 1297 2859 magistratu
1329 2804 1427 2843 suo
1449 2790 1713 2858 plurimos
1735 2789 1896 2842 Chri-

307 2883 607 2937 stianorum
638 2880 1016 2945 interfecisset,
1052 2880 1396 2934 multitudine
1421 2895 1607 2934 eorum
1638 2880 1898 2949 perterri-

305 2983 417 3038 tus,
446 2972 658 3042 scripsit
686 2968 923 3039 Trajano
953 2972 1080 3041 quid
1104 2970 1251 3025 facto
1282 2985 1417 3039 opus
1444 2978 1607 3033 esset,
1640 2970 1894 3024 nuntians

305 3065 356 3118 ci
387 3072 587 3135 prmter
617 3061 1038 3117 obstinationem
1070 3077 1173 3115 non
1211 3060 1573 3125 sacriﬁcandi,
1602 3070 1657 3114 et
1685 3060 1894 3114 antelu-

303 3171 475 3211 canos
512 3164 707 3219 emtas,
742 3155 806 3207 ad
838 3170 1006 3208 cauen
1030 3154 1137 3206 Tum
1181 3152 1394 3207 cuidam
1432 3150 1649 3205 Christo
1680 3158 1739 3205 ut
1765 3151 1893 3215 Deo,

306 3248 537 3318 ejusque
565 3244 982 3309 confessionem,
1014 3243 1144 3297 nihil
1177 3243 1505 3297 contrarium
1533 3242 1792 3296 Romanis
1817 3240 1895 3294 le-

306 3339 468 3412 gibus
519 3336 727 3402 facere;
770 3345 1035 3406 prseterea
1086 3335 1153 3389 ad
1196 3334 1670 3388 confmderandam
1708 3347 1897 3387 eorum

306 3427 672 3498 disciplinam,
707 3426 880 3479 vetari
924 3425 992 3479 ab
1036 3424 1119 3478 bis
1151 3422 1457 3487 homicidia,
1490 3420 1653 3487 furta,
1687 3422 1894 3477 adulte-

308 3521 414 3583 ria,
446 3516 704 3588 pcrjuria,
740 3516 1045 3581 latrocinia,
1083 3523 1137 3569 et
1170 3514 1254 3569 bis
1276 3514 1489 3577 similia,
1526 3521 1780 3582 tantaque
1804 3527 1896 3567 eos

308 3624 434 3665 esse
475 3607 667 3663 ﬁducia
706 3606 1010 3662 innocentis
1050 3604 1423 3665 confessionis,
1464 3610 1524 3656 ut
1558 3618 1626 3655 ne
1668 3609 1893 3655 mortem

310 3702 528 3772 quidem
564 3715 781 3773 gravem
806 3716 868 3754 ac
894 3698 1293 3753 formidolosam
1322 3704 1571 3767 paveant.
1598 3687 1771 3748 ’lllico
1804 3694 1898 3748 im-

309 3802 531 3863 perator
590 3792 870 3861 rescriptis
918 3789 1215 3845 leuioribus
1274 3787 1597 3858 temperavit
1639 3786 1892 3841 edictum.

311 3885 429 3940 lloc
455 3883 671 3954 quidem
702 3898 870 3953 genus
890 3880 1169 3936 hominum
1205 3877 1584 3949 inquirendum
1617 3892 1725 3931 non
1754 3891 1895 3941 esse,

310 3976 523 4030 oblatos
559 3989 691 4029 vero
725 3973 902 4043 puniri
934 3971 1162 4027 censuit.
1221 3968 1270 4023 Is
1300 3983 1426 4022 vero
1460 3964 1667 4021 Plinius
1693 3966 1899 4021 Secun-

312 4067 416 4121 dus
445 4075 629 4119 orator
668 4072 724 4118 et
766 4062 1225 4131 historiographus
1252 4059 1478 4128 insignis
1499 4058 1730 4112 habetur
1760 4075 1772 4109 :
1801 4072 1899 4111 cu»

305 4157 398 4228 jus
426 4157 654 4228 plurima
679 4154 874 4225 ingenii
906 4160 1123 4207 exstant
1144 4165 1325 4220 opera.
1360 4146 1742 4201 Verumtamen
1771 4162 1900 4200 con-

313 4248 468 4303 tinuo
498 4246 684 4301 Romre
720 4260 883 4298 aurea
913 4243 1123 4307 domus,
1160 4257 1190 4294 a
1232 4239 1442 4294 Nerone
1483 4239 1607 4293 totis
1643 4236 1900 4307 impensis

315 4341 587 4407 rebusque
618 4337 840 4407 privatis
866 4334 1062 4389 civium
1094 4332 1331 4395 condita,
1370 4329 1651 4399 repentino
1696 4326 1897 4382 conﬂa-

313 4429 494 4501 gravit
544 4426 825 4489 incendio,
874 4434 933 4478 ut
978 4423 1368 4493 intelligeretur
1418 4421 1583 4474 missa
1626 4420 1791 4473 etiam
1832 4418 1900 4473 ab

314 4521 428 4575 alio
467 4519 794 4590 persecutio,
835 4518 886 4571 in
927 4516 1095 4585 ipsius
1140 4513 1419 4583 potissimo
1471 4510 1834 4565 monumentis
1868 4526 1899 4564 a

315 4626 429 4679 quo
470 4609 703 4680 primum
740 4619 927 4662 exorta
953 4613 1111 4670 esset,
1141 4613 1300 4673 atque
1331 4603 1382 4657 in
1412 4603 1527 4673 ipso
1554 4609 1772 4654 auctore
1798 4616 1898 4670 pu-

317 4700 447 4755 niri.
508 4698 836 4753 Terranuotu
892 4704 1122 4765 quatuor
1166 4695 1329 4748 urbes
1392 4692 1529 4747 Asia:
1589 4692 1899 4756 subversae,

317 4793 472 4858 Elea,
522 4791 732 4854 Mirina,
779 4789 1041 4861 Pytliane,
1084 4787 1277 4857 Cyme;
1316 4796 1370 4840 et
1400 4784 1622 4840 Graeciae
1656 4784 1903 4838 civitates

321 4886 463 4950 duae,
495 4882 834 4954 Opintiorum
860 4888 915 4935 et
948 4874 1252 4943 Oritorum;
1286 4886 1397 4932 tres
1419 4876 1643 4931 Galatiae
1664 4876 1909 4930 civitates

319 4976 516 5031 eodem
573 4980 884 5029 terratmotu
925 4970 1118 5025 dirutae
1172 4984 1187 5022 :
1234 4967 1513 5023 Pantheon
1570 4967 1755 5022 Romae
1806 4965 1908 5020 ful-

321 5067 472 5121 mine
505 5072 936 5128 concrematum;
975 5068 1312 5116 terrzemotus
1358 5061 1413 5113 in
1457 5058 1741 5113 Antiochia
1769 5074 1907 5130 pene

322 5170 498 5215 totam
530 5159 740 5214 subruit
776 5158 1069 5213 civitatem.
1126 5151 1267 5224 Ergo
1315 5150 1579 5220 Trajanus
1624 5151 1764 5221 apud
1812 5150 1909 5206 Se-

324 5253 557 5308 leuciam
599 5252 788 5306 urbem
826 5249 1044 5305 Isauria:
1076 5246 1338 5318 proﬂuvio
1377 5244 1581 5300 ventris
1611 5245 1908 5299 exstinctus

326 5356 433 5411 est,
464 5362 605 5402 anno
645 5345 822 5401 (etatis
871 5342 1207 5411 sexagesimo
1256 5339 1434 5404 tertio,
1478 5338 1569 5408 qui
1625 5337 1911 5407 imperavit

328 5438 490 5494 annis
516 5436 605 5492 20.
658 5434 823 5503 Cujus
858 5449 981 5489 ossa
1014 5432 1067 5486 in
1099 5445 1233 5485 urna
1272 5445 1435 5483 aurea
1474 5437 1605 5491 sunt
1637 5427 1827 5492 relata,
1855 5435 1911 5480 et

329 5529 385 5581 in
416 5525 533 5581 foro
564 5526 663 5581 sub
690 5525 938 5580 columna
967 5522 1082 5592 ejus
1109 5519 1341 5574 nominis
1378 5518 1573 5588 posita.
1627 5516 1916 5587 Imperato-

332 5631 452 5672 rum
479 5615 625 5673 solus
652 5616 889 5672 omnium
920 5615 1059 5670 intra
1097 5613 1294 5671 Urbem
1325 5611 1567 5684 sepultus
1594 5620 1697 5667 est.

1999 1804 2030 1841 a
2062 1797 2255 1841 senatu
2285 1788 2475 1842 exsilio
2506 1790 2795 1854 resolutus,
2830 1793 3053 1846 recessit
3082 1793 3371 1863 Ephesum,
3405 1795 3591 1865 ibique

1998 1878 2066 1931 ad
2101 1879 2476 1932 hmreticorum
2510 1879 2824 1934 refutandus
2850 1883 3139 1947 versutias,
3171 1881 3496 1952 eﬁlagitatus
3519 1885 3591 1939 ab

1996 1968 2139 2021 Asia:
2165 1968 2449 2037 episcopis,
2496 1968 2841 2039 Evangelium
2881 1972 3209 2027 novissimus
3243 1974 3427 2028 edidit.
3484 1973 3585 2041 Qui

1998 2072 2168 2126 usque
2199 2056 2266 2111 ad
2288 2057 2534 2111 ultimum
2567 2072 2703 2128 pene
2726 2059 2849 2114 vita:
2878 2075 2987 2115 sua:
3023 2070 3252 2129 tempus,
3285 2063 3489 2132 absque
3515 2063 3591 2116 ul-

1997 2149 2102 2202 lius
2137 2150 2418 2219 scriptura:
2447 2150 2659 2205 indiciis
2689 2150 3037 2223 Evangelium
3085 2155 3415 2223 praedicasse
3448 2155 3586 2211 dici-

2000 2246 2103 2292 tur.
2161 2237 2269 2292 Sed
2297 2253 2416 2293 cum
2455 2240 2649 2294 horum
2690 2242 2852 2297 trium
2885 2241 3293 2312 Evangeliorum
3322 2242 3487 2297 etiam
3518 2244 3589 2298 ad

1999 2331 2173 2398 ipsum
2209 2329 2399 2383 notitia
2446 2332 2803 2400 pervenisset,
2846 2333 3104 2403 probasse
3135 2333 3353 2403 quidem
3383 2333 3582 2389 dicitur

1999 2420 2159 2474 ﬁdem
2187 2427 2243 2474 et
2267 2420 2547 2475 veritatem
2570 2422 2860 2488 dictorum,
2891 2425 3079 2478 deesse
3116 2434 3294 2480 tamen
3320 2427 3458 2480 vidit
3480 2425 3583 2480 ali-

1997 2526 2126 2580 qua,
2170 2518 2224 2565 et
2262 2525 2324 2564 ea
2374 2510 2608 2565 maxime
2652 2527 2770 2581 quae
2817 2513 2993 2582 primo
3040 2514 3439 2583 praedicationis
3479 2530 3591 2569 sua:

1998 2608 2240 2669 tempore
2288 2598 2546 2653 Dominus
2586 2608 2845 2670 gesserat.
2906 2600 3124 2656 Certum
3163 2613 3242 2657 cst
3271 2605 3413 2657 enim
3443 2604 3587 2673 quod

1998 2692 2052 2746 in
2077 2692 2448 2761 superioribus
2474 2692 2646 2745 tribus
2676 2692 3020 2762 evangelistis
3051 2694 3162 2746 lucc
3196 2693 3447 2746 videntur
3474 2692 3590 2747 sola

1997 2781 2280 2844 contineri,
2314 2794 2435 2849 quae
2465 2781 2519 2834 in
2559 2795 2624 2834 eo
2656 2790 2806 2850 gesta
2857 2789 2984 2835 sunt
3028 2797 3170 2836 anno
3210 2798 3318 2851 quo
3355 2782 3593 2839 Joannes

1997 2876 2270 2945 Baptista,
2313 2875 2397 2929 vel
2450 2874 2690 2929 inclusus
2737 2883 2821 2929 est
2868 2876 2923 2928 in
2966 2890 3187 2931 carcere
3223 2876 3308 2931 vel
3348 2878 3585 2947 punitus.

2000 2968 2242 3038 Denique
2269 2967 2313 3022 si
2349 2968 2604 3021 observes
2631 2968 2813 3021 statim
2842 2967 2895 3021 in
2920 2968 3085 3022 initiis
3107 2970 3457 3034 narrationis,
3487 2985 3584 3039 po-

2002 3070 2280 3130 steaquam
2338 3061 2508 3115 refert
2554 3059 2836 3114 Mattlueus
2867 3060 2932 3114 de
2969 3061 3325 3132 quadraginta
3376 3062 3586 3116 dierum

1992 3150 2219 3221 jejunio,
2257 3159 2312 3206 et
2352 3151 2417 3205 de
2462 3151 2757 3204 tentatione
2788 3150 2922 3218 ejus,
2955 3152 3211 3205 continuo
3236 3152 3474 3223 subjicit,
3504 3152 3589 3207 di-

1997 3259 2126 3298 cens
2153 3260 2166 3295 :
2201 3241 2431 3295 Audiens
2459 3251 2631 3294 autem
2660 3242 2782 3311 quia
2814 3240 3044 3296 Joannes
3081 3242 3307 3296 traditus
3336 3252 3433 3307 est,
3477 3242 3590 3296 dis-

1998 3336 2146 3390 cessit
2174 3335 2238 3388 de
2261 3333 2473 3397 Juda'a,
2497 3342 2544 3386 et
2586 3334 2717 3386 venit
2740 3334 2793 3385 in
2823 3331 3139 3398 Galilrram;
3181 3335 3273 3388 sed
3301 3341 3353 3387 et
3380 3333 3599 3389 Marcus

1998 3424 2195 3479 simul:
2228 3422 2597 3490 Posteaquam,
2631 3420 2826 3489 inquit,
2860 3420 3089 3475 traditus
3126 3429 3201 3473 est
3226 3415 3478 3486 Joannes,
3511 3438 3602 3475 ve-

1999 3518 2072 3570 nit
2104 3516 2157 3569 in
2197 3513 2494 3568 Calilwam.
2549 3512 2726 3566 Lucas
2755 3528 2882 3567 vero
2912 3514 3075 3568 etiam
3104 3515 3419 3583 priusquam
3452 3516 3596 3569 inci-

1995 3607 2109 3677 piat
2136 3603 2425 3674 aliquidde
2454 3604 2665 3657 actibus
2693 3602 2896 3659 referre
2925 3604 3076 3668 Jesu,
3114 3604 3243 3659 dicit
3280 3607 3405 3674 quia
3445 3606 3598 3675 adje-

1997 3697 2072 3750 cit
2107 3694 2344 3748 Herodes
2369 3708 2531 3763 super
2551 3693 2731 3746 omnia
2758 3692 2896 3745 mala
2929 3709 3048 3763 qum
3078 3702 3320 3764 gesserat
3363 3702 3417 3747 et
3454 3710 3595 3748 con-

1998 3789 2155 3845 elusit
2204 3786 2466 3842 Joannem
2514 3785 2567 3839 in
2606 3799 2846 3839 carcere.
2902 3784 3057 3851 Quia,
3104 3786 3345 3855 inquam,
3399 3785 3469 3840 ab
3509 3785 3600 3840 his

1999 3884 2113 3937 hmc
2139 3880 2459 3934 videbantur
2486 3878 2711 3942 omissa,
2743 3882 2960 3944 rogatus
2990 3876 3183 3930 dicitur
3202 3876 3440 3931 Joannes
3466 3891 3594 3946 apo-

2000 3972 2189 4035 stolus,
2215 3978 2272 4024 ut
2296 3985 2359 4023 ea
2386 3984 2505 4037 qua:
2537 3967 2913 4037 prmterierant
2940 3966 3151 4036 priores
3179 3976 3303 4021 ante
3347 3968 3593 4021 traditio—

1999 4080 2125 4120 nem
2149 4060 2374 4117 Joannis
2414 4057 2710 4112 Salvatoris
2755 4066 2903 4127 gesta
2949 4059 3338 4122 conscriberet,
3373 4065 3427 4110 et
3471 4055 3593 4111 ideo

2001 4155 2134 4211 dicit
2160 4153 2212 4207 in
2247 4149 2539 4219 Evangelio
2580 4164 2677 4202 suo
2708 4166 2719 4200 :
2755 4145 2869 4199 Hoc
2911 4147 3030 4214 fecit
3078 4147 3286 4200 initium
3324 4148 3592 4216 signarunt

2000 4248 2177 4301 Iesus.
2222 4244 2287 4298 Et
2317 4243 2511 4296 iterum
2542 4240 2595 4293 in
2630 4238 2735 4293 alio
2760 4238 2877 4291 loco
2915 4237 3133 4302 iudicat,
3178 4239 3402 4292 dicens:
3438 4236 3591 4297 Nan-

1927 4372 1979 4430 Β
2004 4337 2128 4391 dum
2155 4334 2291 4388 enim
2311 4330 2545 4385 Joannes
2574 4338 2684 4383 erat
2712 4330 2900 4381 missus
2936 4328 2988 4381 in
3029 4345 3308 4382 carcerem.
3360 4328 3439 4382 Ex
3470 4329 3593 4399 qui-

2004 4428 2105 4481 bus
2149 4429 2363 4477 constat
2401 4420 2542 4490 quod
2583 4435 2646 4474 ea
2695 4428 2983 4489 antequam
3022 4416 3257 4474 Joannes
3293 4420 3598 4477 traderetur

2006 4531 2126 4585 quae
2152 4530 2181 4567 a
2209 4512 2335 4567 Jesu
2368 4511 2579 4566 fuerant
2610 4519 2757 4580 gesta
2798 4511 3084 4575 describit;
3127 4518 3180 4566 et
3218 4511 3336 4567 ideo
3383 4510 3429 4566 si
3475 4512 3597 4582 quis

2008 4609 2318 4679 diligentius
2361 4608 2478 4662 lucc
2514 4607 2837 4671 consideret,
2889 4605 3166 4661 evidenter
3208 4606 3446 4661 inveniet
3489 4621 3596 4662 non

2009 4701 2114 4755 sibi
2143 4699 2430 4769 Evangelia
2462 4697 2760 4762 dissonare,
2793 4697 2884 4750 Sed
2914 4696 3134 4751 alterius
3166 4697 3423 4767 temporis
3442 4705 3596 4768 gesta

2009 4806 2128 4847 esse
2164 4805 2282 4859 qua:
2305 4787 2771 4851 scribitJoannes,
2799 4785 3023 4839 alterius
3057 4801 3185 4840 vero
3229 4802 3350 4854 quas
3388 4787 3591 4842 exteri.

2010 4883 2163 4939 Unde
2183 4882 2308 4952 quia
2338 4879 2673 4933 nativitatem
2700 4876 2992 4931 secundum
3018 4891 3234 4929 carnem
3271 4874 3593 4940 Salvatoris,

2009 4974 2093 5028 vel
2121 4973 2426 5035 Matthaeus,
2457 4967 2541 5023 vel
2569 4966 2743 5021 Lucas
2775 4966 3194 5035 descripserant,
3238 4964 3455 5019 reticuit
3479 4964 3595 5020 lucc

2005 5064 2243 5121 Joannes
2279 5069 2334 5117 et
2377 5076 2406 5114 a
2455 5057 2722 5128 theologia
2747 5065 2908 5125 atque
2930 5055 2999 5110 ab
3030 5054 3144 5123 ipsa
3170 5053 3287 5122 ejus
3314 5052 3596 5112 divinitate

2008 5152 2239 5223 sumpsit
2278 5149 2558 5205 exordium
2591 5164 2605 5201 :
2638 5162 2756 5217 qure
2796 5161 2923 5215 pars
2965 5144 3082 5199 sine
3126 5141 3288 5197 dubio
3323 5142 3423 5212 ipsi
3451 5141 3597 5200 velut

2009 5245 2210 5303 eximio
2251 5258 2349 5313 per
2393 5249 2636 5296 sanetum
2679 5236 2937 5308 Spiritum
2969 5242 3240 5290 reservata
3270 5241 3375 5288 est.
3431 5231 3594 5302 Cujus

2011 5337 2227 5408 quidem
2258 5330 2501 5388 Joannis.
2537 5328 2676 5383 inter
2717 5326 2848 5381 alias
2884 5327 3131 5389 virtutes,
3163 5322 3479 5393 magnitudo
3515 5320 3593 5375 si-

2014 5439 2238 5501 gnorum
2268 5423 2380 5477 hmc
2407 5418 2524 5473 fuit.
2568 5416 2793 5471 Mutavit
2822 5416 2873 5469 in
2908 5430 3096 5469 aurum
3136 5412 3409 5467 silvestres
3456 5409 3596 5467 frons

2016 5521 2164 5574 dium
2220 5516 2419 5584 virgas,
2474 5510 2794 5580 littoreaque
2847 5522 2976 5563 saxa
3033 5505 3086 5560 in
3147 5519 3407 5577 gemmas.
3462 5502 3594 5561 Item

2020 5618 2353 5682 gemmarum
2399 5599 2665 5672 fragmina
2703 5599 2756 5653 in
2789 5596 3060 5670 propriam
3100 5592 3411 5651 reformavit
3440 5600 3593 5652 uatu~
