3962 6174
430 284 565 342 1155

1420 267 1805 326 FRECULPHI
1844 260 2297 319 LEXOVIENSIS
2339 258 2647 316 EPISCOPI

3545 263 3571 314 1
3593 259 3688 314 136

428 415 566 455 ram.
590 395 816 453 Viduam
843 405 1055 463 quoque
1082 388 1148 444 ad
1176 401 1389 458 precem
1417 386 1596 455 populi
1619 382 1915 444 suscitavit,
1938 395 2002 435 ac
2028 382 2078 441 Λ
2104 383 2252 444 iuxta
2291 381 2577 437 verborum
2621 393 2835 450 quoque
2863 377 3109 434 ordinem
3147 376 3384 431 abutitur
3415 394 3427 429 :
3457 378 3695 431 omnino

431 489 722 546 redivivum
759 482 972 553 juvenis
999 494 1194 549 corpus
1235 476 1506 531 revocavit
1533 489 1546 527 :
1578 474 1766 528 bibens
1794 469 2006 524 lethif‘e-

429 594 547 633 rum
577 577 826 629 haustum
861 584 966 623 non
995 567 1165 622 solum
1204 565 1373 619 evasit
1412 561 1732 633 periculum,
1774 559 1868 614 sed
1915 574 2007 613 eo—

428 668 547 721 dem
594 669 894 734 prostratos
938 657 1160 728 populos
1200 657 1253 710 in
1304 655 1428 709 vita:
1473 653 1743 723 reparavit
1783 659 2000 706 statum.

425 757 682 810 Juvenem
731 752 895 806 etiam
937 747 1220 817 quemdam
1269 759 1492 814 puerum
1541 743 1840 809 elegantem
1893 739 2007 794 cui-

427 850 549 902 dam
589 846 840 914 episcopo
869 838 1368 899 commendaverat;
1412 835 1507 889 sed
1545 834 1764 888 minime
1802 831 1846 885 is
1890 831 2006 900 ejus

426 934 724 1004 disciplinis
740 929 1102 998 acquiescens,
1121 928 1171 980 in
1198 934 1402 978 tantum
1424 939 1520 993 per
1542 923 1870 976 incrementa
1894 936 2006 973 ma-

427 1028 598 1083 lorum
645 1025 936 1095 flagitiosus
982 1017 1225 1081 effectus,
1266 1027 1324 1070 ut
1361 1030 1546 1070 omnes
1577 1014 1697 1067 illos
1729 1012 1820 1082 qui
1857 1011 2006 1081 prius

425 1117 667 1188 magistri
712 1113 998 1168 criminum
1046 1109 1119 1162 illi
1169 1107 1404 1170 fuerant,
1446 1102 1736 1171 discipulos
1785 1099 2002 1163 faceret,

423 1219 478 1263 et
519 1209 787 1261 latronum
824 1211 984 1270 atque
1007 1198 1318 1269 praedonum
1354 1196 1461 1251 dux
1489 1202 1544 1248 et
1570 1191 1830 1247 violentus
1859 1191 2006 1260 prin-

423 1312 549 1365 ceps
577 1295 853 1349 existeret.
892 1289 1044 1344 llunc
1070 1287 1408 1349 mirabiliter,
1441 1294 1499 1338 ut
1520 1283 1783 1338 Eusebius
1818 1281 2001 1346 refert,

423 1389 491 1442 ad
523 1386 817 1440 Ecclesiam
846 1389 1063 1436 revocat
1092 1378 1396 1449 apostolus;
1431 1384 1484 1430 et
1509 1374 1876 1429 indesinenter
1906 1385 2004 1440 pro

420 1497 486 1534 eo
534 1478 808 1534 orationes
854 1473 1101 1536 fundens,
1145 1479 1202 1525 et
1242 1484 1363 1524 cum
1408 1469 1525 1536 ipso
1571 1465 1772 1535 pariter
1803 1462 2005 1516 ducens

421 1572 611 1624 crebra
637 1565 861 1636 jejunia,
894 1563 1276 1633 indulgentiam
1308 1575 1336 1613 a
1361 1559 1490 1623 Deo,
1521 1572 1682 1626 quam
1715 1555 1764 1610 ei
1800 1553 2005 1623 pollici-

423 1667 510 1712 tus
534 1657 725 1718 fuerat,
749 1654 1052 1722 expetebat.
1085 1651 1190 1706 Sed
1212 1659 1267 1703 et
1292 1649 1452 1704 variis
1478 1661 1786 1703 sermonum
1809 1659 2003 1699 conso-

2105 473 2324 544 grandis
2359 473 2411 526 in
2433 481 2659 541 utraque
2685 469 2978 524 similitudo
3001 477 3102 524 est.
3141 467 3335 522 Fertur
3368 477 3421 522 et
3447 469 3696 523 secunda

2105 563 2220 632 ejus
2249 564 2468 619 nomine
2501 561 2747 633 epistola,
2785 577 2906 630 quae
2951 575 2981 614 a
3031 560 3302 614 veteribus
3341 561 3694 628 reprobatur,

2105 665 2159 710 et
2188 654 2479 724 disputatio
2504 653 2647 708 Petri
2684 661 2739 706 et
2769 651 3051 723 Appionis,
3081 650 3240 720 longo
3278 664 3528 703 sermone
3561 665 3700 704 con-

2107 751 2324 821 scripta,
2354 765 2514 820 quam
2539 749 2798 803 Eusebius
2829 749 2881 801 in
2912 747 3072 801 tertio
3093 745 3484 799 Ecclesiastica:
3517 745 3699 799 histo-

2107 841 2199 895 rim
2241 839 2514 895 volumine
2561 837 2825 909 coarguit.
2891 836 3037 891 ldem
3084 851 3320 904 namque
3373 834 3696 889 fidelissime

2107 931 2456 1003 apostolicam
2481 929 2784 984 doctrinam
2815 928 3158 982 beatissimus
3183 925 3429 981 Clemens
3463 935 3560 980 est
3603 943 3694 982 se-

2105 1032 2280 1078 cutus.
2339 1021 2630 1091 Postquam
2662 1034 2791 1073 vero
2826 1017 3007 1072 sedem
3041 1016 3399 1087 episcopalem
3425 1017 3694 1071 Romanae

2105 1115 2356 1169 Ecclesia:
2383 1114 2572 1177 tenuit,
2614 1113 2682 1165 ab
2727 1110 2976 1164 omnibus
3010 1110 3350 1178 diligebatur,
3375 1125 3479 1162 non
3515 1109 3693 1164 solum

2105 1206 2427 1262 Christianis
2449 1211 2668 1273 propter
2694 1202 2920 1271 insignia
2943 1201 3200 1254 virtutum
3229 1209 3284 1254 et
3311 1199 3689 1254 excellentiam

2107 1297 2387 1360 doctrinae,
2424 1295 2856 1364 optimorumque
2893 1307 3100 1345 morum
3139 1291 3612 1344 mansuetudinem
3640 1299 3695 1342 et

2105 1385 2432 1456 largitatem,
2464 1383 2556 1438 sed
2579 1383 2742 1436 etiam
2772 1397 2801 1434 a
2832 1381 3052 1452 paganis
3072 1389 3126 1435 et
3154 1378 3371 1434 Judteis.
3425 1380 3532 1446 Qui
3570 1380 3692 1450 plu-

2105 1476 2259 1530 rimis
2285 1473 2726 1545 przedicationum
2754 1471 2972 1526 floribus
3013 1486 3077 1524 ac
3122 1470 3410 1523 virtutibus
3453 1470 3692 1540 pollens,

2106 1564 2439 1620 Domicillam
2491 1561 2756 1631 virginem
2802 1569 3015 1630 neptem
3060 1560 3347 1615 Domitiani
3402 1561 3692 1630 principis,

2107 1670 2356 1726 sponsam
2389 1653 2659 1708 Aureliani
2700 1651 3062 1722 imperatoris,
3106 1649 3295 1705 Nerva:
3342 1651 3523 1710 amici.
3571 1668 3696 1706 cre-

422 1747 733 1811 lationibus,
765 1745 912 1800 velut
951 1742 1270 1813 quibusdam
1297 1737 1828 1810 prtecantationibus,
1870 1732 2002 1789 olfe-

2108 1750 2322 1802 dentcm
2362 1747 2414 1800 in
2463 1744 2699 1810 Christo,
2746 1758 2900 1797 sacro
2940 1742 3203 1796 velamine
3247 1743 3315 1796 ad
3360 1742 3700 1813 integritatis

423 1858 512 1896 ros
537 1853 592 1896 et
615 1839 906 1894 exterritos
949 1835 1065 1905 ejus
1111 1835 1319 1889 animos
1367 1832 1686 1903 mitigabat:
1717 1843 1818 1884 nec
1853 1827 2005 1898 prius

420 1932 646 1993 abstitit,
693 1944 853 1999 quam
900 1942 1023 1981 eum
1066 1926 1122 1980 in
1158 1923 1407 1979 omnibus
1447 1921 1791 1976 emendatum
1842 1919 2005 1973 etiam

422 2023 675 2078 Ecclesia:
707 2019 1037 2090 prrefecerit,
1068 2014 1314 2087 przebens
1341 2028 1436 2083 per
1471 2013 1574 2067 boc
1604 2025 1798 2080 magna
1824 2023 2007 2064 exem-

421 2117 506 2186 pla
532 2129 671 2170 verte
708 2111 1056 2183 poenitentiae,
1102 2117 1155 2163 et
1197 2107 1575 2161 documentum
1620 2103 1812 2173 ingens
1857 2115 2009 2156 nova:

422 2201 864 2274 regenerationis,
915 2207 1072 2268 atque
1121 2196 1350 2267 insignia
1406 2195 1648 2264 quaedam
1701 2201 1756 2246 et
1801 2201 2004 2262 trepaea

423 2295 651 2350 visibilis
681 2295 734 2347 in
775 2307 838 2347 eo
872 2288 1283 2344 resurrectionis
1319 2284 1627 2341 ostendens.
1687 2283 1786 2338 llic
1827 2291 2008 2338 autem

425 2405 567 2443 anno
625 2384 962 2456 sexagesimo
1010 2381 1236 2450 septimo
1278 2387 1399 2448 post
1447 2380 1749 2447 passionem
1796 2375 2008 2430 Domini

423 2477 721 2532 Salvatoris
755 2475 854 2528 sub
879 2472 1112 2542 Trajano
1146 2469 1386 2538 principe
1429 2467 1587 2536 longo
1615 2465 1726 2533 jam
1765 2471 2008 2518 vetusta-

423 2569 493 2622 tis
524 2567 674 2621 senio
706 2563 897 2627 fessus,
921 2578 1040 2616 cum
1073 2561 1215 2615 diem
1252 2557 1742 2627 transmigrationis
1770 2571 1881 2610 suae
1904 2556 2006 2609 im-

423 2657 628 2711 minere
657 2653 757 2708 sibi
786 2651 1028 2715 sentiret,
1054 2647 1282 2716 jussisse
1308 2646 1482 2702 fertur
1511 2645 1745 2700 effodere
1780 2645 1879 2700 sibi
1917 2659 2005 2699 se-

421 2746 687 2817 pulcrum,
716 2753 876 2812 atque
902 2742 1024 2796 inde
1050 2740 1354 2794 valedicens
1380 2737 1658 2800 fratribus,
1702 2735 1840 2791 facta
1889 2750 2011 2790 ora-

423 2837 589 2901 tione,
622 2835 808 2888 vivens
845 2830 1106 2885 tumulum
1147 2828 1404 2883 introivit.
1465 2827 1667 2881 Deinde
1705 2825 1759 2879 in
1793 2839 1859 2880 eo
1891 2832 2010 2880 tan-

422 2942 584 2998 quam
633 2925 688 2979 ia
741 2922 936 2978 lectulo
988 2921 1269 2990 requievit.
1333 2918 1485 2974 Unde
1539 2917 1735 2972 accidit
1786 2924 1846 2970 ut
1885 2916 2008 2986 qui-

422 3018 545 3070 dam
573 3031 696 3068 eum
725 3015 906 3068 vivere
953 3021 1218 3076 asserant,
1270 3025 1368 3065 nec
1407 3017 1678 3063 mortuum
1724 3008 1778 3063 in
1824 3007 2006 3078 sepul-

425 3121 539 3168 cro,
587 3104 681 3158 sed
737 3103 1092 3157 dormientem
1137 3099 1322 3168 jacere
1369 3099 1722 3168 conjicerent,
1771 3099 2006 3152 maxime

425 3209 522 3264 pro
542 3209 606 3247 eo
632 3192 774 3260 quod
806 3191 912 3245 illic
949 3201 1091 3244 terra
1116 3205 1327 3244 sursum
1355 3190 1422 3243 ab
1454 3190 1562 3244 imo
1592 3191 1912 3254 scaturiens,
1939 3191 2006 3246 ad

424 3282 764 3354 superficiem
804 3279 1034 3349 sepulcri
1063 3278 1393 3342 conscendit,
1427 3287 1482 3332 et
1516 3279 1670 3347 quasi
1696 3277 1821 3332 flatu
1849 3280 2004 3348 quie-

425 3375 624 3430 scentis
663 3373 912 3428 deorsum
944 3371 1008 3425 ad
1043 3370 1320 3439 superiora
1351 3369 1524 3440 pulvis
1561 3370 1801 3425 ebulliat.
1841 3370 2006 3437 Quie-

425 3467 502 3520 vit
523 3473 699 3518 autem
725 3461 862 3533 apud
890 3461 1180 3530 Ephesum,
1208 3459 1432 3514 Kalend.
1467 3458 1685 3514 Januar.

1053 3571 1280 3628 CAPUT
1322 3570 1390 3626 X.

427 3667 505 3722 De
557 3665 815 3723 Clemente
869 3673 916 3720 et
953 3663 1066 3734 ejus
1121 3663 1396 3786 virtutib‘us
1427 3702 1442 3728 ,
1488 3663 1578 3735 qui
1626 3665 1720 3718 sub
1777 3663 2008 3734 Trajano

1049 3750 1235 3786 passus
1271 3750 1325 3786 es
1353 3771 1368 3786 .

1049 3750 1235 3803 passus
1271 3750 1368 3788 est.

497 3826 613 3896 Qua
641 3833 961 3896 tempestate
984 3825 1159 3880 hostis
1181 3825 1435 3895 antiquus
1467 3825 1708 3880 omnium
1745 3826 2008 3881 bonorum

430 3920 699 3982 inimicus,
734 3917 977 3971 invidens
998 3916 1157 3970 saluti
1187 3916 1485 3981 hominum,
1525 3915 1711 3970 dolens
1738 3915 1894 3970 fidem
1920 3930 2010 3970 ve-

431 4009 608 4068 ritatis
635 4022 697 4066 ac
722 4005 995 4077 religionis
1015 4004 1216 4059 cultum
1240 4005 1552 4059 universum
1587 4003 1887 4058 illustrasse
1913 4019 2007 4058 or-

430 4102 571 4166 bem,
611 4102 712 4155 hac
753 4101 817 4153 de
845 4115 902 4153 re
933 4097 1222 4168 Trajanum
1247 4097 1358 4167 jam
1395 4095 1676 4166 praefatum
1709 4095 2010 4164 principem

431 4191 497 4249 ad
521 4189 878 4260 insequendos
908 4188 1019 4242 veri
1047 4186 1264 4241 luminis
1288 4187 1669 4256 praedicatores
1691 4201 1754 4240 ac
1777 4185 2010 4241 cultores

430 4281 805 4350 exstirpandos
835 4277 1095 4332 incitavit.
1143 4277 1254 4332 Sub
1288 4292 1395 4348 quo
1431 4293 1528 4346 per
1568 4277 1878 4332 universum
1917 4291 2007 4330 or-

431 4373 552 4427 bem
580 4370 881 4424 Romanum
911 4368 1058 4422 multi
1091 4367 1235 4421 clara
1267 4366 1600 4422 confessione
1633 4366 1831 4422 Christi
1855 4381 2008 4420 coro-

431 4463 544 4518 nati
570 4471 709 4524 snnt,
739 4478 805 4515 ex
830 4461 1026 4530 quibus
1049 4461 1348 4528 aliquorum
1370 4461 1687 4514 memoriam
1711 4458 1835 4512 huic
1856 4459 2004 4527 operi

433 4557 671 4611 inserere
715 4554 887 4606 libuit.
953 4553 1136 4622 Itaque
1177 4551 1444 4616 Clemens,
1487 4553 1553 4605 de
1590 4565 1697 4619 quo
1737 4550 2008 4619 apostolus

433 4643 630 4700 Paulus
655 4642 723 4696 ad
750 4640 1120 4710 Philippenses
1153 4639 1395 4692 scribens
1439 4639 1551 4691 ait:
1577 4637 1705 4690 Cum
1748 4635 2008 4690 Clemente

434 4743 481 4790 et
515 4732 712 4788 caveris
745 4729 1162 4803 coaperatoribus
1189 4729 1338 4792 meis,
1375 4744 1596 4798 quorum
1637 4728 1846 4781 nomina
1885 4727 2013 4780 scri-

435 4831 524 4893 pta
568 4831 686 4876 sunt
726 4823 780 4875 in
821 4820 952 4874 libro
1002 4820 1139 4883 vitm,
1178 4827 1402 4889 quartus
1435 4825 1556 4888 post
1579 4817 1796 4871 Petrum
1828 4817 2010 4871 Romae

436 4913 734 4983 cpiscopus,
761 4910 1024 4982 siquidem
1047 4909 1311 4963 secundus
1332 4907 1496 4960 Linus
1516 4904 1638 4970 fuit,
1667 4905 1856 4958 tertius
1876 4903 2013 4956 Ana-

437 5002 608 5056 cletus
631 5001 758 5066 fuit;
800 5008 978 5054 tamen
1026 5007 1081 5051 et
1124 5005 1249 5052 sunt
1289 4995 1527 5066 plerique
1566 4993 1877 5047 Latinorum
1921 4994 2012 5063 qui

439 5091 729 5146 secundum
765 5099 886 5160 post
912 5086 1210 5160 apostolum
1241 5085 1406 5140 fuisse
1443 5093 1631 5155 putent
1659 5082 2007 5137 Clementem.

442 5181 666 5250 Scripsit
697 5197 761 5236 ex
795 5197 1020 5252 persona
1050 5179 1307 5233 Romana:
1338 5178 1588 5232 Ecclesiae
1624 5179 1689 5232 ad
1719 5177 2013 5233 Ecclesiam

441 5269 839 5326 Corinthiorum
891 5269 1044 5324 valde
1085 5269 1273 5322 utilem
1319 5269 1637 5339 epistolam,
1689 5277 1741 5323 et
1786 5284 1905 5337 quae
1956 5269 2013 5325 in

443 5360 711 5414 nonnullis
739 5359 872 5414 locis
892 5360 1054 5413 etiam
1077 5359 1290 5429 publice
1315 5358 1526 5430 legitur.

513 5447 640 5513 Quae
684 5449 815 5502 mihi
865 5450 1074 5502 videtur
1111 5449 1412 5503 characteri
1463 5448 1710 5518 Epistofa:
1756 5463 1874 5518 qua:
1915 5449 2015 5503 sub

444 5535 589 5590 Pauli
621 5539 834 5592 nomine
868 5539 932 5592 ad
967 5539 1223 5596 llebrmos
1257 5539 1429 5593 fertur
1463 5540 1767 5594 convenire.
1817 5539 1923 5594 Sed
1961 5549 2018 5595 et

447 5627 630 5682 multis
657 5629 723 5683 de
755 5630 942 5684 eadem
977 5625 1208 5698 epistola
1254 5645 1360 5684 non
1402 5629 1572 5684 solum
1619 5631 1884 5695 sensibus,
1923 5632 2014 5686 sed

2106 1835 2566 1908 perseverantiam
2616 1832 2956 1888 consecravit
2994 1849 3007 1884 ε
3049 1845 3148 1901 pro
3197 1846 3302 1900 qua
3349 1829 3698 1886 confessione

2107 1927 2296 1983 exsilio
2323 1935 2406 1981 est
2428 1926 2700 1981 damnata.
2756 1921 3097 1976 Theodoram
3147 1935 3276 1975 vero
3314 1918 3540 1974 Sisinnii
3592 1937 3694 1990 po-

2107 2018 2270 2074 tentis
2294 2031 2357 2070 ac
2381 2015 2576 2070 nobilis
2605 2014 2706 2068 viri
2732 2011 3032 2082 conjugem,
3069 2024 3383 2066 conversam
3408 2027 3438 2064 a
3460 2012 3697 2064 simula-

2107 2109 2238 2173 cris,
2265 2109 2375 2163 Deo
2400 2106 2664 2162 castitatis
2691 2104 3024 2176 propositum
3053 2103 3294 2172 profiteri
3341 2101 3543 2167 docuit,
3595 2120 3696 2173 per

2108 2214 2268 2268 quam
2297 2197 2481 2257 etiam,
2507 2194 2661 2262 juxta
2689 2192 2930 2264 Apostoli
2972 2207 3180 2255 vocem,
3230 2191 3439 2247 fidelem
3492 2192 3694 2262 conju-

2109 2306 2228 2362 gem
2253 2297 2309 2345 et
2329 2289 2440 2358 ipse
2470 2287 2739 2343 Sisinnius
2774 2301 3069 2340 conversus
3101 2293 3186 2340 est
3226 2285 3294 2339 ad
3332 2283 3491 2338 fidem
3531 2283 3693 2339 Chri-

2109 2383 2201 2446 sti,
2229 2381 2476 2452 quamvis
2509 2379 2658 2450 prius
2698 2377 2813 2433 zelo
2858 2392 3133 2433 conversa:
3166 2377 3352 2431 uxoris
3387 2375 3691 2430 czecitatem

2108 2479 2164 2527 et
2192 2471 2511 2527 surditatem
2553 2468 2892 2524 incurrisset.
2954 2467 3061 2524 Sed
3107 2483 3204 2538 per
3244 2467 3402 2522 fidem
3446 2469 3692 2522 mulieris

2109 2571 2163 2618 et
2191 2564 2334 2618 beati
2361 2562 2651 2618 Clementis
2673 2559 3138 2624 intercessionem,
3175 2559 3426 2614 restituta
3473 2569 3602 2613 sunt
3640 2559 3689 2613 ei

2109 2655 2288 2708 omnia
2330 2653 2574 2723 corporis
2621 2650 2814 2716 ofiicia,
2859 2660 2916 2706 et
2949 2650 3286 2720 baptismatis
3333 2649 3562 2718 gratiam
3610 2659 3692 2704 est

2108 2752 2450 2801 consecutus.
2507 2742 2812 2812 Computati
2846 2748 2971 2795 sunt
3007 2747 3187 2794 autem
3228 2739 3283 2793 bi
3319 2739 3409 2809 qui
3460 2754 3585 2794 cum
3627 2755 3692 2793 eo

2109 2832 2366 2903 baptizati
2389 2840 2514 2886 sunt
2538 2831 2640 2884 viri
2671 2845 2793 2885 cum
2825 2829 3136 2884 mulieribus
3160 2837 3216 2883 et
3237 2828 3530 2882 infantibus
3556 2843 3689 2898 qua-

2112 2923 2384 2993 dringenti
2417 2923 2603 2992 viginti
2653 2929 2784 2976 tres.
2836 2918 2940 2973 Per
2981 2919 3124 2974 hunc
3154 2928 3332 2973 autem
3369 2917 3688 2983 Sisinnium.

2113 3014 2267 3067 multi
2298 3013 2504 3068 nobiles
2525 3019 2577 3066 et
2603 3010 2941 3081 imperatoris
2972 3010 3130 3064 amici
3169 3010 3412 3066 conversi
3457 3019 3584 3065 sunt
3624 3010 3691 3064 ad

2030 3079 2078 3140 ο
2109 3109 2405 3164 Christum.
2460 3106 2626 3177 Igitur
2657 3079 2917 3159 idolorum
2945 3103 3218 3167 custodes,
3253 3103 3501 3172 videntes
3533 3103 3692 3157 innu-

2109 3200 2424 3256 merabilem
2456 3197 2853 3252 multitudinem
2883 3195 3098 3251 Christo
3122 3195 3362 3259 credere,
3394 3210 3599 3266 magno
3629 3195 3692 3249 li-

2107 3306 2236 3346 vore
2266 3291 2417 3355 tacti,
2440 3295 2844 3344 commoverunt
2861 3295 3118 3356 patronos
3147 3287 3540 3356 regionum,et,
3568 3287 3690 3341 data

2108 3381 2188 3436 eis
2215 3382 2443 3452 pecunia
2461 3420 2476 3444 ,
2509 3379 2827 3434 seditionem
2857 3377 3060 3436 nomini
3087 3376 3392 3432 Christiano
3419 3379 3688 3434 excitave-

2109 3479 2256 3526 runt.
2309 3470 2482 3538 Quam
2516 3469 2585 3524 ob
2614 3483 2834 3524 causam
2868 3469 2919 3521 in
2947 3467 3194 3522 exsilium
3222 3465 3283 3520 Β.
3311 3465 3562 3522 Clemens
3597 3467 3690 3521 ἀε-

2110 3570 2292 3616 trusus
2321 3569 2422 3624 est,
2458 3568 2606 3614 trans
2632 3573 2782 3613 mare
2807 3557 3108 3622 Ponticum,
3139 3557 3192 3609 in
3222 3571 3404 3611 eremo
3440 3572 3562 3625 qua:
3597 3559 3691 3611 ad-

2101 3649 2247 3718 jacet
2282 3651 2486 3706 civitati
2521 3648 2790 3713 Cersonaa,
2831 3649 3122 3719 provinciae
3147 3647 3330 3713 Liciaa,
3371 3647 3460 3703 ubi
3495 3649 3564 3702 ad
3591 3650 3693 3702 duo

2110 3741 2274 3795 milha
2301 3742 2366 3794 ad
2394 3739 2621 3794 secanda
2648 3754 2778 3794 saxa
2803 3737 3139 3792 Christianos
3183 3737 3435 3792 diuturna
3483 3738 3689 3808 relega-

2111 3832 2255 3886 tione
2283 3831 2565 3884 damnatos
2594 3828 2816 3883 invenit.
2866 3827 2931 3880 Et
2961 3842 3084 3882 cum
3116 3826 3283 3881 multa
3321 3828 3402 3881 eis
3442 3826 3689 3880 consola-

2109 3919 2272 3973 tionis
2337 3926 2393 3974 et
2451 3917 2726 3987 patientim
2749 3915 2908 3970 verba
2939 3916 3264 3981 intimasset,
3302 3915 3493 3970 didicit
3517 3915 3587 3970 ab
3615 3916 3693 3970 eis

2108 4007 2251 4078 quod
2278 4021 2308 4060 a
2341 4017 2495 4060 sexto
2520 4006 2774 4061 milliario
2801 4021 2995 4076 aquam
3026 4005 3128 4061 sibi
3162 4006 3402 4060 humeris
3437 4013 3688 4074 apporta-

2109 4107 2249 4155 rent.
2308 4099 2460 4154 Tunc
2501 4097 2559 4154 S.
2607 4099 2856 4154 Clemens
2903 4098 3038 4154 dixit
3078 4115 3091 4151 :
3132 4097 3359 4153 Oremus
3407 4098 3690 4152 Dominum

2107 4190 2312 4254 Jesum,
2343 4200 2400 4245 ut
2432 4189 2833 4246 confessoribus
2861 4190 2972 4244 suis
2997 4188 3162 4243 fontis
3193 4189 3246 4242 in
3285 4189 3388 4242 isto
3441 4188 3558 4242 loco
3604 4203 3690 4242 ve-

2109 4294 2206 4333 nas
2241 4279 2478 4350 aperiat;
2515 4287 2572 4334 et
2597 4278 2686 4348 qui
2718 4277 2982 4347 percussit
3006 4286 3213 4346 petram
3241 4277 3295 4343 in
3323 4285 3504 4331 monte
3539 4275 3686 4342 Sina,

2108 4377 2163 4423 et
2203 4367 2468 4423 fluxerunt
2515 4383 2668 4439 aqua:
2704 4369 2757 4424 in
2800 4368 3123 4432 satietatem,
3156 4367 3270 4436 ipse
3294 4368 3452 4422 nobis
3480 4367 3687 4422 laticem

2110 4456 2412 4513 affluentem
2441 4459 2663 4529 aperiat.
2720 4457 2961 4527 Cumque
2994 4458 3238 4513 oratione
3275 4459 3538 4528 completa
3569 4458 3688 4512 hinc

2109 4552 2232 4605 inde
2259 4551 2718 4620 circumspiceret,
2747 4549 2880 4604 vidit
2908 4563 3100 4619 agnum
3134 4556 3390 4612 stantem,
3422 4549 3531 4618 qui,
3562 4550 3688 4618 pede

2109 4643 2298 4697 dextro
2325 4651 2526 4704 erecto,
2549 4640 2702 4710 quasi
2735 4639 2908 4694 locum
2936 4647 3126 4694 sancto
3155 4639 3414 4694 Clementi
3442 4639 3682 4694 ostende-

2111 4741 2212 4786 ret.
2244 4722 2394 4787 Tunc
2445 4729 2504 4784 S.
2550 4729 2800 4785 Clemens
2853 4729 3156 4800 intelligens
3194 4731 3478 4784 Dominum
3509 4728 3680 4784 Iesum

2111 4821 2382 4876 Christum
2431 4837 2582 4886 esse,
2625 4836 2784 4890 quem
2828 4820 2976 4875 solus
3021 4821 3318 4890 respiceret
3343 4860 3359 4885 ,
3403 4831 3462 4874 et
3503 4829 3690 4890 prater

2112 4911 2285 4979 ipsum
2311 4911 2446 4965 alius
2471 4926 2578 4964 non
2597 4910 2822 4972 videret,
2852 4911 3088 4979 perrexit
3117 4909 3183 4962 ad
3204 4909 3398 4972 locum,
3439 4919 3492 4962 et
3519 4909 3677 4963 dixit:

2111 5001 2168 5055 ln
2215 5002 2430 5057 nomine
2470 5001 2662 5061 Patris,
2698 5009 2750 5054 et
2778 4999 2916 5061 Filii,
2944 5009 2997 5054 et
3025 4998 3260 5068 Spiritus
3289 4999 3483 5064 sancti,
3513 4999 3562 5051 in
3589 4999 3682 5050 isto

2113 5092 2230 5146 loco
2274 5092 2557 5161 percutite.
2616 5091 2721 5145 Sed
2767 5107 2890 5145 cum
2924 5105 3114 5144 omnes
3150 5107 3245 5160 per
3282 5107 3472 5161 gyrum
3508 5091 3683 5144 rastris

2114 5183 2440 5247 effoderent,
2463 5192 2518 5236 et
2544 5198 2649 5236 non
2681 5184 2853 5252 ipsum
2881 5181 3077 5246 locum,
3110 5183 3164 5235 in
3191 5197 3296 5250 quo
3325 5197 3493 5249 agnus
3518 5179 3684 5233 stabat

2116 5274 2507 5344 contingerent,
2551 5283 2770 5342 accepto
2798 5274 2946 5327 brevi
2978 5272 3192 5327 surculo
3221 5272 3278 5326 S.
3308 5271 3555 5327 Clemens
3591 5272 3688 5326 levi

2117 5363 2224 5417 ictu
2258 5362 2431 5416 locum
2460 5361 2560 5418 sub
2587 5364 2722 5432 pede
2745 5363 2866 5432 agni
2895 5362 3224 5431 percutiens,
3252 5360 3450 5415 fontem
3472 5359 3685 5414 afﬂuen-

2118 5453 2262 5507 tibus
2308 5453 2460 5506 venis
2510 5460 2760 5506 ornatum
2809 5451 3038 5520 aperuit.
3114 5449 3214 5516 Qui
3264 5450 3442 5504 subito
3495 5449 3687 5518 impetu

2117 5561 2370 5599 evomens
2404 5544 2620 5598 fluvium
2658 5543 2806 5598 fecit.
2853 5543 3003 5597 Tunc
3043 5542 3308 5596 universis
3344 5538 3690 5610 gaudentibus

2118 5636 2309 5689 beatus
2352 5635 2600 5690 Clemens
2648 5635 3045 5705 responsorium
3088 5633 3224 5688 dixit
3254 5651 3266 5685 :
3296 5629 3552 5684 Fluminis
3589 5630 3686 5682 ius-
