3962 6174
376 280 526 360 ,Μελ-ι

1448 275 1856 331 CllRO-NICON.
1896 304 1965 315 —-
2005 272 2167 328 ΤΟΜΙ
2224 272 2262 326 ll
2313 272 2438 326 LIB.
2480 273 2542 327 ll.

3494 274 3630 330 1153

383 405 532 465 pctus
559 394 792 460 .a-liﬁcat
819 394 1073 447 civitatem
1096 393 1190 446 Dei
1207 411 1223 458 ;
1253 393 1320 447 ad
1361 395 1516 448 istam
1548 406 1725 449 autem
1754 392 1953 447 famam
1985 397 2030 455 Α
2056 388 2122 444 de
2158 391 2259 445 hoc
2283 405 2534 446 sermone
2577 399 2808 444 tractare
2835 409 2846 443 :
2879 390 3125 459 quisnam
3157 402 3301 447 esset
3343 393 3389 448 is
3415 396 3506 464 qui
3536 412 3632 466 ap-

385 484 640 539 confluxit
678 485 852 539 omnis
881 487 1186 554 provincia;
1216 496 1267 540 et
1295 487 1574 541 venientes
1613 487 1846 541 universi
1890 487 1956 540 ad

383 579 683 632 doctrinam
721 577 891 631 sancti
925 576 1217 632 Clementis
1236 619 1250 642 ,
1281 579 1730 632 convertebantur
1753 578 1818 632 ad
1849 577 1956 632 Do-

384 663 797 720 minumJesum
836 664 1139 730 Christum;
1189 667 1260 720 ita
1309 676 1368 721 ut
1414 668 1467 721 in
1518 666 1606 722 die
1649 684 1755 721 una
1803 667 1956 737 quin-

383 766 557 826 gentae
600 756 792 810 animae
835 771 927 809 seu
975 757 1199 826 amplius
1247 758 1498 826 baptizati
1528 759 1579 812 in
1606 759 1818 812 nomine
1852 758 1956 811 Pa-

385 845 504 909 tris,
535 854 588 898 ct
618 843 758 907 Filii,
790 853 845 898 et
869 844 1100 912 Spiritus
1124 847 1317 909 sancti,
1349 845 1568 914 perfecti
1595 847 1644 900 in
1667 848 1769 901 ﬁde
1795 847 1954 904 Chri-

385 935 561 988 stiana
589 934 954 987 abscederent.
997 933 1098 988 Per
1120 943 1284 988 totam
1310 947 1486 989 autem
1513 936 1839 1005 provinciam
1872 937 1955 990 in-

382 1036 463 1078 tra
488 1039 650 1078 unum
675 1038 871 1077 annum
901 1040 929 1076 a
959 1025 1303 1080 credentibus
1345 1026 1413 1079 ’ῑὸ
1447 1026 1686 1081 ecclesue
1723 1027 1956 1081 fundatae

379 1121 526 1178 sunt,
551 1121 604 1167 et
631 1115 809 1166 omnia
851 1114 1042 1182 templa
1085 1115 1262 1168 diruta
1303 1125 1448 1180 sunt,
1486 1116 1772 1185 omniaque
1817 1117 1952 1170 idola

379 1205 674 1258 confracta.

449 1295 578 1349 Post
605 1310 773 1349 annos
801 1303 976 1350 autem
1006 1304 1133 1358 tres,
1163 1297 1385 1366 paganis
1420 1296 1810 1359 insistentibus,
1843 1306 1951 1352 tam

376 1385 657 1440 ambitiosa
687 1385 872 1440 relatio
892 1387 1130 1441 cucurrit
1149 1387 1216 1441 ad
1238 1387 1614 1456 imperatorem
1637 1387 1952 1457 Trajanum,

377 1485 435 1529 ut
459 1477 699 1530 dicerent
737 1476 806 1529 ibi
841 1490 938 1545 per
963 1474 1288 1531 Clementem
1320 1477 1766 1533 innumerabilem
1791 1477 1950 1534 Chri-

377 1569 675 1622 stianorum
701 1567 949 1637 populum
989 1569 1306 1624 accrevissc.
1362 1569 1429 1623 Et
1459 1571 1656 1626 missus
1700 1579 1784 1626 est
1827 1572 1948 1641 qui-

375 1659 499 1712 dam
525 1659 842 1712 Arsidianus
870 1658 1110 1723 nomine,
1151 1659 1244 1729 qui
1280 1659 1475 1714 multos
1517 1660 1946 1716 Christianorum

2055 482 2254 550 paruit,
2282 483 2372 551 qui
2404 482 2550 535 velut
2597 498 2626 534 a
2658 482 2766 535 Deo
2813 482 3120 536 hominibus
3165 483 3443 539 detulisset
3487 502 3630 540 nun-

2056 575 2204 638 tium,
2239 576 2408 630 donec
2433 575 2532 628 sub
2561 575 2748 630 eodem
2776 589 2936 639 anno,
2983 576 3065 628 vir
3109 576 3326 645 quidam
3359 587 3544 632 astans
3575 580 3630 632 in

2056 665 2207 719 urbis
2255 664 2374 719 loco
2420 664 2774 719 celeberrimo
2823 665 3182 733 proclamaret
3225 666 3290 720 ad
3338 667 3588 737 populum
3615 707 3630 730 ,

2053 751 2240 806 dicens
2277 770 2290 804 :
2334 751 2528 806 Audite
2574 767 2681 816 me,
2733 767 2766 807 ο
2814 753 2959 806 cives
3013 753 3271 819 Romani,
3321 755 3488 810 Filius
3533 755 3626 810 Dei

2056 843 2208 896 adest
2255 843 2308 896 in
2345 843 2588 912 partibus
2631 841 2849 907 ludam,
2887 844 3206 912 promittens
3239 846 3488 900 omnibus
3535 862 3612 899 vo

2055 933 2286 989 lentibus
2314 935 2500 989 audire
2527 935 2691 988 vitam
2717 944 2996 999 aeternam,
3026 935 3071 988 si
3098 935 3188 1003 qui
3226 944 3402 990 tamen
3435 952 3630 993 secun-

2054 1025 2180 1079 dum
2209 1025 2537 1080 voluntatem
2565 1025 2682 1094 ejus
2709 1034 2861 1079 actus
2891 1039 3018 1078 suos
3059 1025 3374 1080 direxerint.
3404 1026 3631 1098 Pmpter

2053 1118 2195 1185 quod
2229 1117 2604 1171 convertimini
2633 1133 2664 1170 a
2703 1116 2857 1169 malis
2885 1115 2952 1169 ad
2994 1115 3153 1180 bona,
3197 1124 3252 1170 et
3291 1131 3322 1170 a
3354 1126 3626 1188 tempora-

2054 1207 2194 1261 libus
2239 1207 2306 1260 ad
2337 1216 2562 1270 mterna,
2607 1207 2878 1276 agnoscite
2919 1221 3084 1259 unum
3124 1204 3292 1258 Deum
3331 1220 3474 1269 esse,
3505 1206 3628 1260 creli

2057 1304 2319 1365 terraeque
2369 1304 2656 1360 rectorem,
2703 1296 2756 1349 in
2793 1295 2944 1364 cujus
2987 1297 3118 1350 estis
3166 1297 3473 1365 aspectibus
3508 1312 3626 1360 vos,

2053 1387 2144 1454 qui
2179 1385 2376 1454 injuste
2421 1387 2676 1441 mundum
2709 1387 2826 1456 ejus
2860 1387 3087 1442 habetis.
3131 1385 3236 1441 Sed
3284 1386 3330 1440 si
3366 1387 3630 1440 converti-

2053 1478 2182 1531 mini
2227 1487 2280 1532 et
2318 1478 2476 1547 agitis
2521 1478 2914 1546 paenitentiam,
2961 1479 3027 1532 ad
3080 1478 3320 1532 futurum
3371 1477 3630 1532 sarculum

2052 1569 2346 1633 venientes,
2371 1577 2425 1623 et
2461 1569 2649 1623 aeterni
2691 1569 2889 1632 effecti,
2936 1568 3298 1624 ineﬂ‘abilibus
3327 1570 3443 1639 ejus
3471 1571 3628 1639 bonis

2051 1657 2420 1730 perfruemini.
2446 1659 2575 1712 Erat
2601 1659 2745 1714 enim
2769 1660 2853 1712 vir
2887 1661 2988 1713 iste
3017 1660 3105 1728 qui
3133 1661 3247 1714 hate
3276 1637 3622 1730 loquebatur,

376 1749 601 1803 diversis
631 1749 803 1818 pteuis
833 1749 1126 1804 occiderat.
1185 1749 1254 1804 Et
1292 1750 1417 1804 dum
1460 1750 1665 1805 videret
1703 1749 1945 1805 Arsidia-
1976 1736 2022 1793 Β
2051 1750 2268 1805 natione
2318 1749 2596 1816 Hebraeus,
2642 1751 2859 1804 nomine
2892 1750 3168 1806 Barnabas
3201 1769 3212 1804 :
3251 1753 3341 1821 qui
3377 1768 3436 1808 se
3465 1754 3627 1824 etiam

374 1856 474 1894 nus
499 1854 685 1892 omnes
721 1839 1012 1909 gaudentes
1051 1839 1116 1894 ad
1147 1840 1450 1909 passionem
1480 1841 1754 1905 accedere,
1786 1841 1950 1896 cessit

373 1929 732 1996 multitudini,
757 1938 811 1984 et
837 1931 1008 1985 solum
1036 1931 1364 1986 Clementem
1389 1932 1696 2002 episcopum
1723 1933 1950 2002 cogebat

372 2023 439 2075 ad
476 2023 906 2077 sacrificandum.
951 2022 1018 2077 Et
1063 2037 1184 2078 cum
1236 2023 1444 2078 videret
1483 2024 1630 2078 illum
1676 2025 1753 2081 sic
1782 2025 1947 2080 ﬁxum

373 2113 426 2166 in
452 2113 699 2178 Domino,
728 2122 785 2166 ut
807 2113 1020 2183 penitus
1049 2114 1253 2168 moveri
1297 2129 1406 2169 non
1452 2124 1652 2184 posset,
1696 2115 1831 2170 dixit
1878 2117 1947 2171 ad

371 2213 499 2258 suos
531 2222 544 2256 :
570 2202 902 2258 Perducatur
930 2204 998 2258 ad
1019 2218 1196 2270 mare,
1225 2211 1279 2259 et
1303 2204 1496 2276 ligetur
1537 2205 1587 2259 ei
1632 2205 1700 2259 ad
1751 2205 1946 2260 collum

363 2297 664 2352 anchoraet
679 2293 1046 2364 praecipitetur
1073 2294 1127 2348 in
1159 2295 1336 2349 medio
1367 2294 1522 2359 mari,
1569 2303 1628 2348 ut
1671 2309 1778 2350 non
1823 2310 1948 2365 pos-

373 2385 482 2438 sint
509 2385 686 2455 populi
710 2385 997 2440 Christiani
1022 2387 1162 2440 hunc
1184 2400 1282 2455 pro
1304 2385 1403 2441 deo
1423 2385 1620 2440 colere.
1653 2384 1804 2452 Quod
1823 2402 1944 2441 cum

371 2477 571 2531 factum
601 2477 810 2544 fuisset,
846 2479 1022 2533 omnis
1065 2479 1348 2534 multitudo
1373 2478 1800 2534 Christianorum
1847 2478 1944 2535 fle-

370 2567 482 2620 bat.
521 2567 586 2620 Et
622 2565 870 2622 ﬂentibus
902 2568 1027 2631 illis,
1059 2568 1309 2622 dixerunt
1329 2567 1609 2622 Cornelius
1636 2576 1689 2622 et
1711 2567 1946 2624 Phazbus

370 2657 614 2726 discipuli
646 2656 797 2726 ejus:
833 2656 1033 2713 Omnes
1083 2658 1365 2712 unanimes
1397 2672 1631 2722 oremus,
1668 2665 1726 2710 ut
1766 2666 1946 2712 osten-

368 2749 635 2804 datnobis
669 2750 922 2804 Dominus
967 2749 1216 2819 martyris
1245 2748 1326 2802 sui
1375 2749 1616 2802 exuvias.
1657 2747 1946 2803 Orantibus

368 2849 548 2895 autem
576 2841 804 2911 populis,
852 2842 1074 2896 recessit
1117 2856 1264 2894 mare
1289 2840 1342 2893 in
1390 2840 1510 2894 sinu
1553 2856 1670 2906 suo,
1717 2856 1814 2910 per
1841 2841 1944 2894 tria

368 2934 482 2990 fere
510 2931 693 2986 millia.
723 2931 790 2985 Et
817 2931 1044 3002 ingressi
1074 2945 1169 2999 per
1198 2931 1398 2984 siccum
1420 2929 1597 3000 populi
1625 2931 1944 2984 invenerunt

369 3020 423 3074 in
460 3021 635 3076 medio
671 3022 723 3075 in
752 3035 875 3076 arca
919 3035 1081 3075 saxea
1105 3033 1303 3089 corpus
1337 3019 1508 3074 sancti
1535 3017 1823 3073 Clementis
1849 3035 1942 3089 po-

2048 1855 2212 1894 uuum
2247 1856 2312 1894 ex
2358 1843 2633 1912 discipulis
2661 1843 2775 1913 ejus
2801 1858 2920 1899 esse
2941 1845 3173 1910 dicebat,
3203 1846 3534 1916 missumque
3557 1848 3624 1900 ad

2049 1933 2152 1986 hoc
2205 1942 2263 1987 ut
2307 1934 2423 1988 hac
2461 1934 2764 1990 volentibus
2796 1936 3078 1990 indicaret.
3121 1935 3326 2003 Quibus
3357 1952 3484 2008 ergo
3523 1952 3620 1990 au-

2047 2022 2194 2088 ditis,
2225 2039 2347 2077 cum
2385 2025 2588 2095 reliqua
2639 2025 2978 2080 multitudine
3018 2026 3168 2095 sequi
3213 2042 3336 2080 eum
3368 2027 3537 2097 cmpi,
3567 2040 3621 2080 et

2045 2115 2231 2168 audire
2264 2130 2384 2185 qua:
2433 2117 2683 2170 diceret:
2728 2115 3092 2187 intelligebam
3137 2131 3270 2170 sane
3317 2115 3459 2186 quod
3495 2116 3626 2170 sim-

2044 2205 2258 2274 pliciter
2299 2217 2355 2261 et
2397 2207 2601 2276 absque
2647 2207 2754 2261 ullo
2794 2207 3020 2262 docendi
3065 2207 3188 2262 fuco
3217 2222 3336 2276 quze
3381 2207 3622 2260 audisset

2046 2310 2077 2349 a
2108 2283 2244 2349 Filio
2294 2297 2386 2351 Dei
2407 2337 2421 2362 ,
2451 2297 2536 2350 vel
2569 2297 2822 2361 vidisset,
2872 2307 3185 2367 exponeret.
3215 2297 3366 2352 Tunc
3407 2306 3626 2353 secutus

2044 2385 2344 2441 Barnabam
2369 2388 2436 2442 ab
2467 2387 2631 2453 Urbe,
2671 2390 2790 2442 veni
2832 2388 3164 2453 Cmsaream;
3194 2388 3372 2457 ibique
3402 2395 3619 2456 reperto

2045 2474 2228 2541 Petro,
2271 2492 2300 2529 a
2341 2492 2451 2546 quo
2479 2478 2708 2548 benigne
2742 2488 3047 2548 susceptus,
3085 2486 3140 2530 et
3167 2475 3320 2544 cujus
3363 2476 3623 2545 praedica-

2046 2568 2282 2622 tionibus
2319 2583 2382 2622 ac
2425 2567 2714 2622 virtutibus
2754 2570 2982 2638 magnis,
3022 2567 3303 2620 honestate
3332 2573 3387 2618 et
3425 2563 3624 2618 sam-ti-

2046 2667 2154 2712 tate
2182 2658 2510 2724 delectatus,
2565 2659 2757 2713 exinde
2799 2673 2897 2727 per
2950 2656 3188 2728 singulas
3235 2670 3475 2725 quasque
3523 2669 3619 2707 ur-

2043 2747 2138 2803 bes
2164 2749 2216 2802 in
2246 2750 2642 2818 praedicationis
2687 2763 2934 2803 sermone
2971 2763 3154 2802 comes
3196 2747 3245 2798 ei
3291 2746 3343 2799 in
3373 2743 3623 2797 omnibus

2044 2838 2148 2903 fui,
2193 2841 2490 2907 usquedum
2548 2840 2755 2893 veniret
2822 2839 2876 2892 in
2946 2839 3135 2892 diebus
3185 2836 3390 2891 Claudii
3437 2834 3618 2888 Cresa-

2045 2927 2141 2990 ris,
2185 2927 2237 2982 id
2279 2935 2390 2989 est,
2424 2928 2658 2981 secundo
2699 2942 2840 2982 anno
2881 2926 3029 2996 regni
3071 2926 3186 2996 ejus
3237 2934 3360 2995 post
3409 2925 3619 2993 episco-

2045 3028 2228 3089 patum
2275 3020 2655 3076 Antiochensis
2696 3020 2967 3086 Ecclesia,
3002 3021 3068 3074 ab
3106 3020 3392 3074 Antiochia
3429 3019 3482 3073 in
3525 3035 3619 3072 ur-

367 3113 551 3177 situm,
589 3112 662 3165 ita
691 3120 750 3166 ut
771 3110 1006 3165 anchora
1034 3125 1154 3165 cum
1175 3125 1278 3179 qua
1301 3109 1497 3163 missus
1518 3117 1622 3173 est,
1649 3107 1799 3177 juxta
1821 3124 1943 3163 eum
1971 3093 2016 3154 C
2047 3110 2168 3164 bem
2203 3109 2426 3164 Romam
2447 3152 2461 3176 ,
2499 3112 2566 3165 ad
2613 3112 3026 3181 expugnandum
3068 3109 3339 3164 Simonem
3385 3109 3614 3179 Magum.

366 3215 515 3261 esset
543 3205 736 3275 posita.
770 3203 1080 3259 Revelatum
1105 3210 1187 3257 est
1221 3211 1399 3256 autem
1435 3201 1710 3271 discipulis
1751 3201 1868 3271 ejus
1890 3209 1948 3254 ut

368 3311 475 3351 non
508 3296 628 3350 inde
660 3294 910 3350 tollerent
929 3309 1122 3363 corpus
1145 3293 1278 3364 ejus.
1306 3292 1510 3359 Quibus
1537 3293 1701 3346 etiam
1728 3293 1829 3346 hoc
1867 3291 1949 3346 in—

369 3388 618 3441 timatum
650 3394 734 3440 est
766 3386 907 3455 quod
935 3386 1081 3440 omni
1109 3400 1251 3439 anno
1287 3385 1372 3438 die
1411 3385 1674 3454 passionis
1714 3383 1830 3453 ejus
1864 3400 1948 3439 re-

369 3475 526 3530 cedat
550 3491 697 3530 mare
718 3490 814 3546 per
841 3484 1044 3545 septem
1071 3475 1184 3529 dies
1205 3473 1632 3540 advenientibus,
1663 3484 1719 3529 et
1745 3477 1946 3530 siccum

371 3567 478 3620 iter
507 3565 757 3636 prailieat.
795 3565 946 3631 Quod
995 3563 1060 3618 ad
1086 3563 1556 3641 laudemnominis
1581 3564 1663 3617 sui
1692 3564 1818 3618 facit
1845 3565 1949 3618 Do-

371 3658 548 3711 minus
577 3655 691 3710 tleri
714 3671 881 3726 usque
909 3656 961 3709 in
990 3654 1310 3710 hodiernum
1338 3653 1501 3708 diem.
1535 3654 1646 3707 Hoc
1684 3663 1860 3707 autem
1889 3661 1945 3708 ut

373 3746 573 3801 factum
601 3755 703 3810 est,
729 3760 916 3800 omnes
947 3753 1132 3816 gentes
1172 3759 1270 3814 per
1295 3759 1484 3815 gyrum
1523 3741 1868 3797 crediderunt
1893 3743 1944 3796 in

370 3839 662 3893 Christum.
693 3838 835 3892 ldem
892 3853 1123 3908 namque
1173 3835 1518 3890 beatissimus
1563 3833 1810 3888 Clemens
1838 3833 1949 3887 suis

374 3931 539 3986 refert
566 3931 778 4001 scriptis
804 3930 1034 3999 qualiter
1078 3929 1144 3984 ad
1172 3928 1330 3982 fidem
1385 3927 1689 3996 perveniret
1725 3923 1945 3988 Christi,

371 4033 428 4078 et
452 4022 743 4093 discipulus
773 4020 917 4074 Petri
949 4035 1013 4074 ac
1062 4019 1366 4073 individuus
1410 4031 1592 4070 comes
1640 4015 1826 4069 haeret.
1859 4013 1949 4067 Ait

373 4115 516 4170 enim
543 4113 682 4168 inter
704 4119 898 4167 cratera
922 4129 934 4164 :
975 4109 1109 4164 Dum
1134 4116 1278 4162 esset
1311 4107 1399 4160 hic
1423 4120 1606 4160 comes
1623 4104 1821 4173 optima
1851 4103 1950 4156 im-

372 4205 716 4263 mortalitatis
743 4203 953 4274 cupido,
993 4209 1052 4255 ut
1090 4207 1213 4270 post
1241 4213 1418 4252 rerum
1455 4196 1632 4251 exitus
1663 4193 1863 4258 docuit,
1895 4201 1951 4247 et

367 4295 544 4364 gratia
583 4295 676 4349 Dei
701 4291 1076 4362 omnipotentis
1112 4288 1368 4351 ostendit,
1394 4286 1510 4340 hzcc
1553 4300 1638 4338 me
1675 4282 1839 4336 animi
1871 4283 1950 4336 in-

372 4387 543 4440 tentio
574 4385 640 4438 ad
682 4383 1076 4453 inquisitionem
1104 4375 1370 4441 veritatis,
1421 4385 1475 4428 et
1519 4373 1585 4426 ad
1619 4371 1946 4442 agnitionem

377 4491 516 4530 vera:
561 4473 694 4528 lucis
737 4471 976 4525 adduxit.
1009 4469 1141 4524 Cum
1180 4467 1263 4522 his
1311 4481 1410 4536 ego
1436 4462 1774 4536 cogitationis
1818 4476 1950 4516 mete

375 4565 595 4620 aestibus
638 4563 889 4634 agitarer,
939 4560 1081 4614 fama
1124 4557 1338 4628 quidem
1376 4555 1574 4610 sensim
1618 4553 1672 4606 in
1725 4550 1950 4622 imperio

376 4655 593 4729 Tybcrii
617 4653 844 4708 Caesaris
886 4652 1035 4705 initio
1072 4665 1136 4704 ex
1163 4647 1396 4704 Orientis
1448 4645 1692 4715 partibus
1737 4651 1950 4711 sumpto

376 4745 622 4816 pervenit
656 4744 719 4798 ad
745 4758 882 4807 nos;
915 4750 970 4796 et
1002 4755 1098 4810 per
1133 4737 1338 4809 singula
1365 4735 1765 4797 convalescens,
1804 4731 1950 4785 velut

378 4854 407 4890 a
439 4836 549 4890 Deo
584 4837 755 4890 bonus
788 4833 1002 4904 quidam
1037 4832 1256 4886 nuntius
1287 4831 1483 4884 missus
1518 4829 1830 4882 universum
1872 4841 1951 4880 rc-

378 4927 556 4998 plebat
583 4927 789 4989 orbem,
839 4938 936 4978 nec
981 4921 1284 4992 patiebatur
1332 4920 1570 4975 divinam
1621 4917 1946 4972 voluntatem

379 5019 592 5074 silentio
621 5026 818 5088 tegete.

451 5107 856 5163 Difl'undebatur
886 5119 1015 5178 ergo
1060 5119 1156 5174 per
1200 5101 1407 5173 singula
1457 5100 1573 5154 loca
1617 5097 1761 5167 quod
1806 5104 1952 5151 esset

382 5201 435 5256 in
463 5198 642 5254 Judzea
669 5199 884 5270 quidam
915 5197 1006 5266 qui
1050 5209 1274 5266 regnum
1302 5191 1396 5245 Dei
1427 5189 1824 5259 evangelizaret
1848 5187 1946 5241 Ju-

381 5291 548 5346 daeis:
581 5291 737 5362 idque
782 5296 1129 5360 percepturos
1158 5285 1361 5340 diceret
1403 5297 1497 5336 eos
1523 5281 1616 5351 qui
1667 5280 1949 5334 mandato-

382 5398 504 5437 rum
550 5397 766 5438 suorum
816 5389 870 5435 et
916 5379 1172 5434 doctrinm
1219 5375 1463 5431 instituta
1509 5381 1846 5436 servassent,
1890 5379 1948 5425 ut

384 5480 561 5527 autem
603 5486 782 5526 sermo
809 5469 926 5540 ejus
962 5469 1064 5524 fide
1108 5466 1302 5538 dignus
1328 5481 1391 5519 ac
1429 5462 1724 5518 divinitatis
1758 5462 1950 5531 plenus

384 5575 505 5614 esse
551 5559 880 5622 crederetur,
919 5559 1146 5612 virtutes
1187 5554 1382 5610 multas
1411 5563 1464 5608 et
1493 5554 1644 5625 signa
1692 5551 1944 5607 ediceret.

389 5651 626 5720 Denique
670 5649 721 5704 in
752 5647 882 5704 urbe
910 5663 1007 5719 per
1043 5647 1158 5704 loca
1201 5653 1496 5704 conventus
1536 5643 1648 5698 fieri
1677 5643 1856 5713 coepit,
1895 5653 1950 5696 et

2046 3200 2122 3255 De
2167 3200 2321 3270 cujus
2367 3202 2522 3258 initio
2571 3201 2962 3267 conversionis,
3014 3200 3129 3255 haec
3173 3198 3440 3254 suﬂiciant
3496 3199 3621 3253 huic

2045 3289 2217 3358 operi.

2660 3397 2886 3454 CAPUT
2927 3397 3012 3451 XI.

2046 3535 2125 3591 De
2153 3535 2397 3590 Simeone
2426 3534 2665 3604 Cleoplue
2691 3534 2820 3602 lilio,
2851 3551 2912 3604 ac
2952 3535 3017 3604 de
3047 3533 3253 3602 Ignalio
3285 3533 3621 3587 Antiocheam

2158 3605 2406 3658 bcclesia':
2428 3602 2685 3674 episcopo,
2711 3605 2798 3674 qui
2823 3603 2916 3657 sub
2947 3602 3177 3672 Trojano
3203 3619 3389 3672 passus
3414 3613 3508 3655 est.

2118 3737 2235 3806 Quo
2277 3739 2331 3793 in
2382 3746 2622 3808 tempore
2669 3737 2830 3791 etiam
2879 3735 3097 3790 Simeon
3149 3734 3400 3803 Cleopha:
3454 3733 3617 3799 filius,

2047 3845 2207 3901 quem
2236 3830 2527 3886 secundum
2561 3827 2944 3898 Hierosolymis
2973 3825 3278 3881 ordinatum
3309 3824 3618 3894 episcopum

2048 3936 2207 3990 supra
2241 3921 2540 3982 docuimus,
2573 3934 2670 3988 per
2698 3917 3014 3988 martyrium
3057 3914 3236 3970 carnis
3276 3913 3504 3968 vinculis
3536 3928 3621 3967 re-

2048 4010 2254 4065 solutus
2301 4017 2403 4064 est.
2435 4009 2634 4063 [lorum
2683 4006 3000 4076 astipulator
3035 4006 3148 4075 ipse
3195 4005 3282 4059 ille
3340 4014 3424 4058 est
3477 4003 3618 4074 Ege-

2049 4100 2252 4169 sippus,
2289 4114 2447 4168 quem
2480 4098 2592 4168 jam
2626 4097 2977 4168 produximus
3027 4103 3238 4150 testem.
3281 4094 3330 4149 ls
3362 4109 3490 4165 ergo
3535 4110 3622 4149 re-

2049 4189 2154 4246 fert
2209 4191 2352 4261 quod
2400 4205 2431 4244 a
2497 4189 2816 4260 quibusdam
2881 4186 3151 4242 hmrcticis
3211 4193 3496 4240 accusatus
3550 4185 3623 4239 sit

2050 4280 2387 4350 supradictus
2413 4279 2497 4332 vir
2538 4287 2793 4348 tanquam
2816 4276 3176 4341 Christianus,
3200 4285 3255 4330 et
3284 4274 3467 4328 multis
3495 4290 3621 4343 sup-

2048 4370 2222 4441 pliciis
2257 4369 2543 4424 atllictatus
2587 4383 2684 4438 per
2719 4367 2915 4421 multos
2951 4366 3085 4430 dies,
3129 4365 3202 4419 ita
3242 4373 3299 4418 ut
3339 4364 3500 4418 etiam
3528 4362 3619 4431 ju-

1973 4437 2026 4495 Ῑ)
2052 4461 2152 4515 dex
2197 4459 2310 4528 ipse
2340 4473 2463 4514 cum
2500 4437 2688 4512 amicis
2716 4457 2827 4511 suis
2853 4457 2918 4511 de
2955 4453 3070 4523 ejus
3101 4454 3357 4525 patientia
3396 4453 3622 4509 mirare-

2051 4560 2162 4616 tur,
2189 4560 2244 4606 et
2270 4551 2338 4605 ad
2380 4549 2627 4604 ultimum
2658 4547 2873 4618 juberet
2900 4547 3062 4602 simili
3107 4561 3230 4600 eum
3259 4561 3419 4616 quam
3444 4545 3623 4602 Domi-

2051 4657 2153 4696 nus
2191 4639 2411 4710 pertulit
2438 4639 2690 4708 passione
2729 4639 2895 4691 vitam
2932 4636 3107 4700 finire,
3133 4651 3256 4692 cum
3282 4645 3426 4691 esset
3452 4650 3622 4689 anno-

2050 4748 2170 4786 rum
2201 4731 2302 4785 120
2346 4731 2446 4786 sub
2475 4713 2706 4798 Traj'ano
2733 4728 2962 4792 Caesare,
2999 4727 3140 4800 apud
3166 4728 3402 4782 Atticum
3429 4741 3622 4781 consu-

2051 4823 2239 4876 larem.

2126 4913 2277 4980 Quod
2306 4921 2486 4966 autem
2517 4909 2736 4965 Simeon
2772 4909 2932 4963 fuerit
2973 4924 3112 4963 unus
3140 4924 3206 4962 ex
3250 4908 3380 4978 ipsis
3414 4907 3623 4976 adjutoo

2055 5003 2204 5058 ribus
2233 4999 2481 5065 Domini,
2518 4998 2603 5053 vel
2646 4997 2958 5071 longaevitas
2999 4995 3116 5065 ejus
3164 4996 3361 5050 indicio
3405 5003 3509 5059 est,
3538 4993 3622 5047 vel

2052 5093 2464 5164 Evangeliorum
2511 5089 2676 5154 ﬁdes,
2724 5089 2814 5142 ubi
2862 5088 3024 5142 etiam
3072 5095 3245 5140 mater
3291 5086 3405 5155 ejus
3454 5085 3622 5138 Maria

2051 5185 2298 5254 Cleopbaa
2327 5198 2465 5237 uxor
2500 5180 2688 5236 fertur.
2718 5181 2832 5248 Qua
2879 5187 3197 5249 tempestate
3236 5178 3472 5249 lgnatius
3510 5177 3624 5230 An-

2052 5279 2314 5332 tiochenaa
2361 5274 2612 5329 Ecclesiae
2655 5273 2846 5328 tertius
2883 5282 3003 5343 post
3043 5272 3263 5326 Petrum
3311 5269 3614 5338 episcopus,

2053 5367 2482 5439 persecutionem
2526 5373 2897 5419 commovente
2943 5362 3197 5432 Trajano,
3244 5362 3528 5416 damnatus
3555 5359 3625 5415 ad

2051 5459 2280 5522 bestias,
2308 5456 2535 5510 Romam
2575 5455 2784 5509 vinctus
2815 5454 3068 5508 mittitur.
3101 5453 3341 5522 Cumque
3364 5452 3624 5522 navigans

2055 5550 2346 5620 Smyrnam
2390 5547 2647 5610 venisset,
2675 5545 2765 5600 ubi
2797 5543 3124 5614 Polycarpus
3167 5541 3384 5596 auditor
3406 5539 3626 5596 Joannis

2053 5639 2276 5712 apostoli
2307 5645 2452 5699 erat.
2493 5635 2706 5705 scripsit
2743 5650 2904 5688 unam
2934 5633 3212 5704 epistolam
3244 5631 3308 5687 ad
3344 5631 3624 5702 Ephesios,
