3962 6174
396 322 533 378 ιιξέε)

1389 315 1783 371 FRECULPIII
1826 315 2285 374 LEXOVIENSIS
2320 314 2626 374 EPISCOPI

3536 321 3697 376 “60

392 435 619 489 alteram
643 430 709 486 ad
732 428 1120 500 Magnesianos,
1148 427 1363 482 tertiam
1384 427 1452 481 ad
1473 412 1984 497 'l‘rallenses,’quar-
2012 432 2064 492 Α
2091 429 2333 484 decimus
2349 428 2420 482 ab
2445 429 2689 498 Augusto
2720 427 3084 499 principatum
3112 429 3361 499 adeptus,
3388 431 3706 504 imperavit

392 536 504 580 tam
531 524 597 578 ad
627 522 920 577 Romanos.

460 616 528 670 Et
562 616 684 669 inde
724 611 1030 682 egrediens,
1061 609 1279 680 scripsit
1322 609 1390 664 ad
1420 606 1890 678 Philadelphinos,
1922 618 1980 664 et

391 710 458 764 ad
505 707 857 766 Phinerneos,
890 712 946 758 et
994 703 1213 773 proprie
1253 702 1320 755 ad
1371 700 1767 771 Polycarpum,
1825 717 1978 757 eom-

390 801 652 855 mendans
694 796 773 849 illi
822 795 1242 848 Antiochensem
1291 793 1623 859 Ecclesium,
1671 794 1726 847 in
1778 808 1884 864 qua
1924 799 1978 848 et

389 895 456 948 de
504 890 796 959 Evangelio
844 888 989 958 quod
1022 887 1090 940 ab
1130 886 1461 957 Hieronymo
1505 885 1828 940 translatum
1859 893 1976 950 est,

388 985 487 1038 sub
516 997 743 1051 persona
771 979 971 1035 Christi
1004 978 1158 1049 ponit
1184 977 1578 1043 testimonium,
1612 977 1836 1032 dicens:
1865 976 1978 1047 Ego

390 1088 516 1126 vero
559 1082 612 1125 et
655 1080 777 1139 post
821 1068 1278 1123 resurrectionem
1322 1068 1378 1121 in
1414 1082 1579 1122 carne
1634 1081 1759 1121 eum
1806 1066 1977 1120 fuisse

388 1164 526 1226 scio,
551 1170 605 1215 et
630 1161 792 1215 credo
816 1162 942 1229 quia
968 1159 1113 1222 scio;
1146 1167 1199 1213 et
1237 1160 1455 1229 quando
1481 1159 1627 1212 venit
1652 1158 1721 1211 ad
1754 1156 1979 1211 Petrum

387 1266 439 1307 et
483 1254 550 1307 ad
596 1269 689 1307 eos
725 1252 818 1321 qui
865 1266 987 1305 cum
1035 1250 1196 1304 Petro
1237 1256 1426 1313 erant,
1468 1249 1605 1303 dixit
1653 1249 1732 1303 eis
1777 1264 1790 1301 :
1838 1247 1978 1301 Ecce

386 1346 600 1415 palpate
653 1360 737 1398 me
787 1352 840 1398 et
884 1343 1081 1407 videte,
1137 1342 1262 1411 quia
1310 1357 1417 1396 non
1464 1356 1584 1396 sum
1648 1340 1976 1395 daemonium

387 1434 746 1504 incorporale.
788 1434 855 1488 Et
904 1434 1089 1521 statim
1138 1432 1430 1503 tetigerunt
1468 1444 1591 1484 eum
1632 1437 1685 1485 et
1724 1429 1972 1485 credide-

387 1533 533 1579 runt.

457 1616 686 1685 Dignum
719 1622 898 1669 autem
940 1614 1074 1668 mihi
1119 1613 1354 1678 videtur,
1383 1613 1509 1682 quia
1538 1612 1671 1667 tanti
1700 1611 1801 1666 viri
1846 1610 1976 1667 feci-

386 1724 506 1763 mus
540 1708 889 1771 mentionem,
924 1708 990 1761 de
1024 1706 1260 1777 Epistola
1301 1704 1438 1773 ejus,
1469 1720 1631 1773 quam
1659 1704 1724 1757 ad
1771 1703 1971 1759 Roma-

2082 520 2240 573 annis
2284 518 2373 573 ‘22.
2414 519 2514 574 Hic
2562 519 2770 574 Graecis
2816 519 3012 575 litteris
3057 521 3356 591 impensius
3402 527 3704 593 eruditus,

2079 611 2489 665 Atheniensium
2531 611 2708 665 studia
2757 625 3042 680 moresque
3077 613 3276 668 hausit.
3320 616 3421 682 Qui
3458 618 3513 670 iu
3558 634 3709 673 om—

2080 702 2241 757 nibus
2259 702 2556 772 disciplinis
2582 703 2896 766 instructus,
2927 703 3000 756 ita
3024 712 3083 758 ut
3113 708 3364 772 canendi,
3388 709 3705 777 psallendi,

2082 798 2353 863 medendi,
2384 799 2658 869 pingendi,
2688 799 2970 855 scientiam
3001 801 3251 868 haberet,
3277 814 3332 859 et
3352 807 3533 860 omnia
3557 824 3707 880 qua

2079 887 2240 943 vellet
2267 903 2332 943 ex
2366 889 2583 944 metallo
2617 899 2673 944 et
2705 906 2975 946 marmore
3008 892 3261 964 ﬁngendi.
3297 894 3398 963 Qui
3432 896 3562 951 dum
3590 913 3705 952 es-

2080 987 2161 1033 set
2206 980 2463 1047 musicus,
2506 983 2901 1049 arithmeticus,
2930 987 3315 1056 geometricas,
3358 1004 3485 1043 acer
3512 990 3701 1045 nimis

2080 1068 2148 1122 ad
2202 1067 2574 1125 lacessendum
2629 1074 2836 1140 pariter
2879 1083 2935 1128 et
2981 1078 3444 1145 respondendum,
3484 1096 3699 1137 omnes

2078 1161 2389 1230 provincias
2417 1177 2736 1231 peragrans,
2759 1166 3070 1221 subversam
3101 1184 3129 1221 a
3160 1168 3418 1227 Romanis
3442 1172 3697 1228 Alexan—

2080 1251 2254 1306 driam
2283 1253 2514 1321 publicis
2538 1257 2869 1310 restauravit
2893 1257 3170 1327 impensis.

2150 1340 2375 1395 Tributa
2406 1342 2619 1396 urbium
2649 1343 2881 1414 plurima
2909 1346 3193 1413 relaxavit,
3227 1350 3427 1404 chartis
3454 1353 3689 1422 publice

2079 1432 2338 1497 incensis,
2369 1447 2398 1486 a
2432 1432 2649 1489 tributis
2674 1433 2875 1491 liberos
2905 1435 3035 1491 fecit
3065 1439 3341 1508 plurimos.
3376 1441 3696 1497 Athenien-

2079 1526 2228 1607 sibus
2259 1525 2406 1595 leges
2432 1526 2762 1595 petentibus,
2804 1542 2871 1582 ex
2914 1529 3177 1585 Draconis
3221 1540 3276 1586 et
3306 1531 3519 1588 Solonis
3554 1535 3697 1589 reli—
3782 1540 3789 1547 '

2079 1631 2417 1687 quorumque
2448 1617 2600 1672 libris
2624 1619 2747 1690 jura
2778 1621 3100 1690 composuit.
3132 1622 3210 1675 Eo
3239 1630 3477 1693 tempore
3503 1623 3694 1680 Judari

2080 1707 2135 1761 in
2161 1721 2309 1760 arma
2340 1707 2502 1771 versi,
2536 1707 2880 1763 Palmstinam
2916 1709 3224 1781 depopulati
3268 1721 3414 1777 sunt,
3456 1722 3698 1769 tenente

384 1817 481 1853 nos
510 1800 745 1868 scripsit,
778 1814 947 1869 pauca
977 1812 1181 1867 ponere
1207 1815 1220 1850 :
1248 1796 1324 1851 De
1351 1796 1511 1866 Syria
1540 1811 1709 1865 usque
1745 1796 1973 1850 Romam
2002 1791 2049 1849 B
2078 1800 2408 1869 provinciam
2436 1799 2591 1854 Timo
2626 1800 2788 1865 Rufo,
2819 1802 2906 1855 cui
2933 1804 3001 1855 ad
3029 1804 3412 1873 Oppi-intendos
3443 1806 3692 1861 rebelles

381 1891 612 1961 pugnavi
647 1890 713 1943 ad
744 1890 946 1944 bestias
974 1890 1028 1942 in
1063 1888 1196 1942 mari
1226 1897 1281 1943 et
1312 1888 1364 1942 in
1398 1896 1565 1954 terra,
1597 1898 1756 1942 nocte
1783 1896 1838 1941 et
1866 1888 1972 1952 die,

382 1979 583 2051 ligatus
626 1994 749 2033 cum
787 1980 973 2033 decem
1003 1977 1293 2046 leopardis,
1329 1978 1431 2032 hoc
1457 1985 1540 2032 est
1566 1977 1850 2043 militibus,
1883 1981 1975 2047 qui

383 2082 469 2122 me
515 2068 848 2123 custodiunt.
874 2067 1083 2134 Quibus
1110 2079 1165 2121 et
1188 2082 1312 2121 cum
1358 2065 1713 2132 benefeceris,
1760 2066 1976 2138 pejores

380 2158 519 2213 ﬁunt
543 2178 554 2212 :
584 2159 844 2229 iniquitas
869 2167 1049 2213 autem
1076 2174 1283 2223 eorum,
1318 2174 1439 2213 mea
1466 2159 1713 2214 doctrina
1736 2167 1849 2225 est;
1880 2160 1974 2214 sed

380 2268 487 2306 non
535 2252 735 2307 idcirco
779 2250 1106 2321 justiﬁcatus
1150 2266 1289 2306 sum.
1325 2250 1545 2306 Utinam
1594 2248 1747 2304 fruar
1781 2251 1975 2305 bestiis

385 2356 505 2410 (llltB
533 2341 662 2395 mihi
687 2350 1006 2411 praeparatae
1035 2341 1191 2396 sunt!
1224 2340 1370 2407 Quas
1394 2348 1448 2394 et
1474 2355 1572 2394 oro
1598 2340 1811 2395 veloces
1842 2340 1973 2394 mihi

380 2448 500 2487 esse
529 2434 599 2489 ad
627 2434 909 2488 interitum
931 2475 944 2499 ,
979 2444 1034 2488 et
1084 2433 1303 2489 illiciam
1333 2433 1402 2486 ad
1429 2433 1817 2488 comedendum
1863 2447 1971 2497 me,

379 2539 450 2577 ne
494 2524 636 2578 sicut
685 2523 911 2577 aliorum
969 2531 1270 2594 martyrum
1328 2538 1437 2577 non
1483 2524 1716 2577 audeant
1776 2538 1973 2591 corlms

380 2629 561 2669 meum
593 2615 879 2684 attingere.
911 2612 1064 2678 Quod
1094 2614 1139 2666 si
1170 2613 1357 2667 venire
1400 2612 1700 2678 noluerint,
1732 2627 1832 2681 ego
1860 2614 1972 2666 vim

382 2704 605 2768 faciam,
631 2718 732 2775 ego
762 2719 848 2759 me
880 2703 1119 2775 ingeram
1150 2711 1211 2758 ut
1238 2704 1489 2759 devorer.
1520 2704 1788 2775 Ignoscite
1814 2704 1968 2768 mihi,

384 2793 555 2858 ﬁlioli,
586 2794 716 2863 quid
770 2793 901 2847 mihi
938 2794 1112 2862 prosit
1145 2808 1243 2864 ego
1271 2793 1405 2858 scio,
1434 2794 1561 2864 quia
1591 2810 1734 2848 nunc
1772 2793 1971 2862 incipio

385 2898 504 2937 esse
540 2882 836 2953 discipulus
881 2882 1117 2947 Christi,
1152 2883 1282 2937 nihil
1330 2882 1397 2938 de
1436 2884 1522 2939 his
1559 2900 1679 2954 quae
1721 2884 1972 2939 videntur

377 2976 710 3041 desiderans,
733 2982 792 3029 ut
813 2974 1088 3030 Christum
1110 2975 1295 3031 Iesum
1318 2976 1609 3032 inveniam.
1629 2977 1794 3048 Ignis.
1812 2994 1966 3043 crux,

376 3067 583 3130 bestiae,
637 3067 939 3121 confractio
973 3070 1177 3122 ossium
1227 3070 1703 3136 membrorumque
1749 3069 1965 3135 divisio,

376 3168 431 3212 et
462 3157 628 3211 totius
656 3158 902 3228 corporis
945 3159 1223 3223 contritio,
1253 3168 1309 3212 et
1343 3167 1616 3213 tormenta
1665 3161 1887 3225 diaboli,
1916 3161 1970 3218 in

378 3261 467 3301 me
496 3247 735 3310 veniant,
768 3255 949 3300 tamen
994 3254 1055 3303 ut
1095 3245 1313 3301 Christo
1360 3246 1530 3301 fruar.
1574 3248 1817 3318 Cumque
1856 3249 1971 3317 jam

375 3337 664 3397 damnatus
700 3344 847 3391 esset
887 3337 952 3390 ad
994 3337 1212 3399 bestias,
1254 3347 1311 3392 et
1354 3339 1547 3395 ardore
1585 3341 1827 3409 patiendi
1876 3358 1970 3394 ru-

376 3427 586 3498 gientes
627 3427 841 3481 audiret
873 3426 1094 3483 leones:
1126 3427 1498 3493 Frumentum,
1533 3430 1731 3501 inquit,
1766 3431 1968 3485 Christi

375 3532 519 3581 sum,
551 3517 802 3572 dentibus
835 3516 1134 3571 bestiarum
1176 3518 1387 3583 moliar,
1430 3528 1488 3572 ut
1534 3521 1690 3590 panis
1736 3522 1969 3579 mundus

374 3607 640 3663 inveniar.
658 3606 857 3661 Passus
879 3616 963 3662 est
984 3622 1126 3661 anno
1149 3609 1433 3663 undecimo
1455 3608 1704 3678 Trajani;
1730 3612 1969 3682 reliquit!)

375 3700 623 3768 corporis
650 3699 952 3754 Antiochiae
977 3699 1190 3769 jacent,
1221 3707 1375 3753 extra
1421 3710 1632 3770 portam
1680 3703 1968 3774 Daphniti-

379 3806 499 3845 cam
529 3792 582 3844 in
611 3792 950 3846 coemeterio.

445 3881 612 3951 Igitur
652 3881 950 3958 Egesippus
988 3882 1154 3938 refert
1191 3883 1334 3954 quod
1377 3899 1549 3956 usque
1574 3885 1643 3939 ad
1669 3885 1785 3941 htec
1830 3896 1966 3942 tem-

373 3987 510 4048 pora
538 3972 693 4045 virgo
721 3975 921 4028 munda
960 3983 1015 4030 et
1041 3975 1386 4030 immaculata
1431 3976 1732 4045 permansit
1778 3977 1965 4032 Eccle-

378 4064 458 4118 sia
489 4081 502 4116 :
534 4066 942 4135 corruptoribus
973 4067 1234 4131 veritatis,
1266 4075 1319 4122 et
1349 4069 1514 4123 divini
1544 4069 1692 4125 verbi
1735 4077 1963 4124 temera-

379 4153 610 4217 toribus,
638 4164 731 4208 aut
757 4171 1023 4225 nusquam
1046 4158 1266 4215 omnino
1287 4160 1648 4226 exstantibus,
1680 4169 1770 4214 aut
1796 4161 1962 4216 etiam

375 4245 418 4299 si
451 4245 540 4315 qui
585 4242 721 4299 forte
749 4244 979 4310 fuerant,
1012 4247 1067 4301 in
1097 4248 1323 4304 occultis
1353 4259 1405 4304 et
1435 4251 1633 4305 abditis
1672 4260 1832 4309 terra:
1864 4252 1961 4307 de-

373 4334 767 4392 litescentibus.
796 4338 866 4394 Ut
895 4354 1022 4394 vero
1052 4340 1417 4409 apostolorum
1466 4343 1666 4397 chorus
1697 4351 1752 4396 et
1782 4343 1959 4398 omnis

374 4426 464 4484 illa
512 4435 661 4493 mtas,
690 4443 809 4499 qua:
847 4446 877 4482 a
908 4430 1137 4485 Domino
1180 4441 1493 4501 susceperat
1523 4434 1657 4488 viva:
1688 4435 1835 4490 vocis
1864 4450 1960 4488 au—

374 4517 565 4582 ditum,
606 4519 672 4573 de
701 4520 804 4573 hac
834 4520 953 4574 luce
997 4521 1267 4586 discessit,
1317 4531 1429 4577 tum
1461 4525 1606 4580 velut
1650 4527 1705 4580 in
1733 4543 1960 4582 vacuam

375 4608 592 4661 domum
623 4605 772 4663 falsa:
800 4609 1057 4664 doctrinae
1088 4611 1285 4679 impius
1315 4629 1373 4667 se
1399 4629 1557 4669 error
1586 4616 1875 4684 immersit,
1906 4626 1961 4672 et

373 4705 631 4768 tanquam
664 4699 755 4753 ubi
786 4700 964 4757 nullus
985 4698 1098 4769 jam
1129 4702 1295 4757 divini
1324 4719 1518 4760 census
1564 4706 1818 4763 defensor
1844 4710 1960 4764 exi-

372 4799 563 4855 steret,
602 4794 822 4859 nudato,
855 4803 913 4848 ut
958 4794 1131 4860 aiunt,
1176 4797 1376 4866 capite,
1406 4799 1760 4870 corripientes
1806 4819 1960 4861 arma

372 4884 658 4948 mendacii,
697 4900 1008 4958 oppugnare
1055 4888 1403 4958 apostolicam
1452 4892 1738 4946 veritatem
1771 4894 1957 4949 nitun-

371 4981 480 5032 tur.
515 4972 622 5030 Sed
654 4976 797 5030 istud
826 4976 1023 5031 bellum
1067 4977 1393 5036 intrinsecus
1425 4982 1735 5052 gerebatur,
1770 5000 1955 5054 perse-

370 5066 647 5124 cutionum
690 5082 822 5122 vero
862 5068 1203 5123 extrinsecus
1250 5072 1459 5140 pondus
1503 5074 1727 5144 urgebat
1773 5076 1956 5132 Eccle-

371 5156 528 5218 ttlam.
559 5158 712 5219 Unde
742 5171 796 5217 et
823 5160 1100 5219 immensa:
1126 5171 1358 5220 catervae
1385 5173 1685 5237 martyrum
1714 5169 1955 5238 quotidie

362 5243 768 5317 iugulabantur.
1166 5270 1175 5278 ‘

966 5341 1194 5400 CAPUT
1232 5344 1346 5402 XII.

372 5444 461 5534 De.
480 5448 756 5534 Hadriae?
794 5456 1049 5534 principe,
1079 5469 1275 5534 atque;
1300 5461 1407 5534 sub
1435 5478 1495 5516 eo
1526 5472 1673 5534 gesta
1701 5476 1843 5521 sunt.
1873 5466 1954 5522 Eo

444 5529 670 5658 tempore
701 5522 1006 5646 g‘uizdralus
1031 5537 1079 5581 et
1108 5522 1362 5586 Aristides
1398 5548 1490 5586 seu
1520 5522 1750 5607 Kgrippa
1782 5537 1958 5592 docto-

446 5604 525 5642 res
580 5607 708 5646 ueru
770 5633 784 5647 .

446 5604 525 5642 τ’εό
556 5604 572 5647 1
580 5604 764 5646 uerunt
770 5633 784 5647 .

380 5690 385 5696 ’
448 5696 631 5757 Helius
673 5701 977 5765 Hadrianus
1016 5712 1352 5770 consobrina
1380 5711 1596 5788 Traiani
1628 5717 1791 5785 ﬁlius,
1814 5720 1948 5777 duo-

2076 1892 2383 1951 Hadrianus
2415 1893 2564 1947 misit
2589 1894 2909 1949 exercitum.
2938 1893 3037 1949 Hic
3069 1895 3377 1951 Hadrianus
3404 1912 3505 1967 per
3536 1899 3694 1966 Qua-

2074 1985 2291 2040 dratum
2323 1985 2646 2056 discipulum
2677 1986 3041 2056 apostolorum
3082 1996 3138 2042 et
3176 1987 3470 2044 Aristidem
3502 1990 3688 2046 Athe-

2073 2076 2341 2139 niensem,
2371 2076 2545 2129 virum
2584 2075 2689 2131 ﬁde
2710 2084 2765 2131 et
2791 2077 3055 2146 sapientia
3087 2079 3325 2148 plenum,
3356 2088 3411 2135 et
3438 2098 3541 2152 per
3576 2081 3691 2137 Se—

2074 2181 2263 2220 renum
2292 2165 2553 2220 Granium
2596 2166 2853 2237 legatum,
2898 2167 3052 2223 libris
3094 2169 3161 2223 de
3199 2169 3511 2225 Christiana
3546 2173 3688 2227 reli-

2073 2256 2228 2325 gione
2263 2257 2578 2327 compositis
2610 2257 2908 2313 instructus
2935 2267 3100 2329 atque
3145 2262 3391 2317 eruditus
3416 2267 3689 2335 praecepit

2072 2365 2171 2420 per
2212 2350 2493 2420 epistolam
2525 2352 2593 2405 ad
2625 2349 2906 2405 Minatium
2935 2351 3255 2408 Fundanum
3288 2358 3682 2426 proconsulem

2072 2440 2214 2496 Asia:
2241 2442 2448 2506 datam,
2476 2450 2535 2495 ut
2566 2442 2767 2497 nemini
2796 2442 2987 2499 liceret
3031 2444 3390 2511 Christianos,
3426 2450 3548 2502 sine
3577 2452 3683 2505 ob-

2066 2531 2212 2601 jectu
2268 2532 2514 2586 criminis
2578 2543 2671 2587 aut
2722 2536 3042 2605 probatione
3092 2537 3370 2594 damnare.
3421 2540 3681 2612 Idemque

2073 2621 2330 2676 continuo
2358 2631 2515 2692 pater
2541 2624 2732 2694 patrite
2758 2626 2814 2680 in
2855 2636 3046 2682 senatu
3085 2629 3227 2683 ultra
3256 2645 3463 2685 morem
3498 2634 3675 2704 majo-

2070 2729 2189 2768 rum
2240 2714 2558 2784 appellatur,
2605 2725 2659 2772 et
2709 2733 2846 2775 uxor
2905 2718 3021 2790 ejus
3074 2719 3337 2792 Augusta.
3389 2724 3439 2778 ls
3491 2734 3676 2781 tamen

2073 2810 2237 2859 tanta:
2262 2806 2584 2861 eruditionis
2613 2809 2925 2878 imperator,
2959 2826 3059 2865 nec
3087 2813 3262 2866 caruit
3291 2812 3464 2877 vitiis,
3492 2816 3586 2884 qui
3618 2817 3674 2869 in

2070 2908 2255 2948 amore
2300 2911 2594 2966 puerorum
2640 2900 2926 2957 continens
2974 2902 3196 2957 minime
3242 2902 3361 2957 fuit.
3416 2904 3574 2960 Unde
3618 2916 3678 2960 et

2069 2986 2363 3040 Antinoum
2407 3001 2633 3056 puerum
2674 2990 2889 3046 eximiae
2934 2992 3356 3062 pulchritudinis
3399 2996 3671 3051 intantnm

2073 3077 2284 3144 dilexit,
2327 3088 2388 3133 ut
2416 3080 2465 3134 ei
2510 3081 2711 3150 templa
2756 3090 2811 3136 et
2842 3084 3154 3141 sacerdotes
3181 3085 3574 3152 constitueret,
3619 3097 3677 3142 et

1999 3146 2043 3208 C
2076 3170 2262 3224 urbem
2290 3186 2352 3226 ex
2385 3172 2501 3242 ejus
2534 3173 2750 3229 homine
2780 3175 3060 3231 vocitaret.
3092 3175 3312 3245 Traiani
3341 3193 3558 3247 quoque
3589 3180 3672 3232 in—

2069 3260 2260 3315 videns
2301 3260 2505 3331 glorize,
2537 3262 2604 3318 de
2647 3263 2895 3337 Assyria,
2940 3265 3349 3336 Mesopotamia,
3382 3270 3667 3336 Armenta,

2069 3366 2204 3421 quas
2255 3351 2344 3406 ille
2395 3354 2701 3423 provincias
2754 3356 2981 3423 fecerat,
3034 3361 3309 3415 revocavit
3366 3364 3665 3418 exercitus.

2067 3443 2281 3500 Etenim
2311 3461 2435 3501 cum
2465 3447 2703 3518 insignes
2740 3458 2795 3504 et
2835 3451 3096 3520 plurimas
3142 3454 3285 3507 aedes
3321 3446 3554 3510 Athenis
3587 3456 3669 3511 l'e-

2068 3534 2250 3600 cisset,
2301 3552 2528 3608 agonem
2557 3538 3256 3614 cdidit,bibliotbecamque
3314 3546 3437 3600 miri
3488 3548 3669 3618 operis

2067 3626 2692 3684 exstruxit.lladrianus
2719 3632 2865 3687 enim
2908 3636 3298 3706 rempublicam
3339 3638 3663 3708 justissimis

2066 3717 2273 3789 legibus
2307 3720 2595 3783 ordinavit,
2629 3722 2833 3778 bellum
2870 3735 3057 3781 contra
3100 3727 3456 3784 Sauromatas
3499 3731 3667 3801 gessit

2065 3819 2120 3865 et
2146 3811 2292 3865 vicit.
2316 3810 2531 3869 Iudaeos
2552 3829 2682 3870 mne
2709 3819 3113 3887 perturbatione
3137 3822 3403 3876 scelerum
3435 3838 3655 3878 suorum

2064 3903 2397 3974 exagitatos,
2447 3913 2502 3959 et
2570 3905 2917 3965 Palaestinam
2990 3914 3329 3981 provinciam
3387 3915 3661 3984 quondam

2064 4012 2217 4051 suam
2250 3998 2661 4068 depopulantes,
2710 4002 2898 4059 ultima
2945 4007 3091 4061 aede
3122 4007 3451 4073 perdomuit,
3480 4008 3656 4063 ultus-

2061 4103 2166 4156 que
2193 4096 2275 4142 cst
2303 4087 2661 4146 Christianos.
2695 4093 2975 4151 Cochcbas
3010 4113 3242 4167 namque
3265 4098 3373 4153 dux
3420 4097 3657 4155 Iudaica:

2062 4179 2315 4237 factionis
2346 4183 2591 4240 nolentes
2627 4186 2728 4242 sibi
2768 4187 3107 4247 Christianos
3134 4194 3427 4250 adversum
3460 4194 3658 4250 Roma-

2061 4287 2189 4325 num
2244 4272 2471 4351 militem
2526 4275 2666 4332 ferre
2710 4279 3038 4347 subsidium,
3070 4286 3399 4342 omnimodis
3446 4289 3657 4343 crucia-

2063 4361 2205 4417 tibus
2231 4372 2407 4418 necat.
2436 4365 2641 4421 Bellum
2671 4367 2955 4425 Judaicum
2985 4374 3127 4442 quod
3163 4375 3216 4429 in
3247 4376 3534 4433 Palaestina
3566 4394 3630 4448 ge

1986 4497 2039 4556 Β
2064 4452 2307 4518 rebatur,
2347 4453 2509 4510 ﬁnem
2553 4458 2764 4528 accepit
2799 4461 2960 4517 rebus
2989 4462 3297 4519 .Iudacorum
3330 4469 3546 4537 penitus
3568 4484 3634 4537 op

2063 4545 2280 4615 pressis.
2309 4545 2388 4599 Ex
2416 4562 2523 4617 quo
2555 4557 2794 4619 tempore
2822 4553 2986 4608 etiam
3020 4556 3328 4612 introeundi
3359 4559 3440 4613 eis
3470 4560 3652 4614 Hiero-

2064 4634 2324 4706 solymam
2353 4636 2572 4692 licentia
2604 4639 2780 4695 ablata
2808 4652 2911 4708 est,
2936 4645 3169 4713 prinmm
3202 4646 3295 4700 Dei
3331 4658 3484 4714 nutu,
3515 4651 3649 4704 sicut

2062 4724 2338 4794 propheta:
2382 4728 2661 4783 vaticinati
2706 4740 2850 4797 sunt,
2880 4735 3073 4789 deinde
3118 4736 3380 4794 Romanis
3424 4741 3646 4796 interdi-

2062 4812 2339 4880 centibus,
2396 4815 2720 4874 Christianis
2783 4830 2990 4877 tantum
3067 4826 3288 4883 civitate
3353 4833 3644 4900 permissa,

2062 4920 2225 4974 quam
2256 4906 2368 4976 ipse
2392 4907 2443 4961 in
2466 4911 2728 4979 optimum
2753 4923 2949 4970 statum
2979 4933 3256 4975 murorum
3284 4925 3644 4979 exstructione

2061 4999 2332 5064 reparavit
2356 5007 2412 5054 et
2442 4998 2650 5056 Heliam
2681 5003 2985 5062 Hadrianus
3012 5010 3198 5064 vocari
3225 5012 3290 5066 de
3320 5015 3642 5082 prmnominc

2059 5101 2157 5142 suo
2187 5092 2469 5159 praecepit;
2514 5102 2571 5146 et
2618 5094 2669 5148 in
2705 5095 2883 5152 fronte
2929 5099 3044 5169 ejus
3090 5112 3263 5172 portae
3294 5120 3401 5175 qua
3433 5106 3639 5163 Bethle-

2058 5177 2182 5234 bem
2211 5182 2487 5250 egreditur
2519 5200 2611 5239 sus
2639 5186 2878 5258 sculptus
2907 5191 2960 5244 in
3002 5208 3298 5258 marmore,
3337 5197 3639 5265 signiﬁcans

2060 5268 2318 5327 Bomame
2365 5277 2621 5343 potestati
2657 5279 2938 5348 subjacere
2986 5279 3218 5337 Judzeos.
3266 5283 3436 5353 Igitur
3478 5302 3634 5355 usque

2061 5361 2130 5419 ad
2155 5362 2255 5417 hoc
2287 5371 2498 5434 tempus
2541 5368 2755 5434 excidii,
2784 5386 2891 5440 quo
2925 5369 3095 5427 Jndmi
3140 5374 3340 5430 iterum
3386 5376 3632 5431 deﬁcien-

2061 5460 2166 5520 tes,
2211 5470 2242 5508 a
2292 5454 2551 5514 Romanis
2606 5461 2815 5532 magnis
2861 5479 3075 5518 rursum
3122 5467 3325 5534 prthiis
3376 5465 3631 5540 suljugati

2059 5554 2207 5611 sunt,
2233 5561 2299 5602 ac
2324 5563 2462 5618 pene
2487 5551 2672 5615 deleti,
2700 5551 3086 5626 Hierosolymis
3106 5558 3418 5626 quindecim
3442 5561 3633 5629 episco»

2057 5648 2249 5705 porum
2291 5641 2663 5696 successiones
2689 5644 2912 5698 tradunt
2946 5661 3066 5701 esse
3095 5648 3375 5714 decursus,
3406 5667 3470 5706 eo
3494 5650 3629 5721 quod

2057 5724 2212 5783 valde
2255 5727 2322 5785 ad
2369 5729 2532 5787 breve
2580 5740 2789 5807 tempus
2834 5737 3025 5794 mortis
3052 5738 3330 5797 celeritate
3361 5741 3625 5817 prmrepti.
