3962 6174
260 319 390 375 “GI

1315 309 1728 368 CHRONICON.
1767 337 1836 348 -—
1877 308 2042 366 TOMI
2080 307 2122 362 II
2163 307 2289 362 LIB.
2334 307 2394 361 II.

3383 306 3520 361 “62

253 431 562 490 sacerdotio
610 429 804 500 singuli
855 441 1070 499 quoque
1116 425 1405 497 perfuncti.
1455 427 1602 493 Quos
1646 436 1839 480 omnes
1866 425 1914 486 Α
1942 431 2184 491 tempore
2228 419 2466 489 Agrippa
2511 424 2866 488 cognomento
2922 416 3190 481 Castoris,
3232 419 3315 475 vir
3366 420 3523 476 valde

251 523 407 577 aiunt
435 521 691 575 Hebraeos
719 519 952 586 antiquae
978 516 1205 587 originis
1242 517 1536 580 exstitisse,
1564 525 1621 569 et
1663 513 1836 569 scien-

253 612 390 666 tiam
430 611 661 664 lideliter
690 609 982 678 recepisse,
1011 617 1067 662 et
1096 608 1216 662 ideo
1242 607 1622 662 incunctanter
1648 605 1716 660 ab
1754 605 1838 658 his

251 701 346 770 qui
404 706 656 767 poterant
703 697 770 752 de
818 697 941 751 tidei
991 696 1187 750 merito
1237 694 1485 763 judicare
1536 693 1838 748 sacerdotio

249 801 468 859 quoque
491 787 636 842 visos
676 801 798 841 esse
844 785 1210 856 dignissimos,
1253 784 1452 854 quippe
1492 799 1614 838 cum
1660 782 1838 836 omnis

254 888 384 932 tunc
427 876 665 932 Ecclesia
700 890 764 929 ex
802 874 1042 929 Hebraeis
1085 873 1332 929 ﬁdelibus
1375 881 1694 928 coacervata
1741 872 1834 925 lir-

251 977 508 1037 mataque
557 967 850 1030 videretur,
901 966 1284 1036 incipientibus
1333 965 1401 1019 ab
1447 963 1734 1033 apostolis,
1782 972 1838 1018 et

249 1060 669 1130 perdurantibus
693 1071 867 1126 usque
906 1057 974 1110 ad
1015 1056 1144 1111 illud
1174 1064 1384 1124 tempus
1405 1053 1624 1109 excidii.
1668 1053 1838 1123 Igitur

248 1149 380 1216 quia
416 1148 516 1203 sub
544 1148 685 1201 idem
715 1154 927 1215 tempus
967 1145 1169 1201 assumi
1195 1145 1477 1216 episcopos
1503 1160 1572 1199 ex
1601 1143 1836 1199 circum«

248 1239 456 1295 cisione
499 1245 773 1294 cessatum
815 1246 931 1303 est,
983 1237 1348 1292 necessarium
1389 1235 1603 1291 videtur
1649 1249 1837 1290 omnes

248 1347 281 1386 a
318 1332 497 1403 primo
522 1343 694 1399 usque
723 1330 790 1384 ad
818 1331 873 1384 id
902 1338 1114 1398 tempus
1158 1343 1480 1384 enumerare
1507 1313 1718 1399 pariter
1755 1343 1840 1382 sa-

248 1425 521 1480 cerdotes.
547 1423 760 1477 Primus
787 1420 969 1492 itaque
1006 1419 1260 1486 Jacobus,
1293 1421 1384 1490 qui
1412 1420 1622 1475 Domini
1669 1417 1838 1473 frater

249 1521 338 1567 est
362 1512 701 1574 nominatus;
730 1519 854 1582 post
897 1512 1041 1566 hunc
1083 1512 1306 1567 Simeon
1339 1511 1543 1566 electus
1571 1520 1684 1575 est;
1725 1521 1835 1566 ter-

250 1604 361 1659 tius
394 1603 610 1666 Justus;
644 1603 901 1658 Zachteus
938 1612 1191 1672 quartus;
1226 1602 1421 1657 deinde
1453 1601 1648 1657 Tobias
1681 1603 1837 1672 quin-

252 1704 370 1759 tus;
400 1704 454 1749 et
489 1693 767 1765 Benjamin
796 1702 1011 1758 sextus;
1044 1708 1108 1749 ac
1137 1693 1396 1763 septimus
1419 1691 1682 1757 Joannes;
1723 1701 1834 1747 tum

1936 513 2148 585 doctus,
2192 511 2477 564 adversum
2502 509 2689 580 viginti
2729 516 2963 577 quatuor
3000 509 3253 564 Basilidis
3280 509 3522 568 hzerctici

1936 603 2232 666 volumina,
2258 615 2378 671 quae
2407 600 2460 655 in
2496 599 2843 670 Evangelium
2871 600 3198 664 confecerat,
3229 600 3526 661 fortissime

1936 692 2220 757 disseruit,
2251 691 2487 760 prodens
2531 689 2648 758 ejus
2691 689 2943 744 universa
2985 693 3272 758 mysteria,
3303 701 3358 747 et
3386 709 3517 765 pro-

1936 782 2127 853 phetas
2152 795 2500 846 enumerans,
2527 779 2845 834 Barchaban
2872 789 2926 834 et
2960 780 3225 846 Barchon,
3255 783 3521 854 aliosque,

1935 872 2028 941 qui
2057 885 2328 941 nunquam
2370 870 2716 933 exstiterant,
2753 871 2850 924 sed
2885 871 2952 925 ad
2986 879 3248 927 terrorem
3291 876 3517 929 audien-

1938 964 2091 1028 tium,
2115 964 2331 1032 aliaque
2371 963 2538 1018 etiam
2582 956 2821 1017 barbara
2841 963 3081 1028 nomina,
3123 976 3522 1021 commentatus

1935 1064 2052 1120 est,
2090 1063 2495 1124 sectatoresque
2539 1069 2686 1118 suos,
2714 1054 2782 1108 ad
2826 1069 3032 1109 morem
3063 1055 3480 1128 Pythagoricum
3505 1101 3520 1126 ,

1937 1145 2120 1201 docuit
2144 1145 2513 1214 quinquennio
2549 1143 2728 1200 silere.

2527 1256 2756 1312 CAPUT
2797 1256 2935 1310 XIII.

1971 1350 2046 1403 De
2094 1352 2245 1419 gestis
2284 1350 2496 1403 Antonii
2539 1348 2649 1471 Piié
2674 1358 2723 1401 et
2752 1349 2816 1401 de
2862 1347 3074 1401 Justino
3115 1353 3197 1404 sui
3246 1356 3489 1424 temporis

2653 1429 2844 1471 actore.

2653 1429 2844 1472 actore.

1959 1562 1964 1567 .
2008 1511 2274 1565 Antonius
2322 1518 2678 1579 cognomento
2731 1510 2881 1578 Pius,
2929 1513 3174 1568 decimus
3221 1516 3411 1570 tertius
3459 1519 3527 1570 ab

1937 1603 2179 1674 Augusto
2208 1603 2504 1673 imperator
2529 1612 2768 1668 creatus,
2793 1619 2916 1658 cum
2946 1605 3132 1660 liberis
3159 1607 3272 1660 suis
3305 1607 3527 1664 Aurelio

1937 1703 1992 1749 ct
2018 1694 2186 1750 Lucio
2215 1694 2406 1764 viginti
2449 1703 2506 1748 et
2540 1709 2647 1750 non
2694 1693 2868 1764 plenis
2899 1696 3072 1750 tribus
3113 1698 3270 1752 annis
3312 1713 3526 1767 rempu-

248 1784 524 1848 Matthias,
551 1799 712 1854 quem
759 1783 1037 1854 Philippus
1079 1784 1322 1854 excepit;
1353 1783 1440 1839 cui
1471 1783 1710 1838 decimus
1739 1782 1836 1839 Se-
1867 1770 1912 1828 Β
1938 1784 2134 1840 blicam
2181 1784 2520 1854 gubernavit.
2564 1786 2668 1840 Iste
2709 1785 2777 1840 ab
2812 1784 3086 1842 Hadriano
3126 1787 3179 1841 in
3222 1787 3390 1843 filium
3433 1791 3531 1844 ad-

247 1891 382 1931 ueca
413 1876 737 1947 subrogatus
762 1884 877 1941 est;
915 1873 1100 1930 Justus
1127 1876 1352 1941 exinde;
1386 1891 1450 1931 ac
1489 1875 1838 1931 duodecimus

247 1967 408 2032 Levi;
438 1975 558 2036 post
586 1967 732 2020 hunc
767 1966 1034 2035 Ephrem;
1065 1966 1188 2021 inde
1214 1965 1458 2020 decimus
1493 1973 1721 2036 quartus
1739 1963 1836 2027 ,Jo-

252 2058 420 2127 Seph,
472 2057 815 2129 acultimus
864 2057 1106 2112 omnium
1155 2055 1342 2113 Judas.
1388 2057 1483 2112 Isti
1537 2067 1664 2112 sunt
1726 2057 1844 2113 fere

245 2162 439 2203 omnes
482 2148 576 2218 qui
633 2147 1021 2219 Hierosolymis
1067 2149 1308 2219 episcopi
1349 2149 1420 2205 ab
1468 2150 1727 2219 apostolis
1769 2151 1838 2205 ad

245 2238 340 2294 illa
394 2253 570 2308 usque
629 2247 876 2309 tempora
943 2255 1064 2310 quae
1123 2241 1374 2310 superius
1434 2242 1840 2312 designavimus

243 2330 389 2401 plebi
419 2329 494 2384 illi
519 2344 588 2385 ex
615 2329 1027 2385 circumcisione
1055 2328 1406 2399 praafuerunt.
1452 2330 1605 2386 Tunc
1644 2331 1838 2387 Hiero-

245 2418 472 2492 solymis
515 2419 724 2491 primus
763 2434 832 2475 ex
875 2419 1127 2490 gentibus
1165 2421 1514 2476 constituitur
1551 2421 1838 2492 episcopus

246 2508 490 2576 Marcus,
530 2509 868 2565 cessantibus
903 2510 989 2565 his
1025 2511 1118 2581 qui
1169 2508 1386 2566 fuerant
1422 2525 1490 2566 ex
1539 2511 1832 2566 circumci-

249 2602 426 2657 sione.

319 2691 461 2762 Ergo
489 2690 794 2748 Hadrianus
819 2694 1010 2749 morbo
1030 2693 1311 2750 intercutis
1331 2709 1485 2765 aquae
1510 2696 1652 2765 apud
1674 2695 1840 2752 Baias

246 2781 500 2846 moritur,
551 2781 726 2851 major
769 2784 1148 2854 sexagenario.
1196 2784 1366 2855 Igitur
1410 2785 1512 2840 sub
1560 2785 1838 2842 Hadriano

247 2871 507 2942 praedicto
531 2873 802 2942 principe,
827 2874 1154 2939 Quadratus,
1197 2874 1562 2943 apostolorum
1599 2875 1835 2946 discipu-

245 2960 356 3028 lus,
384 2961 574 3017 Publio
611 2961 947 3017 Athenarum
981 2963 1236 3034 episcopo
1265 2965 1334 3020 ob
1374 2962 1575 3019 Christi
1625 2975 1830 3035 marty-

245 3054 391 3108 rium
435 3061 715 3119 coronato,
754 3053 809 3108 in
840 3054 1015 3109 locum
1058 3053 1176 3124 ejus
1220 3056 1586 3122 constituitur,
1619 3066 1674 3113 et
1721 3059 1826 3114 Ec-

1939 1885 2175 1945 optatus,
2203 1876 2358 1946 cujus
2383 1890 2550 1946 gener
2569 1875 2766 1941 fuerat,
2793 1885 2958 1931 tantae
2993 1879 3252 1935 bonitatis
3282 1881 3334 1936 in
3371 1885 3526 1951 prin-

1939 1965 2141 2034 cipatu,
2171 1973 2232 2019 ut
2255 1965 2399 2020 haud
2427 1965 2589 2020 dubio
2611 1965 2728 2020 sine
2755 1967 3004 2036 exemplo
3036 1969 3252 2035 vixerit,
3277 1972 3528 2039 quamvis

1937 2069 2062 2108 eum
2101 2053 2287 2109 Numae
2313 2055 2610 2110 contulerit
2651 2064 2784 2112 aetas
2821 2072 2938 2122 sua,
2974 2073 3096 2113 cum
3136 2061 3327 2116 orbem
3369 2070 3531 2116 ternae

1939 2144 2084 2200 nullo
2114 2144 2256 2200 bello
2287 2159 2386 2216 per
2411 2161 2583 2202 annos
2605 2148 2676 2202 25
2700 2127 3025 2204 auctoritate
3057 2150 3170 2205 sola
3202 2151 3360 2217 rexit,
3392 2152 3528 2207 adeo

1939 2236 2296 2292 trementibus
2334 2251 2459 2292 eum
2504 2244 2667 2307 atque
2709 2240 3020 2296 amantibus
3061 2239 3271 2297 cunctis
3311 2244 3530 2314 regibus

1938 2323 2357 2395 nationibusque
2394 2326 2728 2397 etpopulis,
2772 2336 2832 2382 ut
2869 2339 3151 2397 parentem
3195 2347 3291 2387 seu
3339 2342 3528 2403 patro-

1937 2427 2066 2468 num
2112 2414 2284 2484 magis
2327 2429 2492 2484 quam
2538 2416 2813 2471 dominum
2861 2419 3319 2489 imperatoremve
3363 2433 3520 2492 puta-

1939 2511 2091 2567 rent,
2126 2518 2422 2574 omnesque
2448 2505 2500 2558 in
2539 2519 2744 2560 morem
2775 2506 3080 2562 caelestium
3110 2511 3404 2580 pr0pitium
3433 2528 3529 2583 0p-

1938 2601 2150 2658 tantes,
2195 2593 2263 2648 de
2307 2594 2696 2649 controversiis
2741 2595 2886 2650 inter
2937 2611 2996 2650 se
3044 2598 3283 2667 judicem
3333 2616 3518 2671 posce-

1939 2690 2081 2738 rent.
2121 2681 2260 2749 Quin
2293 2683 2458 2739 etiam
2503 2683 2648 2748 Indi,
2690 2684 2871 2740 Bactri
2891 2726 2906 2751 ,
2936 2685 3154 2742 Hircani
3178 2728 3193 2753 ,
3223 2688 3431 2759 legatos
3457 2693 3526 2748 ad

1937 2789 2063 2829 eum
2111 2775 2344 2841 misere,
2390 2774 2600 2844 justitia
2651 2775 2786 2831 tanti
2833 2775 3178 2845 imperatoris
3224 2789 3524 2851 comperta.

1937 2863 2084 2918 Adeo
2125 2863 2408 2933 tranquille
2444 2872 2500 2918 et
2538 2865 2882 2920 sanctissime
2923 2867 2976 2920 in
3009 2868 3239 2939 imperio
3275 2873 3429 2938 vixit,
3463 2882 3524 2930 ut

1937 2953 2134 3008 merito
2158 2952 2280 3021 pius
2303 2961 2360 3006 et
2383 2962 2538 3021 pater
2561 2953 2752 3022 patriae
2773 2955 3084 3012 nominatus
3113 2958 3202 3014 sit.
3236 2959 3407 3029 Hujus
3430 2977 3521 3018 au-

1935 3051 2047 3098 tem
2084 3042 2416 3112 temporibus
2464 3041 2780 3099 Valentinus
2813 3045 3224 3114 bmresiarcbes,
3254 3059 3311 3107 et
3344 3050 3522 3108 Cerdo

244 3140 470 3197 elegiam
519 3142 709 3212 grandi
752 3150 959 3198 terrore
1007 3112 1304 3214 djs'persam
1338 3144 1441 3200 ﬁde
1467 3154 1523 3200 et
1569 3112 1831 3203 industria
1861 3112 1906 3174 Ο
1938 3135 2196 3206 magister
2242 3134 2532 3190 Marcionis
2578 3136 2806 3191 Romam
2851 3150 3146 3208 venerunt,
3186 3112 3242 3198 Cl
3281 3145 3525 3205 lueretici

245 3253 348 3294 sua
389 3247 704 3310 congregat.
747 3237 991 3308 Cumque
1037 3239 1344 3295 Hadrianus
1389 3241 1661 3312 exegisset
1718 3243 1834 3298 hie-

245 3349 394 3388 mem
435 3333 488 3387 in
519 3333 745 3387 Athenis
787 3333 1065 3388 invisendo
1091 3331 1363 3398 Eleusina,
1408 3341 1465 3388 et
1492 3335 1668 3390 omnis
1694 3350 1833 3406 pene

245 3424 471 3480 Graecia:
497 3423 669 3478 sacris
695 3423 956 3488 initiatus,
984 3423 1218 3478 dedisset
1247 3424 1592 3480 occasionem
1626 3426 1712 3482 his
1738 3428 1830 3497 qui

246 3514 586 3570 Christianos
635 3513 886 3577 oderant,
929 3513 1132 3582 absque
1176 3522 1447 3583 praecepto
1490 3515 1834 3585 imperatoris

245 3619 446 3660 vexare
479 3603 779 3668 credentes,
811 3601 1053 3673 porrexit
1081 3601 1130 3655 ei
1168 3601 1364 3656 librum
1408 3618 1507 3672 pro
1535 3611 1720 3657 nostra
1747 3619 1836 3658 re-

245 3693 446 3766 ligione
469 3693 823 3763 compositum
843 3734 857 3759 ,
907 3691 1061 3748 valde
1087 3691 1271 3747 utilem
1291 3732 1308 3756 ,
1353 3691 1575 3762 plenum
1603 3692 1832 3748 rationis

245 3794 305 3840 et
336 3784 484 3850 fidei,
509 3791 566 3838 et
595 3783 888 3853 apostolica
937 3783 1182 3838 doctrina
1229 3782 1449 3853 dignum
1478 3800 1494 3836 :
1529 3781 1584 3836 in
1628 3796 1735 3852 quo
1777 3792 1836 3838 et

254 3874 635 3944 antiquitatem
683 3889 795 3929 sua:
834 3873 1012 3928 aetatis
1039 3873 1349 3939 ostendens,
1381 3873 1458 3927 ait
1495 3872 1758 3943 plurimos
1799 3889 1833 3929 a

246 3980 310 4022 se
335 3979 456 4020 esse
484 3965 630 4019 visos
653 3963 745 4033 qui
775 3964 876 4019 sub
907 3963 1016 4018 Deo
1049 3963 1216 4020 variis
1243 3964 1298 4018 in
1329 3961 1512 4018 Judzea
1539 3964 1709 4033 pressi
1742 3978 1834 4018 ca-

246 4053 584 4109 lamitatibus
619 4052 791 4108 sanati
821 4051 1051 4115 fuerant,
1080 4059 1135 4106 et
1161 4053 1255 4121 qui
1283 4053 1485 4108 mortui
1513 4063 1672 4109 erant
1713 4067 1833 4108 sur-

246 4153 522 4202 rexerant.
581 4144 847 4200 Aristides
899 4144 1244 4201 Atheniensis
1298 4143 1655 4213 philosophus
1716 4143 1832 4198 elo-

245 4234 662 4306 quentissimus,
718 4240 774 4288 et
831 4233 932 4288 sub
991 4231 1219 4302 pristino
1281 4230 1472 4286 habitu
1537 4230 1834 4302 discipulus

247 4328 486 4392 Christi,
524 4327 772 4381 volumen
803 4325 1106 4394 composuit
1143 4324 1315 4380 nostri
1353 4323 1624 4394 dogmatis
1661 4323 1831 4380 ratio-

247 4437 378 4476 nem
413 4421 716 4484 continens,
758 4433 823 4472 eo
857 4426 1102 4486 tempore
1143 4431 1250 4486 quo
1287 4425 1343 4470 et
1372 4415 1677 4482 Quadratus
1720 4415 1830 4469 Ha-

249 4512 442 4568 driano
487 4510 719 4581 principi
767 4509 940 4576 dedit,
989 4507 1223 4573 scilicet,
1270 4506 1678 4587 Apologeticum
1730 4522 1831 4576 pro

246 4603 596 4668 Christianis,
641 4603 784 4672 quod
838 4617 1010 4672 usque
1069 4600 1230 4655 hodie
1286 4613 1641 4668 perseverans
1689 4600 1832 4669 apud

245 4693 550 4764 philologos
581 4693 784 4764 ingenii
821 4690 938 4759 ejus
982 4691 1239 4746 indicium
1278 4698 1380 4746 est.
1410 4688 1616 4756 Quibus
1645 4689 1834 4744 diebus

247 4782 486 4838 Granius
529 4782 766 4838 Serenus
807 4782 1036 4852 legatus,
1086 4781 1171 4834 vir
1211 4780 1455 4850 apprime
1495 4779 1710 4844 nobilis,
1742 4779 1832 4834 lit-

244 4882 402 4928 teras
441 4872 507 4926 ad
555 4871 936 4940 imperatorem
980 4870 1169 4924 misit:
1199 4870 1440 4937 iniquum
1485 4883 1604 4924 esse
1648 4869 1833 4925 dicens

247 4962 578 5020 clamoribus
612 4964 757 5036 vulgi
800 4963 1167 5019 innocentium
1191 4963 1471 5020 hominum
1513 4963 1830 5034 sanguinem

246 5057 511 5124 concedi,
552 5065 608 5113 et
655 5059 771 5113 sine
816 5056 923 5112 ullo
971 5056 1198 5112 crimine
1242 5055 1477 5111 nominis
1526 5064 1733 5110 tantum
1777 5062 1834 5110 et

245 5157 418 5206 secta
458 5164 581 5204 reos
610 5147 747 5203 ﬁeri.
775 5148 979 5215 Quibus
1015 5155 1317 5201 commotus
1365 5145 1686 5208 Hadrianus,
1735 5145 1832 5198 Mi-

247 5239 406 5296 nutio
429 5239 687 5294 Fundano
713 5237 1019 5308 proconsuli
1043 5235 1186 5291 Asiae
1225 5236 1432 5301 scribit,
1466 5236 1583 5290 sine
1613 5235 1831 5304 objectu

249 5329 542 5386 criminum
595 5328 932 5385 Christianos
978 5341 1084 5381 non
1139 5325 1574 5380 condemnandos
1616 5341 1629 5376 :
1680 5323 1831 5392 cujus

250 5420 494 5491 epistolae
532 5436 702 5492 usque
732 5419 799 5476 ad
831 5430 1068 5474 nostram
1102 5418 1418 5474 memoriam
1451 5418 1610 5472 durat
1645 5431 1832 5472 exemo

251 5511 425 5582 plum.

329 5603 481 5658 Tunc
507 5604 650 5658 enim
687 5602 946 5659 Basilides
975 5591 1365 5659 haeresiarches
1409 5600 1463 5652 in
1507 5599 1831 5654 Alexandria

255 5701 646 5759 commoratur,
669 5709 700 5748 a
726 5710 834 5763 quo
879 5694 1132 5748 Gnostica
1157 5699 1302 5747 secta
1334 5698 1689 5760 nuncupatur.
1717 5689 1832 5756 Quo

1485 5769 1498 5792 Ι

668 5789 942 5848 Parnm.
979 5787 1142 5849 CVI.

1937 3241 2003 3281 ac
2029 3234 2232 3280 sancta:
2266 3225 2542 3296 religionis
2569 3227 2772 3282 inimici
2801 3229 3166 3286 declarantur.
3196 3234 3396 3290 Verum
3429 3235 3526 3294 Ju-

1935 3316 2110 3371 stinus
2143 3315 2498 3386 philosophus
2540 3315 2738 3371 librum
2780 3333 2880 3388 pro
2907 3318 3216 3378 Christiana
3261 3326 3524 3397 religione

1935 3407 2295 3476 compositum
2353 3406 2590 3462 Antonio
2649 3409 2900 3473 tradidit,
2951 3411 3350 3484 benignumque
3396 3433 3521 3474 cum

1933 3511 2061 3567 erga
2107 3495 2442 3550 Christianos
2482 3497 2729 3550 homines
2781 3495 2926 3552 fecit.
2968 3499 3236 3557 Antonius
3277 3505 3345 3559 ad
3385 3506 3523 3561 duo-

1935 3586 2202 3640 decimum
2261 3585 2330 3640 ab
2380 3584 2524 3641 Urbe
2579 3585 2814 3656 lapidem
2870 3589 3061 3644 morbo
3109 3600 3392 3662 correptus
3440 3596 3522 3650 in-

1935 3676 2103 3730 teriit.

2522 3765 2751 3823 CAPUT
2792 3767 2931 3825 XIV.

1935 3852 2011 3908 De
2049 3855 2205 3924 gestis
2237 3854 2406 3930 Afarci
2435 3855 2687 3930 Antonini
2714 3867 2762 3910 et
2793 3857 2975 3930 fratris
2999 3862 3115 3930 ejus
3141 3865 3342 3921 Aurelii
3363 3867 3521 3926 Com-

2145 3924 2287 3978 modi
2313 3925 2402 3995 qui
2437 3925 2746 3995 aliquandiu
2772 3924 2929 3982 simul
2954 3924 3317 4002 regnaverunt.

2004 4042 2218 4097 Marcus
2242 4041 2546 4098 Antoninus
2579 4043 2770 4110 Verus,
2795 4045 3037 4103 decimus
3065 4059 3290 4119 quartus
3318 4055 3386 4110 ab
3407 4056 3526 4112 Au-

1933 4142 2111 4206 gusto,
2152 4148 2374 4203 regnum
2410 4148 2534 4187 cum
2562 4132 2780 4190 Aurelio
2811 4134 3106 4194 Commodo
3140 4140 3309 4198 fratre
3336 4160 3522 4202 susce-

1931 4223 2032 4293 pit,
2061 4221 2366 4292 mansitque
2408 4221 2462 4276 in
2493 4236 2558 4277 eo
2595 4238 2766 4278 annos
2795 4225 2882 4280 19.
2913 4225 2979 4280 Hi
3025 4230 3185 4296 primi
3219 4235 3514 4304 rempubli-

1933 4328 2054 4370 cam
2099 4327 2254 4382 aequo
2297 4311 2422 4382 jure
2471 4313 2627 4368 tutati
2669 4323 2816 4369 sunt.
2844 4315 3050 4372 Bellum
3089 4319 3283 4378 deinde
3329 4334 3517 4385 contra

1936 4401 2168 4456 Parthos
2215 4401 2521 4459 admirabili
2569 4402 2768 4460 virtute
2812 4414 2870 4460 et
2917 4403 3172 4464 felicitate
3213 4425 3515 4483 gesserunt.

1941 4495 2154 4552 Marcus
2179 4495 2482 4550 Antoninus
2513 4496 2681 4551 Verus
2707 4496 2774 4551 ad
2803 4497 2857 4551 id
2885 4497 3084 4554 bellum
3116 4502 3388 4571 profectus
3411 4517 3517 4564 est.

1940 4586 2228 4656 Vologeses
2251 4585 2415 4650 enim,
2445 4601 2539 4640 rex
2565 4585 2909 4654 Parthorum,
2933 4589 3083 4659 gravi
3109 4594 3392 4662 eruptione
3419 4596 3521 4652 Ar-

1939 4677 2208 4741 meniam,
2258 4675 2681 4746 Cappadociam,
2725 4677 3047 4750 Syriamque
3091 4685 3358 4740 vastabat.
3411 4685 3519 4744 Sed

1937 4768 2240 4824 Antoninus
2280 4782 2378 4838 per
2421 4767 2825 4823 strenuissimos
2865 4769 3053 4836 duces,
3099 4775 3308 4844 magnis
3355 4777 3520 4833 rebus

1940 4857 2136 4928 gestis,
2177 4855 2479 4910 Seleuciam
2520 4854 2756 4928 Assyria:
2789 4859 2979 4914 urbem
3037 4875 3200 4930 super
3246 4863 3520 4934 Hidaspen

1935 4949 2153 5007 fluvium
2178 4949 2359 5013 sitam,
2386 4963 2510 5003 cum
2538 4962 2664 5002 cccc
2694 4949 2930 5005 millibus
2957 4951 3236 5008 hominum
3265 4958 3428 5025 cepit,
3461 4967 3519 5014 et

1935 5061 2059 5103 cum
2097 5043 2267 5099 fratre
2315 5043 2382 5096 de
2433 5041 2656 5096 victoria
2719 5041 2972 5096 Parthica
3022 5046 3403 5118 triumphavit;
3452 5065 3517 5107 ac

1937 5152 2042 5193 non
2071 5135 2238 5191 multo
2271 5141 2394 5204 post
2427 5147 2550 5188 cum
2586 5129 2756 5186 fratre
2784 5132 2834 5186 in
2869 5133 3115 5188 vehiculo
3140 5138 3351 5201 sedens,
3384 5153 3515 5194 casu

1937 5228 2145 5292 morbi,
2182 5241 2343 5296 quem
2392 5223 2673 5293 apoplexin
2722 5223 2894 5280 Grzeci
2948 5236 3178 5294 vocant,
3222 5229 3516 5289 suffocatus

1935 5319 2161 5374 interiit.
2214 5318 2290 5370 Eo
2333 5314 2587 5370 defuncto
2631 5313 2842 5370 Marcus
2869 5315 3174 5374 Antoninus
3215 5320 3362 5376 solus
3406 5324 3511 5377 rei-

1935 5411 2164 5482 publicze
2183 5407 2412 5478 praefuit.
2461 5405 2566 5461 Sed
2597 5406 2651 5463 in
2675 5407 2865 5462 diebus
2894 5408 3134 5464 Parthici
3171 5410 3294 5466 belli
3323 5427 3510 5483 persev

1936 5504 2180 5560 cutiones
2222 5497 2652 5554 Christianorum
2699 5507 2885 5566 quarta
2927 5498 3038 5566 jam
3081 5508 3205 5570 post
3244 5500 3514 5561 Neronem

1935 5595 2081 5655 vice,
2124 5593 2178 5646 in
2209 5589 2426 5659 Assyria
2463 5596 2519 5643 et
2555 5589 2606 5642 in
2638 5587 2807 5643 Gallia
2845 5604 3037 5659 graves
3080 5605 3349 5661 przecepto
3381 5594 3514 5662 .ejus

1935 5685 2276 5752 exstiterunt,
2326 5681 2587 5750 multique
2629 5692 2936 5736 sanctorum
2973 5685 3233 5752 martyrio
3268 5686 3511 5742 coronati

2976 5773 3050 5834 37
