3962 6174
437 315 572 373 ςεδδ

1422 294 1816 355 FRECULPIII
1855 278 2314 348 LEXO-V’IENSIS
2352 281 2659 342 EPISCOPI

3566 272 3711 335 θα

432 432 578 482 sunt.
621 421 816 478 Secuta
846 414 930 473 est
955 414 1071 468 lues
1097 407 1345 482 plurimis
1380 403 1554 461 infusa
1586 401 1899 476 provinciis,
1928 407 2010 453 to.
2040 403 2086 461 Α
2115 394 2265 449 natui
2293 393 2496 462 aliquid
2516 391 2698 455 vellet,
2724 389 3148 444 instrumentum
3183 384 3319 457 regii
3352 382 3533 440 cultus
3556 382 3716 437 facta

435 525 653 584 tamque
692 510 897 565 Italiam
947 501 1257 576 pestilentia
1293 507 1444 554 tanta
1485 495 1750 559 vastavit,
1790 500 1852 547 ut
1888 505 2013 560 pas-

433 582 715 667 sitnvillze,
747 600 862 671 agri
899 606 1061 666 atque
1097 592 1290 663 oppida
1330 590 1447 645 sine
1476 587 1686 643 cultore
1726 592 1889 653 atque
1923 582 2018 635 ha-

435 695 669 752 bitatore
708 691 946 752 deserta,
990 687 1045 739 in
1088 683 1274 736 ruinas
1311 678 1582 746 silvasque
1628 671 2015 730 concesserint.

436 782 748 840 Exercitum
784 792 914 832 vero
939 775 1242 829 Romanum
1278 776 1607 834 cunctasque
1651 762 1890 833 legiones
1920 774 2021 830 per

435 870 726 941 longinqua
770 867 882 921 late
934 864 1158 919 hiberna
1206 857 1518 930 dispositas,
1562 854 1637 908 ita
1673 856 2021 919 consumptas

436 940 637 1023 ferunt,
671 965 731 1012 ut
774 951 1265 1010 Marcomannicum
1308 946 1527 1009 bellum,
1574 943 1718 1014 quod
1763 940 2023 997 continuo

436 1061 629 1108 exortu
654 1066 683 1103 ιι
716 1055 829 1112 est,
858 1060 967 1100 non
1003 1043 1105 1098 nisi
1144 1054 1287 1096 novo
1325 1037 1539 1111 delectu
1576 1033 1830 1098 militum,
1859 1043 2036 1100 quem

438 1139 671 1195 triennio
712 1136 911 1207 iugiter
957 1133 1097 1203 apud
1126 1128 1443 1185 Carnutium
1470 1124 1682 1181 Marcus
1709 1121 2023 1179 Antoninus

438 1230 629 1286 habuit
652 1235 864 1299 gestum
901 1223 1069 1278 fuisse
1097 1221 1386 1276 referatur.
1425 1217 1539 1272 lloc
1563 1215 1780 1285 quidem
1823 1211 2024 1268 bellum

436 1321 777 1395 providentia
815 1318 912 1373 Dei
960 1312 1399 1370 administratum
1434 1322 1577 1374 esse,
1620 1321 1746 1363 cum
1775 1302 2025 1376 plurimis

439 1394 773 1484 argumentis
819 1414 1056 1472 constat,
1102 1414 1214 1459 tum
1251 1401 1523 1472 praecipue
1562 1395 1787 1469 epistola
1819 1394 2026 1467 gravis-

439 1503 566 1560 simi
619 1517 684 1557 ae
730 1495 1110 1554 modestissimi
1154 1490 1499 1563 imperatoris
1543 1487 1878 1544 declaratum
1919 1492 2021 1540 est.

439 1597 573 1652 Nam
601 1609 726 1649 cum
753 1589 1175 1647 insurrexissent
1198 1591 1388 1656 gentes
1416 1579 1752 1637 immanitate
1771 1578 2039 1643 barbara,

438 1686 782 1745 multitudine
835 1678 1283 1741 innumerabiles,
1339 1676 1444 1730 hoc
1494 1680 1599 1738 est,
1636 1668 2023 1734 Marcomanni,

2120 487 2173 540 in
2206 485 2323 539 foro
2344 483 2564 553 Traiani
2593 482 2834 537 sectione
2848 478 3268 534 distraxit.Vasa
3290 491 3483 541 aurea,
3512 477 3719 544 pocula

2118 572 2432 644 crystallina
2466 579 2523 626 et
2552 569 2815 633 murrina,
2864 566 3113 623 uxoriam
3159 580 3227 621 ac
3271 579 3427 620 suam
3471 564 3721 620 sericam

2117 673 2175 718 et
2207 677 2429 717 auream
2488 667 2692 716 vestem
2718 700 2734 725 ,
2788 657 2954 713 multa
3001 665 3319 712 ornamenta
3366 671 3722 725 gallinarum

2118 760 2379 825 vendidit,
2411 772 2476 813 ac
2500 772 2599 828 per
2628 758 2762 812 duos
2806 754 3064 810 continuo
3089 767 3304 808 menses
3335 751 3584 807 venditio
3618 750 3719 806 ha-

2119 850 2231 905 bita
2270 858 2373 905 est.
2422 848 2553 903 Post
2589 845 2878 901 victoriam
2930 854 3112 898 tamen
3155 841 3494 912 emptoribus
3531 841 3723 911 pretia

2120 938 2374 1003 restituit,
2408 937 2500 1008 qui
2550 935 2775 991 reddere
2823 941 3138 1002 comparata
3173 931 3461 986 voluerunt
3494 946 3508 981 :
3537 928 3723 984 mole-

2120 1037 2238 1084 stus
2272 1027 2407 1083 nulli
2451 1025 2582 1092 fuit,
2630 1025 2724 1094 qui
2766 1022 2959 1078 maluit
3001 1020 3172 1077 semel
3213 1029 3396 1090 empta
3451 1020 3720 1075 retinere.

2122 1119 2224 1186 Qui
2256 1127 2458 1183 tamen,
2488 1130 2678 1171 errore
2714 1113 2993 1182 deceptus,
3037 1110 3207 1166 multa
3251 1124 3365 1165 suae
3408 1109 3725 1165 honestatis

2122 1209 2264 1264 bona
2292 1207 2535 1273 ftedavit,
2564 1207 2694 1261 dum
2728 1213 2978 1275 quartam
3004 1211 3129 1273 post
3153 1201 3423 1257 Neronem
3464 1201 3523 1256 in
3547 1201 3722 1257 Chri-

2124 1303 2330 1358 stianos
2365 1301 2795 1371 persecutionem
2827 1312 2926 1353 suo
2953 1296 3123 1352 movit
3161 1295 3373 1351 edicto:
3400 1294 3547 1350 unde
3583 1294 3729 1348 libet

2124 1392 2226 1447 sub
2250 1392 2517 1448 brevitate
2543 1391 2929 1461 perstringere,
2956 1387 3052 1458 qui
3090 1402 3157 1443 eo
3197 1386 3500 1456 imperante
3530 1384 3588 1438 in
3621 1399 3727 1438 no-

2126 1490 2245 1538 stro
2268 1482 2507 1537 maxime
2545 1480 2847 1536 ﬂoruerunt
2873 1481 3143 1551 dogmate,
3166 1476 3253 1533 vel
3296 1491 3364 1532 ex
3409 1476 3728 1531 notioribus

2126 1573 2389 1643 martyrio
2414 1570 2660 1627 coronati
2689 1578 2833 1626 sunt.

2729 1680 2957 1739 CAPUT
2995 1680 3110 1737 XV.

439 1776 635 1846 Quadi,
664 1772 936 1838 Wandali,
973 1769 1258 1832 Sarmatae,
1289 1765 1453 1822 Suevi
1501 1754 1666 1833 atque
1691 1760 1869 1817 omnis
1890 1772 2030 1829 pene

2141 1776 2209 1831 De
2232 1763 2527 1845 Polurarpo
2547 1772 2775 1828 Joannis
2819 1769 3042 1846 apostoli
3082 1766 3364 1839 discipulo,
3396 1777 3446 1822 et
3468 1766 3730 1838 Smyrna

431 1868 758 1932 Ceraunia,
797 1872 855 1919 et
902 1864 957 1918 in
996 1859 1309 1928 Quadorum
1349 1869 1522 1926 usque
1548 1854 1682 1908 fines
1710 1864 2030 1923 progressus

441 1959 720 2015 exercitus
795 1954 1309 2018 circumventusque
1371 1946 1440 2000 ab
1502 1943 1750 1999 hostibus
1811 1947 2033 2011 propter

442 2060 707 2118 aquarum
753 2043 1034 2114 penuriam
1079 2036 1449 2110 praesentium,
1498 2033 1620 2088 sitis
1665 2030 1838 2101 magis
1867 2041 2031 2098 quam

444 2139 615 2197 hostis
649 2134 944 2207 periculum
978 2131 1291 2193 sustineret,
1322 2125 1388 2180 ad
1428 2122 1824 2178 invocationem
1853 2117 2032 2173 nomi-

443 2326 663 2396 quidam
720 2322 919 2376 milites
964 2316 1122 2373 etl'usi
1186 2314 1241 2367 in
1288 2324 1482 2382 preces
1530 2307 1711 2377 palam
1764 2303 2031 2366 fecerunt,

443 2390 592 2468 tanta
624 2412 705 2466 vis
738 2409 934 2480 pluvia:
965 2404 1133 2459 effusa
1163 2411 1265 2465 est,
1294 2407 1354 2452 ut
1379 2399 1654 2453 Romanos
1684 2394 1898 2463 quidem
1928 2390 2036 2443 lar-

440 2503 663 2575 gissime
700 2515 766 2553 ac
810 2498 929 2551 sine
964 2493 1162 2562 injuria
1208 2489 1494 2552 refecerit,
1544 2486 1806 2544 barbaros
1852 2488 2035 2535 autem

444 2573 655 2649 crebris
689 2589 974 2644 fulminum
1001 2585 1199 2638 ictibus
1223 2580 1541 2650 perterritos
1570 2573 1872 2645 praesertim
1909 2585 2034 2625 cum

441 2681 664 2754 plurimi
724 2692 916 2734 eorum
983 2673 1385 2734 occiderentur,
1434 2668 1489 2721 in
1535 2664 1715 2735 fugam
1772 2660 2033 2731 coegerit.

442 2774 686 2841 Quorum
718 2778 867 2839 terga
899 2764 1130 2821 Romani
1175 2775 1345 2830 usque
1381 2759 1447 2813 ad
1477 2754 1902 2811 internecionem
1930 2766 2039 2807 cae-

446 2865 656 2928 dentes,
688 2857 1131 2932 gloriosissimam
1169 2851 1475 2914 victoriam,
1522 2855 1578 2903 et
1613 2843 1865 2900 omnibus
1898 2857 2037 2912 pene

446 2953 792 3021 antiquorum
826 2947 995 3001 titulis
1024 2940 1415 3015 praeferendam
1446 2937 1562 2991 rudi
1591 2948 1863 3006 parvoque
1891 2932 2034 2987 mili-

2791 1856 3057 1912 episcopo.

2146 1964 2149 1965 ν
2201 1934 2372 2007 Igitur
2404 1934 2736 2006 Polyearpus
2774 1930 3000 1987 Joannis
3045 1927 3274 2000 apostoli
3314 1924 3645 1996 discipulus,
3672 1935 3735 1982 et

2131 2024 2200 2080 ab
2232 2040 2299 2081 eo
2341 2023 2589 2095 Smyrna:
2635 2022 2925 2092 episcopus
2979 2019 3296 2084 ordinatus,
3347 2018 3512 2073 totius
3566 2018 3734 2072 Asia:

2131 2119 2384 2188 princeps
2421 2116 2523 2171 fuit
2546 2132 2561 2171 :
2584 2117 2783 2186 quippe
2814 2114 2909 2185 qui
2935 2113 3222 2170 nonnullos
3264 2112 3642 2183 apostolorum
3672 2120 3733 2166 et

2133 2224 2320 2264 eorum
2361 2208 2453 2278 qui
2488 2207 2774 2262 Dominum
2810 2206 3093 2270 viderant,
3141 2204 3430 2274 magistros
3463 2202 3734 2258 habuerit

2132 2307 2188 2353 et
2223 2298 2440 2353 viderit.
2472 2296 2574 2352 Hie
2615 2304 2837 2367 propter
2876 2295 3139 2365 quasdam
3181 2309 3345 2363 super
3382 2292 3469 2348 die
3492 2291 3737 2357 Pasch.

2133 2386 2493 2457 quaestiones,
2508 2387 2611 2441 sub
2638 2386 2968 2456 imperatore
2985 2383 3262 2439 Antonino
3277 2382 3392 2447 Pio,
3416 2381 3729 2455 Ecclesia:

2142 2482 2196 2535 in
2230 2478 2378 2535 Urbe
2418 2484 2663 2549 regente,
2689 2491 2720 2530 a
2744 2475 2948 2544 Neceto
2967 2475 3195 2530 Romam
3223 2474 3391 2539 venit,
3417 2473 3509 2529 ubi
3549 2472 3730 2541 pluri-

2133 2586 2251 2626 mos
2278 2570 2611 2625 credentium
2643 2566 2933 2623 Marcionis
2980 2574 3036 2621 et
3072 2564 3340 2619 Valentini
3366 2564 3733 2637 persuasione

2134 2662 2409 2730 deceptos,
2443 2659 2660 2715 reduxit
2686 2658 2754 2714 ad
2785 2657 2965 2713 ﬁdem.
2995 2655 3241 2725 Cumque
3277 2656 3335 2711 ei
3351 2655 3549 2709 obvius
3588 2651 3728 2708 fuis-

2134 2765 2219 2813 set
2250 2756 2513 2822 Marcion,
2549 2763 2607 2811 et
2652 2755 2859 2810 diceret
2894 2769 2908 2807 :
2955 2752 3189 2822 Agnone
3233 2767 3358 2815 nos;
3402 2747 3735 2820 respotnlit:

2136 2854 2373 2922 Agnosco
2403 2850 2805 2920 primogenitum
2830 2844 3055 2901 diaboli.
3104 2848 3105 2851 “

2152 2965 2157 2969 ·
2206 2944 2398 2999 Postea
2443 2957 2574 2996 vero
2619 2946 2880 3010 regnante
2921 2937 3104 2997 Marco
3127 2935 3415 3000 Antonino,
3452 2940 3514 2989 et
3556 2932 3734 2989 Lucio

448 3051 562 3097 tum
585 3053 830 3101 numero,
856 3037 949 3091 sed
972 3033 1349 3104 potentissimo
1371 3027 1575 3084 Christi
1605 3025 1827 3089 auxilio,
1852 3037 2040 3093 repor-
2076 3099 2105 3104 ὰ
2138 3035 2360 3091 Aurelio
2387 3033 2705 3096 Commodo,
2750 3038 2945 3100 quarta
2990 3036 3114 3099 post
3158 3026 3421 3082 Neronem
3461 3040 3737 3097 perseeu-

449 3140 654 3187 tarunt.
686 3099 917 3186 Exstare
946 3099 1111 3180 etiam
1134 3136 1277 3178 nunc
1305 3119 1444 3190 apud
1471 3119 1756 3189 plerosque
1784 3115 2037 3170 dicuntur
2062 3099 2107 3162 C
2142 3127 2307 3193 ιίοηθ,
2339 3124 2588 3197 Smyrna,
2636 3099 2859 3177 “deme
2895 3116 3219 3189 proconsule
3249 3124 3306 3170 ει
3337 3116 3601 3171 “nivem
3628 3131 3736 3185 νο,

448 3222 642 3277 litterae
674 3217 1020 3288 imperatoris
1049 3212 1327 3275 Antonini,
1360 3210 1451 3263 ubi
1490 3206 1831 3261 invocatione
1862 3202 2037 3258 nomi-

448 3314 536 3369 nis
562 3312 762 3367 Christi
793 3324 888 3379 per
922 3307 1124 3360 milites
1153 3302 1488 3358 Christianos
1509 3306 1565 3353 et
1590 3297 1736 3352 sitim
1768 3295 1911 3350 illam
1938 3294 2035 3347 de-

448 3402 679 3474 pulsam,
710 3409 764 3454 et
797 3396 1048 3452 collatam
1081 3394 1278 3448 fatetur
1322 3392 1493 3445 fuisse
1520 3388 1825 3443 victoriam.
1858 3386 2038 3441 Idem-

450 3489 874 3562 queAntoninus
887 3485 1241 3541 Commodum
1282 3482 1452 3536 tilium
1478 3494 1633 3534 suum
1664 3477 1955 3547 assumpsit
1983 3476 2037 3530 in

450 3597 704 3653 regnum.
747 3578 1013 3634 Praeteriti
1050 3577 1214 3630 etiam
1259 3573 1519 3643 temporis
1553 3588 1653 3642 per
1686 3585 1876 3626 omnes
1910 3582 2039 3639 pro-

450 3675 660 3731 vincias
686 3673 886 3728 tributa
917 3670 1155 3734 donavit,
1185 3667 1476 3736 omniaque
1506 3662 1668 3719 simul
1698 3662 1901 3718 ﬁscalia
1944 3676 2042 3716 ne-

446 3766 727 3839 gotiorum
762 3761 1096 3818 calumniosa
1145 3762 1494 3813 monumenta
1539 3761 1794 3824 congesta
1835 3753 1888 3807 in
1925 3751 2042 3807 foro

447 3858 618 3928 jussit
645 3854 879 3920 incendi,
910 3851 1319 3921 severioresque
1351 3847 1499 3918 leges
1522 3845 1677 3901 novis
1699 3844 2041 3900 constitutio-

455 3949 616 4005 nibus
653 3945 1015 4016 temperavit:
1051 3950 1325 4013 postremo
1375 3939 1429 3993 in
1452 3936 1739 3991 Pannonia
1781 3934 2043 3990 constitu-

456 4048 564 4105 tus,
597 4036 882 4108 repentino
931 4033 1121 4088 morbo
1156 4031 1299 4084 diem
1348 4027 1502 4083 obiit.
1554 4026 1725 4098 Igitur
1768 4023 2042 4079 annalium

454 4126 865 4198 scriptores-de
915 4125 1104 4179 eodem
1151 4123 1478 4191 imperatore
1526 4117 1724 4183 ferunt,
1761 4116 1905 4186 quod
1938 4116 2045 4170 nisi

456 4220 533 4276 ad
563 4219 650 4274 illa
691 4226 931 4287 tempora
970 4223 1129 4267 natus
1175 4217 1339 4275 esset,
1368 4207 1611 4279 profecto
1640 4207 1794 4277 quasi
1829 4221 1936 4259 uno
1958 4204 2045 4257 'la-

456 4327 563 4383 psu
634 4309 872 4365 ruissent
922 4306 1101 4359 omnia
1151 4310 1324 4357 status
1375 4298 1607 4353 Romani
1652 4296 1893 4367 imperii,
1951 4294 2045 4365 qui

461 4403 614 4474 quasi
643 4400 899 4456 defensor
926 4395 1165 4463 Olljt‘CllIS
1187 4403 1269 4449 est
1292 4392 1520 4463 publicis
1540 4390 1813 4446 aerumnis.
1840 4388 2046 4458 Quippe

462 4491 723 4547 ab'armis
747 4490 899 4557 quies
926 4501 1189 4555 nusquam
1221 4491 1359 4548 erat,
1390 4495 1590 4551 perque
1612 4493 1830 4537 omnem
1853 4479 2045 4534 Orien-

463 4590 597 4645 tem,
628 4580 903 4641 illiricum,
937 4576 1169 4638 Italiam,
1197 4572 1534 4640 Galliamque
1568 4571 1705 4625 bella
1746 4569 2045 4637 fervebant,

464 4676 806 4727 terrmmotus
844 4683 947 4722 non
978 4666 1097 4719 sine
1144 4663 1368 4717 interitu
1400 4662 1701 4725 civitatum,
1739 4659 2048 4714 inundatio-

466 4776 565 4819 nes
592 4760 892 4827 fluminum,
919 4760 1035 4813 lues
1063 4757 1287 4819 crcbrtc,
1311 4752 1641 4809 locustarum
1672 4752 1877 4820 species
1903 4752 2049 4819 agris

465 4851 680 4911 infesta:
714 4865 957 4923 prorsus,
986 4858 1040 4903 at
1066 4863 1232 4919 prope
1261 4846 1416 4911 nihil,
1448 4859 1554 4914 quo
1582 4844 1806 4897 summis
1834 4843 2048 4913 angori-

464 4942 571 5000 bus
611 4942 773 4998 atteri
820 4938 1075 4995 mortales
1124 4938 1316 5003 solent,
1350 4935 1454 4991 diei
1486 4951 1582 4989 seu
1612 4934 1837 5003 cogitari
1885 4943 2047 5003 queat

466 5035 612 5105 quod
640 5047 748 5089 non
784 5032 877 5088 illo
906 5033 1208 5103 imperante
1235 5029 1485 5085 scevierit.
1516 5029 1700 5096 Itaque
1728 5041 1756 5080 a
1782 5026 2047 5097 principio

466 5126 595 5180 vita:
621 5123 1113 5193 tranquillissimus,
1135 5122 1268 5176 adeo
1294 5129 1354 5175 ut
1380 5122 1447 5176 ab
1468 5118 1692 5174 infantia
1716 5118 1920 5173 vultum
1951 5133 2052 5173 nec

466 5231 540 5274 ex
569 5216 764 5287 gaudio
793 5231 894 5270 nec
943 5229 1011 5269 ex
1058 5226 1295 5268 maerore
1344 5212 1653 5277 mutaverit,
1698 5212 2051 5280 philosophiae

466 5321 634 5382 atque
654 5309 967 5366 Griecarum
1007 5307 1306 5361 litterarum
1344 5306 1633 5362 studiosus.
1678 5306 1775 5360 Hic
1804 5306 2050 5376 permisit

459 5400 605 5456 ‘viris
641 5399 978 5459 clarioribus,
1008 5404 1069 5451 ut
1099 5396 1345 5451 convivia
1384 5397 1573 5451 eodem
1601 5394 1769 5460 cultu,
1797 5410 1905 5464 quo
1933 5394 2050 5462 ipse

469 5497 525 5541 et
556 5488 816 5543 ministris
847 5487 1143 5549 similibus,
1168 5482 1508 5541 exhiberem.
1554 5484 1653 5541 llic
1702 5501 1824 5540 cum
1854 5485 2049 5540 aerario

470 5579 744 5636 exhausto
797 5579 1145 5649 largitiones,
1193 5593 1327 5647 quas
1375 5577 1637 5631 militibus
1692 5575 2047 5645 impenderet,

473 5679 583 5719 nou
616 5666 859 5732 haberet,
891 5682 1062 5737 neque
1106 5667 1344 5723 indicere
1370 5665 1791 5737 provincialibus
1818 5673 1914 5719 aut
1960 5679 2046 5721 se-

2145 3216 2271 3288 pqu
2315 3216 2370 3270 in
2419 3213 2817 3284 amphitheatro
2861 3209 3148 3264 adversum
3196 3221 3317 3262 eum
3365 3215 3730 3276 personante,

2139 3308 2284 3379 quod
2319 3307 2436 3376 ipse
2471 3313 2620 3360 esset
2644 3303 2798 3374 quasi
2829 3301 3261 3357 Christianorum
3298 3307 3453 3369 pater
3487 3306 3548 3353 et
3583 3298 3731 3353 illius

2138 3407 2301 3454 sectas
2345 3396 2617 3452 maximus
2663 3394 2853 3449 doctor
2896 3391 3230 3461 deorumque
3271 3389 3586 3445 subversor.
3634 3387 3733 3442 Ille

2140 3495 2321 3543 autem
2369 3500 2471 3556 per
2525 3482 2815 3554 gloriosam
2866 3478 3264 3536 confessionem
3313 3477 3421 3546 igni
3490 3477 3733 3531 tratﬁtus

2138 3591 2242 3638 est.
2269 3580 2511 3648 Cumque
2534 3576 2748 3631 flamma
2777 3574 2968 3644 ingens
2993 3571 3301 3635 reluxisset,
3328 3578 3384 3624 et
3420 3568 3474 3622 in
3507 3568 3735 3623 modum

2141 3686 2372 3730 camerae
2398 3679 2622 3727 curvata
2660 3668 2860 3738 specie,
2907 3665 3061 3737 quasi
3099 3663 3203 3718 veli
3250 3662 3406 3717 navis
3446 3670 3618 3716 vento
3656 3661 3735 3716 si-

2140 3767 2292 3823 nuati
2318 3778 2479 3834 supra
2492 3776 2696 3832 corpus
2720 3758 2979 3830 martyris
3000 3756 3261 3819 stetisset,
3283 3753 3533 3807 videntes
3556 3751 3726 3806 scele-

2142 3870 2261 3909 rum
2289 3851 2525 3907 ministri
2552 3850 2664 3920 igni
2700 3862 2894 3918 corpus
2932 3861 3041 3901 non
3067 3859 3227 3915 posse
3256 3843 3530 3903 consumi,
3554 3842 3736 3910 jussu:

2143 3951 2270 3998 runt
2307 3939 2532 4011 propius
2573 3938 2834 3994 accedere
2880 3935 3268 3998 confectorem,
3312 3942 3371 3988 et
3392 3946 3597 4001 corpus
3641 3931 3741 3987 cui

2144 4032 2283 4105 ignis
2306 4039 2549 4088 cesserat
2579 4042 2836 4085 mucrone
2866 4024 3227 4082 transfodere.

2729 4134 2958 4192 CAPUT
2999 4133 3138 4189 XVI.

2144 4231 2222 4286 De
2241 4230 2458 4285 Iustino
2478 4229 2807 4301 philosopho,
2829 4234 3083 4298 quantum
3103 4242 3198 4301 pro
3221 4221 3555 4301 defendendo
3575 4219 3740 4276 Chri-

2217 4294 2492 4357 stianismo
2533 4294 2806 4363 laborum,
2841 4294 2898 4350 ἐι
2943 4294 3111 4366 quam
3136 4294 3363 4361 insignia
3393 4304 3743 4346 meum:

2221 4371 2508 4441 reliquerit.

2221 4481 2465 4539 Justinus
2490 4478 2860 4549 philosophus,
2894 4474 3084 4530 habitu
3124 4488 3343 4544 quoque
3376 4471 3742 4542 philosopho-

2150 4591 2271 4631 rum
2312 4574 2587 4637 incedens,
2634 4571 2701 4627 de
2753 4567 2972 4638 Neapoli
3013 4556 3151 4623 urbe
3195 4565 3499 4621 Palatina:
3523 4605 3540 4627 ,
3580 4570 3746 4633 patre

2148 4667 2337 4721 Prisco
2360 4663 2612 4726 Bacchio,
2652 4676 2754 4732 pro
2784 4659 3044 4730 religione
3081 4657 3282 4713 Christi
3328 4655 3623 4725 plurimum
3665 4651 3749 4705 la-

2150 4755 2360 4810 boravit
2398 4768 2413 4806 :
2457 4752 2510 4806 in
2543 4759 2751 4806 tantum
2777 4757 2838 4802 ut
2863 4746 3139 4801 Antonino
3166 4759 3381 4815 quoque
3406 4742 3505 4796 Pio
3530 4748 3587 4796 et
3610 4739 3747 4794 ﬁliis

2149 4849 2286 4919 ejus,
2307 4854 2362 4901 et
2383 4844 2591 4900 senatui
2623 4843 2819 4896 librum
2847 4850 3037 4895 contra
3064 4846 3251 4910 gentes
3271 4834 3537 4903 scriptum
3559 4832 3744 4893 daret,

2150 4941 2607 5013 ignominiamque
2635 4935 2814 4992 erucis
2843 4949 2951 4989 non
2979 4932 3345 4992 erubesceret,
3372 4936 3430 4982 et
3457 4926 3624 4981 alium
3670 4924 3751 4979 lio

2149 5035 2308 5089 brum
2339 5028 2740 5085 successoribus
2776 5025 3015 5094 ejusdem
3047 5021 3330 5086 Antonini,
3355 5019 3540 5073 Marco
3562 5017 3749 5071 Anto~

2154 5123 2283 5177 nino
2311 5121 2472 5185 Vero,
2505 5128 2560 5173 et
2587 5117 2756 5172 Lucio
2784 5115 3002 5169 Aurelio
3027 5113 3345 5169 Commodo.
3396 5109 3588 5163 Exstat
3618 5105 3755 5173 ejus

2154 5221 2210 5267 et
2244 5204 2393 5265 aliud
2430 5210 2680 5264 volumen
2723 5215 2912 5261 contra
2947 5212 3156 5273 gentes,
3194 5201 3281 5255 ubi
3332 5200 3399 5254 de
3433 5197 3753 5252 «Emonam

2154 5314 2370 5371 quoque
2398 5306 2591 5353 natura
2626 5297 2895 5367 disputat;
2934 5304 2987 5348 et
3024 5300 3251 5362 quartus
3271 5289 3577 5343 adversum
3614 5299 3759 5354 gen.-

2153 5402 2256 5459 tes,
2290 5392 2377 5448 cui
2405 5391 2618 5445 titulum
2646 5388 2967 5460 praenotavit
3016 5383 3248 5448 Preller,
3282 5391 3340 5439 et
3367 5381 3505 5437 alius
3534 5378 3603 5432 de
3625 5392 3758 5430 mo-

2156 5482 2378 5541 narchia
2410 5484 2528 5548 Dei,
2563 5490 2618 5535 et
2658 5481 2795 5535 alius
2838 5481 2975 5534 liber
3016 5491 3174 5546 quem
3211 5472 3527 5545 prtenotavit
3580 5467 3761 5524 Ρωι-

2155 5586 2279 5634 tem.
2311 5588 2368 5630 et
2403 5575 2541 5629 alius
2575 5575 2641 5629 de
2667 5573 2869 5637 anima,
2908 5579 2956 5625 et
2996 5569 3243 5639 dialogus
3277 5573 3469 5622 contra
3499 5560 3757 5621 ludens.

2155 5680 2315 5736 quem
2357 5663 2547 5719 habuit
2580 5671 2767 5718 contra
2799 5659 3144 5730 Tryphonem
3191 5656 3487 5728 principem
3523 5649 3760 5709 δυάδο-
