3962 6174
297 298 435 373 θιὼ

288 525 523 582 quorum
546 508 778 565 [renatus
806 521 1023 578 quoque
1049 506 1107 561 in
1123 506 1314 576 quinto
1342 508 1602 564 adversus
1633 510 1865 566 haereses

290 602 441 656 libro
460 599 722 655 meminit.
750 599 820 653 Et
836 598 976 653 alius
1001 597 1140 653 liber
1164 605 1350 652 contra
1378 612 1570 654 omnes
1609 600 1863 665 hereses,

288 691 446 761 cujus
463 688 593 743 facit
611 688 939 743 mentionem
964 687 1017 741 in
1034 686 1398 758 Apologetico,
1414 703 1577 759 quem
1592 689 1737 745 dedit
1756 689 1867 744 An-

290 780 478 834 tonino
492 777 605 833 Pio.
631 776 731 832 llic
756 792 879 833 cum
908 776 963 831 in
988 776 1121 832 urbe
1143 776 1313 833 Roma
1337 777 1648 843 haberetur,
1664 786 1722 833 et
1737 780 1867 835 Crev-

289 878 531 925 scentem
548 867 834 940 Cynicum,
854 868 947 938 qui
967 868 1192 922 multum
1222 868 1511 924 adversum
1528 868 1867 926 Christianos

288 959 720 1031 hlasphemabat,
761 959 1115 1030 redargueret
1146 959 1393 1031 gulosum
1420 969 1480 1016 et
1506 961 1698 1017 mortis
1727 961 1867 1017 timi-

287 1052 439 1114 dum,
470 1064 536 1104 ac
556 1049 905 1120 philosophiae
932 1050 1427 1119 praevaricatorem,
1450 1050 1786 1123 luxurheque
1811 1061 1867 1108 et

288 1142 530 1198 libidinis
554 1149 901 1208 sectatorem,
928 1142 999 1198 ad
1016 1149 1330 1198 extremum
1357 1142 1538 1198 studio
1562 1141 1679 1213 ejus
1703 1152 1759 1197 et
1791 1144 1867 1198 in-

286 1234 443 1289 sidiis
477 1241 763 1290 accusatus
786 1233 931 1305 quod
957 1232 1302 1289 Christianus
1327 1240 1493 1298 esset,
1521 1247 1622 1303 pro
1648 1231 1867 1289 Christo

287 1324 604 1396 sanguinem
624 1322 786 1380 fudit.

859 1432 1087 1490 CAPUT
1136 1435 1297 1491 XVII.

291 1524 598 1595 Egesippus,
624 1525 989 1666 ecclesiamet;
1014 1524 1266 1608 Historiae
1298 1526 1539 1595 scriptor,
1570 1542 1675 1596 qua
1711 1535 1863 1581 astate

987 1606 1204 1650 ornem.

987 1606 1204 1650 eruerit.

373 1684 671 1756 Egesippus
711 1684 925 1740 vicinus
971 1684 1338 1755 apostolorum
1390 1687 1722 1756 temporibus
1745 1727 1763 1752 ,
1807 1696 1864 1742 et

1306 346 1311 353 ι
1390 306 1800 368 CHRONICON.
1835 343 1903 354 -ω
1939 310 2103 369 τοιιι
2139 311 2184 367 Il
2221 312 2348 369 LIB.
2388 313 2451 368 ll.
2510 316 2517 363 ἴ

290 439 433 481 rum.
465 420 573 478 Sed
602 412 657 476 ei
697 427 885 478 contra
925 416 1250 475 Marcionem
1295 418 1525 490 insignia
1556 421 1858 483 volumina,
1890 425 1941 485 Α

2530 423 2757 481 CAPUT
2794 424 2955 480 XVIII

2078 510 2152 566 De
2174 509 2466 582 Apollinari
2494 511 2814 595 Hier-apalis,
2844 524 2892 595 et
2922 513 3173 582 Dionysio
3200 515 3437 574 Corinthi

2633 600 2903 654 episcopis.

2047 694 2405 767 Apollinaris,
2423 697 2567 753 Asiae
2614 695 3044 769 lliempolitanus
3081 700 3392 772 episcopus,
3439 705 3542 765 sub

1965 786 2293 857 imperatore
2319 787 2499 844 Marco
2523 787 2794 844 Antonino
2823 789 2964 845 Vero
2993 788 3192 855 ﬂoruit,
3215 792 3302 849 cui
3328 793 3541 865 insigne

1964 876 2213 933 volumen
2238 893 2338 948 pro
2368 878 2474 935 fide
2501 877 2933 934 Christianorum
2960 880 3127 935 dedit.
3172 881 3399 938 Exstant
3424 883 3542 952 ejus

1962 975 2021 1022 et
2044 968 2134 1024 alii
2160 969 2399 1039 quinque
2422 970 2721 1026 Adversum
2751 980 2938 1042 gentes
2963 971 3109 1036 libri,
3138 980 3192 1027 et
3212 974 3279 1031 de
3303 975 3542 1033 Veritate

1960 1056 2092 1123 duo,
2138 1068 2196 1112 et
2229 1058 2514 1114 adversum
2543 1058 2929 1133 Catapbrygas,
2976 1070 3104 1118 tunc
3131 1063 3366 1133 primum
3415 1081 3537 1124 eum

1960 1146 2150 1203 Prisca
2181 1156 2236 1205 et
2274 1147 2564 1205 Maximilla
2595 1150 2802 1207 insanis
2828 1151 3041 1208 vatibus
3072 1153 3362 1224 incipiente
3391 1156 3538 1212 Mon-

1964 1245 2111 1293 tano.
2149 1237 2439 1309 Dionysius
2483 1238 2887 1303 Corinthiorum
2931 1242 3184 1298 Ecclesiae
3229 1246 3533 1316 episcopus,

1958 1335 2129 1382 tanta:
2147 1328 2466 1397 eloquentiae
2485 1338 2541 1383 et
2563 1329 2841 1386 industriae
2864 1329 2986 1397 fuit,
3011 1342 3073 1387 ut
3096 1348 3202 1388 non
3232 1335 3405 1391 solum
3429 1352 3539 1392 sine

1962 1419 2199 1474 civitatis
2222 1428 2278 1474 et
2310 1419 2601 1489 provincia:
2638 1421 2882 1491 populos,
2916 1424 3011 1477 sed
3053 1431 3108 1489 et
3145 1425 3373 1481 aliarum
3416 1442 3541 1497 pro-

1963 1509 2263 1565 vinciarum
2285 1518 2340 1564 et
2366 1511 2579 1564 urbium
2608 1510 2850 1580 epistolis
2874 1511 3134 1567 erudit-et.
3167 1506 3430 1585 Equi'bus
3458 1525 3544 1572 cst

1963 1616 2068 1659 una
2094 1601 2165 1655 ad
2189 1600 2621 1665 Lacediemoncs,
2649 1601 2752 1656 alia
2780 1603 2846 1657 ad
2867 1600 3245 1669 Athenienses,
3279 1606 3438 1661 tertia
3470 1609 3538 1662 ad

1963 1686 2422 1752 Nicomedienses,
2465 1698 2660 1759 quarta
2689 1689 2756 1743 ad
2783 1690 3131 1753 Eretbenses,
3163 1700 3220 1747 et
3258 1693 3325 1747 ad
3365 1695 3542 1770 cccle—

285 1790 477 1831 omues
512 1790 545 1830 a
582 1775 836 1847 passione
870 1774 1083 1830 Domini
1129 1790 1301 1845 usque
1339 1776 1411 1832 ad
1447 1791 1604 1833 suam
1647 1785 1863 1834 aetatem
1892 1783 1939 1843 Β
1968 1778 2102 1832 siam
2145 1775 2546 1842 Amastrinam,
2587 1786 2643 1831 et
2682 1778 2750 1832 ad
2790 1778 3025 1848 reliquas
3061 1780 3217 1836 Ponti
3258 1783 3537 1848 ecclesias,

285 1866 787 1922 ecclesiasticorum
809 1876 1029 1922 actuum
1060 1867 1318 1923 historias
1348 1877 1559 1934 texens,
1591 1869 1866 1940 multaque

285 1955 357 2010 ad
383 1955 670 2011 utilitatem
699 1955 993 2028 legentium
1030 1957 1357 2026 pertinentia
1407 1959 1538 2015 hinc
1579 1958 1705 2015 inde
1735 1976 1867 2016 con-

284 2060 539 2118 gregans,
558 2046 795 2116 quinque
822 2045 990 2101 libros
1013 2046 1320 2116 composuit
1340 2061 1591 2105 sermone
1613 2048 1865 2120 simplici,

286 2143 348 2191 ut
372 2149 603 2206 quorum
629 2134 799 2191 vitam
824 2135 1159 2201 sectabatur,
1189 2134 1418 2193 dicendo
1445 2150 1662 2207 quoque
1689 2138 1867 2207 expri-

287 2233 481 2281 meret.
509 2223 723 2282 Asserit
751 2239 810 2281 se
845 2224 1059 2282 venisse
1099 2227 1200 2282 sub
1225 2225 1464 2285 Anaceto
1485 2227 1735 2295 Romam,
1774 2231 1866 2300 qui

283 2314 531 2371 decimus
551 2323 673 2386 post
694 2315 915 2374 Petrum
941 2315 1230 2386 episcopus
1256 2315 1381 2383 fuit,
1403 2326 1460 2373 et
1485 2332 1867 2388 perseverasse

286 2420 457 2478 usque
497 2408 569 2463 ad
610 2406 982 2465 Eleutherium
1042 2409 1283 2480 ejusdem
1340 2411 1493 2467 urbis
1530 2411 1865 2482 episcopum,

284 2496 381 2566 qui
420 2496 643 2553 Aneceti
694 2498 967 2569 quondam
1010 2499 1307 2570 discipulus
1353 2499 1548 2557 fuerat.
1598 2500 1867 2562 Praeterea

284 2588 571 2644 adversum
613 2588 753 2644 idola
788 2589 1093 2660 disputans,
1118 2605 1229 2661 quo
1254 2591 1487 2661 primum
1527 2607 1714 2649 errore
1738 2608 1867 2665 con-

283 2678 602 2744 crevissent,
630 2680 907 2736 subtexuit
935 2681 1243 2748 historiam,
1265 2696 1332 2737 ex
1357 2697 1463 2752 qua
1496 2684 1736 2740 ostendit
1755 2700 1862 2755 qua

284 2773 528 2833 ﬂoruerit
554 2781 735 2831 atate.
770 2775 863 2829 Ait
886 2776 1030 2831 enim
1055 2793 1069 2829 :
1099 2776 1358 2833 Tumulos
1380 2779 1611 2835 mortuis
1642 2779 1866 2849 templa-

284 2878 394 2936 que
418 2862 687 2930 fecerunt,
712 2864 856 2919 sicut
889 2879 1065 2935 usque
1089 2867 1250 2925 hodie
1277 2867 1524 2922 videmus
1549 2885 1562 2921 :
1598 2884 1632 2923 e
1669 2869 1867 2938 quibus

266 2963 372 3012 est
388 2954 655 3011 Antinous
676 2969 868 3010 servus
892 2953 1148 3009 Hadriani
1176 2954 1425 3022 Caesaris,
1455 2955 1691 3025 cujuset
1714 2971 1866 3029 gym-

282 3047 504 3103 nasicus
546 3062 684 3119 agon
722 3054 1006 3103 exercetur
1070 3046 1125 3101 in
1165 3046 1369 3104 Antino
1419 3048 1654 3117 civitate,
1700 3066 1864 3121 quam

1967 1876 2119 1923 sexta
2161 1866 2230 1922 ad
2259 1865 2560 1934 Gnosianos
2600 1876 2656 1921 et
2696 1869 2763 1922 ad
2800 1868 3072 1925 Pbiletum
3113 1869 3351 1941 ejusdem
3392 1874 3545 1931 urbis

1965 1958 2298 2028 episcopum,
2331 1958 2558 2028 septima
2587 1956 2654 2012 ad
2686 1956 2979 2023 Romanos,
3009 1975 3114 2014 una
3138 1976 3300 2030 quam
3324 1963 3542 2033 scripsit

1952 2049 2035 2105 -ad
2059 2046 2308 2104 Soterem
2352 2048 2665 2118 episcopum
2704 2063 2914 2114 eorum,
2938 2058 3124 2105 octava
3159 2051 3227 2105 ad
3255 2052 3543 2123 Erisopho-

1968 2152 2084 2193 ram
2145 2146 2389 2194 sanctam
2447 2136 2726 2193 feminam.
2789 2138 2997 2194 Claruit
3056 2140 3158 2196 sub
3214 2141 3542 2212 imperatore

1968 2228 2148 2285 Marco
2172 2229 2447 2285 Antonino
2470 2227 2634 2293 Vero,
2680 2237 2737 2284 et
2774 2229 2945 2286 Lucio
2971 2228 3190 2287 Aurelio
3217 2231 3533 2291 Commodo.

1964 2317 2197 2383 Pinitus,
2215 2318 2489 2375 Cretensis
2507 2316 2722 2374 Gnosiis
2743 2318 2892 2374 urbis
2911 2319 3213 2390 episcopus,
3236 2322 3453 2394 scripsit
3470 2323 3537 2379 ad

1967 2407 2279 2480 Dionysium
2325 2408 2639 2478 episcopum
2681 2405 3084 2465 Corinthiorum
3126 2411 3279 2467 valde
3320 2412 3536 2482 elegan-

1954 2506 2077 2566 tem
2112 2498 2419 2568 epistolam,
2463 2499 2518 2553 in
2543 2514 2651 2569 qua
2680 2499 2837 2555 docet
2873 2515 2978 2555 non
3007 2516 3222 2569 semper
3259 2502 3398 2558 lacte
3439 2519 3538 2574 po-

1965 2587 2119 2656 pulos
2145 2588 2483 2655 nutriendos,
2509 2603 2578 2644 ne
2607 2589 2762 2659 quasi
2800 2590 3008 2658 parvuli
3051 2592 3120 2646 ab
3156 2592 3344 2648 ultimo
3380 2608 3543 2651 occu—

1965 2685 2162 2746 pentur
2203 2677 2309 2743 die,
2349 2678 2445 2734 sed
2487 2686 2543 2733 et
2573 2679 2746 2735 solido
2783 2680 2925 2735 vesci
2967 2680 3162 2736 debere
3199 2683 3342 2747 cibo,
3381 2692 3440 2739 ut
3482 2685 3537 2739 in

1965 2763 2260 2834 Spiritalem
2305 2765 2590 2835 proﬁciant
2628 2776 2983 2822 senectutem.
3016 2768 3082 2823 Et
3117 2769 3205 2827 hic
3231 2772 3332 2826 sub
3356 2770 3535 2838 Marco

1964 2854 2237 2909 Antonino
2269 2864 2325 2910 et
2349 2854 2519 2910 Lucio
2547 2856 2843 2914 Commodo
2872 2858 3074 2913 ﬂoruit.

2550 2963 2778 3022 CAPUT
2819 2965 2959 3021 XIX.

2177 3033 2255 3087 De
2285 3033 2507 3090 Tatiano
2530 3033 2924 3090 Encratitarum
2954 3036 3319 3094 Iucresiarcha.

281 3154 355 3193 ex
394 3137 612 3193 nomine
651 3137 796 3193 illius
842 3136 1102 3202 condidit,
1144 3147 1199 3193 et
1228 3137 1520 3208 prophetas
1565 3140 1757 3195 statuit
1800 3142 1855 3196 in
1884 3129 1929 3192 C
2031 3126 2288 3183 Tatianus
2313 3126 2425 3197 qui.
2452 3126 2685 3196 primum
2707 3126 3004 3183 oratoriam
3029 3129 3247 3196 docens.
3279 3146 3385 3187 non
3412 3146 3534 3203 par-

282 3229 405 3301 ejus
433 3229 649 3300 templo.
695 3228 989 3284 Antinoum
1033 3236 1213 3285 autem
1254 3229 1310 3284 in
1354 3229 1564 3289 deliciis
1610 3232 1862 3288 habuisse

282 3321 601 3380 Hadrianus
620 3321 806 3377 Caesar
836 3320 1114 3377 scribitur.
1143 3320 1327 3376 Melito
1347 3320 1581 3377 Asianus
1605 3320 1862 3379 Sardien-

283 3418 366 3476 sis
410 3418 726 3487 episcopus,
780 3413 978 3469 librum
1025 3413 1337 3483 imperatori
1380 3413 1562 3470 Marco
1587 3414 1862 3471 Antonino

281 3509 431 3567 Vero
456 3522 558 3578 pro
578 3506 886 3563 Christiano
914 3505 1167 3577 dogmate
1195 3506 1359 3562 dedit.
1826 3552 1831 3559 ,

356 3596 592 3668 Scripsit
629 3610 842 3666 quoque
876 3604 931 3650 et
959 3596 1087 3661 alia,
1115 3598 1182 3652 de
1209 3597 1407 3666 quibus
1440 3597 1543 3654 ista
1583 3608 1709 3653 sunt
1741 3616 1862 3670 quae

286 3690 654 3761 subjiciemus.
683 3689 758 3743 De
794 3687 999 3744 Pascha
1030 3686 1152 3741 libri
1180 3688 1308 3752 duo,
1333 3688 1402 3742 de
1428 3688 1550 3743 Vita
1577 3690 1864 3759 propheta-

289 3796 411 3835 rum
438 3779 576 3834 liber
600 3794 758 3844 unus,
789 3778 855 3835 de
877 3777 973 3836 Die
993 3776 1271 3837 Dominiea
1298 3777 1435 3833 liber
1456 3793 1612 3845 unus,
1646 3780 1715 3834 de
1733 3778 1865 3834 Fide

291 3871 431 3926 liber
459 3883 615 3932 unus,
647 3868 713 3923 de
754 3867 933 3922 Plasto
972 3867 1110 3923 liber
1139 3882 1299 3932 unus,
1324 3869 1391 3923 de
1422 3868 1683 3927 Sensibus
1728 3869 1866 3925 liber

289 3976 447 4023 unus,
472 3959 539 4014 de
559 3958 749 4013 Anima
772 3968 826 4013 et
844 3955 1087 4027 Corpore
1114 3958 1250 4022 liber
1268 3973 1430 4024 unus,
1454 3960 1519 4013 de
1539 3959 1865 4030 Baptismate

289 4050 430 4104 liber
465 4064 627 4114 unus,
649 4048 719 4104 de
749 4048 986 4104 Veritate
1032 4048 1168 4104 liber
1209 4064 1369 4114 unus,
1413 4049 1481 4105 de
1507 4050 1867 4107 Generatione

288 4136 494 4193 Christi
548 4137 683 4193 liber
725 4152 885 4204 unus,
912 4138 982 4193 de
1002 4137 1290 4207 Prophetia
1316 4154 1411 4193 sua
1438 4138 1577 4195 liber
1611 4156 1771 4207 unus,
1801 4141 1868 4197 de
1935 4178 1941 4184 -

287 4229 492 4285 Amore
510 4228 796 4294 donorum,
842 4230 910 4285 de
932 4228 1247 4285 Philoxenia
1280 4228 1418 4285 liber
1451 4245 1609 4295 unus,
1648 4238 1704 4286 et
1728 4231 1866 4288 alius
1938 4282 1941 4287 .

288 4320 432 4375 liber
447 4319 543 4388 qui
563 4318 741 4375 Clavis
764 4319 1094 4384 inscribitur,
1118 4318 1184 4373 de
1212 4317 1434 4377 Diabolo
1458 4318 1594 4375 liber
1619 4316 1778 4385 unus,
1802 4320 1869 4376 de

290 4408 613 4481 Apocalypsi
637 4406 860 4465 Joannis
883 4409 1022 4465 liber
1046 4424 1203 4470 unus,
1229 4408 1592 4479 Exceptorum
1633 4409 1871 4466 testimo—

1965 3231 2088 3272 vam
2132 3217 2235 3272 sibi
2273 3231 2339 3271 ex
2384 3226 2503 3272 arte
2567 3217 2835 3273 rhetorica
2894 3219 3123 3290 gloriam
3180 3208 3533 3292 comparavit,

1962 3304 2159 3362 Justini
2193 3307 2451 3377 martyris
2491 3316 2729 3364 sectator
2779 3306 2910 3374 fuit,
2949 3308 3147 3365 ﬂorens
3183 3309 3238 3364 in
3270 3310 3536 3378 Ecclesia,

1963 3396 2201 3466 quamdiu
2242 3398 2310 3453 ab
2349 3395 2466 3465 ejus
2508 3398 2675 3453 latere
2722 3412 2829 3453 non
2873 3399 3143 3455 discessit.
3189 3399 3384 3457 Postea
3405 3416 3533 3461 vero

1966 3484 2180 3542 inﬂatus
2202 3478 2522 3556 eloquentiae
2550 3494 2759 3543 tumore
2783 3502 2977 3543 novam
3003 3489 3242 3545 condidit
3265 3491 3534 3560 haeresim,

1946 3592 2086 3646 qua:
2130 3576 2531 3631 Encratitarum
2577 3576 2815 3644 dicitur,
2862 3593 3026 3647 quam
3074 3588 3260 3648 postea
3304 3580 3537 3639 Severus

1936 3666 2149 3733 “anxit,
2201 3681 2233 3718 a
2280 3680 2388 3734 quo
2444 3666 2685 3735 ejusdem
2732 3667 2904 3736 partis
2954 3667 3193 3726 haeretici
3250 3666 3533 3729 Severiani

1964 3770 2133 3825 usque
2179 3755 2337 3810 hodie
2383 3755 2741 3826 appellantur.
2802 3754 2973 3813 Porro
3013 3757 3272 3814 Tatianus
3323 3758 3533 3823 infinita

1966 3845 2180 3915 scripsit
2230 3844 2535 3910 volumina,
2579 3859 2610 3900 e
2654 3845 2848 3921 quibus
2914 3861 3050 3901 unus
3087 3846 3286 3902 Contra
3343 3858 3535 3919 gentes

1966 3934 2379 3990 ﬂorentissimus
2422 3943 2602 3990 exstat
2648 3934 2803 4000 liber,
2843 3936 2934 4005 qui
2979 3936 3121 3991 inter
3160 3937 3341 3993 omnia
3370 3952 3536 4008 Opera

1966 4024 2081 4094 eius
2118 4024 2289 4081 fertur
2321 4026 2569 4097 insignis.
2612 4025 2680 4079 Et
2720 4024 2810 4081 hic
2850 4026 2950 4082 sub
2996 4026 3319 4097 imperatore
3357 4027 3542 4094 Marco

1965 4118 2236 4174 Antonino
2266 4118 2407 4173 Vero
2431 4124 2486 4171 et
2530 4116 2698 4175 Lucio
2720 4116 2939 4174 Aurelio
2974 4115 3267 4176 Commodo
3301 4118 3504 4177 ﬂoruit.

2558 4225 2788 4284 CAPUT
2824 4224 2945 4281 XX.

2003 4315 2287 4387 Catalogus
2316 4315 2665 4387 quorumdam
2707 4313 3165 4387 orthodotrorum,
3185 4333 3274 4385 qui
3312 4329 3498 4375 contra

2130 4383 2596 4441 Marcio'nistarum
2625 4384 2867 4439 haeresim
2892 4383 3056 4439 libros
3087 4383 3381 4442 ediderunt.

291 4500 505 4556 nierum
526 4499 850 4571 aeglogarum
877 4498 999 4554 libri
1025 4512 1144 4554 sex.
1170 4496 1342 4566 Hujus
1365 4498 1584 4569 elegans
1611 4507 1668 4553 et
1688 4498 1865 4555 decla-

2039 4486 2320 4556 Philippus
2361 4484 2647 4555 episcopus
2689 4482 2962 4540 Cretensis
3007 4483 3147 4539 idem
3192 4486 3342 4541 urbis
3392 4484 3542 4545 Gno-

290 4590 587 4647 matorium
631 4589 904 4661 ingenium
950 4588 1315 4645 Tertullianus
1369 4588 1425 4643 in
1468 4594 1675 4658 septem
1713 4586 1868 4643 libris

290 4697 434 4755 quos
456 4681 672 4752 scripsit
699 4681 985 4737 adversum
1011 4679 1308 4737 Ecclesiam
1351 4696 1449 4751 pro
1478 4679 1730 4737 Montano
1771 4694 1867 4735 ca-

290 4775 534 4840 vlllatur,
575 4774 759 4829 dicens
777 4789 901 4828 eum
937 4788 977 4827 a.
992 4772 1264 4843 plerisque
1292 4780 1600 4828 nostrorum
1634 4771 1868 4841 prophe-

292 4877 409 4923 tam
448 4866 645 4937 putari.
676 4864 1003 4935 Theophilus
1039 4873 1224 4920 sextus
1244 4864 1596 4919 Antiocheam
1623 4860 1867 4918 ecclesiae

293 4958 608 5029 cpiscopus,
655 4957 756 5012 sub
797 4956 1124 5027 imperatore
1166 4954 1347 5011 Marco
1386 4953 1663 5009 Antonino
1705 4951 1866 5018 Vero,

294 5050 494 5104 librum
529 5055 720 5104 contra
741 5047 1070 5102 Marcionem
1115 5045 1434 5114 composuit,
1463 5045 1554 5113 qui
1581 5058 1755 5113 usque
1776 5043 1872 5099 ho-

294 5140 388 5194 die
420 5146 616 5194 exstat.
659 5137 928 5192 Ferunlur
958 5137 1076 5206 ejus
1101 5144 1157 5190 et
1183 5135 1250 5189 ad
1276 5135 1611 5191 Auctolicum
1638 5143 1871 5203 quatuor

248 5234 276 5266 ·’
298 5230 592 5295 volumina,
614 5238 670 5285 et
691 5237 882 5285 contra
902 5227 1150 5282 haeresim
1172 5226 1522 5295 Hermogenis
1548 5225 1686 5297 liber
1709 5239 1866 5289 unus,

295 5330 355 5379 et
387 5322 477 5378 alii
504 5322 699 5378 breves
727 5322 1112 5392 elegantesque
1151 5325 1433 5383 tractatus,
1468 5317 1537 5371 ad
1560 5314 1872 5371 aediﬁcatio-

254 5438 261 5445 -
296 5426 425 5469 nem
467 5412 721 5470 Ecclesia:
758 5411 1111 5482 pertinentes.
1160 5407 1291 5478 Legi
1335 5406 1436 5462 sub
1482 5405 1700 5463 nomine
1753 5405 1870 5475 ejus

297 5503 669 5575 Evangelium,
698 5513 754 5559 et
799 5503 852 5557 in
880 5500 1167 5559 Proverbia
1199 5497 1501 5557 Salomonis
1543 5507 1874 5553 commenta-

299 5597 432 5662 rios,
459 5596 550 5666 qui
578 5596 711 5651 mihi
733 5608 857 5652 cum
883 5593 1222 5664 superiorum
1249 5590 1580 5648 voluminum
1605 5589 1868 5659 elegantia

302 5700 410 5743 non
439 5686 692 5743 videntur
718 5699 1033 5754 congruere.

1973 4576 2162 4640 stium,
2216 4572 2369 4641 cujus
2419 4572 2707 4644 Dionysius
2756 4573 2809 4647 in
2863 4573 3087 4644 epistola
3133 4590 3231 4631 sua
3274 4577 3542 4643 meminit,

1973 4683 2135 4738 quam
2174 4666 2391 4735 scripsit
2429 4665 2494 4720 ad
2521 4663 2762 4733 ejusdem
2807 4664 3044 4720 civitatis
3083 4665 3389 4734 ecclesiam,
3412 4682 3547 4740 pm:-

1972 4758 2179 4814 clarum
2231 4756 2515 4811 adversum
2566 4754 2893 4811 Marcionem
2945 4754 3116 4811 edidit
3164 4754 3401 4824 librum,
3450 4759 3543 4829 qui

1975 4847 2303 4918 temporibus
2348 4846 2511 4902 Marci
2552 4845 2810 4901 Antonini
2863 4845 2986 4902 Veri
3033 4854 3088 4901 et
3134 4847 3285 4903 Lucii
3338 4846 3543 4905 Aurelii

1974 4940 2251 4998 Commodi
2281 4938 2494 4994 claruit.
2532 4935 2808 5001 Musanus,
2844 4951 2953 4992 non
2993 4936 3243 5009 ignobilis
3281 4941 3422 4995 inter
3449 4955 3543 4997 eos

1973 5033 2063 5103 qui
2092 5030 2157 5086 de
2182 5029 2547 5086 ecclesiastico
2570 5026 2821 5099 dogmate
2848 5027 3205 5099 scripserunt,
3236 5032 3336 5084 sub
3379 5030 3545 5101 impe-

1973 5131 2155 5177 ratore
2203 5122 2383 5177 Marco
2433 5121 2707 5176 Antonino
2747 5119 2888 5177 Vero
2943 5120 3179 5178 confecit
3223 5122 3421 5178 librum
3476 5125 3545 5181 ad

1972 5213 2234 5282 quosdam
2278 5211 2496 5276 fratres,
2541 5210 2633 5281 qui
2673 5212 2739 5268 de
2767 5211 3008 5267 Ecclesia
3049 5213 3117 5267 ad
3145 5211 3542 5269 Eucratitarum

1972 5304 2223 5359 haeresim
2271 5303 2688 5360 declinaverant.
2745 5303 3017 5360 Modestus
3065 5312 3120 5359 et
3153 5307 3284 5374 ipse,
3313 5304 3405 5374 qui
3445 5304 3546 5360 sub

1973 5397 2301 5467 imperatore
2328 5394 2506 5451 Marco
2526 5394 2798 5455 Antonino
2827 5395 2984 5459 Vero,
3028 5405 3084 5450 et
3108 5394 3273 5454 Lucio
3299 5395 3541 5462 Aurelio,

1973 5490 2160 5547 eodem
2208 5488 2368 5544 modo
2393 5489 2680 5545 adversum
2715 5487 3039 5545 Marcionem
3081 5488 3298 5559 scripsit
3326 5489 3543 5556 librum,

1974 5585 2065 5657 qui
2112 5564 2280 5651 usque
2316 5580 2475 5637 hodie
2509 5588 2835 5652 perseverat.
2887 5579 3154 5635 Feruntur
3188 5579 3291 5643 sub
3331 5581 3549 5636 nomine

1974 5676 2092 5746 ejus
2117 5681 2173 5729 et
2197 5672 2301 5728 alia
2324 5671 2516 5738 multa,
2542 5671 2637 5729 sed
2661 5671 2729 5728 ab
2752 5670 2978 5731 eruditis
2999 5670 3151 5741 quasi
3178 5671 3546 5744 repudiantur.
