3962 6174
399 251 463 308 τί
471 249 537 306 G7

1409 233 1796 293 FRECULPIII
1834 227 2291 288 LEXOVIENSIS
2328 223 2629 284 EPISCOPI

3509 218 3663 282 ,ιιῡε

403 365 740 422 Tardesanes
777 360 829 413 in
857 354 1241 427 Mesopotamia
1283 352 1461 407 clarus
1499 352 1716 406 habitus
1740 358 1841 404 est.
1873 347 1974 415 Qui
2003 351 2050 408 Α
2079 347 2148 399 lia
2183 344 2410 399 sociavit
2451 342 2519 396 ad
2541 341 2720 395 fidem.
2749 335 2859 393 Sed
2881 335 2986 392 hoc
3013 349 3121 391 non
3154 334 3325 405 aquis
3363 333 3540 390 owlis
3574 335 3670 389 ille

401 459 635 531 primum
663 450 931 508 Valentini
972 443 1470 509 -sectator,'deinde
1514 441 1842 504 confutator,
1880 453 1977 491 no-

400 565 527 606 vam
568 543 816 600 lueresim
859 539 1122 596 condidit.
1174 537 1386 591 Ardens
1427 534 1544 602 ejus
1584 533 1875 604 ingenium,
1923 531 1976 584 in

402 639 663 710 Syrorum
691 634 869 703 lingua
901 630 1307 693 disertissimus,
1333 636 1389 681 et
1418 627 1710 681 vehemens
1745 621 1979 678 dialecti-

397 743 498 784 cus
520 726 640 779 fuit.
671 723 901 791 Scripsit
947 721 1158 775 intlnita
1201 719 1462 773 adversus
1497 731 1686 771 omnes
1705 729 1843 783 pene
1871 719 1979 766 ha:-

399 820 599 874 reticos
634 816 727 885 qui
757 823 916 869 {etate
944 815 1060 884 ejus
1090 811 1508 882 pullulaverant.
1549 808 1607 862 In
1646 809 1840 877 quibus
1871 806 1980 860 cla-

403 908 653 962 rissimus
698 905 788 960 ille
829 913 885 958 et
927 903 1256 957 fortissimus
1301 900 1437 953 liber
1465 906 1567 963 est,
1610 911 1770 966 quem
1799 895 1979 950 Marco

399 1000 676 1055 Antonino
704 999 768 1052 de
797 998 934 1051 Fato
969 995 1154 1060 edidit,
1187 1002 1242 1048 et
1267 991 1434 1046 multa
1467 991 1573 1044 alia
1609 990 1707 1044 sub
1732 1002 1980 1057 persecu-

402 1092 549 1147 tione
574 1089 866 1150 volumina,
899 1102 1018 1155 quae
1060 1092 1362 1139 sectatores
1382 1080 1498 1148 ejus
1527 1080 1595 1135 de
1619 1077 1842 1149 Syriaca
1879 1075 1981 1130 lin-

402 1201 506 1255 gua
527 1189 812 1238 verterunt
841 1181 894 1234 in
916 1178 1180 1233 Cmcam.
1213 1176 1270 1229 Si
1301 1182 1484 1227 autem
1512 1179 1660 1226 tanta
1690 1171 1770 1224 vis
1797 1178 1852 1223 ct
1877 1167 1980 1222 ful-

403 1293 500 1346 gor
528 1285 611 1330 est
641 1276 692 1328 in
726 1269 1186 1341 interpretatione,
1218 1273 1477 1335 quantum
1502 1272 1752 1333 putamus
1776 1261 1831 1314 in
1860 1273 1978 1315 ser-

403 1385 565 1425 mone
594 1365 861 1438 proprio?

988 1451 1214 1508 CAPUT
1257 1449 1395 1504 XXI.

465 1548 928 1618 'Cntap'hrygarum
957 1543 1192 1606 hwresis,
1223 1558 1324 1611 quo
1351 1549 1576 1608 tempore
1605 1545 1787 1590 exorta
1821 1536 1907 1590 sit.

468 1640 643 1710 Igitur
680 1639 778 1692 sub
803 1634 1028 1705 pnefato
1059 1632 1299 1702 principe
1328 1629 1544 1699 plurimi
1588 1628 1640 1680 in
1663 1626 1832 1681 Gallia
1868 1624 1979 1694 glo-

2079 437 2332 504 antiquus
2375 433 2564 488 salutis
2616 432 2865 484 humana:
2898 427 3070 483 hostis
3119 427 3347 496 aspexit.
3389 425 3670 480 Continuo

2079 526 2312 594 denique
2342 521 2652 593 aggreditur
2701 518 2869 572 variis
2910 524 3128 572 nostros
3169 515 3439 569 machinis
3487 515 3675 583 impu-

2077 631 2267 688 gnare,
2320 613 2464 667 unde
2510 611 2693 679 plures
2735 607 2994 663 excitavit
3039 606 3346 661 haereticos.
3386 603 3501 659 Sub
3557 620 3673 674 quo

2077 707 2238 760 etiam
2268 703 2511 773 principe
2531 700 2734 763 Victor,
2757 698 2999 753 decimus
3025 705 3250 765 quartus
3276 695 3544 750 Romana:
3580 711 3676 749 ur-

2076 797 2160 851 bis
2187 797 2490 866 episcopus,
2518 807 2680 862 super
2702 790 2997 860 qumtione
3029 788 3251 843 Pascha:
3275 788 3383 842 alia
3413 787 3673 857 quardam

2079 888 2322 942 scribens
2369 883 2652 954 opuscula,
2687 882 2829 936 rexit
2875 879 3176 934 Ecclesiam
3233 894 3408 932 annos
3452 879 3669 932 decem.

2075 979 2328 1040 Irenzeus,
2378 974 2590 1028 Photini
2625 971 2936 1041 discipulus,
2961 969 3052 1039 qui
3074 968 3488 1039 Lugdunensem
3512 982 3671 1036 rege-

2078 1069 2171 1122 bat
2199 1064 2483 1120 ecclesiam
2523 1064 2579 1117 in
2619 1061 2815 1126 Gallia,
2847 1077 2879 1114 a
2908 1059 3236 1130 martyribus
3273 1059 3517 1129 ejusdem
3559 1058 3668 1111 loci

2077 1159 2148 1214 ob
2194 1157 2452 1227 quasdam
2497 1154 2742 1209 ecclesia:
2781 1151 3104 1221 quaestiones
3158 1149 3370 1216 legatus
3407 1147 3668 1212 Romam,

2079 1250 2404 1306 honoriﬁcus
2427 1264 2589 1317 super
2614 1247 2831 1301 nomine
2855 1261 2952 1300 suo
2980 1246 3046 1300 ad
3066 1244 3439 1298 Eleutherium
3460 1244 3674 1313 episeo-

2080 1330 2206 1411 pum
2238 1338 2444 1409 perfert
2471 1337 2700 1390 litteras.
2730 1337 2922 1389 Postea
2955 1332 3068 1402 jam
3096 1332 3329 1387 Photino
3357 1347 3528 1402 prope
3577 1347 3672 1386 no-

2081 1429 2391 1502 nagenario,
2407 1429 2474 1483 ob
2486 1425 2684 1481 Christi
2712 1441 2908 1481 nomen
2932 1423 3191 1493 martyrio
3213 1431 3491 1488 coronato,
3509 1423 3570 1476 in
3592 1422 3672 1476 Io-

2080 1537 2202 1577 cum
2228 1519 2342 1587 ejus
2369 1518 2731 1573 substituitur.
2769 1515 2991 1571 Constat
3024 1523 3203 1568 autem
3236 1513 3542 1583 Polycarpi,
3574 1528 3674 1566 cu-

2072 1613 2163 1681 jus
2209 1628 2370 1682 supra
2402 1611 2732 1665 mentionem
2764 1607 3016 1672 fecimus,
3048 1607 3347 1661 sacerdotis
3376 1614 3432 1660 et
3455 1613 3675 1674 marty-

399 1731 545 1785 riose
584 1729 652 1783 ob
681 1742 872 1781 nomen
899 1723 1100 1779 Christi
1135 1719 1428 1783 interfecti,
1457 1732 1685 1788 quorum
1711 1730 1881 1784 usque
1925 1713 1980 1766 in

2096 1707 2180 1770 ris,
2204 1704 2349 1758 hunc
2374 1701 2541 1756 fuisse
2573 1698 2911 1769 discipulum.
2945 1697 3149 1752 Scribit
3193 1696 3428 1766 quinque
3466 1695 3675 1750 adver—

395 1829 720 1892 pmsentem
763 1819 905 1872 diem
941 1814 1156 1869 condita
1201 1812 1352 1866 libris
1393 1809 1691 1865 certamina
1740 1819 1984 1876 perseve-

405 1919 548 1965 rant.
589 1908 703 1974 Qua
746 1912 1064 1972 tempestate
1108 1901 1271 1955 etiam
1321 1898 1826 1969 pseudopmphetia,
1863 1911 1983 1964 qua:

403 2001 875 2069 Cataphrygarum
929 1995 1152 2049 haeresis
1197 1994 1524 2056 nominatur,
1573 1989 1780 2059 accepit
1825 2003 1984 2043 exor-

407 2092 575 2153 dium,
613 2096 831 2165 auctore
863 2086 1114 2139 Montano
1151 2093 1205 2138 et
1229 2082 1477 2137 Priscilla
1519 2081 1721 2136 insanis
1746 2081 1979 2134 vatibus.

405 2183 610 2248 Quibus
637 2181 800 2234 etiam
830 2178 1016 2232 diebus
1039 2177 1238 2231 Lucius
1258 2175 1549 2228 Britanniae
1573 2189 1688 2238 rex,
1717 2172 1882 2225 missa
1909 2170 1980 2224 ad

409 2270 778 2325 Eleutherium
809 2268 992 2321 Romae
1019 2266 1328 2335 episcopum
1359 2263 1604 2333 epistola,
1643 2269 1704 2315 ut
1730 2258 1987 2314 Christia-

405 2378 510 2417 nus
544 2361 851 2418 efﬁceretur
884 2360 1154 2426 impetrat.
1188 2356 1264 2410 Eo
1296 2355 1477 2423 itaque
1515 2362 1753 2422 tempore
1785 2350 1986 2403 Fronto

407 2459 592 2504 orator
637 2449 862 2518 insignis
907 2447 1225 2510 habebatur,
1276 2445 1366 2514 qui
1397 2443 1635 2496 Marcum
1659 2440 1986 2494 Antoninum

407 2537 722 2607 praedictum
750 2536 1046 2605 principem
1068 2534 1276 2587 Latinis
1295 2532 1495 2586 litteris
1513 2529 1767 2585 erudivit.

985 2644 1212 2701 CAPUT
1250 2644 1415 2698 XXII.

407 2736 488 2794 De
510 2736 782 2792 Commodi
817 2737 1144 2806 imperatoris
1174 2734 1514 2789 incommodis
1543 2734 1720 2806 gestis,
1743 2740 1790 2787 et
1815 2733 1879 2788 de
1907 2731 1988 2786 his

705 2809 796 2877 qui
831 2805 924 2860 sub
952 2822 1011 2859 eo
1041 2807 1333 2875 ﬂoruerunt
1364 2805 1682 2858 doctoribus.

459 2899 682 2953 .Lucius
711 2897 1012 2950 Antoninus
1037 2895 1382 2960 Commodus,
1409 2894 1652 2950 decimus
1671 2892 1892 2962 quintus
1923 2892 1993 2947 ab

407 2994 674 3064 Augusto,
711 2991 851 3060 patri
894 2989 1158 3055 successit
1205 3005 1258 3042 .n
1303 3003 1547 3058 regnum,
1591 2988 1894 3057 mansitque
1935 2987 1990 3040 in

2083 1811 2201 1852 sum
2227 1796 2463 1849 haereses
2487 1791 2675 1855 libros,
2700 1799 2754 1845 et
2777 1797 2965 1844 contra
2987 1799 3174 1859 gentes
3195 1788 3441 1842 volumen
3467 1788 3672 1851 breve,

2084 1896 2139 1942 et
2172 1887 2238 1941 de
2266 1884 2555 1954 Disciplina
2581 1882 2746 1945 aliud,
2779 1890 2834 1936 et
2859 1880 2927 1934 ad
2969 1879 3294 1933 Marcionem
3343 1879 3578 1933 fratrem
3601 1882 3672 1934 de

2085 1977 2378 2050 apostolica
2401 1973 2810 2037 Praedicatione,
2834 1980 2890 2026 et
2926 1970 3121 2024 librum
3153 1969 3426 2022 variorum
3456 1976 3671 2022 tracta-

2085 2081 2256 2137 tuum,
2292 2078 2348 2123 et
2375 2069 2443 2124 ad
2477 2067 2713 2122 Blastum
2740 2066 2806 2120 de
2831 2063 3159 2128 Schismate,
3191 2069 3246 2115 et
3282 2061 3352 2115 ad
3378 2059 3670 2114 Flet-inn

2086 2164 2154 2219 de
2178 2159 2510 2226 Monarcbia,
2534 2159 2648 2213 sive
2670 2157 2812 2226 quod
2838 2157 2980 2210 Deus
3001 2169 3110 2208 non
3135 2152 3207 2208 sit
3245 2151 3492 2207 conditor
3535 2167 3669 2205 ma-

2086 2254 2282 2318 lorum,
2314 2259 2370 2306 et
2393 2251 2461 2306 de
2507 2258 2697 2304 octava
2719 2247 3013 2318 egregium,
3058 2245 3112 2299 in
3148 2243 3301 2313 cujus
3322 2242 3427 2297 ﬁne
3450 2242 3672 2313 signiﬁ-

2087 2358 2218 2400 cans
2268 2357 2328 2397 se
2365 2340 2784 2410 apostolicorum
2829 2345 3131 2406 temporum
3172 2334 3402 2388 vicinum
3451 2331 3669 2396 fuisse,

2087 2433 2410 2490 subscribit:
2435 2450 2453 2482 ι
2474 2429 2674 2500 Adjuro
2697 2437 2772 2494 te,
2791 2427 2884 2496 qui
2909 2425 3224 2480 transcribis
3250 2423 3404 2477 istum
3432 2423 3669 2486 librum,

2090 2537 2188 2592 per
2215 2521 2500 2576 Dominum
2539 2525 2784 2572 nostrum
2808 2515 2991 2570 Jesum
3019 2513 3313 2578 Christum,
3334 2521 3388 2566 et
3423 2526 3532 2581 per
3558 2512 3672 2581 glo-

2093 2612 2295 2666 riosum
2321 2608 2437 2678 ejus
2463 2607 2772 2672 adventum,
2802 2621 2912 2676 quo
2949 2605 3288 2676 judicaturus
3314 2611 3398 2657 est
3418 2602 3580 2656 vivos
3612 2611 3670 2655 et

2090 2709 2354 2763 mortuos,
2400 2705 2461 2752 ut
2508 2695 2758 2752 conferas
2801 2703 3084 2765 postquam
3135 2691 3568 2760 transcripseris,
3614 2699 3674 2745 et

2091 2790 2345 2845 emendes
2368 2787 2517 2842 illum
2547 2786 2615 2841 ad
2648 2784 2922 2854 exemplar
2947 2785 3090 2838 unde
3127 2781 3404 2851 scripsisti,
3432 2780 3672 2850 diligen-

2094 2882 2321 2937 tissime.
2353 2880 2506 2938 IIanc
2533 2893 2748 2949 quoque
2771 2876 3186 2932 obtestationem
3219 2871 3468 2928 similiter
3494 2879 3676 2924 trans-

2093 2971 2239 3027 feras
2301 2978 2364 3024 ut
2411 2967 2664 3024 invenisti
2705 2967 2761 3022 in
2797 2965 3146 3035 exemplario.
3182 2984 3201 3016 ι
3230 2962 3502 3017 Feruntur
3555 2959 3679 3028 ejus

414 3044 677 3150 eoannps
707 3044 988 3135 tredecim.
1020 3079 1293 3133 Adversus
1319 3044 1620 3133 Germanos
1649 3044 1844 3132 bellum
1877 3076 1994 3132 feli-
2018 3044 2064 3107 C
2097 3062 2163 3117 ad
2209 3062 2512 3116 Romanum
2559 3056 2830 3111 νίθιοτθω
2880 3057 3188 3125 episcopum
3257 3053 3324 3107 de
3367 3051 3679 3120 (Ιαπειίοιιθ

409 3173 552 3226 citer
581 3173 765 3243 gessit.
801 3170 1066 3224 Caeterum
1090 3184 1186 3237 per
1210 3170 1388 3223 omnia
1411 3168 1634 3224 luxuria:
1653 3177 1706 3223 et
1730 3168 1996 3223 obscmni-

413 3263 544 3317 tatis
568 3263 831 3317 dedecore
864 3261 1156 3328 depravatu
1219 3260 1553 3330 gladiatoriis
1586 3275 1798 3331 quoque
1829 3261 1996 3316 armis

412 3354 712 3424 smpissime
750 3352 1092 3423 depugnavit,
1122 3357 1178 3406 et
1218 3352 1271 3405 in
1299 3353 1698 3422 amphitheatro
1721 3352 1848 3408 feris
1880 3367 1998 3408 sese

418 3444 734 3514 frequenter
753 3443 967 3514 objecit.
998 3442 1273 3497 lnterfecit
1293 3443 1456 3496 etiam
1479 3442 1902 3512 quamplurimos
1921 3455 1999 3497 se-

409 3544 658 3599 natores,
691 3535 925 3589 maxime
952 3549 1088 3603 quos
1115 3531 1493 3586 animadvertit
1536 3531 1817 3587 nobilitate
1846 3532 2000 3586 indu-

413 3629 666 3696 s'triaque
695 3624 980 3679 excellere.
1023 3622 1248 3692 Flagitia
1285 3622 1428 3693 regis
1451 3637 1613 3692 poena
1651 3621 1812 3678 Urbis
1860 3623 2002 3678 inse-

420 3719 624 3788 quitur.
663 3715 799 3770 Nam
834 3714 1057 3769 fulmine
1084 3713 1406 3783 Capitolium
1435 3715 1599 3768 ictum
1630 3730 1695 3769 ex
1729 3730 1836 3784 quo
1860 3714 2000 3768 facta

407 3806 802 3870 inflammatio,
864 3803 1248 3858 bibliothecam
1324 3802 1468 3857 illam
1537 3803 1800 3872 majorum
1868 3819 1998 3857 cura

415 3895 706 3964 studioque
753 3893 1141 3960 compositam,
1204 3892 1452 3961 mdesquc
1498 3892 1630 3946 alias
1671 3893 1822 3962 juxta
1870 3893 2004 3947 sitas

414 3985 604 4055 rapaci
641 3983 864 4038 turbine
907 3983 1294 4038 concremavit.
1350 3983 1552 4038 Deinde
1609 3983 1752 4039 aliud
1820 3983 2003 4038 incen-

423 4077 569 4131 dium
617 4082 804 4146 postea
833 4073 1018 4127 Romae
1061 4081 1332 4138 exortum,
1381 4074 1550 4128 aedem
1585 4075 1757 4128 Vestae
1809 4089 1871 4128 ac
1911 4088 2005 4142 pa-

423 4168 610 4222 latium
656 4165 1048 4236 plurimamque
1085 4165 1235 4218 urbis
1274 4173 1482 4233 partem
1524 4164 1637 4218 solo
1680 4165 2001 4233 coaequavit.

423 4257 772 4321 Commodus,
794 4255 1012 4308 cunctis
1037 4255 1430 4313 incommodus,
1459 4254 1511 4308 in
1537 4255 1697 4308 domo
1727 4253 2005 4308 Vestiliani

411 4347 797 4416 strangulatus
832 4346 1100 4400 interiisse
1131 4344 1320 4400 fertur.
1345 4344 1526 4400 Hostis
1555 4345 1768 4417 generis
1786 4345 2005 4400 humani

417 4442 588 4495 etiam
621 4441 774 4493 vivus
815 4438 1108 4506 iudicatur.
1147 4436 1245 4491 Hic
1285 4437 1458 4507 qualis
1501 4438 1715 4492 futurus
1769 4447 1912 4493 esset
1951 4439 2007 4493 in

403 4529 548 4597 'ipso
575 4527 872 4595 primordio
917 4525 1172 4578 ostendit.
1205 4525 1339 4578 Nam
1364 4526 1568 4578 'cum‘in
1603 4527 1869 4596 supremis
1889 4542 2007 4581 mo-

411 4624 655 4670 ‘neretur
676 4631 705 4668 a
736 4623 959 4684 parente
1003 4613 1222 4668 attritos
1248 4613 1362 4682 jam
1409 4614 1670 4669 barbaros
1693 4631 1759 4669 ne
1787 4617 2011 4686 permit-

411 4715 572 4762 ‘teret
605 4707 747 4761 vires
761 4706 1029 4776 recipere,
1053 4705 1402 4775 responderat
1426 4705 1498 4759 ab
1519 4705 1795 4772 incolumi,
1821 4723 2012 4776 quam-

417 4799 518 4852 vis
552 4797 832 4867 paulatim,
861 4797 1075 4867 negotia
1125 4796 1308 4867 perfici
1339 4813 1513 4867 posse,
1545 4813 1577 4852 a
1614 4808 1827 4854 mortuo
1853 4801 2006 4855 nihil.

413 4894 579 4948 "inter
625 4900 815 4947 caetera
859 4891 1181 4946 Commodes
1230 4892 1537 4961 imperator,
1580 4892 1784 4949 Colossi
1832 4895 2007 4964 capite

429 4983 668 5047 sublato,
711 5000 822 5037 sum
861 4983 1110 5052 imaginis
1155 4993 1312 5054 caput
1351 4986 1398 5038 ei
1448 4983 1609 5052 jussit
1647 4987 1866 5056 imponi.
1908 4986 2009 5052 Qui

427 5082 618 5127 tamen
647 5074 1077 5143 persecutionem
1108 5073 1178 5126 in
1225 5074 1562 5130 Christianos
1617 5076 1856 5130 exerceri
1905 5093 2010 5131 non

433 5167 668 5221 censuit.
716 5165 825 5219 Sub
861 5180 965 5234 quo
998 5181 1098 5234 pax
1153 5165 1396 5220 ecclesiis
1423 5183 1519 5234 per
1548 5182 1761 5220 onmem
1811 5175 2010 5220 terram

434 5264 794 5325 propagatur;
847 5269 1024 5308 sermo
1076 5255 1282 5308 Domini
1341 5271 1402 5308 ex
1442 5256 1585 5309 omni
1618 5272 1812 5326 genere
1843 5259 2014 5311 homi—

439 5359 571 5398 num
599 5346 664 5398 ad
695 5346 1016 5421 agnitionem
1049 5361 1111 5399 ac
1141 5347 1394 5414 pietatem
1445 5349 1539 5401 Dei
1568 5350 1760 5401 summi
1803 5349 2012 5404 animas

439 5437 822 5504 congregabat.
859 5436 1096 5503 Denique
1149 5442 1201 5488 et
1237 5436 1288 5488 in
1331 5437 1460 5490 urbe
1509 5437 1674 5491 Roma
1722 5439 1919 5494 multos
1948 5454 2011 5493 ex

429 5524 551 5577 illis
584 5526 882 5580 illustribus
909 5534 984 5580 et‘
1006 5528 1370 5596 praedivitibus
1400 5529 1550 5593 viris,
1595 5544 1716 5583 cum
1749 5529 1934 5584 liberis
1961 5541 2016 5586 et

437 5614 760 5682 coniugibus
788 5631 850 5670 ac
879 5618 1208 5687 propinquis,
1235 5627 1395 5687 atque
1440 5619 1584 5674 omni
1630 5620 1833 5687 pariter
1862 5619 2017 5675 fami-

2092 3151 2314 3206 Paschae
2347 3148 2587 3219 epistolae
2615 3149 2669 3202 in
2705 3147 2904 3217 quibus
2929 3151 3236 3200 commonet
3277 3157 3398 3198 eum
3430 3157 3548 3195 non
3594 3141 3681 3194 fa-

2093 3244 2195 3300 cile
2255 3244 2452 3298 debere
2498 3243 2760 3296 unitatem
2809 3240 3027 3310 collega:
3076 3237 3341 3293 scindere.
3390 3233 3679 3303 Siquidem

2094 3335 2278 3390 Victor
2316 3333 2688 3397 multos.Asiae
2732 3340 2790 3386 et
2834 3329 3072 3387 Orientis
3114 3327 3414 3398 episcopos,
3454 3325 3550 3394 qui
3585 3339 3677 3376 ιιν

2095 3427 2222 3482 luna
2251 3441 2376 3482 cum
2401 3425 2602 3482 Iudaeis
2635 3424 2842 3478 Pascha
2869 3421 3166 3483 celebrant,
3197 3416 3538 3472 damnandos
3561 3429 3680 3467 cre-

2097 3519 2328 3574 diderat.
2379 3516 2497 3584 Qua
2548 3514 2815 3571 sententia
2856 3511 3052 3568 multas
3092 3509 3368 3570 ecclesias,
3390 3521 3517 3575 qua:
3559 3521 3589 3557 a
3621 3519 3682 3558 se

2097 3607 2460 3671 desciverant,
2495 3606 2561 3661 ad
2595 3604 2939 3660 concordiam
2968 3601 3120 3672 pacis
3146 3599 3438 3654 revocavit.
3471 3597 3684 3650 Floruit
3763 3637 3770 3641 .

2098 3699 2334 3752 maxime
2361 3697 2462 3751 sub
2491 3693 2785 3750 Commodo
2809 3692 3073 3765 principe,
3095 3691 3187 3762 qui
3203 3690 3385 3744 Marco
3403 3687 3686 3743 Antonino

2104 3786 2242 3842 Vero
2273 3786 2329 3840 in
2366 3785 2593 3855 imperio
2621 3783 2901 3840 successit.

2668 3880 2894 3938 CAPUT
2932 3879 3097 3935 XXIII

2156 3976 2235 4031 De
2261 3973 2447 4030 Helvio
2470 3973 2770 4039 Pertinere,
2797 3982 2845 4027 et
2869 3970 3090 4026 Iuliano
3121 3971 3236 4040 ejus
3265 3968 3620 4038 interfectore.

2173 4069 2341 4139 Igitur
2384 4077 2509 4138 post
2559 4066 2914 4122 Commodum
2945 4080 2976 4118 a
3014 4072 3205 4119 senatu
3239 4073 3455 4140 creatus
3489 4071 3576 4117 est
3600 4077 3692 4116 se-

2105 4176 2208 4216 nex
2234 4158 2452 4215 Helvius
2478 4157 2756 4222 Pertinax,
2798 4156 3036 4212 decimus
3080 4163 3265 4210 sextus
3302 4153 3374 4208 ab
3416 4154 3690 4223 Augusto,

2106 4253 2196 4324 qui
2224 4245 2378 4308 sexto
2405 4267 2590 4306 mense
2631 4265 2795 4320 quam
2826 4264 3052 4318 regnare
3085 4255 3344 4317 cmperat,
3379 4245 3578 4300 Iuliani
3599 4245 3668 4314 ju

2109 4343 2343 4412 rispcriti
2379 4341 2582 4396 scelere
2628 4340 2682 4394 in
2727 4338 2926 4408 palatio
2977 4337 3191 4392 occisus
3229 4343 3331 4390 est.
3386 4333 3517 4388 Fuit
3543 4335 3695 4388 enim

2114 4435 2303 4488 doctor
2350 4432 2672 4493 litterarum,
2709 4445 2830 4499 quae
2880 4444 2912 4482 a
2957 4427 3323 4499 grammaticis
3377 4425 3696 4486 traduntur,

2113 4524 2345 4579 blandus
2366 4522 2537 4592 magis
2557 4535 2719 4590 quam
2743 4518 3034 4574 beneﬁcus.
3059 4518 3213 4574 Unde
3236 4532 3361 4571 eum
3387 4515 3577 4571 Graeco
3597 4531 3700 4569 no-

2114 4615 2258 4669 mine
2311 4612 2700 4682 Chrestologon
2753 4611 3111 4680 appellavere.
3155 4609 3440 4678 Nunquam
3494 4607 3696 4673 injuria

2115 4712 2336 4773 accepta
2361 4703 2429 4757 ad
2458 4702 2827 4757 ulciscendum
2867 4702 3078 4755 ductus.
3101 4699 3337 4754 Amabat
3376 4698 3702 4768 simplicita-

2114 4803 2222 4850 tem
2249 4809 2610 4850 communem.
2652 4791 2789 4846 Huic
2824 4800 3039 4847 mortuo
3085 4791 3251 4846 divini
3281 4805 3476 4846 nomen
3504 4790 3705 4843 decre-

2119 4898 2231 4942 tum
2269 4894 2373 4941 est.
2415 4884 2495 4940 Ob
2537 4885 2692 4954 cujus
2737 4883 2950 4937 Iaudem
2993 4882 3392 4954 ingeminantes
3424 4880 3492 4933 ad
3538 4879 3706 4932 vocis

2117 4992 2288 5049 usque
2319 4976 2586 5032 defectum
2611 4975 2886 5045 plausibus
2905 4975 3340 5029 acclamaverunt
3364 4985 3380 5024 :
3413 4967 3706 5022 Pertinere

2111 5070 2402 5139 imperante
2447 5067 2618 5120 securi
2663 5066 2904 5130 viximus,
2938 5066 3192 5118 neminem
3241 5062 3508 5116 timuimus
3541 5070 3706 5128 patre

2118 5161 2225 5229 pio,
2249 5167 2396 5227 patre
2437 5168 2670 5221 senatus,
2691 5166 2838 5225 patre
2866 5158 3096 5209 omnium
3123 5155 3393 5208 bonorum.
3417 5152 3495 5207 E0
3523 5151 3706 5220 '1de-

2120 5260 2294 5314 rante,
2315 5257 2503 5304 senatu
2537 5251 2881 5314 obsecrante,
2907 5257 2965 5302 ut
2986 5264 3206 5302 uxorem
3229 5262 3383 5301 suam
3394 5246 3702 5315 Augustali

2117 5350 2175 5395 et
2201 5341 2366 5394 liliqu
2407 5340 2675 5394 Caesarem
2705 5341 3020 5410 appellaret,
3060 5338 3410 5402 contradixit,
3445 5335 3700 5394 suﬁicen

2120 5439 2370 5495 testatur,
2423 5431 2563 5500 quod
2613 5433 2729 5502 ipse
2759 5445 3012 5507 regnaret
3039 5437 3260 5491 invitus.
3305 5434 3566 5490 Julianus.
3613 5433 3702 5484 in-

2123 5521 2345 5576 terfecto
2399 5521 2701 5588 Pertinace,
2760 5526 2957 5580 invasit
3007 5527 3310 5595 imperium,
3363 5524 3455 5578 sed
3485 5538 3615 5576 mox
3677 5537 3714 5575 a

2125 5615 2346 5682 Severo,
2372 5616 2513 5686 apud
2537 5616 2758 5672 Pontem
2788 5617 3040 5674 Mulvium
3071 5619 3210 5674 bello
3251 5618 3394 5674 civili
3424 5618 3606 5672 victus
3651 5631 3722 5673 et
