3962 6174
279 294 421 352 “69

1310 286 1752 348 'cunomcou.
1792 265 1863 331 -ζ
1896 289 2061 348 rom
2098 292 2141 346 ιι
2176 290 2305 348 LIB.
2338 293 2403 348 u.
2467 284 2473 291 '

3387 283 3526 345 H70

276 403 596 460 interfectus
642 411 745 467 est,
783 417 968 458 mense
1013 402 1244 474 septimo
1270 405 1553 475 p’ostquam
1609 408 1849 471 coeperat
1872 403 1925 465 Α
1952 419 2066 459 rem
2116 404 2362 459 duxerat.
2396 392 2768 459 Bic‘fratrem
2812 419 2973 459 suum
3011 402 3238 459 Getham
3272 400 3523 473 peremit,

276 496 547 566 imperare
578 508 595 548 :
627 494 699 548 ita
750 494 892 549 inter
919 493 1255 549 Pertinacem
1300 503 1357 551 et
1401 494 1671 549 lulianum
1709 508 1849 548 unus

274 600 452 641 annus
475 588 794 656 absumptus
819 593 923 641 est.
958 586 1104 641 ldem
1132 585 1378 641 Julianus
1399 585 1485 639 vir
1512 583 1724 648 nobilis,
1756 581 1850 652 ju-

274 676 355 732 ris
402 675 787 746 peritissimus,
843 674 1103 731 factiosus
1151 683 1207 731 et
1236 691 1500 746 praeceps,
1554 674 1883 744 avidusque-

834 854 1063 912 CAPUT
1092 854 1285 912 XXIV.

274 945 355 1001 De
384 944 566 1002 Severi
588 944 777 1000 virtute
802 955 852 999 et
877 946 1053 1015 gestis.
1081 944 1151 998 Et
1172 946 1312 1016 quod
1330 945 1422 999 illo
1445 945 1733 1015 imperante
1758 944 1853 998 ho-

733 1031 883 1068 nores
909 1031 1013 1068 non
1031 1024 1152 1069 sunt
1174 1015 1387 1069 uenditi.

345 1121 581 1178 Severus
626 1135 826 1194 genere
857 1120 1008 1186 Afer,
1036 1121 1399 1191 Tripolitanus
1434 1122 1504 1177 ab
1529 1120 1725 1191 oppido
1752 1119 1855 1175 Le-

273 1211 372 1281 pti,
410 1211 592 1281 quise
619 1228 687 1266 ex
730 1210 950 1266 nomine
995 1210 1362 1281 imperatoris,
1408 1226 1570 1281 quem
1613 1211 1853 1266 occisum

274 1304 420 1359 ultus
446 1303 641 1368 fuerat,
670 1302 1006 1359 Pertinacem
1057 1302 1317 1374 appellari
1359 1302 1548 1366 voluit,
1591 1303 1853 1371 septimus

272 1393 517 1448 decimus
541 1393 610 1447 ab
632 1392 907 1463 Augusto;
948 1392 1261 1447 destitutum
1291 1394 1517 1462 adeptus
1542 1392 1849 1459 imperium,

152 1468 186 1499 ’ί
272 1482 459 1538 decem
475 1490 531 1537 et
553 1489 758 1551 septem
783 1482 939 1537 annis
968 1482 1158 1537 tenuit.
1174 1481 1273 1537 Hic
1286 1490 1480 1536 natura
1503 1496 1698 1546 saevus,
1714 1479 1857 1534 mul-

276 1570 346 1625 tis
372 1585 586 1641 semper
608 1570 764 1626 hellis
798 1570 1105 1635 lacessitus,
1136 1569 1431 1626 fortissime
1468 1570 1685 1639 quidem
1711 1584 1855 1624 rem-

273 1660 569 1731 publicam,
595 1660 691 1715 sed
717 1659 1139 1716 laboriosissime
1172 1660 1332 1715 rexit.
1358 1660 1717 1716 Pescennium
1751 1658 1851 1712 Ni-

1948 497 2019 552 ob
2038 510 2201 567 quam
2221 510 2440 551 causam
2455 494 2639 550 furore
2655 497 2845 565 pinnas
2861 495 2980 551 dedi
2988 486 3077 550 t'di
3086 510 3266 549 rarum
3292 494 3525 549 insecta-

1952 584 2119 651 tione,
2148 598 2268 654 quaa
2313 598 2423 639 non
2466 582 2733 638 immerito
2778 581 3001 639 ultrices
3047 592 3332 649 vocantur,
3364 598 3395 637 a
3420 597 3529 653 quo

1949 683 2072 745 post
2097 674 2334 730 furorem
2363 671 2657 727 convaluit.
2688 671 2926 741 Corpore
2957 672 3264 728 Alexandri
3282 672 3528 727 Macedos

1950 763 2037 819 nis
2060 768 2371 833 conspecto,
2403 760 2655 833 Magnum
2680 756 3048 816 Alexandrum
3073 776 3142 816 se-
3170 760 3334 830 jussit
3353 760 3529 831 appel-

1950 852 2074 918 lari,
2107 852 2497 907 assentantium
2544 851 2769 906 fallaciis
2809 865 2876 907 eo
2903 852 3215 920 perductus,
3260 851 3340 906 uti
3389 851 3533 905 truci

1950 945 2129 1001 fronte
2147 952 2205 1000 et
2223 945 2291 1000 ad
2313 944 2505 999 laevum
2526 942 2812 1001 humerum
2840 958 3102 998 conversa
3123 942 3361 1008 cervice,
3383 942 3529 1011 quod

1950 1051 2102 1092 more
2126 1035 2418 1091 Alexandri
2461 1042 2763 1100 notaverat,
2793 1032 3088 1089 incederet.
3126 1032 3229 1099 Qui
3254 1031 3533 1087 Caracalla

1952 1128 2126 1183 dictus
2150 1136 2233 1182 est
2259 1142 2291 1181 a
2324 1134 2474 1182 veste
2498 1126 2651 1180 talari
2680 1144 2696 1179 :
2720 1139 2827 1195 qua
2854 1122 3237 1192 indui-plebem
3269 1122 3528 1191 iusserat,

1952 1218 2022 1273 ad
2054 1230 2113 1272 se
2138 1216 2477 1271 salutandum
2507 1216 2873 1271 accedentem.
2915 1212 3116 1267 Contra
3159 1212 3389 1267 Parthos
3415 1211 3530 1266 bel—

1951 1307 2063 1362 lum
2088 1307 2334 1372 moliens,
2367 1306 2509 1360 inter
2539 1305 2787 1361 Edissatn
2822 1312 2883 1360 et-
2904 1302 3171 1370 Cliarras,
3196 1303 3262 1357 ab
3286 1301 3532 1358 hostibus

1951 1397 2373 1463 circumventus,
2398 1396 2611 1452 occisus
2647 1403 2751 1451 est.

2502 1503 2732 1560 CAPUT
2772 1502 2960 1559 XXVI.

2316 1575 2394 1629 De
2427 1574 2617 1646 Ophilo
2646 1573 2886 1628 Macrino
2914 1574 3166 1646 principe.

2024 1665 2152 1721 Post
2177 1667 2322 1721 hunc
2361 1664 2681 1720 Bassianum
2705 1665 2947 1721 decimus
2989 1679 3164 1720 nonus
3198 1663 3267 1717 ab
3293 1652 3536 1732 Augusto

276 1766 455 1831 grum,
487 1751 579 1819 qui
611 1750 667 1805 in
704 1750 937 1821 Egypto
962 1758 1021 1806 et
1052 1748 1210 1822 Syria
1262 1751 1331 1805 ad
1361 1751 1698 1821 tyrannidem
1743 1749 1854 1819 spi-
1878 1744 1928 1804 Β
1954 1754 2177 1827 Ophilus
2189 1754 2478 1821 Macrinus,
2494 1757 2585 1825 qui
2607 1755 2895 1826 praefectus
2914 1754 3153 1826 prastorii
3171 1762 3449 1818 erat,cum
3472 1754 3533 1807 ﬁ-

276 1849 513 1907 raverat,
547 1841 687 1911 apud
717 1840 964 1896 Cizicum
992 1842 1122 1897 vicit
1145 1849 1202 1896 et
1245 1840 1536 1896 interfecit.
1560 1840 1773 1895 Iudaeos
1798 1851 1855 1895 et
1952 1850 2025 1907 ιίο
2068 1850 2397 1907 Diadumeno
2425 1850 2623 1905 invasit
2649 1849 2955 1920 imperium.
2985 1848 3093 1904 sed
3132 1863 3352 1903 emenso
3390 1864 3533 1903 anno

278 1929 580 1985 Samarites
614 1930 876 1986 rebellare
905 1940 1186 1996 conantes,
1217 1929 1364 1986 ferro
1409 1931 1496 1986 vel
1522 1930 1855 2001 compescuit

1966 1942 2208 2000 :ontinuo
2238 1943 2379 2013 apud
2406 1942 2785 1998 Archelaidem
2810 1924 3032 1997 militari
3061 1939 3293 1995 tumultu
3322 1939 3534 1993 occisus

273 2021 364 2075 νθι
383 2021 626 2077 υοθτουίι
652 2038 665 2075 ε
690 2020 797 2076 ΡΜ
800 2022 942 2085 “103a
962 2022 1191 2088 Arabas,
1204 2022 1615 2092 Αάἰεδθηοείιυθ
1633 2037 1855 2092 8111³81⁸³-
1951 2041 2055 2090 est.
2105 2012 2503 2103 Imperantibus
2551 2032 2753 2088 Severo
2796 2039 2852 2087 et
2902 2030 3014 2087 lilio
3065 2028 3182 2099 ejus
3224 2012 3529 2094 Antonino,

276 2113 377 2168 vit.
407 2112 607 2179 Quinta
644 2120 770 2182 post
791 2111 1058 2168 Neronem
1100 2113 1479 2183 persecutione
1516 2112 1853 2169 Christianos

1966 2123 2195 2192 quintam
2220 2132 2341 2195 post
2367 2122 2635 2179 Neronem
2658 2124 2711 2179 in
2734 2123 3074 2180 Christianos
3104 2121 3533 2192 persecutionem

275 2204 634 2270 excruciavit,
662 2203 988 2274 plurimique
1015 2212 1325 2260 sanctorum
1349 2220 1449 2274 per
1467 2205 1713 2260 diversas
1731 2220 1859 2275 pro-

279 2294 488 2350 vincias
538 2296 799 2365 martyrio
835 2295 1079 2351 coronati
1100 2303 1249 2350 sunt.
1287 2294 1436 2351 lianc
1470 2294 1749 2367 profanam
1799 2297 1854 2350 in

279 2385 623 2442 Christianos
671 2393 729 2440 et
765 2384 1062 2440 Ecclesiam
1105 2384 1202 2440 Dei
1248 2385 1721 2455 praesumptionem
1754 2384 1857 2440 Se-

279 2476 422 2541 veri,
447 2475 686 2532 caelestis
712 2476 844 2531 ultio
863 2490 894 2531 e
919 2475 1148 2543 vestigio
1169 2485 1300 2531 acta
1327 2476 1691 2545 subsequitur.
1720 2474 1856 2531 Nam

279 2567 540 2623 continuo
568 2567 798 2637 rapitur,
845 2567 931 2622 vel
979 2567 1161 2637 potius
1201 2567 1499 2622 retrahitur
1545 2567 1601 2621 in
1628 2565 1856 2622 Galliam

285 2654 527 2712 Severus
546 2671 579 2711 e
605 2654 764 2727 Syria
783 2657 852 2711 ad
873 2656 1089 2711 tertium
1117 2655 1277 2711 civile
1300 2655 1521 2711 bellum.
1552 2654 1729 2711 Unum
1742 2653 1857 2723 jam

278 2744 428 2799 enim
452 2743 638 2798 Romae
666 2744 926 2800 adversus
950 2743 1243 2809 lulianum,
1272 2742 1418 2797 aliud
1449 2743 1504 2797 in
1544 2742 1699 2814 Syria
1728 2758 1860 2799 con-

283 2841 370 2889 tra
401 2832 758 2891 Pescennium
805 2843 1070 2903 gesserat,
1108 2834 1326 2888 tertium
1356 2832 1574 2888 Clodius
1612 2832 1857 2900 Albinus,

280 2923 481 2979 Iuliani
520 2924 578 2978 in
631 2923 929 2980 occidendo
960 2923 1302 2980 Pertinacem
1349 2924 1549 2987 socius,
1582 2924 1676 2993 qui
1712 2938 1770 2979 se
1802 2923 1860 2978 in

284 3014 461 3071 Gallia
487 3012 752 3070 Cursarem
783 3012 1008 3080 fecerat,
1058 3014 1390 3070 suscitabat:
1420 3028 1529 3083 quo
1554 3014 1694 3071 bello
1718 3014 1853 3069 mul—

1952 2212 2071 2267 ﬁeri
2118 2212 2549 2280 decernentibus,
2594 2214 2817 2284 quinam
2856 2213 3100 2269 illustres
3141 2210 3195 2265 in
3224 2218 3412 2265 nostro
3440 2207 3538 2263 llo-

1955 2302 2165 2356 ruerint
2187 2302 2456 2373 dogmate,
2488 2301 2574 2357 vel
2608 2302 2854 2373 martyrii
2881 2300 3115 2372 palmam
3138 2298 3252 2354 sint
3279 2296 3536 2361 assecuti,

1955 2402 2185 2458 quorum
2205 2389 2519 2445 memoriam
2546 2390 2786 2459 reperire
2816 2387 2990 2455 licuit,
3010 2386 3247 2442 breviter
3268 2393 3534 2440 annotare

1957 2477 2179 2534 curabo.
2726 2500 2731 2503 ·

2484 2566 2713 2625 CAPUT
2748 2566 2963 2624 XXVII.

1955 2657 2036 2714 De
2061 2658 2383 2724 doctoribus,
2429 2659 2518 2730 qui
2566 2658 2662 2714 sub
2683 2657 2952 2723 praedictis
2999 2654 3318 2727 principibus
3345 2654 3544 2724 ﬂorue-

2678 2736 2824 2782 runt.
3558 2744 3565 2749 ‘

2028 2836 2366 2903 Panthenus,
2387 2836 2585 2891 Stoica!
2604 2844 2765 2891 sectae
2783 2834 3153 2905 philosophus,
3174 2832 3538 2903 juxtauquam-

1961 2925 2085 2980 dam
2124 2935 2364 2982 veterem
2414 2926 2468 2980 in
2504 2918 2831 2981 Alexandria
2875 2923 3337 2989 consuetudinem,
3361 2924 3451 2979 ubi
3505 2938 3537 2978 a

1963 3015 2145 3071 Marco
2174 3014 2504 3085 evangelista
2528 3028 2742 3083 semper
2783 3011 3137 3069 ecclesiastici
3175 3010 3325 3067 i'uere
3358 3012 3543 3068 docto-

282 3114 399 3161 tum
420 3104 677 3175 utrinque
704 3105 934 3161 Romani
966 3077 1246 3174 sanguinis
1277 3077 1456 3159 fusum
1483 3112 1585 3159 est.
1636 3104 1862 3160 Albinus
1888 3077 1932 3138 Ο
1964 3118 2073 3171 res,
2104 3113 2271 3159 tanta;
2316 3077 2622 3174 prudentiae
2646 3077 2726 3159 ἐι
2776 3102 3094 3158 eruditionis
3146 3100 3202 3155 in
3242 3100 3542 3172 Scripturis

284 3205 471 3252 tamen
499 3196 642 3266 apud
668 3195 986 3267 Lugdunum
1008 3204 1302 3265 oppressus
1325 3202 1381 3248 et
1408 3192 1726 3249 interfectus
1761 3201 1887 3249 est...

284 3287 523 3344 Severus
548 3287 723 3343 victor
768 3287 826 3341 in
853 3285 1160 3341 Britannias
1185 3283 1400 3341 defectu
1443 3299 1582 3355 pene
1620 3284 1865 3340 omnium

283 3377 559 3434 sociorum
606 3376 877 3433 trahitur:
907 3376 998 3432 ubi
1028 3376 1240 3446 magnis
1265 3376 1626 3445 gravibusque
1667 3374 1868 3446 praeliis

287 3483 436 3539 saepe
459 3467 645 3538 gestis,
675 3475 945 3536 receptam
979 3476 1190 3536 partem
1216 3467 1408 3522 insulae
1433 3483 1467 3522 a
1492 3468 1701 3523 caeteris
1722 3469 1872 3524 indo—

290 3557 441 3612 mitis
484 3557 734 3628 gentibus
761 3555 901 3612 vallo
949 3554 1378 3627 distinguendam
1418 3555 1647 3625 putavit.
1684 3556 1870 3626 Itaque

294 3660 553 3716 magnum
608 3644 1084 3714 ﬁrmissimumque
1134 3644 1350 3703 vallum.
1389 3646 1599 3702 crebris
1650 3646 1872 3718 insuper

295 3738 539 3793 turribus
562 3738 973 3805 communitum,
1000 3753 1099 3809 per
1147 3744 1363 3793 centum
1401 3738 1621 3809 triginta
1666 3747 1722 3794 et
1765 3740 1871 3814 duo

302 3824 469 3882 millia
489 3840 743 3896 passuum
764 3841 796 3880 a
824 3825 960 3880 mari
988 3826 1057 3881 ad
1086 3840 1233 3881 mare
1254 3826 1470 3881 reduxit
1491 3845 1505 3881 :
1526 3827 1709 3897 ibique
1730 3827 1870 3898 apud

289 3913 596 3971 Eboracum
623 3915 878 3986 oppidum
909 3916 1099 3971 morbo
1144 3915 1297 3970 obiit.
1336 3916 1541 3972 Ferunt
1569 3919 1634 3973 de
1668 3933 1734 3973 eo
1775 3932 1872 3972 an-

292 4004 500 4060 nalium
527 4006 844 4075 scriptores,
872 4003 1015 4076 quod
1043 4013 1187 4060 esset
1208 4006 1450 4060 omnium
1479 4006 1572 4075 qui
1599 4016 1727 4061 ante
1746 4021 1871 4062 eum

290 4092 514 4150 fuerunt
544 4095 842 4150 acerrimus
868 4095 1107 4166 ingenio,
1137 4110 1203 4149 ac
1235 4094 1418 4150 omnia
1442 4110 1564 4165 quae
1610 4095 1874 4150 intendis-

288 4192 397 4251 set,
425 4185 481 4240 in
507 4185 669 4241 finem
695 4201 1012 4258 perurgens,
1051 4187 1425 4242 benevolentia
1475 4203 1584 4257 quo
1611 4187 1871 4243 inclinas-

289 4283 380 4332 set
399 4275 632 4332 mirabili
656 4292 718 4331 ac
740 4284 1019 4347 perpetua,
1046 4277 1112 4333 ad
1135 4277 1484 4346 quaerendum
1524 4278 1769 4349 diligens,
1804 4280 1872 4334 ad

1964 3210 2127 3267 quam
2162 3195 2218 3250 in
2249 3195 2431 3251 saeculi
2451 3194 2764 3249 litteratura
2785 3193 2904 3259 fuit,
2932 3200 2991 3249 ut
3016 3193 3071 3247 in
3097 3191 3302 3248 Indiam
3326 3208 3543 3264 quoque

1965 3296 2184 3360 rogatus
2225 3288 2295 3342 ab
2320 3286 2465 3341 illius
2493 3286 2667 3358 gentis
2690 3284 2907 3356 populo,
2950 3283 3159 3355 legatus
3193 3298 3226 3337 a
3248 3272 3545 3337 Demetrio

1963 3378 2330 3435 Alexandrino
2355 3378 2606 3448 episcopo
2646 3377 2969 3432 mitteretur.
3014 3375 3117 3432 Ubi
3159 3375 3360 3446 reperit
3411 3375 3543 3429 Bar-

1966 3470 2310 3525 tholomteum
2337 3471 2403 3525 de
2425 3468 2709 3524 duodecim
2742 3467 3001 3536 apostolis
3022 3466 3311 3521 adventum
3334 3466 3536 3520 Christi

1959 3547 2114 3624 juxta
2138 3557 2375 3612 Μαιηιωὶ
2402 3557 2750 3627 Evangelium
2771 3556 3116 3625 praedicasse,
3145 3555 3285 3623 quod
3317 3553 3542 3608 Hebrai-

1966 3647 2047 3702 cis
2091 3646 2286 3701 litteris
2328 3647 2588 3716 scriptum
2627 3657 2904 3701 revertens
2937 3645 3316 3700 Alexandriam
3362 3650 3569 3699 secum

1967 3736 2164 3792 attulit.
2193 3734 2361 3805 Hujus
2386 3736 2541 3791 multi
2565 3736 2779 3806 quidem
2807 3735 2862 3790 in
2902 3744 3089 3790 sancta
3121 3735 3399 3805 Scriptura
3445 3750 3545 3789 ex-

1967 3836 2114 3885 stant
2138 3827 2533 3883 commentarii.
2562 3826 2671 3882 Sed
2716 3827 2884 3883 multo
2924 3827 3100 3898 magis
3134 3827 3257 3882 viva
3284 3842 3413 3883 voce
3450 3843 3545 3882 ec-

1967 3919 2149 3977 clesiis
2171 3916 2396 3991 profuit,
2424 3918 2713 3989 docuitque
2737 3918 2838 3973 sub
2859 3916 3063 3973 Severo
3081 3917 3327 3988 principe
3352 3925 3407 3972 et
3430 3916 3544 3991 An-

1968 4010 2158 4065 tonino
2194 4017 2549 4079 cognomento
2589 4006 2887 4062 Caracalla.
2924 4006 3118 4062 Rhodo
3152 4021 3348 4077 genere
3390 4005 3544 4060 Asia-

1967 4115 2094 4167 nus,
2143 4116 2177 4155 a
2225 4100 2471 4166 Tatiano,
2518 4101 2587 4155 de
2619 4115 2727 4170 quo
2778 4114 2939 4169 supra
2988 4099 3241 4165 diximus,
3275 4099 3459 4155 Roma:
3490 4100 3545 4154 in

1969 4190 2271 4262 Scripturis
2288 4192 2555 4257 eruditus,
2582 4190 2750 4246 edidit
2772 4189 3024 4260 plurima,
3052 4189 3426 4260 praecipueque
3452 4190 3546 4244 ad-

1967 4296 2184 4336 versum
2215 4281 2540 4336 Marcionem
2573 4280 2832 4350 opuscula
2878 4280 3002 4344 tria,
3040 4279 3094 4332 in
3142 4280 3337 4348 quibus
3378 4279 3547 4333 refert

293 4365 629 4468 largiendum
644 4453 663 4468 '
668 4365 930 4468 liberalis,
959 4367 1013 4421 in
1049 4368 1252 4422 amicos
1286 4366 1639 4436 inimicosque
1665 4367 1869 4437 pariter
1893 4409 1945 4468 D
1969 4371 2237 4441 quomodo
2273 4370 2375 4442 ipsi
2401 4385 2613 4440 quoque
2643 4368 2972 4424 Marcionita:
3003 4368 3327 4437 discrepent,
3359 4376 3416 4422 et
3440 4366 3546 4438 Ap-

290 4455 611 4510 vehemens.
643 4453 741 4510 Hic
770 4456 904 4510 nulli
939 4456 993 4510 in
1046 4457 1324 4511 dominatu
1359 4471 1459 4512 suo
1477 4456 1725 4526 permisit
1771 4457 1868 4512 lto—

293 4560 463 4615 nores
483 4547 805 4602 venundari.
836 4548 1044 4603 Latinis
1093 4548 1289 4603 litteris
1315 4545 1641 4605 suﬂicientcr
1668 4548 1869 4604 instru-

294 4643 441 4702 ctus,
488 4635 663 4692 Graeci
709 4638 975 4693 sermonis
1021 4639 1285 4703 eruditus,
1314 4637 1515 4693 Punica
1562 4637 1868 4707 eloquentia

294 4727 615 4798 promptior.
654 4727 890 4797 Reliquit
934 4730 1067 4785 duos
1112 4731 1272 4796 tilios,
1302 4729 1618 4786 Bassianum
1665 4738 1721 4786 et
1757 4729 1867 4785 Ge-

298 4815 716 4885 tltam,quorum
728 4816 900 4872 Getha
929 4819 1102 4874 hostis
1124 4819 1369 4889 publicus
1384 4817 1678 4887 judicatus,
1702 4819 1869 4874 inter-

296 4905 384 4963 iit.
409 4905 719 4973 Bassianus,
748 4908 1051 4964 Antoninus
1089 4909 1426 4979 cognomine,
1455 4916 1733 4979 assumpto
1783 4924 1874 4965 re-

296 5009 409 5063 gno
437 4995 641 5065 potitus
659 5006 764 5051 est.

876 5088 1105 5143 CAPUT
1143 5087 1307 5142 XXV.

519 5176 599 5233 De
631 5178 843 5234 Aurelio
874 5179 1135 5233 Antonino
1162 5187 1210 5231 et
1258 5179 1373 5248 ejus
1410 5179 1633 5233 actibus.

369 5267 623 5324 Aurelius
646 5270 949 5325 Antoninus
969 5268 1276 5335 Bassianus,
1301 5270 1548 5338 idemque
1568 5270 1865 5336 Caracalla,

292 5365 526 5414 octavus
570 5359 811 5414 decimus
853 5361 922 5415 ab
950 5359 1190 5430 Augusto
1235 5360 1593 5430 principatum
1646 5360 1871 5429 adeptus

297 5458 409 5515 est,
433 5451 736 5519 mansitque
755 5466 821 5506 eo
845 5452 1003 5506 annis
1031 5468 1136 5507 non
1166 5452 1338 5520 plenis
1362 5460 1587 5521 septem.
1613 5453 1758 5507 Vixit
1778 5467 1868 5521 pa-

299 5546 389 5592 tre
413 5540 674 5607 asperior.
705 5539 965 5595 Omnibus
990 5548 1166 5595 autem
1193 5539 1501 5594 hominibus
1535 5540 1754 5595 libidine
1783 5540 1868 5595 in-

304 5636 713 5699 temperantior,
733 5630 826 5699 qui
842 5629 1005 5686 etiam
1030 5645 1314 5688 novercam
1344 5645 1497 5687 suam
1523 5629 1721 5687 Juliam
1741 5647 1869 5689 uxo-
1898 5668 1903 5673 α

1972 4461 2196 4531 pcllenis
2226 4475 2411 4516 senem
2442 4459 2756 4516 haereticum
2787 4474 2819 4513 a
2861 4474 2920 4514 se
2951 4458 3221 4529 quondam
3271 4456 3436 4514 fuisse
3467 4458 3549 4511 in-

1972 4558 2212 4614 ventum,
2242 4558 2299 4605 et
2327 4564 2451 4606 cum
2471 4563 2537 4604 eo
2558 4563 2899 4619 congressus,
2938 4548 3105 4602 multa
3138 4563 3262 4603 eum
3293 4546 3437 4601 mala
3454 4547 3550 4602 do-

1973 4641 2169 4705 cuisse,
2199 4639 2447 4696 convicit.
2476 4641 2697 4694 Demunt
2735 4639 2885 4694 illum
2934 4638 3306 4709 interrogavit,
3338 4637 3404 4692 de
3438 4638 3550 4692 Deo

1974 4734 2103 4802 quid
2124 4733 2382 4796 sentiret;
2419 4732 2509 4801 qui
2540 4732 2815 4787 dominum
2855 4746 3015 4799 quem
3045 4731 3266 4795 coleret,
3302 4730 3550 4800 ignorare

1975 4837 2034 4879 se
2054 4824 2209 4880 dixit.
2242 4823 2483 4879 Meminit
2514 4824 2567 4876 in
2608 4823 2796 4877 eodem
2835 4822 2998 4885 libro,
3029 4836 3188 4889 quem
3228 4820 3443 4888 scripsit
3479 4819 3549 4870 ad

1971 4914 2370 4981 leestionem,
2388 4911 2599 4969 Tatiani
2626 4927 2683 4967 se
2705 4912 2888 4967 Romae
2914 4912 3079 4967 fuisse
3097 4910 3413 4979 adjutorem.
3439 4909 3549 4961 Sed

1973 5012 2028 5058 et
2057 5004 2109 5056 in
2152 5002 2488 5056 Hexameron
2512 5001 2784 5070 elegantes
2832 5007 3095 5055 tractatus
3138 4996 3460 5067 composuit,
3491 5001 3552 5048 et

1975 5093 2233 5147 adversus
2261 5090 2628 5161 Catapltrygas
2669 5090 2875 5158 insigne
2903 5106 3056 5160 opus,
3097 5087 3548 5163 temporibusque

1973 5181 2250 5238 Commodi
2273 5190 2329 5237 et
2359 5182 2543 5236 Severi
2570 5180 2768 5237 floruit.
2791 5181 3038 5237 Clemens
3063 5178 3439 5236 Alexandrina:
3456 5190 3549 5230 ec-

1973 5272 2152 5326 clesia:
2174 5270 2765 5341 presbyter,°Pantheni
2798 5272 2888 5343 (de
2919 5287 3027 5341 quo
3056 5285 3217 5340 supra
3244 5254 3551 5338 retulimus)

1972 5364 2205 5427 auditor,
2256 5369 2379 5432 post
2412 5360 2529 5429 ejus
2580 5370 2805 5417 mortem
2858 5361 3195 5418 Alexandriae
3222 5355 3549 5416 ecclesiasti-

1972 5467 2092 5507 cam
2123 5451 2359 5506 scholam
2405 5452 2577 5506 tcnuit
2600 5460 2653 5505 et
2686 5453 2944 5523 magister
2968 5451 3086 5506 fuit.
3116 5450 3385 5506 Feruntur
3430 5445 3553 5514 ejus

1975 5540 2204 5610 insignia
2236 5540 2527 5605 volumina,
2565 5541 2827 5612 plenaque
2857 5540 3174 5596 eruditionis
3202 5547 3258 5595 et
3293 5538 3545 5606 eloquen-
3572 5544 3575 5549 '

1975 5632 2062 5687 tia:
2084 5640 2196 5687 tam
2216 5630 2282 5687 de
2304 5629 2599 5703 Scripturis
2623 5631 2839 5701 divinis,
2871 5647 3033 5704 quam
3063 5632 3129 5688 dc
3159 5630 3429 5688 saecularis
3448 5628 3544 5682 lita
3569 5622 3575 5637 ί
