3962 6174
443 332 574 388 H7!

1449 317 1832 375 FRECULPHI
1871 315 2324 374 LEXOVIENSIS
2363 318 2665 376 EPISCOPI

3556 323 3720 380 “7‘2

441 454 697 510 teratura;
741 440 1118 496 instrumento.
1151 435 1192 490 E
1221 434 1417 506 quibus
1470 433 1559 489 illa
1595 442 1743 498 sunt,
1785 432 1910 488 libri
1939 447 2014 488 vn
2043 435 2091 494 Α
2119 433 2338 488 nomine
2384 432 2530 489 Petri
2584 434 2775 502 fertur,
2809 435 3001 491 liti-um
3043 437 3108 491 ad
3162 438 3452 495 Rosensem
3486 441 3720 500 Cilicia;

440 533 737 590 Adversum
757 538 967 602 gentes,
997 527 1092 581 lib.
1121 542 1137 580 ι
1162 523 1460 595 Ptedagogi,
1480 522 1572 577 lib.
1602 538 1666 581 ιιι
1691 524 1758 578 de
1785 522 2011 588 Pascha,

442 623 580 680 liber
607 637 626 677 ι
657 621 723 676 de
765 619 954 689 jejunii
985 615 1401 686 Disceptatione,
1450 622 1506 670 et
1550 613 1686 668 alius
1715 613 1868 676 liber,
1921 614 2014 683 qui

443 712 755 768 inscribitur
787 727 802 763 :
839 709 1068 776 Quinam
1113 707 1201 760 ille
1247 706 1388 759 dives
1427 705 1512 768 sit,
1552 705 1641 774 qui
1685 704 1910 758 salvetur
1951 705 2015 758 de

441 802 844 866 obtrectatione,
895 799 988 855 lib.
1029 815 1045 852 ι
1083 797 1148 852 de
1176 794 1482 850 Canonibus
1523 793 1920 859 ecclesiasticis,
1961 801 2018 848 et

439 894 697 948 adversus
724 891 935 960 eosqui
989 889 1291 954 Judaaorum
1341 895 1638 956 sequuntur
1665 899 1932 950 errorem;
1957 884 2018 938 li-

440 983 538 1038 ber
564 997 582 1038 ι
613 996 774 1054 quem
802 981 1019 1052 proprie
1043 977 1347 1040 Alexandro
1378 975 1872 1046 Hierosolymorum
1903 975 2016 1044 epi-

440 1090 605 1146 scopo
646 1075 882 1146 scripsit.
912 1072 1152 1128 Meminit
1188 1079 1366 1126 autem
1402 1070 1454 1124 iu
1500 1067 1864 1124 Stromatibus
1903 1067 2017 1122 suis

441 1165 726 1222 voluminis
767 1164 978 1220 Tatiani
1015 1163 1302 1218 adversum
1353 1167 1561 1231 gentes,
1609 1159 1674 1213 de
1702 1173 1810 1228 quo
1853 1173 2014 1227 supra

439 1257 694 1322 diximus,
721 1265 776 1312 et
797 1255 1037 1314 Cassiani
1069 1253 1346 1324 cujusdam
1377 1251 1816 1321 chronographiae
1839 1269 1852 1304 :
1872 1250 2015 1320 quod

439 1345 753 1417 opusculum
786 1345 1026 1401 invenire
1073 1357 1179 1398 non
1227 1341 1394 1412 potui.
1448 1339 1558 1394 Nec
1588 1355 1694 1394 non
1726 1339 1792 1394 de
1818 1337 2014 1394 Juda‘is

438 1433 803 1490 Aristobolum
823 1433 1109 1504 quemdam
1129 1441 1183 1486 et
1208 1431 1558 1494 Demetrium,
1579 1436 1634 1482 et
1663 1428 2014 1499 Eupolemum

439 1525 752 1595 scriptores,
781 1523 1064 1578 adversum
1099 1529 1287 1592 gentes
1316 1520 1501 1584 refert,
1525 1520 1617 1588 qui
1662 1519 1714 1572 in
1765 1517 2012 1573 similitu-

440 1615 564 1670 dine
582 1611 818 1683 Josephi,
843 1611 974 1667 Mosi
1004 1619 1059 1667 et
1079 1609 1314 1666 Iudaicae
1334 1609 1509 1680 gentis
1530 1615 1799 1663 asserunt.
1826 1607 2014 1661 Exstat

437 1718 494 1764 et
545 1707 834 1764 Alexandri
893 1705 1386 1778 Hierosolymorum
1445 1703 1701 1773 episcopi,
1749 1701 1841 1771 qui
1891 1715 2012 1754 cum

2116 523 2423 590 ecclesiam,
2451 540 2570 596 qua:
2593 527 2647 580 in
2675 526 2923 581 haeresim
2969 525 3088 596 ejus
3117 528 3346 584 lectione
3384 531 3724 590 declinave-

2117 621 2220 668 rat.
2256 613 2532 684 Leguntur
2559 623 2614 669 et
2659 616 2891 686 sparsim
2936 616 3126 672 breves
3155 616 3273 686 ejus
3312 620 3567 688 epistolae.
3605 637 3724 677 au-

2097 708 2282 762 .ctoris
2311 707 2412 762 viae
2431 716 2488 762 et
2513 707 2641 762 vita:
2676 716 3051 779 congruentes.
3083 708 3397 780 Apollonius
3426 711 3720 769 Romanae

2116 798 2266 852 urbis
2313 807 2532 854 senator
2559 799 2659 855 sub
2689 799 2985 857 Commodo
3013 802 3280 872 principe,
3309 821 3340 858 a
3381 822 3539 862 servo
3563 823 3716 878 pro-

2114 888 2257 943 ditus
2281 889 2422 958 quod
2447 889 2789 946 Christianus
2818 900 2983 958 esset,
3011 891 3232 962 iubente
3277 896 3609 967 imperatore
3645 909 3717 954 ut

2115 979 2376 1034 rationem
2401 995 2512 1035 suae
2554 979 2677 1035 fidei
2702 982 2976 1052 proderet,
3007 983 3218 1054 insigne
3263 985 3510 1041 volumen
3537 1003 3716 1042 com-

2113 1069 2309 1138 posuit.
2341 1067 2492 1136 Quod
2539 1085 2662 1125 cum
2696 1071 2750 1124 in
2798 1080 2992 1126 senatu
3037 1071 3186 1142 legit,
3230 1081 3285 1128 et
3333 1075 3712 1132 nihilominus

2112 1159 2378 1213 sententia
2415 1168 2636 1215 senatus
2664 1159 2841 1230 capite
2871 1169 3170 1230 truncatur,
3203 1172 3386 1219 vetere
3421 1165 3557 1235 apud
3596 1181 3710 1220 eos

2112 1247 2388 1302 obtinente
2417 1246 2534 1319 lege
2573 1249 2778 1320 absque
2809 1250 3022 1306 ratione
3051 1266 3158 1306 non
3188 1253 3384 1307 dimitti
3417 1253 3707 1308 Christia-

2113 1350 2234 1401 nos,
2261 1337 2351 1405 qui
2395 1337 2560 1392 semel
2606 1338 2674 1392 ad
2696 1353 2882 1394 eorum
2904 1337 3166 1408 judicium
3196 1343 3449 1411 protraeti
3476 1354 3707 1398 essent.

2113 1425 2443 1496 Theophilus
2458 1425 2714 1483 Caesarea:
2731 1427 3034 1496 Palestina,
3062 1445 3181 1500 quae
3198 1432 3324 1487 olim
3349 1434 3511 1488 turris
3532 1434 3714 1489 Str-ao

2113 1516 2256 1572 tonis
2281 1517 2597 1583 vocabatur,
2627 1519 2939 1589 episcopus,
2970 1519 3069 1574 sub
3097 1519 3303 1577 Severo
3335 1521 3572 1593 principe
3601 1523 3714 1578 ad-

2111 1620 2326 1661 versum
2363 1620 2481 1671 eos,
2509 1606 2600 1676 qui
2636 1623 2728 1662 xiv
2770 1605 2896 1663 luna
2926 1623 3047 1663 cum
3075 1608 3274 1665 Judmis
3297 1609 3499 1665 Pascha
3547 1611 3716 1666 cele-

2113 1692 2364 1759 brabant,
2391 1709 2513 1749 cum
2543 1695 2757 1750 caeteris
2784 1696 3053 1768 episcopis
3081 1697 3393 1768 synodieam
3441 1705 3497 1752 et
3527 1699 3714 1755 valde

438 1797 690 1853 Narcisso
718 1805 903 1867 postea
931 1796 1071 1851 rexit
1092 1795 1396 1856 ecclesiam,
1425 1790 1648 1862 epistola
1676 1803 1838 1859 super
1865 1787 2004 1843 ordi-
2038 1783 2082 1842 B
2109 1785 2294 1840 utilem
2320 1786 2628 1856 composuit
2659 1786 2958 1856 epistolam.
2996 1787 3266 1843 Bachilius
3293 1787 3532 1842 Corinthi
3561 1790 3710 1858 epi-

436 1890 654 1946 natione
708 1887 1041 1957 Asclepiadis
1095 1884 1421 1941 confessoris
1471 1883 1540 1937 ad
1599 1881 2011 1946 Antiochenses,

437 1979 814 2050 congratulans
843 1978 953 2043 eis;
987 1977 1042 2031 in
1061 1991 1167 2046 qua
1194 1974 1349 2045 ponit
1372 1973 1650 2028 insinuans
1676 1988 1688 2023 :
1724 1989 1742 2022 c
1774 1968 1900 2024 Haec
1921 1985 2012 2024 vo-

435 2072 540 2137 bis,
571 2071 780 2125 Domini
806 2069 1022 2133 fratres,
1050 2067 1250 2136 scripta
1276 2063 1548 2118 transmisi
1569 2077 1666 2132 per
1683 2060 2010 2116 Clementem

434 2163 650 2218 beatum
679 2160 1076 2230 presbyterum,
1105 2156 1282 2211 virum
1319 2154 1583 2209 illustrem
1619 2159 1676 2207 et
1701 2152 2011 2220 probatum,

435 2268 595 2323 quem
619 2267 717 2308 vos
765 2265 979 2320 quoque
1007 2247 1180 2311 scitis,
1226 2254 1281 2301 et
1311 2261 1453 2300 nunc
1479 2243 1690 2315 plenius
1735 2241 2014 2312 cognosci-

439 2344 528 2398 tis.
567 2361 586 2395 ι
617 2341 720 2409 Qui
749 2355 872 2396 cum
907 2339 1144 2394 venisset
1165 2336 1318 2406 juxta
1365 2335 1706 2405 prudentiam
1737 2341 1792 2388 et
1831 2331 2014 2386 visita-

436 2433 637 2487 tionem
664 2430 906 2494 Domini,
935 2427 1278 2484 conﬁrmavit
1302 2433 1358 2480 et
1394 2425 1544 2479 auxit
1573 2423 1784 2478 Domini
1825 2421 2012 2476 Eccle—

435 2520 595 2574 siam.
629 2508 852 2574 Constat
894 2517 1275 2572 Adamantium
1309 2513 1426 2582 ejus
1474 2513 1638 2567 fuisse
1669 2510 2009 2580 discipulum.

432 2612 642 2669 Floruit
670 2619 849 2666 autem
879 2610 1066 2665 Severi
1095 2617 1151 2664 et
1180 2607 1436 2663 Antonini
1470 2605 1562 2660 filii
1592 2603 1708 2673 ejus
1763 2603 2013 2673 tempori-

433 2701 536 2757 bus
563 2699 852 2764 Miltiades,
882 2699 1035 2767 cujus
1065 2698 1256 2753 Rhodo
1302 2698 1357 2752 in
1385 2711 1548 2766 opere
1595 2711 1693 2752 suo
1739 2694 1882 2764 quod
1912 2694 2012 2751 ad-

432 2805 650 2847 versum
693 2789 1027 2856 Montanum,
1055 2788 1296 2844 Priscam
1325 2795 1382 2842 et
1405 2786 1750 2841 Maximillam
1789 2799 2012 2852 compo-

433 2885 563 2952 suit,
590 2883 857 2940 meminit.
889 2881 1119 2953 Scripsit
1141 2888 1332 2937 contra
1363 2878 1580 2935 eosdem
1604 2875 1852 2930 volumen
1877 2885 2014 2944 prte-

433 2978 667 3044 cipuum,
699 2982 757 3029 et
785 2974 1072 3029 adversum
1101 2979 1306 3043 gentes.
1330 2967 1654 3038 Judaeosque
1673 2966 1838 3021 libros
1855 2964 2010 3028 alios,

2112 1889 2327 1944 scopus,
2375 1875 2474 1930 sub
2502 1875 2694 1931 eodem
2723 1874 2925 1932 Severo
2970 1877 3218 1948 principe
3262 1877 3440 1933 clarus
3468 1879 3710 1937 habitus

2111 1976 2216 2030 est,
2240 1975 2296 2022 et
2327 1969 2393 2022 de
2416 1966 2647 2034 Pascha,
2673 1976 2728 2022 et
2749 1969 2991 2024 omnium
3013 1969 3104 2038 qui
3140 1969 3194 2023 in
3239 1969 3366 2024 Asia
3388 1977 3538 2023 eram
3569 1973 3712 2040 epi-

2112 2073 2397 2129 scoporum
2423 2074 2651 2128 persona
2680 2059 2982 2130 elegantem
3025 2059 3222 2114 librum
3250 2061 3484 2130 scripsit.
3526 2061 3710 2134 Poly-

2112 2157 2290 2205 crates
2313 2148 2668 2219 Ephesiorum
2709 2151 3014 2220 episeopus,
3036 2164 3160 2206 cum
3188 2151 3398 2206 caeteris
3419 2151 3709 2220 episcopis

2111 2239 2272 2306 Asia),
2305 2239 2397 2309 qui
2439 2237 2596 2307 juxta
2642 2240 2930 2310 quamdam
2951 2248 3188 2295 veterem
3238 2242 3703 2298 consuetudinem

2111 2345 2202 2388 xlv
2247 2329 2374 2385 luna
2419 2345 2542 2386 cum
2585 2327 2786 2384 Iudaeis
2811 2329 3019 2386 Pascha
3061 2330 3433 2397 celebrabant,
3467 2335 3704 2402 scripsit

2111 2419 2395 2476 adversum
2425 2421 2695 2476 Victorem
2740 2421 3049 2492 episcopum
3075 2421 3376 2477 Romanum
3404 2425 3702 2492 epistolam

2112 2511 2446 2580 synodicam,
2476 2509 2530 2563 in
2549 2523 2653 2578 qua
2679 2509 2838 2565 docet
2871 2525 2934 2566 se
2956 2510 3181 2581 apostoli
3203 2510 3426 2567 Joannis
3447 2523 3505 2568 et
3535 2523 3700 2569 vete‘

2110 2616 2230 2657 nim
2254 2601 2630 2657 auctoritatem
2654 2602 2828 2670 sequi,
2855 2602 2922 2659 de
2949 2617 3056 2672 qua
3087 2602 3201 2658 haec
3221 2617 3391 2673 pauca
3416 2608 3702 2675 excerpﬁ-

2111 2707 2260 2748 mus:
2285 2691 2393 2747 Nos
2423 2693 2590 2762 igitur
2638 2690 2998 2748 inviolabilem
3027 2693 3363 2750 celebramus
3402 2695 3568 2759 diem,
3596 2712 3704 2751 ne-

2111 2797 2218 2853 que
2262 2782 2522 2837 addentes
2569 2795 2744 2851 neque
2791 2782 3172 2839 diminuentes.
3205 2784 3416 2839 Etenim
3458 2785 3517 2840 in
3564 2785 3703 2842 Asia

2111 2871 2374 2928 elementa
2403 2871 2640 2926 maxima
2663 2872 3016 2937 dormierunt,
3045 2888 3166 2942 qua:
3195 2883 3479 2944 resurgent
3521 2877 3575 2929 in
3606 2878 3703 2932 die

2113 2963 2346 3026 Domini,
2389 2963 2604 3033 quando
2623 2973 2885 3020 venturus
2909 2974 2995 3021 est
3021 2967 3089 3020 de
3128 2965 3283 3020 caelis
3325 2967 3378 3020 in
3403 2967 3704 3035 majestate

435 3073 492 3120 et
521 3063 854 3134 principibus
889 3061 1130 3130 ejusdem
1183 3059 1442 3128 temporis
1487 3056 1893 3127 Apologeticum
1920 3055 2013 3110 de-
2043 3117 2084 3134 n
2114 3067 2233 3119 sua,
2275 3061 2330 3108 et
2371 3053 2732 3109 suscitaturus
2755 3067 2945 3110 omnes
2989 3054 3572 3126 sanctos:Philippum
3616 3057 3706 3113 lo-

565 3117 880 3221 Apollonius
917 3117 1014 3204 'vir
1043 3117 1433 3204 disertissimus
1467 3117 1690 3216 scripsit
1727 3145 2012 3200 adversum
2039 3117 2084 3179 Ο
2115 3117 2255 3214 quor
2280 3143 2348 3198 de
2373 3145 2655 3199 duodecim
2689 3145 2966 3216 apostolis,
2994 3147 3085 3215 qui
3108 3146 3363 3200 dormivit
3387 3117 3702 3217 liierapoli;

434 3241 745 3297 Montanum
804 3246 860 3294 et
892 3237 1155 3302 Priseam,
1208 3235 1660 3303 Maximillamqne
1696 3233 1905 3301 insigne
1959 3240 2016 3287 et

435 3329 652 3400 longum
685 3325 956 3390 volumen,
993 3324 1046 3378 in
1078 3337 1186 3394 quo
1236 3321 1432 3378 asserit
1460 3320 1770 3376 Montanum
1798 3317 2015 3372 etinsa-

436 3431 536 3474 nas
566 3414 685 3486 ejus
714 3423 866 3469 vates
889 3414 1093 3484 perisse
1138 3411 1450 3481 suspendio,
1498 3416 1554 3464 et
1600 3407 1766 3462 multa
1821 3406 1926 3460 alia
1958 3407 2014 3461 in

437 3506 634 3576 quibus
676 3504 743 3559 de
766 3501 949 3558 Prisca
973 3510 1030 3557 et
1048 3499 1340 3555 Maximilla
1370 3496 1538 3553 refert
1562 3515 1576 3552 :
1608 3497 1665 3552 Si
1697 3503 1894 3566 negant
1921 3510 2015 3550 eas

438 3594 713 3666 accepisse
741 3607 986 3657 munera,
1019 3589 1380 3646 confiteantur
1407 3603 1514 3642 non
1540 3601 1660 3642 esse
1689 3586 2012 3656 prophetas;

437 3687 485 3744 si
514 3685 805 3755 accipiant,
831 3690 887 3736 et
903 3681 1047 3736 mille
1075 3681 1178 3736 hoc
1207 3679 1433 3734 testibus
1455 3677 1779 3748 approbabo.
1817 3675 1924 3732 Sed
1947 3691 2010 3732 ex

438 3776 559 3833 aliis
614 3773 875 3829 fructibus
921 3772 1219 3840 probantur
1262 3769 1537 3840 propheta:
1564 3782 1672 3823 non
1715 3767 1870 3824 esse?
1920 3768 2016 3823 Dic

438 3870 572 3926 mihi
601 3886 616 3923 :
641 3868 858 3924 Crinem
906 3865 1053 3934 fucat
1099 3863 1426 3935 prophetes?
1466 3863 1624 3918 stibio
1672 3863 1858 3919 oculos
1895 3863 2016 3918 linit

440 3958 762 4031 prophetes?
804 3955 1045 4012 vestibus
1078 3963 1304 4011 ornatur
1353 3963 1410 4010 et
1461 3955 1686 4024 gemmis
1718 3955 2016 4024 propheta?

441 4049 622 4106 tabula
682 4047 817 4102 ludit
871 4055 926 4101 et
983 4046 1204 4102 tesseris
1253 4046 1560 4116 propheta?
1635 4046 2018 4116 Respondeant

442 4147 623 4196 utrum
649 4139 764 4195 base
793 4137 910 4206 fieri
959 4138 1138 4202 liceat,
1163 4151 1231 4192 an
1278 4152 1405 4192 non.
1437 4117 1608 4192 Meum
1649 4144 1734 4192 est
1759 4138 2012 4207 probare,

442 4231 566 4300 quia
594 4228 855 4283 fecerunt.
883 4227 1022 4283 Dicit
1046 4227 1100 4282 in
1146 4227 1334 4282 eodem
1375 4225 1514 4282 libro
1543 4226 2013 4297 quadragesimum

443 4335 564 4378 esse
588 4334 787 4374 annum
813 4332 985 4388 usque
1025 4317 1090 4372 ad
1117 4325 1327 4388 tempus
1353 4333 1462 4388 quo
1490 4326 1547 4372 et
1593 4317 1706 4388 ipse
1745 4317 1930 4372 scribit
1955 4317 2017 4372 li-

443 4411 627 4475 brum,
650 4423 714 4461 ex
741 4423 848 4478 quo
870 4407 1091 4462 haeresis
1114 4405 1572 4478 Cataphrygarum
1593 4405 1840 4462 habuerit
1857 4422 2016 4462 exor-

445 4497 615 4555 dium.
651 4495 1014 4549 Tertullianus
1047 4509 1140 4547 sex
1182 4494 1542 4550 voluminibus
1587 4497 1870 4552 adversum
1922 4497 2018 4552 Ec-

447 4587 670 4644 elesiam
709 4587 890 4654 editis,
937 4603 1058 4656 quae
1087 4587 1305 4656 scripsit
1330 4589 1394 4642 de
1422 4590 1614 4652 extasi,
1661 4599 1785 4645 octo
1831 4591 2017 4645 adver-

447 4692 567 4733 sum
599 4675 935 4746 Apollonium
956 4675 1273 4741 elaboravit,
1300 4676 1353 4729 in
1397 4691 1506 4744 quo
1537 4677 1718 4731 omnia
1765 4693 1884 4746 quae
1929 4679 2018 4732 ille

451 4765 652 4839 arguit,
673 4772 898 4820 conatur
927 4763 1232 4819 defendere.
1265 4763 1476 4818 Floruit
1503 4773 1680 4816 autem
1706 4764 2017 4833 Apollonius

448 4855 743 4915 Commodo
761 4854 1066 4924 Severoque
1085 4853 1435 4924 principibus.
1453 4851 1711 4922 Serapion
1732 4854 2015 4911 undecimo

450 4947 729 5007 Commodi
759 4947 1101 5018 imperatoris
1124 4961 1267 5001 anno
1293 4945 1592 5000 Antiochiae
1619 4945 1904 5015 episcopus
1929 4961 2019 5000 or-

448 5041 667 5100 dinatus
692 5046 793 5096 est.
825 5037 1054 5110 Scripsit
1092 5038 1372 5108 epistolam
1395 5037 1464 5092 ad
1493 5036 1782 5092 Caristium
1806 5045 1860 5090 et
1884 5035 2023 5090 Pon-

450 5129 584 5186 tium
633 5130 701 5185 de
729 5129 918 5184 heresi
965 5127 1220 5191 Montani,
1251 5135 1306 5182 et
1336 5127 1453 5181 haec
1495 5125 1702 5179 addidit
1733 5139 1748 5178 :
1783 5143 1803 5175 ί
1834 5124 1904 5180 Ut
1927 5141 2021 5179 au-

450 5227 560 5278 tem
583 5218 766 5274 sciatis
785 5217 905 5274 falsi
928 5217 1086 5288 hujus
1105 5217 1392 5286 dogmatis,
1414 5217 1467 5270 id
1495 5224 1579 5270 est
1605 5231 1756 5270 nova:
1784 5216 2019 5286 prophe-

451 5308 645 5375 tia:,ah
666 5307 813 5365 omni
853 5308 1054 5362 mundo
1090 5308 1352 5362 insaniam
1382 5306 1678 5376 reprobari,
1711 5306 1832 5361 misi
1861 5307 2018 5362 vobis

449 5395 774 5466 Apollinaris
819 5396 1135 5461 beatissimi,
1169 5396 1261 5464 qui
1305 5395 1402 5450 fuit
1454 5395 1508 5449 in
1555 5393 1823 5464 Hierapoli
1872 5395 2016 5449 Asia;

451 5486 754 5558 episcopus,
775 5487 1000 5544 litteras.
1036 5507 1057 5540 ι
1078 5485 1160 5540 Ad
1193 5486 1476 5542 Dominum
1505 5499 1736 5554 quoque,
1767 5485 1856 5554 qui
1888 5498 2013 5554 per-

452 5577 743 5634 lecutionis
770 5586 1010 5646 tempore
1035 5577 1100 5630 ad
1121 5575 1331 5631 Iudaeos
1354 5575 1739 5639 declinaverat,
1769 5575 2014 5631 volumen

457 5663 774 5728 composuit,
795 5672 850 5718 et
876 5664 1039 5720 alium
1064 5679 1276 5735 quoque
1311 5664 1379 5720 de
1408 5662 1887 5734 Evangelio,‘quod
1915 5665 2018 5722 sub

2115 3241 2170 3286 et
2188 3232 2325 3288 duas
2354 3232 2494 3288 ﬁlias
2517 3231 2654 3302 ejus,
2695 3249 2816 3303 qua;
2838 3235 3078 3306 virgines
3105 3244 3422 3301 senuerunt,
3447 3245 3505 3291 et
3536 3237 3700 3291 aliam

2119 3322 2283 3378 filiam
2311 3325 2448 3395 ejus,
2479 3340 2599 3395 qua:
2627 3325 2832 3395 Spiritu
2870 3337 3056 3382 saneto
3074 3326 3232 3396 plena
3271 3327 3324 3382 in
3348 3327 3565 3397 Ephesn
3605 3343 3702 3383 oe-

2115 3412 2322 3479 cnbuit,
2354 3416 2447 3469 sed
2474 3425 2530 3470 et
2548 3413 2842 3483 Iohannes,
2865 3417 2955 3487 qui
2977 3430 3138 3485 super
3156 3425 3344 3486 peetus
3373 3417 3591 3472 Domini
3613 3433 3700 3472 re-

2114 3504 2320 3570 cubuit,
2336 3514 2392 3560 et
2405 3506 2644 3576 pontifex
2659 3506 2776 3575 ejus
2795 3507 2920 3574 fuit,
2937 3523 3153 3562 auream
3169 3508 3426 3562 laminam
3443 3508 3499 3562 in
3516 3508 3699 3564 fronte

2114 3602 2356 3665 portans,
2382 3605 2591 3668 martyr
2617 3605 2672 3651 et
2692 3598 2881 3652 doctor
2905 3598 2958 3651 in
2981 3597 3194 3667 Epheso
3214 3597 3491 3660 dormivit,
3513 3608 3570 3652 et
3594 3597 3702 3651 Po-

2114 3686 2366 3759 lyearpus
2389 3688 2672 3759 episcopus
2697 3686 3120 3743 ecclesiasticum
3147 3701 3383 3756 sequens
3401 3702 3694 3742 eanonem.

2118 3777 2231 3848 Ego
2259 3791 2472 3847 quoque
2495 3777 2737 3832 omnium
2769 3777 3021 3833 minimus
3057 3776 3370 3847 Polycrates
3399 3777 3697 3830 secundum

2115 3867 2415 3922 doctrinam
2445 3865 2870 3935 propinquorum
2899 3880 3035 3935 quos
3057 3875 3274 3919 secutus
3303 3880 3450 3929 sum;
3485 3873 3699 3935 septem

2114 3971 2344 4024 namque
2365 3969 2434 4009 ex
2461 3956 2779 4024 parentibus
2799 3955 2937 4010 meis
2959 3970 3054 4025 per
3078 3954 3320 4009 ordinem
3343 3952 3566 4008 fuerunt
3579 3955 3702 4024 epi-

2112 4051 2284 4121 scopi,
2304 4060 2360 4106 et
2377 4065 2479 4122 ego
2501 4061 2725 4107 octavus
2746 4066 2962 4122 semper
2977 4052 3187 4108 Pascha
3210 4051 3505 4114 celebravi,
3529 4063 3704 4118 quan-

2113 4143 2184 4198 do
2229 4143 2455 4212 popnlus
2481 4141 2787 4202 Iudaeorum
2835 4160 3020 4215 azyma
3060 4142 3311 4198 faciebat.
3344 4142 3534 4211 Itaque
3581 4139 3701 4194 fra-

2117 4241 2228 4288 tres
2255 4248 2359 4287 va
2393 4247 2564 4288 annos
2589 4234 2763 4288 aetatis
2813 4249 2947 4288 meze
2975 4234 3182 4288 habens
3215 4235 3270 4288 in
3295 4233 3553 4296 Domino,
3584 4242 3642 4285 et
3667 4247 3702 4285 a

2117 4321 2300 4376 multis
2342 4319 2410 4375 de
2439 4329 2553 4376 toto
2578 4321 2710 4376 orbe
2752 4320 3010 4378 fratribus
3047 4322 3293 4377 eruditus
3317 4337 3417 4392 per
3461 4320 3700 4392 gratiam

2119 4409 2296 4463 omnis
2338 4407 2649 4478 Scriptum,
2682 4425 2788 4464 non
2820 4408 3123 4466 formidabo
3161 4425 3254 4466 eos
3281 4411 3373 4479 qui
3407 4411 3566 4464 nobis
3589 4409 3702 4462 mi-

2123 4507 2338 4553 nantur.
2372 4499 2632 4553 Dixerunt
2655 4500 2798 4554 enim
2835 4499 3066 4569 majores
3087 4503 3193 4558 mei
3225 4518 3238 4554 :
3267 4500 3489 4555 Obedirc
3525 4501 3700 4566 magis

2119 4599 2318 4660 oportet
2346 4591 2456 4644 Deo
2495 4608 2653 4661 quam
2700 4593 3014 4645 hominibus.
3047 4591 3172 4647 “me
3199 4601 3486 4662 propterea
3517 4592 3696 4662 posui,

2121 4689 2179 4735 ut
2201 4681 2472 4752 ingenium
2498 4691 2553 4736 et
2579 4683 2952 4738 auctoritatem
2995 4684 3096 4737 viri
3122 4699 3188 4738 ex
3234 4698 3403 4754 parvo
3435 4683 3699 4754 opusculo

2120 4771 2566 4826 demonstrarem.
2593 4771 2803 4826 Floruit
2832 4770 3018 4827 Severi
3053 4773 3314 4842 principis
3337 4773 3695 4842 temporibus.

2120 4860 2319 4916 Eadem
2349 4869 2668 4931 tempestate
2689 4877 2793 4932 qua
2816 4862 3100 4918 Narcissus
3128 4863 3518 4934 Hierosolymis
3529 4868 3700 4920 exsti-

2125 4958 2298 5014 terat,
2332 4950 2622 5006 Hiraelitus
2672 4953 2772 5006 sub
2797 4951 3076 5007 Commodi
3123 4951 3420 5022 Severique
3465 4954 3703 5024 imperio

2123 5038 2177 5092 in
2232 5038 2544 5108 Apostolum
2595 5042 3016 5095 commentarios
3053 5041 3317 5110 plurimos
3371 5046 3698 5112 composuit.

2122 5127 2387 5183 Maximus
2457 5129 2556 5184 sub
2613 5129 2802 5184 iisdem
2865 5130 3200 5200 principibus
3275 5131 3701 5189 famosissimam

2121 5219 2474 5286 qumstionem
2506 5219 2701 5288 insigni
2733 5219 3006 5273 volumine
3029 5219 3310 5274 ventilavit
3338 5237 3353 5274 :
3383 5221 3533 5276 Unde
3571 5237 3702 5275 ma-

2120 5306 2231 5360 lum
2250 5345 2266 5371 ,
2289 5315 2345 5360 et
2375 5307 2518 5376 quod
2548 5307 2771 5361 materia
2800 5306 2939 5363 facta
2977 5309 3048 5363 sit
3076 5324 3109 5362 a
3129 5308 3258 5363 Deo.
3286 5308 3578 5372 Candidus,
3609 5327 3704 5366 re-

2121 5397 2410 5467 gnantibus
2445 5397 2787 5463 supradictis,
2819 5397 2873 5452 in
2915 5397 3253 5452 Hexameron
3298 5398 3704 5468 pulcherrimos

2122 5493 2387 5541 tractatus
2409 5486 2596 5542 edidit.
2630 5487 2767 5556 Apio
2802 5488 2903 5542 sub
2933 5486 3135 5542 Severo
3163 5489 3407 5558 principe
3441 5489 3706 5544 similiter

2123 5575 2179 5630 in
2208 5574 2545 5632 Hexameron
2594 5584 2854 5631 tractatus
2893 5575 3039 5630 fecit.
3083 5575 3266 5631 Sixtus
3299 5577 3402 5631 sub
3452 5577 3703 5646 impera—

2123 5675 2244 5723 tore
2273 5664 2476 5724 Severo
2514 5668 2709 5724 lihrum
2735 5667 2802 5723 de
2843 5666 3257 5724 Resurrectione
3285 5666 3517 5738 scripsit.
3547 5665 3706 5722 Ara-
