  <div class='ocr_page' id='page_1' title='image "/cluster/home/n/w/nwhite01/storage/ocr_20150623/106/hvd.32044054759717/592.png"; bbox 0 0 3962 6174; ppageno 0'>
   <div class='ocr_carea' id='block_1_1' title="bbox 306 274 448 337">
    <p class='ocr_par' dir='ltr' id='par_1_1' title="bbox 306 274 448 337">
     <span class='ocr_line' id='line_1_1' title="bbox 306 274 448 337; baseline 0.049 -8"><span class='ocrx_word' id='word_1_1' title='bbox 306 274 448 337; x_wconf 69' lang='lat'><strong>“75</strong></span> 
     </span>
    </p>
   </div>
   <div class='ocr_carea' id='block_1_2' title="bbox 1322 267 2487 354">
    <p class='ocr_par' dir='ltr' id='par_1_2' title="bbox 1322 267 2487 354">
     <span class='ocr_line' id='line_1_2' title="bbox 1322 267 2487 354; baseline -0.001 -27"><span class='ocrx_word' id='word_1_2' title='bbox 1322 334 1331 341; x_wconf 40' lang='grc' dir='ltr'>ι</span> <span class='ocrx_word' id='word_1_3' title='bbox 1405 267 1822 340; x_wconf 75' lang='lat' dir='ltr'><strong>CIIRONICQN.</strong></span> <span class='ocrx_word' id='word_1_4' title='bbox 1863 298 1931 309; x_wconf 85' lang='lat'><strong>--</strong></span> <span class='ocrx_word' id='word_1_5' title='bbox 1973 267 2135 354; x_wconf 65' lang='lat' dir='ltr'><strong>T03i|</strong></span> <span class='ocrx_word' id='word_1_6' title='bbox 2175 268 2218 323; x_wconf 87' lang='lat' dir='ltr'><strong>ll</strong></span> <span class='ocrx_word' id='word_1_7' title='bbox 2258 270 2383 324; x_wconf 80' lang='lat' dir='ltr'><strong>LIB.</strong></span> <span class='ocrx_word' id='word_1_8' title='bbox 2428 271 2487 326; x_wconf 84' lang='lat' dir='ltr'><strong>ll.</strong></span> 
     </span>
    </p>
   </div>
   <div class='ocr_carea' id='block_1_3' title="bbox 3436 275 3567 365">
    <p class='ocr_par' dir='ltr' id='par_1_3' title="bbox 3436 275 3567 365">
     <span class='ocr_line' id='line_1_3' title="bbox 3436 275 3567 365; baseline 0.031 -37"><span class='ocrx_word' id='word_1_9' title='bbox 3436 275 3567 365; x_wconf 69' lang='grc' dir='ltr'><strong>ΠΗ</strong></span> 
     </span>
    </p>
   </div>
   <div class='ocr_carea' id='block_1_4' title="bbox 298 378 3566 463">
    <p class='ocr_par' dir='ltr' id='par_1_4' title="bbox 298 378 3566 463">
     <span class='ocr_line' id='line_1_4' title="bbox 298 378 3566 463; baseline 0 -24"><span class='ocrx_word' id='word_1_10' title='bbox 298 386 497 440; x_wconf 74' lang='lat' dir='ltr'><strong>hianna</strong></span> <span class='ocrx_word' id='word_1_11' title='bbox 526 384 627 440; x_wconf 99' lang='lat' dir='ltr'><strong>sub</strong></span> <span class='ocrx_word' id='word_1_12' title='bbox 651 384 841 440; x_wconf 80' lang='lat' dir='ltr'><strong>eodem</strong></span> <span class='ocrx_word' id='word_1_13' title='bbox 874 382 1120 453; x_wconf 76' lang='lat' dir='ltr'><strong>principe</strong></span> <span class='ocrx_word' id='word_1_14' title='bbox 1140 381 1311 463; x_wconf 78' lang='lat' dir='ltr'><strong>edidit</strong></span> <span class='ocrx_word' id='word_1_15' title='bbox 1352 382 1599 453; x_wconf 55' lang='lat' dir='ltr'><strong>quaedam</strong></span> <span class='ocrx_word' id='word_1_16' title='bbox 1623 379 1883 452; x_wconf 89' lang='lat' dir='ltr'><strong>opuscula</strong></span> <span class='ocrx_word' id='word_1_17' title='bbox 1911 380 1959 440; x_wconf 79' lang='grc' dir='ltr'>Α</span> <span class='ocrx_word' id='word_1_18' title='bbox 1989 393 2108 432; x_wconf 92' lang='lat' dir='ltr'><strong>rum</strong></span> <span class='ocrx_word' id='word_1_19' title='bbox 2154 378 2382 434; x_wconf 91' lang='lat' dir='ltr'><strong>fratrum</strong></span> <span class='ocrx_word' id='word_1_20' title='bbox 2417 396 2484 435; x_wconf 87' lang='lat' dir='ltr'><strong>ex</strong></span> <span class='ocrx_word' id='word_1_21' title='bbox 2518 380 2708 437; x_wconf 88' lang='lat' dir='ltr'><strong>eodem</strong></span> <span class='ocrx_word' id='word_1_22' title='bbox 2737 380 2877 448; x_wconf 85' lang='lat' dir='ltr'><strong>oleo,</strong></span> <span class='ocrx_word' id='word_1_23' title='bbox 2907 382 3051 453; x_wconf 85' lang='lat' dir='ltr'><strong>quod</strong></span> <span class='ocrx_word' id='word_1_24' title='bbox 3085 398 3298 439; x_wconf 85' lang='lat' dir='ltr'><strong>versum</strong></span> <span class='ocrx_word' id='word_1_25' title='bbox 3331 384 3566 453; x_wconf 77' lang='lat' dir='ltr'><strong>deaqua</strong></span> 
     </span>
    </p>
   </div>
   <div class='ocr_carea' id='block_1_5' title="bbox 298 471 1881 545">
    <p class='ocr_par' dir='ltr' id='par_1_5' title="bbox 298 471 1881 545">
     <span class='ocr_line' id='line_1_5' title="bbox 298 471 1881 545; baseline -0.003 -15"><span class='ocrx_word' id='word_1_26' title='bbox 298 477 369 530; x_wconf 87' lang='lat' dir='ltr'><strong>ad</strong></span> <span class='ocrx_word' id='word_1_27' title='bbox 402 474 768 530; x_wconf 87' lang='lat' dir='ltr'><strong>Christianum</strong></span> <span class='ocrx_word' id='word_1_28' title='bbox 793 473 985 545; x_wconf 80' lang='lat' dir='ltr'><strong>dogma</strong></span> <span class='ocrx_word' id='word_1_29' title='bbox 1016 473 1362 545; x_wconf 85' lang='lat' dir='ltr'><strong>pertinentia.</strong></span> <span class='ocrx_word' id='word_1_30' title='bbox 1388 471 1555 528; x_wconf 86' lang='lat' dir='ltr'><strong>Judas</strong></span> <span class='ocrx_word' id='word_1_31' title='bbox 1577 474 1644 528; x_wconf 89' lang='lat' dir='ltr'><strong>de</strong></span> <span class='ocrx_word' id='word_1_32' title='bbox 1666 479 1881 541; x_wconf 82' lang='lat' dir='ltr'><strong>septua-</strong></span> 
     </span>
    </p>
   </div>
   <div class='ocr_carea' id='block_1_6' title="bbox 299 562 1881 636">
    <p class='ocr_par' dir='ltr' id='par_1_6' title="bbox 299 562 1881 636">
     <span class='ocr_line' id='line_1_6' title="bbox 299 562 1881 636; baseline -0.001 -17"><span class='ocrx_word' id='word_1_33' title='bbox 299 566 453 634; x_wconf 87' lang='lat' dir='ltr'><strong>ginta</strong></span> <span class='ocrx_word' id='word_1_34' title='bbox 497 567 639 636; x_wconf 79' lang='lat' dir='ltr'><strong>apud</strong></span> <span class='ocrx_word' id='word_1_35' title='bbox 674 564 949 620; x_wconf 86' lang='lat' dir='ltr'><strong>Danielem</strong></span> <span class='ocrx_word' id='word_1_36' title='bbox 992 563 1417 620; x_wconf 79' lang='lat' dir='ltr'><strong>hebdomadibus</strong></span> <span class='ocrx_word' id='word_1_37' title='bbox 1440 562 1749 633; x_wconf 83' lang='lat' dir='ltr'><strong>plenissime</strong></span> <span class='ocrx_word' id='word_1_38' title='bbox 1771 563 1881 618; x_wconf 90' lang='lat' dir='ltr'><strong>dis-</strong></span> 
     </span>
    </p>
   </div>
   <div class='ocr_carea' id='block_1_7' title="bbox 298 653 1880 726">
    <p class='ocr_par' dir='ltr' id='par_1_7' title="bbox 298 653 1880 726">
     <span class='ocr_line' id='line_1_7' title="bbox 298 653 1880 726; baseline 0 -17"><span class='ocrx_word' id='word_1_39' title='bbox 298 655 530 725; x_wconf 89' lang='lat' dir='ltr'><strong>putavit,</strong></span> <span class='ocrx_word' id='word_1_40' title='bbox 557 662 613 711; x_wconf 90' lang='lat' dir='ltr'><strong>et</strong></span> <span class='ocrx_word' id='word_1_41' title='bbox 655 656 993 726; x_wconf 84' lang='lat' dir='ltr'><strong>superiorum</strong></span> <span class='ocrx_word' id='word_1_42' title='bbox 1037 656 1231 710; x_wconf 89' lang='lat' dir='ltr'><strong>seriem</strong></span> <span class='ocrx_word' id='word_1_43' title='bbox 1273 662 1576 724; x_wconf 77' lang='lat' dir='ltr'><strong>temporum</strong></span> <span class='ocrx_word' id='word_1_44' title='bbox 1605 669 1775 723; x_wconf 88' lang='lat' dir='ltr'><strong>usque</strong></span> <span class='ocrx_word' id='word_1_45' title='bbox 1810 653 1880 709; x_wconf 90' lang='lat' dir='ltr'><strong>ad</strong></span> 
     </span>
    </p>
   </div>
   <div class='ocr_carea' id='block_1_8' title="bbox 298 744 1879 815">
    <p class='ocr_par' dir='ltr' id='par_1_8' title="bbox 298 744 1879 815">
     <span class='ocr_line' id='line_1_8' title="bbox 298 744 1879 815; baseline -0.001 -15"><span class='ocrx_word' id='word_1_46' title='bbox 298 745 569 801; x_wconf 86' lang='lat' dir='ltr'><strong>decimum</strong></span> <span class='ocrx_word' id='word_1_47' title='bbox 600 745 788 801; x_wconf 89' lang='lat' dir='ltr'><strong>Severi</strong></span> <span class='ocrx_word' id='word_1_48' title='bbox 830 745 1089 815; x_wconf 86' lang='lat' dir='ltr'><strong>principis</strong></span> <span class='ocrx_word' id='word_1_49' title='bbox 1138 761 1339 799; x_wconf 89' lang='lat' dir='ltr'><strong>annum</strong></span> <span class='ocrx_word' id='word_1_50' title='bbox 1370 745 1642 815; x_wconf 87' lang='lat' dir='ltr'><strong>perduxit.</strong></span> <span class='ocrx_word' id='word_1_51' title='bbox 1685 744 1743 799; x_wconf 89' lang='lat' dir='ltr'><strong>In</strong></span> <span class='ocrx_word' id='word_1_52' title='bbox 1771 759 1879 813; x_wconf 89' lang='lat' dir='ltr'><strong>quo</strong></span> 
     </span>
    </p>
   </div>
   <div class='ocr_carea' id='block_1_9' title="bbox 296 833 1879 905">
    <p class='ocr_par' dir='ltr' id='par_1_9' title="bbox 296 833 1879 905">
     <span class='ocr_line' id='line_1_9' title="bbox 296 833 1879 905; baseline -0.001 -16"><span class='ocrx_word' id='word_1_53' title='bbox 296 834 503 889; x_wconf 82' lang='lat' dir='ltr'><strong>erroris</strong></span> <span class='ocrx_word' id='word_1_54' title='bbox 526 833 608 889; x_wconf 91' lang='lat' dir='ltr'><strong>sui</strong></span> <span class='ocrx_word' id='word_1_55' title='bbox 635 834 901 905; x_wconf 82' lang='lat' dir='ltr'><strong>arguitur,</strong></span> <span class='ocrx_word' id='word_1_56' title='bbox 917 835 1061 904; x_wconf 90' lang='lat' dir='ltr'><strong>quod</strong></span> <span class='ocrx_word' id='word_1_57' title='bbox 1082 833 1367 889; x_wconf 83' lang='lat' dir='ltr'><strong>adventum</strong></span> <span class='ocrx_word' id='word_1_58' title='bbox 1389 833 1706 888; x_wconf 81' lang='lat' dir='ltr'><strong>Antichristi</strong></span> <span class='ocrx_word' id='word_1_59' title='bbox 1732 834 1879 888; x_wconf 88' lang='lat' dir='ltr'><strong>circa</strong></span> 
     </span>
    </p>
   </div>
   <div class='ocr_carea' id='block_1_10' title="bbox 297 923 1875 996">
    <p class='ocr_par' dir='ltr' id='par_1_10' title="bbox 297 923 1875 996">
     <span class='ocr_line' id='line_1_10' title="bbox 297 923 1875 996; baseline 0 -14"><span class='ocrx_word' id='word_1_60' title='bbox 297 942 398 982; x_wconf 89' lang='lat' dir='ltr'><strong>sua</strong></span> <span class='ocrx_word' id='word_1_61' title='bbox 432 935 673 996; x_wconf 90' lang='lat' dir='ltr'><strong>tempora</strong></span> <span class='ocrx_word' id='word_1_62' title='bbox 699 924 938 980; x_wconf 92' lang='lat' dir='ltr'><strong>futurum</strong></span> <span class='ocrx_word' id='word_1_63' title='bbox 959 940 1081 981; x_wconf 90' lang='lat' dir='ltr'><strong>esse</strong></span> <span class='ocrx_word' id='word_1_64' title='bbox 1107 924 1436 995; x_wconf 70' lang='lat' dir='ltr'><strong>prmdixerit.</strong></span> <span class='ocrx_word' id='word_1_65' title='bbox 1472 923 1579 981; x_wconf 90' lang='lat' dir='ltr'><strong>Sed</strong></span> <span class='ocrx_word' id='word_1_66' title='bbox 1598 926 1703 980; x_wconf 92' lang='lat' dir='ltr'><strong>hoc</strong></span> <span class='ocrx_word' id='word_1_67' title='bbox 1733 925 1875 989; x_wconf 86' lang='lat' dir='ltr'><strong>ideo,</strong></span> 
     </span>
    </p>
   </div>
   <div class='ocr_carea' id='block_1_11' title="bbox 296 1015 1875 1095">
    <p class='ocr_par' dir='ltr' id='par_1_11' title="bbox 296 1015 1875 1095">
     <span class='ocr_line' id='line_1_11' title="bbox 296 1015 1875 1095; baseline 0.002 -26"><span class='ocrx_word' id='word_1_68' title='bbox 296 1017 424 1086; x_wconf 82' lang='lat' dir='ltr'><strong>quia</strong></span> <span class='ocrx_word' id='word_1_69' title='bbox 441 1015 753 1095; x_wconf 75' lang='lat' dir='ltr'><strong>magnitudo</strong></span> <span class='ocrx_word' id='word_1_70' title='bbox 771 1016 1207 1087; x_wconf 89' lang='lat' dir='ltr'><strong>persecutionum</strong></span> <span class='ocrx_word' id='word_1_71' title='bbox 1230 1024 1549 1085; x_wconf 66' lang='lat' dir='ltr'><strong>praesentem</strong></span> <span class='ocrx_word' id='word_1_72' title='bbox 1568 1018 1752 1071; x_wconf 89' lang='lat' dir='ltr'><strong>mundi</strong></span> <span class='ocrx_word' id='word_1_73' title='bbox 1773 1018 1875 1072; x_wconf 88' lang='lat' dir='ltr'><strong>mi—</strong></span> 
     </span>
    </p>
   </div>
   <div class='ocr_carea' id='block_1_12' title="bbox 295 1109 1878 1181">
    <p class='ocr_par' dir='ltr' id='par_1_12' title="bbox 295 1109 1878 1181">
     <span class='ocr_line' id='line_1_12' title="bbox 295 1109 1878 1181; baseline 0.001 -17"><span class='ocrx_word' id='word_1_74' title='bbox 295 1111 529 1165; x_wconf 89' lang='lat' dir='ltr'><strong>nabatur</strong></span> <span class='ocrx_word' id='word_1_75' title='bbox 578 1125 852 1166; x_wconf 81' lang='lat' dir='ltr'><strong>occasum.</strong></span> <span class='ocrx_word' id='word_1_76' title='bbox 901 1109 1267 1165; x_wconf 80' lang='lat' dir='ltr'><strong>Tertullianus</strong></span> <span class='ocrx_word' id='word_1_77' title='bbox 1310 1110 1596 1181; x_wconf 83' lang='lat' dir='ltr'><strong>presbyter</strong></span> <span class='ocrx_word' id='word_1_78' title='bbox 1636 1120 1747 1165; x_wconf 90' lang='lat' dir='ltr'><strong>tum</strong></span> <span class='ocrx_word' id='word_1_79' title='bbox 1783 1112 1878 1166; x_wconf 88' lang='lat' dir='ltr'><strong>de-</strong></span> 
     </span>
    </p>
   </div>
   <div class='ocr_carea' id='block_1_13' title="bbox 294 1198 1875 1271">
    <p class='ocr_par' dir='ltr' id='par_1_13' title="bbox 294 1198 1875 1271">
     <span class='ocr_line' id='line_1_13' title="bbox 294 1198 1875 1271; baseline 0.001 -15"><span class='ocrx_word' id='word_1_80' title='bbox 294 1216 444 1257; x_wconf 87' lang='lat' dir='ltr'><strong>mum</strong></span> <span class='ocrx_word' id='word_1_81' title='bbox 474 1202 681 1271; x_wconf 78' lang='lat' dir='ltr'><strong>primus</strong></span> <span class='ocrx_word' id='word_1_82' title='bbox 704 1207 827 1271; x_wconf 90' lang='lat' dir='ltr'><strong>post</strong></span> <span class='ocrx_word' id='word_1_83' title='bbox 853 1201 1128 1256; x_wconf 77' lang='lat' dir='ltr'><strong>Victorem</strong></span> <span class='ocrx_word' id='word_1_84' title='bbox 1148 1209 1205 1255; x_wconf 90' lang='lat' dir='ltr'><strong>et</strong></span> <span class='ocrx_word' id='word_1_85' title='bbox 1229 1199 1551 1270; x_wconf 78' lang='lat' dir='ltr'><strong>Apollian</strong></span> <span class='ocrx_word' id='word_1_86' title='bbox 1562 1198 1875 1257; x_wconf 82' lang='lat' dir='ltr'><strong>Latinorum</strong></span> 
     </span>
    </p>
   </div>
   <div class='ocr_carea' id='block_1_14' title="bbox 291 1290 1871 1363">
    <p class='ocr_par' dir='ltr' id='par_1_14' title="bbox 291 1290 1871 1363">
     <span class='ocr_line' id='line_1_14' title="bbox 291 1290 1871 1363; baseline -0.001 -14"><span class='ocrx_word' id='word_1_87' title='bbox 291 1294 514 1363; x_wconf 78' lang='lat' dir='ltr'><strong>ponitur</strong></span> <span class='ocrx_word' id='word_1_88' title='bbox 539 1292 830 1363; x_wconf 73' lang='lat' dir='ltr'><strong>provineim</strong></span> <span class='ocrx_word' id='word_1_89' title='bbox 875 1290 1074 1347; x_wconf 68' lang='lat' dir='ltr'><strong>Africae</strong></span> <span class='ocrx_word' id='word_1_90' title='bbox 1120 1291 1358 1348; x_wconf 80' lang='lat' dir='ltr'><strong>civitatis</strong></span> <span class='ocrx_word' id='word_1_91' title='bbox 1405 1291 1871 1363; x_wconf 83' lang='lat' dir='ltr'><strong>Carthaginensis,</strong></span> 
     </span>
    </p>
   </div>
   <div class='ocr_carea' id='block_1_15' title="bbox 291 1380 1871 1452">
    <p class='ocr_par' dir='ltr' id='par_1_15' title="bbox 291 1380 1871 1452">
     <span class='ocr_line' id='line_1_15' title="bbox 291 1380 1871 1452; baseline 0.001 -15"><span class='ocrx_word' id='word_1_92' title='bbox 291 1391 449 1452; x_wconf 82' lang='lat' dir='ltr'><strong>patre</strong></span> <span class='ocrx_word' id='word_1_93' title='bbox 484 1383 802 1439; x_wconf 84' lang='lat' dir='ltr'><strong>centurione</strong></span> <span class='ocrx_word' id='word_1_94' title='bbox 846 1380 1241 1452; x_wconf 78' lang='lat' dir='ltr'><strong>proconsulari.</strong></span> <span class='ocrx_word' id='word_1_95' title='bbox 1291 1380 1394 1438; x_wconf 83' lang='lat' dir='ltr'><strong>Hic</strong></span> <span class='ocrx_word' id='word_1_96' title='bbox 1434 1381 1580 1438; x_wconf 84' lang='lat' dir='ltr'><strong>acris</strong></span> <span class='ocrx_word' id='word_1_97' title='bbox 1607 1390 1665 1437; x_wconf 89' lang='lat' dir='ltr'><strong>et</strong></span> <span class='ocrx_word' id='word_1_98' title='bbox 1705 1384 1871 1439; x_wconf 84' lang='lat' dir='ltr'><strong>vehe-</strong></span> 
     </span>
    </p>
   </div>
   <div class='ocr_carea' id='block_1_16' title="bbox 291 1470 1872 1543">
    <p class='ocr_par' dir='ltr' id='par_1_16' title="bbox 291 1470 1872 1543">
     <span class='ocr_line' id='line_1_16' title="bbox 291 1470 1872 1543; baseline 0.001 -17"><span class='ocrx_word' id='word_1_99' title='bbox 291 1472 492 1535; x_wconf 73' lang='lat' dir='ltr'><strong>mentis</strong></span> <span class='ocrx_word' id='word_1_100' title='bbox 520 1472 743 1543; x_wconf 83' lang='lat' dir='ltr'><strong>ingenii,</strong></span> <span class='ocrx_word' id='word_1_101' title='bbox 766 1472 868 1528; x_wconf 88' lang='lat' dir='ltr'><strong>sub</strong></span> <span class='ocrx_word' id='word_1_102' title='bbox 892 1470 1094 1527; x_wconf 86' lang='lat' dir='ltr'><strong>Severo</strong></span> <span class='ocrx_word' id='word_1_103' title='bbox 1117 1471 1364 1543; x_wconf 80' lang='lat' dir='ltr'><strong>principe</strong></span> <span class='ocrx_word' id='word_1_104' title='bbox 1404 1480 1462 1528; x_wconf 88' lang='lat' dir='ltr'><strong>et</strong></span> <span class='ocrx_word' id='word_1_105' title='bbox 1491 1471 1728 1527; x_wconf 86' lang='lat' dir='ltr'><strong>Antonio</strong></span> <span class='ocrx_word' id='word_1_106' title='bbox 1770 1471 1872 1527; x_wconf 88' lang='lat' dir='ltr'><strong>Ca-</strong></span> 
     </span>
    </p>
   </div>
   <div class='ocr_carea' id='block_1_17' title="bbox 290 1560 1868 1634">
    <p class='ocr_par' dir='ltr' id='par_1_17' title="bbox 290 1560 1868 1634">
     <span class='ocr_line' id='line_1_17' title="bbox 290 1560 1868 1634; baseline 0 -16"><span class='ocrx_word' id='word_1_107' title='bbox 290 1561 495 1618; x_wconf 86' lang='lat' dir='ltr'><strong>racalla</strong></span> <span class='ocrx_word' id='word_1_108' title='bbox 516 1563 753 1617; x_wconf 85' lang='lat' dir='ltr'><strong>maxime</strong></span> <span class='ocrx_word' id='word_1_109' title='bbox 779 1560 984 1628; x_wconf 81' lang='lat' dir='ltr'><strong>floruit,</strong></span> <span class='ocrx_word' id='word_1_110' title='bbox 1011 1562 1286 1633; x_wconf 89' lang='lat' dir='ltr'><strong>multaque</strong></span> <span class='ocrx_word' id='word_1_111' title='bbox 1329 1563 1549 1634; x_wconf 85' lang='lat' dir='ltr'><strong>scripsit</strong></span> <span class='ocrx_word' id='word_1_112' title='bbox 1574 1562 1868 1629; x_wconf 83' lang='lat' dir='ltr'><strong>volumina,</strong></span> 
     </span>
    </p>
   </div>
   <div class='ocr_carea' id='block_1_18' title="bbox 288 1652 1870 1724">
    <p class='ocr_par' dir='ltr' id='par_1_18' title="bbox 288 1652 1870 1724">
     <span class='ocr_line' id='line_1_18' title="bbox 288 1652 1870 1724; baseline 0.001 -17"><span class='ocrx_word' id='word_1_113' title='bbox 288 1668 411 1722; x_wconf 67' lang='lat' dir='ltr'><strong>quae</strong></span> <span class='ocrx_word' id='word_1_114' title='bbox 434 1652 562 1722; x_wconf 90' lang='lat' dir='ltr'><strong>quia</strong></span> <span class='ocrx_word' id='word_1_115' title='bbox 593 1659 721 1708; x_wconf 86' lang='lat' dir='ltr'><strong>nota</strong></span> <span class='ocrx_word' id='word_1_116' title='bbox 739 1660 865 1708; x_wconf 89' lang='lat' dir='ltr'><strong>sunt</strong></span> <span class='ocrx_word' id='word_1_117' title='bbox 884 1653 1151 1722; x_wconf 85' lang='lat' dir='ltr'><strong>plurimis,</strong></span> <span class='ocrx_word' id='word_1_118' title='bbox 1174 1653 1655 1724; x_wconf 66' lang='lat' dir='ltr'><strong>praetermittimus.</strong></span> <span class='ocrx_word' id='word_1_119' title='bbox 1684 1653 1870 1710; x_wconf 77' lang='lat' dir='ltr'><strong>Refert</strong></span> 
     </span>
    </p>
   </div>
   <div class='ocr_carea' id='block_1_19' title="bbox 1981 469 3562 545">
    <p class='ocr_par' dir='ltr' id='par_1_19' title="bbox 1981 469 3562 545">
     <span class='ocr_line' id='line_1_19' title="bbox 1981 469 3562 545; baseline 0.004 -21"><span class='ocrx_word' id='word_1_120' title='bbox 1981 469 2160 531; x_wconf 81' lang='lat' dir='ltr'><strong>fuerat</strong></span> <span class='ocrx_word' id='word_1_121' title='bbox 2182 480 2510 527; x_wconf 88' lang='lat' dir='ltr'><strong>reservatum</strong></span> <span class='ocrx_word' id='word_1_122' title='bbox 2542 481 2645 538; x_wconf 86' lang='lat' dir='ltr'><strong>est,</strong></span> <span class='ocrx_word' id='word_1_123' title='bbox 2677 473 2751 529; x_wconf 91' lang='lat' dir='ltr'><strong>ita</strong></span> <span class='ocrx_word' id='word_1_124' title='bbox 2774 481 2834 529; x_wconf 91' lang='lat' dir='ltr'><strong>ut</strong></span> <span class='ocrx_word' id='word_1_125' title='bbox 2876 490 2975 544; x_wconf 91' lang='lat' dir='ltr'><strong>per</strong></span> <span class='ocrx_word' id='word_1_126' title='bbox 3003 473 3174 529; x_wconf 90' lang='lat' dir='ltr'><strong>multa</strong></span> <span class='ocrx_word' id='word_1_127' title='bbox 3199 483 3439 545; x_wconf 90' lang='lat' dir='ltr'><strong>tempora</strong></span> <span class='ocrx_word' id='word_1_128' title='bbox 3464 475 3562 531; x_wconf 88' lang='lat' dir='ltr'><strong>hu-</strong></span> 
     </span>
    </p>
   </div>
   <div class='ocr_carea' id='block_1_20' title="bbox 1972 557 3563 635">
    <p class='ocr_par' dir='ltr' id='par_1_20' title="bbox 1972 557 3563 635">
     <span class='ocr_line' id='line_1_20' title="bbox 1972 557 3563 635; baseline 0.003 -21"><span class='ocrx_word' id='word_1_129' title='bbox 1972 557 2062 635; x_wconf 80' lang='lat' dir='ltr'><strong>jus</strong></span> <span class='ocrx_word' id='word_1_130' title='bbox 2090 560 2338 616; x_wconf 86' lang='lat' dir='ltr'><strong>miraculi</strong></span> <span class='ocrx_word' id='word_1_131' title='bbox 2368 570 2738 630; x_wconf 87' lang='lat' dir='ltr'><strong>perseveraret</strong></span> <span class='ocrx_word' id='word_1_132' title='bbox 2778 563 3053 618; x_wconf 89' lang='lat' dir='ltr'><strong>indicium.</strong></span> <span class='ocrx_word' id='word_1_133' title='bbox 3088 565 3270 620; x_wconf 83' lang='lat' dir='ltr'><strong>Animi</strong></span> <span class='ocrx_word' id='word_1_134' title='bbox 3293 580 3422 621; x_wconf 87' lang='lat' dir='ltr'><strong>vero</strong></span> <span class='ocrx_word' id='word_1_135' title='bbox 3452 566 3563 619; x_wconf 85' lang='lat' dir='ltr'><strong>vir-</strong></span> 
     </span>
    </p>
   </div>
   <div class='ocr_carea' id='block_1_21' title="bbox 1981 649 3562 725">
    <p class='ocr_par' dir='ltr' id='par_1_21' title="bbox 1981 649 3562 725">
     <span class='ocr_line' id='line_1_21' title="bbox 1981 649 3562 725; baseline 0.006 -22"><span class='ocrx_word' id='word_1_136' title='bbox 1981 656 2067 704; x_wconf 88' lang='lat' dir='ltr'><strong>tus</strong></span> <span class='ocrx_word' id='word_1_137' title='bbox 2086 658 2297 720; x_wconf 81' lang='lat' dir='ltr'><strong>quanta.</strong></span> <span class='ocrx_word' id='word_1_138' title='bbox 2317 651 2370 705; x_wconf 89' lang='lat' dir='ltr'><strong>in</strong></span> <span class='ocrx_word' id='word_1_139' title='bbox 2397 667 2462 706; x_wconf 93' lang='lat' dir='ltr'><strong>eo</strong></span> <span class='ocrx_word' id='word_1_140' title='bbox 2483 649 2664 713; x_wconf 91' lang='lat' dir='ltr'><strong>fuerit,</strong></span> <span class='ocrx_word' id='word_1_141' title='bbox 2696 652 2801 706; x_wconf 90' lang='lat' dir='ltr'><strong>alio</strong></span> <span class='ocrx_word' id='word_1_142' title='bbox 2837 653 3187 711; x_wconf 83' lang='lat' dir='ltr'><strong>nihilominus</strong></span> <span class='ocrx_word' id='word_1_143' title='bbox 3211 671 3318 710; x_wconf 88' lang='lat' dir='ltr'><strong>uno</strong></span> <span class='ocrx_word' id='word_1_144' title='bbox 3346 669 3414 711; x_wconf 85' lang='lat' dir='ltr'><strong>ex</strong></span> <span class='ocrx_word' id='word_1_145' title='bbox 3442 652 3562 725; x_wconf 83' lang='lat' dir='ltr'><strong>ejus</strong></span> 
     </span>
    </p>
   </div>
   <div class='ocr_carea' id='block_1_22' title="bbox 1978 741 3562 813">
    <p class='ocr_par' dir='ltr' id='par_1_22' title="bbox 1978 741 3562 813">
     <span class='ocr_line' id='line_1_22' title="bbox 1978 741 3562 813; baseline 0.005 -18"><span class='ocrx_word' id='word_1_146' title='bbox 1978 742 2143 810; x_wconf 78' lang='lat' dir='ltr'><strong>gestis</strong></span> <span class='ocrx_word' id='word_1_147' title='bbox 2156 756 2319 812; x_wconf 89' lang='lat' dir='ltr'><strong>opere</strong></span> <span class='ocrx_word' id='word_1_148' title='bbox 2337 741 2720 797; x_wconf 82' lang='lat' dir='ltr'><strong>declarabitur.</strong></span> <span class='ocrx_word' id='word_1_149' title='bbox 2735 743 2785 798; x_wconf 76' lang='lat' dir='ltr'><strong>is</strong></span> <span class='ocrx_word' id='word_1_150' title='bbox 2806 758 3037 813; x_wconf 89' lang='lat' dir='ltr'><strong>namque</strong></span> <span class='ocrx_word' id='word_1_151' title='bbox 3052 754 3178 800; x_wconf 87' lang='lat' dir='ltr'><strong>eum</strong></span> <span class='ocrx_word' id='word_1_152' title='bbox 3199 746 3339 801; x_wconf 88' lang='lat' dir='ltr'><strong>inter</strong></span> <span class='ocrx_word' id='word_1_153' title='bbox 3362 756 3562 805; x_wconf 73' lang='lat' dir='ltr'><strong>emtera</strong></span> 
     </span>
    </p>
   </div>
   <div class='ocr_carea' id='block_1_23' title="bbox 1975 832 3569 905">
    <p class='ocr_par' dir='ltr' id='par_1_23' title="bbox 1975 832 3569 905">
     <span class='ocr_line' id='line_1_23' title="bbox 1975 832 3569 905; baseline 0.005 -19"><span class='ocrx_word' id='word_1_154' title='bbox 1975 832 2237 886; x_wconf 84' lang='lat' dir='ltr'><strong>virtutum</strong></span> <span class='ocrx_word' id='word_1_155' title='bbox 2260 847 2481 887; x_wconf 84' lang='lat' dir='ltr'><strong>suarum</strong></span> <span class='ocrx_word' id='word_1_156' title='bbox 2511 832 2651 887; x_wconf 89' lang='lat' dir='ltr'><strong>bona</strong></span> <span class='ocrx_word' id='word_1_157' title='bbox 2674 842 2822 889; x_wconf 85' lang='lat' dir='ltr'><strong>esset</strong></span> <span class='ocrx_word' id='word_1_158' title='bbox 2841 835 2997 889; x_wconf 88' lang='lat' dir='ltr'><strong>valde</strong></span> <span class='ocrx_word' id='word_1_159' title='bbox 3024 838 3327 893; x_wconf 82' lang='lat' dir='ltr'><strong>constantis</strong></span> <span class='ocrx_word' id='word_1_160' title='bbox 3362 839 3569 905; x_wconf 49' lang='lat' dir='ltr'><strong>ultimi,</strong></span> 
     </span>
    </p>
   </div>
   <div class='ocr_carea' id='block_1_24' title="bbox 1977 919 3555 998">
    <p class='ocr_par' dir='ltr' id='par_1_24' title="bbox 1977 919 3555 998">
     <span class='ocr_line' id='line_1_24' title="bbox 1977 919 3555 998; baseline 0.008 -24"><span class='ocrx_word' id='word_1_161' title='bbox 1977 930 2032 975; x_wconf 87' lang='lat' dir='ltr'><strong>et</strong></span> <span class='ocrx_word' id='word_1_162' title='bbox 2045 919 2181 989; x_wconf 79' lang='lat' dir='ltr'><strong>justi</strong></span> <span class='ocrx_word' id='word_1_163' title='bbox 2226 922 2468 992; x_wconf 86' lang='lat' dir='ltr'><strong>rectique</strong></span> <span class='ocrx_word' id='word_1_164' title='bbox 2509 923 2959 979; x_wconf 89' lang='lat' dir='ltr'><strong>indeclinabiliter</strong></span> <span class='ocrx_word' id='word_1_165' title='bbox 2999 935 3177 994; x_wconf 84' lang='lat' dir='ltr'><strong>tenax,</strong></span> <span class='ocrx_word' id='word_1_166' title='bbox 3208 929 3425 998; x_wconf 91' lang='lat' dir='ltr'><strong>quidam</strong></span> <span class='ocrx_word' id='word_1_167' title='bbox 3452 931 3555 987; x_wconf 89' lang='lat' dir='ltr'><strong>ho—</strong></span> 
     </span>
    </p>
   </div>
   <div class='ocr_carea' id='block_1_25' title="bbox 1975 1017 3555 1089">
    <p class='ocr_par' dir='ltr' id='par_1_25' title="bbox 1975 1017 3555 1089">
     <span class='ocr_line' id='line_1_25' title="bbox 1975 1017 3555 1089; baseline 0.006 -17"><span class='ocrx_word' id='word_1_168' title='bbox 1975 1017 2213 1074; x_wconf 89' lang='lat' dir='ltr'><strong>munculi</strong></span> <span class='ocrx_word' id='word_1_169' title='bbox 2256 1034 2489 1089; x_wconf 85' lang='lat' dir='ltr'><strong>nequam</strong></span> <span class='ocrx_word' id='word_1_170' title='bbox 2530 1020 2669 1075; x_wconf 91' lang='lat' dir='ltr'><strong>male</strong></span> <span class='ocrx_word' id='word_1_171' title='bbox 2710 1021 2811 1075; x_wconf 90' lang='lat' dir='ltr'><strong>sibi</strong></span> <span class='ocrx_word' id='word_1_172' title='bbox 2847 1023 3082 1089; x_wconf 89' lang='lat' dir='ltr'><strong>conscii,</strong></span> <span class='ocrx_word' id='word_1_173' title='bbox 3125 1032 3425 1081; x_wconf 84' lang='lat' dir='ltr'><strong>metuentes</strong></span> <span class='ocrx_word' id='word_1_174' title='bbox 3481 1041 3555 1082; x_wconf 86' lang='lat' dir='ltr'><strong>ne</strong></span> 
     </span>
    </p>
   </div>
   <div class='ocr_carea' id='block_1_26' title="bbox 1972 1107 3558 1181">
    <p class='ocr_par' dir='ltr' id='par_1_26' title="bbox 1972 1107 3558 1181">
     <span class='ocr_line' id='line_1_26' title="bbox 1972 1107 3558 1181; baseline 0.006 -20"><span class='ocrx_word' id='word_1_175' title='bbox 1972 1107 2262 1161; x_wconf 83' lang='lat' dir='ltr'><strong>criminum</strong></span> <span class='ocrx_word' id='word_1_176' title='bbox 2304 1122 2545 1175; x_wconf 87' lang='lat' dir='ltr'><strong>suorum,</strong></span> <span class='ocrx_word' id='word_1_177' title='bbox 2581 1108 2627 1163; x_wconf 90' lang='lat' dir='ltr'><strong>si</strong></span> <span class='ocrx_word' id='word_1_178' title='bbox 2659 1119 3035 1178; x_wconf 80' lang='lat' dir='ltr'><strong>arguerentur,</strong></span> <span class='ocrx_word' id='word_1_179' title='bbox 3066 1126 3172 1165; x_wconf 89' lang='lat' dir='ltr'><strong>non</strong></span> <span class='ocrx_word' id='word_1_180' title='bbox 3212 1122 3439 1181; x_wconf 89' lang='lat' dir='ltr'><strong>possent</strong></span> <span class='ocrx_word' id='word_1_181' title='bbox 3483 1114 3558 1171; x_wconf 79' lang='lat' dir='ltr'><strong>cf-</strong></span> 
     </span>
    </p>
   </div>
   <div class='ocr_carea' id='block_1_27' title="bbox 1934 1194 3556 1268">
    <p class='ocr_par' dir='ltr' id='par_1_27' title="bbox 1934 1194 3556 1268">
     <span class='ocr_line' id='line_1_27' title="bbox 1934 1194 3556 1268; baseline 0.006 -20"><span class='ocrx_word' id='word_1_182' title='bbox 1934 1201 1938 1204; x_wconf 68' lang='lat'><em>‘</em></span> <span class='ocrx_word' id='word_1_183' title='bbox 1976 1194 2162 1266; x_wconf 82' lang='lat' dir='ltr'><strong>fugere</strong></span> <span class='ocrx_word' id='word_1_184' title='bbox 2203 1195 2519 1259; x_wconf 81' lang='lat' dir='ltr'><strong>vindictam,</strong></span> <span class='ocrx_word' id='word_1_185' title='bbox 2570 1198 2910 1267; x_wconf 58' lang='lat' dir='ltr'><strong>praeveniunt</strong></span> <span class='ocrx_word' id='word_1_186' title='bbox 2955 1198 3305 1268; x_wconf 78' lang='lat' dir='ltr'><strong>factionibus,</strong></span> <span class='ocrx_word' id='word_1_187' title='bbox 3346 1212 3403 1258; x_wconf 91' lang='lat' dir='ltr'><strong>et</strong></span> <span class='ocrx_word' id='word_1_188' title='bbox 3449 1205 3556 1260; x_wconf 89' lang='lat' dir='ltr'><strong>cir-</strong></span> 
     </span>
    </p>
   </div>
   <div class='ocr_carea' id='block_1_28' title="bbox 1973 1286 3556 1359">
    <p class='ocr_par' dir='ltr' id='par_1_28' title="bbox 1973 1286 3556 1359">
     <span class='ocr_line' id='line_1_28' title="bbox 1973 1286 3556 1359; baseline 0.005 -17"><span class='ocrx_word' id='word_1_189' title='bbox 1973 1286 2288 1342; x_wconf 86' lang='lat' dir='ltr'><strong>cumvenire</strong></span> <span class='ocrx_word' id='word_1_190' title='bbox 2312 1296 2507 1356; x_wconf 88' lang='lat' dir='ltr'><strong>parant</strong></span> <span class='ocrx_word' id='word_1_191' title='bbox 2534 1288 2687 1359; x_wconf 90' lang='lat' dir='ltr'><strong>cujus</strong></span> <span class='ocrx_word' id='word_1_192' title='bbox 2725 1288 2991 1359; x_wconf 80' lang='lat' dir='ltr'><strong>judicium</strong></span> <span class='ocrx_word' id='word_1_193' title='bbox 3034 1294 3377 1349; x_wconf 84' lang='lat' dir='ltr'><strong>verebantur.</strong></span> <span class='ocrx_word' id='word_1_194' title='bbox 3422 1296 3556 1351; x_wconf 69' lang='lat' dir='ltr'><strong>Com</strong></span> 
     </span>
    </p>
   </div>
   <div class='ocr_carea' id='block_1_29' title="bbox 1971 1378 3565 1448">
    <p class='ocr_par' dir='ltr' id='par_1_29' title="bbox 1971 1378 3565 1448">
     <span class='ocr_line' id='line_1_29' title="bbox 1971 1378 3565 1448; baseline 0.004 -15"><span class='ocrx_word' id='word_1_195' title='bbox 1971 1379 2191 1433; x_wconf 83' lang='lat' dir='ltr'><strong>cinnant</strong></span> <span class='ocrx_word' id='word_1_196' title='bbox 2219 1378 2385 1448; x_wconf 82' lang='lat' dir='ltr'><strong>igitur</strong></span> <span class='ocrx_word' id='word_1_197' title='bbox 2411 1379 2696 1436; x_wconf 88' lang='lat' dir='ltr'><strong>adversum</strong></span> <span class='ocrx_word' id='word_1_198' title='bbox 2720 1397 2843 1437; x_wconf 90' lang='lat' dir='ltr'><strong>eum</strong></span> <span class='ocrx_word' id='word_1_199' title='bbox 2872 1382 3070 1439; x_wconf 89' lang='lat' dir='ltr'><strong>infame</strong></span> <span class='ocrx_word' id='word_1_200' title='bbox 3097 1386 3229 1439; x_wconf 84' lang='lat' dir='ltr'><strong>satis</strong></span> <span class='ocrx_word' id='word_1_201' title='bbox 3251 1395 3306 1440; x_wconf 89' lang='lat' dir='ltr'><strong>et</strong></span> <span class='ocrx_word' id='word_1_202' title='bbox 3334 1384 3565 1441; x_wconf 62' lang='lat' dir='ltr'><strong>noxium&#39;</strong></span> 
     </span>
    </p>
   </div>
   <div class='ocr_carea' id='block_1_30' title="bbox 1972 1467 3556 1547">
    <p class='ocr_par' dir='ltr' id='par_1_30' title="bbox 1972 1467 3556 1547">
     <span class='ocr_line' id='line_1_30' title="bbox 1972 1467 3556 1547; baseline 0.004 -22"><span class='ocrx_word' id='word_1_203' title='bbox 1972 1467 2200 1525; x_wconf 87' lang='lat' dir='ltr'><strong>crimen.</strong></span> <span class='ocrx_word' id='word_1_204' title='bbox 2235 1468 2572 1525; x_wconf 89' lang='lat' dir='ltr'><strong>Conveniunt</strong></span> <span class='ocrx_word' id='word_1_205' title='bbox 2625 1472 2882 1536; x_wconf 89' lang='lat' dir='ltr'><strong>aditores,</strong></span> <span class='ocrx_word' id='word_1_206' title='bbox 2921 1481 3090 1530; x_wconf 86' lang='lat' dir='ltr'><strong>testes</strong></span> <span class='ocrx_word' id='word_1_207' title='bbox 3136 1490 3200 1528; x_wconf 78' lang='lat' dir='ltr'><strong>ex</strong></span> <span class='ocrx_word' id='word_1_208' title='bbox 3251 1477 3556 1547; x_wconf 83' lang='lat' dir='ltr'><strong>semetipsis</strong></span> 
     </span>
    </p>
   </div>
   <div class='ocr_carea' id='block_1_31' title="bbox 1970 1554 3550 1635">
    <p class='ocr_par' dir='ltr' id='par_1_31' title="bbox 1970 1554 3550 1635">
     <span class='ocr_line' id='line_1_31' title="bbox 1970 1554 3550 1635; baseline 0.006 -23"><span class='ocrx_word' id='word_1_209' title='bbox 1970 1554 2292 1626; x_wconf 86' lang='lat' dir='ltr'><strong>producunt,</strong></span> <span class='ocrx_word' id='word_1_210' title='bbox 2320 1560 2413 1628; x_wconf 90' lang='lat' dir='ltr'><strong>qui</strong></span> <span class='ocrx_word' id='word_1_211' title='bbox 2457 1560 2557 1615; x_wconf 89' lang='lat' dir='ltr'><strong>sub</strong></span> <span class='ocrx_word' id='word_1_212' title='bbox 2591 1570 2933 1616; x_wconf 88' lang='lat' dir='ltr'><strong>sacramento</strong></span> <span class='ocrx_word' id='word_1_213' title='bbox 2948 1562 3240 1631; x_wconf 83' lang='lat' dir='ltr'><strong>juramenti</strong></span> <span class='ocrx_word' id='word_1_214' title='bbox 3269 1580 3389 1634; x_wconf 73' lang='lat' dir='ltr'><strong>qua:</strong></span> <span class='ocrx_word' id='word_1_215' title='bbox 3416 1568 3550 1635; x_wconf 80' lang='lat' dir='ltr'><strong>obji-</strong></span> 
     </span>
    </p>
   </div>
   <div class='ocr_carea' id='block_1_32' title="bbox 1971 1645 3548 1719">
    <p class='ocr_par' dir='ltr' id='par_1_32' title="bbox 1971 1645 3548 1719">
     <span class='ocr_line' id='line_1_32' title="bbox 1971 1645 3548 1719; baseline 0.006 -18"><span class='ocrx_word' id='word_1_216' title='bbox 1971 1645 2255 1703; x_wconf 87' lang='lat' dir='ltr'><strong>ciebautur</strong></span> <span class='ocrx_word' id='word_1_217' title='bbox 2301 1648 2710 1705; x_wconf 79' lang='lat' dir='ltr'><strong>confirmarent.</strong></span> <span class='ocrx_word' id='word_1_218' title='bbox 2763 1650 3002 1719; x_wconf 86' lang='lat' dir='ltr'><strong>Quorum</strong></span> <span class='ocrx_word' id='word_1_219' title='bbox 3049 1670 3190 1709; x_wconf 89' lang='lat' dir='ltr'><strong>unus</strong></span> <span class='ocrx_word' id='word_1_220' title='bbox 3219 1655 3369 1710; x_wconf 86' lang='lat' dir='ltr'><strong>testis</strong></span> <span class='ocrx_word' id='word_1_221' title='bbox 3403 1657 3475 1710; x_wconf 87' lang='lat' dir='ltr'><strong>ita</strong></span> <span class='ocrx_word' id='word_1_222' title='bbox 3504 1659 3548 1711; x_wconf 90' lang='lat' dir='ltr'><strong>si</strong></span> 
     </span>
    </p>
   </div>
   <div class='ocr_carea' id='block_1_33' title="bbox 288 1720 3546 1813">
    <p class='ocr_par' dir='ltr' id='par_1_33' title="bbox 288 1720 3546 1813">
     <span class='ocr_line' id='line_1_33' title="bbox 288 1720 3546 1813; baseline 0.004 -27"><span class='ocrx_word' id='word_1_223' title='bbox 288 1720 357 1797; x_wconf 57' lang='lat' dir='ltr'><strong>de</strong></span> <span class='ocrx_word' id='word_1_224' title='bbox 379 1720 828 1813; x_wconf 42' lang='grc' dir='ltr'><strong>θο-Ηῖθιιοιηωυε</strong></span> <span class='ocrx_word' id='word_1_225' title='bbox 849 1720 904 1797; x_wconf 54' lang='lat' dir='ltr'><strong>ili</strong></span> <span class='ocrx_word' id='word_1_226' title='bbox 935 1743 1078 1797; x_wconf 77' lang='lat' dir='ltr'><strong>hunc</strong></span> <span class='ocrx_word' id='word_1_227' title='bbox 1106 1720 1324 1797; x_wconf 47' lang='lat' dir='ltr'><strong>luridum</strong></span> <span class='ocrx_word' id='word_1_228' title='bbox 1355 1756 1373 1796; x_wconf 85' lang='lat'><strong>:</strong></span> <span class='ocrx_word' id='word_1_229' title='bbox 1406 1742 1528 1797; x_wconf 72' lang='lat' dir='ltr'><strong>Vidi</strong></span> <span class='ocrx_word' id='word_1_230' title='bbox 1558 1758 1657 1813; x_wconf 63' lang='lat' dir='ltr'><strong>ego</strong></span> <span class='ocrx_word' id='word_1_231' title='bbox 1680 1758 1868 1813; x_wconf 76' lang='lat' dir='ltr'><strong>quem-</strong></span> <span class='ocrx_word' id='word_1_232' title='bbox 1894 1720 1942 1780; x_wconf 77' lang='grc' dir='ltr'><strong>Β</strong></span> <span class='ocrx_word' id='word_1_233' title='bbox 1969 1749 2075 1787; x_wconf 88' lang='lat' dir='ltr'><strong>non</strong></span> <span class='ocrx_word' id='word_1_234' title='bbox 2105 1734 2216 1806; x_wconf 85' lang='lat' dir='ltr'><strong>igni</strong></span> <span class='ocrx_word' id='word_1_235' title='bbox 2241 1747 2674 1805; x_wconf 66' lang='lat' dir='ltr'><strong>consumeretur,</strong></span> <span class='ocrx_word' id='word_1_236' title='bbox 2703 1756 2829 1795; x_wconf 83' lang='lat' dir='ltr'><strong>vera</strong></span> <span class='ocrx_word' id='word_1_237' title='bbox 2879 1755 2936 1795; x_wconf 89' lang='lat' dir='ltr'><strong>se</strong></span> <span class='ocrx_word' id='word_1_238' title='bbox 2978 1741 3159 1796; x_wconf 88' lang='lat' dir='ltr'><strong>dicere</strong></span> <span class='ocrx_word' id='word_1_239' title='bbox 3213 1746 3546 1812; x_wconf 84' lang='lat' dir='ltr'><strong>testabatur;</strong></span> 
     </span>
    </p>
   </div>
   <div class='ocr_carea' id='block_1_34' title="bbox 287 1831 1865 1907">
    <p class='ocr_par' dir='ltr' id='par_1_34' title="bbox 287 1831 1865 1907">
     <span class='ocr_line' id='line_1_34' title="bbox 287 1831 1865 1907; baseline 0.001 -20"><span class='ocrx_word' id='word_1_240' title='bbox 287 1832 413 1887; x_wconf 88' lang='lat' dir='ltr'><strong>dam</strong></span> <span class='ocrx_word' id='word_1_241' title='bbox 441 1832 669 1888; x_wconf 84' lang='lat' dir='ltr'><strong>Paulum</strong></span> <span class='ocrx_word' id='word_1_242' title='bbox 712 1831 1025 1888; x_wconf 68' lang='lat' dir='ltr'><strong>Concordiae</strong></span> <span class='ocrx_word' id='word_1_243' title='bbox 1064 1833 1242 1903; x_wconf 90' lang='lat' dir='ltr'><strong>(quod</strong></span> <span class='ocrx_word' id='word_1_244' title='bbox 1269 1841 1353 1889; x_wconf 85' lang='lat' dir='ltr'><strong>est</strong></span> <span class='ocrx_word' id='word_1_245' title='bbox 1391 1834 1645 1907; x_wconf 88' lang='lat' dir='ltr'><strong>oppidum</strong></span> <span class='ocrx_word' id='word_1_246' title='bbox 1680 1834 1865 1906; x_wconf 81' lang='lat' dir='ltr'><strong>italiae)</strong></span> 
     </span>
    </p>
   </div>
   <div class='ocr_carea' id='block_1_35' title="bbox 286 1921 1868 1996">
    <p class='ocr_par' dir='ltr' id='par_1_35' title="bbox 286 1921 1868 1996">
     <span class='ocr_line' id='line_1_35' title="bbox 286 1921 1868 1996; baseline 0.002 -19"><span class='ocrx_word' id='word_1_247' title='bbox 286 1936 498 1987; x_wconf 84' lang='lat' dir='ltr'><strong>senem,</strong></span> <span class='ocrx_word' id='word_1_248' title='bbox 527 1921 619 1992; x_wconf 89' lang='lat' dir='ltr'><strong>qui</strong></span> <span class='ocrx_word' id='word_1_249' title='bbox 645 1936 705 1977; x_wconf 90' lang='lat' dir='ltr'><strong>se</strong></span> <span class='ocrx_word' id='word_1_250' title='bbox 730 1922 875 1978; x_wconf 87' lang='lat' dir='ltr'><strong>beati</strong></span> <span class='ocrx_word' id='word_1_251' title='bbox 900 1923 1153 1994; x_wconf 81' lang='lat' dir='ltr'><strong>Cypriani</strong></span> <span class='ocrx_word' id='word_1_252' title='bbox 1183 1922 1297 1992; x_wconf 84' lang='lat' dir='ltr'><strong>jam</strong></span> <span class='ocrx_word' id='word_1_253' title='bbox 1325 1924 1544 1996; x_wconf 85' lang='lat' dir='ltr'><strong>grandis</strong></span> <span class='ocrx_word' id='word_1_254' title='bbox 1569 1925 1746 1980; x_wconf 66' lang='lat' dir='ltr'><strong>uitatis</strong></span> <span class='ocrx_word' id='word_1_255' title='bbox 1776 1940 1868 1980; x_wconf 91' lang='lat' dir='ltr'><strong>no-</strong></span> 
     </span>
    </p>
   </div>
   <div class='ocr_carea' id='block_1_36' title="bbox 287 2013 1865 2086">
    <p class='ocr_par' dir='ltr' id='par_1_36' title="bbox 287 2013 1865 2086">
     <span class='ocr_line' id='line_1_36' title="bbox 287 2013 1865 2086; baseline 0.001 -17"><span class='ocrx_word' id='word_1_256' title='bbox 287 2015 486 2069; x_wconf 87' lang='lat' dir='ltr'><strong>tarium</strong></span> <span class='ocrx_word' id='word_1_257' title='bbox 510 2013 675 2070; x_wconf 87' lang='lat' dir='ltr'><strong>fuisse</strong></span> <span class='ocrx_word' id='word_1_258' title='bbox 700 2015 932 2078; x_wconf 89' lang='lat' dir='ltr'><strong>dicebat,</strong></span> <span class='ocrx_word' id='word_1_259' title='bbox 963 2030 1085 2070; x_wconf 89' lang='lat' dir='ltr'><strong>cum</strong></span> <span class='ocrx_word' id='word_1_260' title='bbox 1113 2015 1227 2086; x_wconf 89' lang='lat' dir='ltr'><strong>ipse</strong></span> <span class='ocrx_word' id='word_1_261' title='bbox 1258 2015 1548 2071; x_wconf 88' lang='lat' dir='ltr'><strong>admodum</strong></span> <span class='ocrx_word' id='word_1_262' title='bbox 1572 2026 1717 2072; x_wconf 83' lang='lat' dir='ltr'><strong>esset</strong></span> <span class='ocrx_word' id='word_1_263' title='bbox 1736 2018 1865 2071; x_wconf 87' lang='lat' dir='ltr'><strong>ado-</strong></span> 
     </span>
    </p>
   </div>
   <div class='ocr_carea' id='block_1_37' title="bbox 285 2104 1866 2172">
    <p class='ocr_par' dir='ltr' id='par_1_37' title="bbox 285 2104 1866 2172">
     <span class='ocr_line' id='line_1_37' title="bbox 285 2104 1866 2172; baseline 0.001 -13"><span class='ocrx_word' id='word_1_264' title='bbox 285 2104 517 2160; x_wconf 89' lang='lat' dir='ltr'><strong>lescens.</strong></span> <span class='ocrx_word' id='word_1_265' title='bbox 566 2104 668 2172; x_wconf 85' lang='lat' dir='ltr'><strong>Qui</strong></span> <span class='ocrx_word' id='word_1_266' title='bbox 696 2119 817 2160; x_wconf 89' lang='lat' dir='ltr'><strong>eum</strong></span> <span class='ocrx_word' id='word_1_267' title='bbox 858 2106 1088 2160; x_wconf 78' lang='lat' dir='ltr'><strong>Romam</strong></span> <span class='ocrx_word' id='word_1_268' title='bbox 1126 2106 1393 2169; x_wconf 86' lang='lat' dir='ltr'><strong>venisset,</strong></span> <span class='ocrx_word' id='word_1_269' title='bbox 1427 2106 1605 2162; x_wconf 86' lang='lat' dir='ltr'><strong>dicere</strong></span> <span class='ocrx_word' id='word_1_270' title='bbox 1634 2107 1866 2162; x_wconf 87' lang='lat' dir='ltr'><strong>referre-</strong></span> 
     </span>
    </p>
   </div>
   <div class='ocr_carea' id='block_1_38' title="bbox 281 2192 1860 2264">
    <p class='ocr_par' dir='ltr' id='par_1_38' title="bbox 281 2192 1860 2264">
     <span class='ocr_line' id='line_1_38' title="bbox 281 2192 1860 2264; baseline 0.002 -17"><span class='ocrx_word' id='word_1_271' title='bbox 281 2207 390 2262; x_wconf 83' lang='lat' dir='ltr'><strong>qne</strong></span> <span class='ocrx_word' id='word_1_272' title='bbox 413 2192 650 2259; x_wconf 90' lang='lat' dir='ltr'><strong>solitum,</strong></span> <span class='ocrx_word' id='word_1_273' title='bbox 674 2209 946 2264; x_wconf 89' lang='lat' dir='ltr'><strong>nunquam</strong></span> <span class='ocrx_word' id='word_1_274' title='bbox 969 2193 1295 2264; x_wconf 84' lang='lat' dir='ltr'><strong>Cyprianum</strong></span> <span class='ocrx_word' id='word_1_275' title='bbox 1322 2194 1526 2264; x_wconf 89' lang='lat' dir='ltr'><strong>absque</strong></span> <span class='ocrx_word' id='word_1_276' title='bbox 1543 2195 1860 2250; x_wconf 87' lang='lat' dir='ltr'><strong>Tertulliani</strong></span> 
     </span>
    </p>
   </div>
   <div class='ocr_carea' id='block_1_39' title="bbox 282 2281 1862 2353">
    <p class='ocr_par' dir='ltr' id='par_1_39' title="bbox 282 2281 1862 2353">
     <span class='ocr_line' id='line_1_39' title="bbox 282 2281 1862 2353; baseline 0.003 -18"><span class='ocrx_word' id='word_1_277' title='bbox 282 2281 512 2336; x_wconf 87' lang='lat' dir='ltr'><strong>lectione</strong></span> <span class='ocrx_word' id='word_1_278' title='bbox 538 2297 696 2335; x_wconf 89' lang='lat' dir='ltr'><strong>unam</strong></span> <span class='ocrx_word' id='word_1_279' title='bbox 734 2282 1060 2351; x_wconf 65' lang='lat' dir='ltr'><strong>praiteriisse</strong></span> <span class='ocrx_word' id='word_1_280' title='bbox 1081 2282 1246 2347; x_wconf 88' lang='lat' dir='ltr'><strong>diem,</strong></span> <span class='ocrx_word' id='word_1_281' title='bbox 1285 2299 1350 2337; x_wconf 91' lang='lat' dir='ltr'><strong>ac</strong></span> <span class='ocrx_word' id='word_1_282' title='bbox 1376 2285 1518 2353; x_wconf 89' lang='lat' dir='ltr'><strong>quod</strong></span> <span class='ocrx_word' id='word_1_283' title='bbox 1545 2283 1648 2337; x_wconf 90' lang='lat' dir='ltr'><strong>sibi</strong></span> <span class='ocrx_word' id='word_1_284' title='bbox 1670 2285 1862 2340; x_wconf 85' lang='lat' dir='ltr'><strong>crebro</strong></span> 
     </span>
    </p>
   </div>
   <div class='ocr_carea' id='block_1_40' title="bbox 283 2371 1862 2441">
    <p class='ocr_par' dir='ltr' id='par_1_40' title="bbox 283 2371 1862 2441">
     <span class='ocr_line' id='line_1_40' title="bbox 283 2371 1862 2441; baseline -0.002 -13"><span class='ocrx_word' id='word_1_285' title='bbox 283 2372 526 2428; x_wconf 85' lang='lat' dir='ltr'><strong>diceret:</strong></span> <span class='ocrx_word' id='word_1_286' title='bbox 555 2372 631 2426; x_wconf 89' lang='lat' dir='ltr'><strong>Da</strong></span> <span class='ocrx_word' id='word_1_287' title='bbox 660 2372 1000 2441; x_wconf 87' lang='lat' dir='ltr'><strong>magistrum,</strong></span> <span class='ocrx_word' id='word_1_288' title='bbox 1049 2371 1441 2427; x_wconf 85' lang='lat' dir='ltr'><strong>Tertullianum</strong></span> <span class='ocrx_word' id='word_1_289' title='bbox 1486 2372 1736 2427; x_wconf 85' lang='lat' dir='ltr'><strong>videlicet</strong></span> <span class='ocrx_word' id='word_1_290' title='bbox 1788 2374 1862 2427; x_wconf 86' lang='lat' dir='ltr'><strong>si-</strong></span> 
     </span>
    </p>
   </div>
   <div class='ocr_carea' id='block_1_41' title="bbox 280 2459 1859 2532">
    <p class='ocr_par' dir='ltr' id='par_1_41' title="bbox 280 2459 1859 2532">
     <span class='ocr_line' id='line_1_41' title="bbox 280 2459 1859 2532; baseline 0.001 -17"><span class='ocrx_word' id='word_1_291' title='bbox 280 2461 561 2532; x_wconf 77' lang='lat' dir='ltr'><strong>gnificans.</strong></span> <span class='ocrx_word' id='word_1_292' title='bbox 578 2459 678 2514; x_wconf 83' lang='lat' dir='ltr'><strong>Hic</strong></span> <span class='ocrx_word' id='word_1_293' title='bbox 700 2475 868 2529; x_wconf 89' lang='lat' dir='ltr'><strong>usque</strong></span> <span class='ocrx_word' id='word_1_294' title='bbox 887 2460 955 2515; x_wconf 88' lang='lat' dir='ltr'><strong>ad</strong></span> <span class='ocrx_word' id='word_1_295' title='bbox 984 2461 1217 2516; x_wconf 89' lang='lat' dir='ltr'><strong>mediam</strong></span> <span class='ocrx_word' id='word_1_296' title='bbox 1254 2469 1470 2516; x_wconf 78' lang='lat' dir='ltr'><strong>a:tatem</strong></span> <span class='ocrx_word' id='word_1_297' title='bbox 1497 2462 1778 2530; x_wconf 78' lang='lat' dir='ltr'><strong>presbyter</strong></span> <span class='ocrx_word' id='word_1_298' title='bbox 1804 2462 1859 2516; x_wconf 92' lang='lat' dir='ltr'><strong>in</strong></span> 
     </span>
    </p>
   </div>
   <div class='ocr_carea' id='block_1_42' title="bbox 283 2545 1858 2616">
    <p class='ocr_par' dir='ltr' id='par_1_42' title="bbox 283 2545 1858 2616">
     <span class='ocr_line' id='line_1_42' title="bbox 283 2545 1858 2616; baseline 0.001 -14"><span class='ocrx_word' id='word_1_299' title='bbox 283 2545 523 2602; x_wconf 83' lang='lat' dir='ltr'><strong>Ecclesia</strong></span> <span class='ocrx_word' id='word_1_300' title='bbox 564 2545 687 2612; x_wconf 89' lang='lat' dir='ltr'><strong>fuit,</strong></span> <span class='ocrx_word' id='word_1_301' title='bbox 710 2546 907 2600; x_wconf 88' lang='lat' dir='ltr'><strong>invidia</strong></span> <span class='ocrx_word' id='word_1_302' title='bbox 936 2555 1123 2616; x_wconf 88' lang='lat' dir='ltr'><strong>postea</strong></span> <span class='ocrx_word' id='word_1_303' title='bbox 1151 2563 1216 2604; x_wconf 89' lang='lat' dir='ltr'><strong>ac</strong></span> <span class='ocrx_word' id='word_1_304' title='bbox 1246 2548 1591 2603; x_wconf 80' lang='lat' dir='ltr'><strong>contumeliis</strong></span> <span class='ocrx_word' id='word_1_305' title='bbox 1636 2548 1858 2604; x_wconf 88' lang='lat' dir='ltr'><strong>clerico-</strong></span> 
     </span>
    </p>
   </div>
   <div class='ocr_carea' id='block_1_43' title="bbox 283 2638 1856 2714">
    <p class='ocr_par' dir='ltr' id='par_1_43' title="bbox 283 2638 1856 2714">
     <span class='ocr_line' id='line_1_43' title="bbox 283 2638 1856 2714; baseline 0.003 -20"><span class='ocrx_word' id='word_1_306' title='bbox 283 2654 405 2694; x_wconf 87' lang='lat' dir='ltr'><strong>rum</strong></span> <span class='ocrx_word' id='word_1_307' title='bbox 426 2638 681 2694; x_wconf 71' lang='lat' dir='ltr'><strong>Romana:</strong></span> <span class='ocrx_word' id='word_1_308' title='bbox 701 2639 977 2705; x_wconf 69' lang='lat' dir='ltr'><strong>Ecclesiae,</strong></span> <span class='ocrx_word' id='word_1_309' title='bbox 1004 2642 1070 2696; x_wconf 91' lang='lat' dir='ltr'><strong>ad</strong></span> <span class='ocrx_word' id='word_1_310' title='bbox 1092 2642 1327 2698; x_wconf 83' lang='lat' dir='ltr'><strong>Montani</strong></span> <span class='ocrx_word' id='word_1_311' title='bbox 1354 2644 1546 2714; x_wconf 84' lang='lat' dir='ltr'><strong>dogma</strong></span> <span class='ocrx_word' id='word_1_312' title='bbox 1577 2642 1778 2713; x_wconf 88' lang='lat' dir='ltr'><strong>lapsus,</strong></span> <span class='ocrx_word' id='word_1_313' title='bbox 1803 2643 1856 2698; x_wconf 92' lang='lat' dir='ltr'><strong>in</strong></span> 
     </span>
    </p>
   </div>
   <div class='ocr_carea' id='block_1_44' title="bbox 280 2726 1859 2801">
    <p class='ocr_par' dir='ltr' id='par_1_44' title="bbox 280 2726 1859 2801">
     <span class='ocr_line' id='line_1_44' title="bbox 280 2726 1859 2801; baseline 0.003 -19"><span class='ocrx_word' id='word_1_314' title='bbox 280 2726 468 2783; x_wconf 85' lang='lat' dir='ltr'><strong>multis</strong></span> <span class='ocrx_word' id='word_1_315' title='bbox 503 2726 653 2783; x_wconf 85' lang='lat' dir='ltr'><strong>libris</strong></span> <span class='ocrx_word' id='word_1_316' title='bbox 686 2744 839 2784; x_wconf 66' lang='lat' dir='ltr'><strong>nova:</strong></span> <span class='ocrx_word' id='word_1_317' title='bbox 884 2731 1182 2800; x_wconf 68' lang='lat' dir='ltr'><strong>prophetia:</strong></span> <span class='ocrx_word' id='word_1_318' title='bbox 1216 2732 1481 2787; x_wconf 88' lang='lat' dir='ltr'><strong>meminit.</strong></span> <span class='ocrx_word' id='word_1_319' title='bbox 1537 2731 1859 2801; x_wconf 88' lang='lat' dir='ltr'><strong>Specialiter</strong></span> 
     </span>
    </p>
   </div>
   <div class='ocr_carea' id='block_1_45' title="bbox 278 2803 1856 2893">
    <p class='ocr_par' dir='ltr' id='par_1_45' title="bbox 278 2803 1856 2893">
     <span class='ocr_line' id='line_1_45' title="bbox 278 2803 1856 2893; baseline 0.001 -18"><span class='ocrx_word' id='word_1_320' title='bbox 278 2824 461 2875; x_wconf 78' lang='lat' dir='ltr'><strong>autem</strong></span> <span class='ocrx_word' id='word_1_321' title='bbox 491 2803 774 2875; x_wconf 78' lang='lat' dir='ltr'><strong>adversum</strong></span> <span class='ocrx_word' id='word_1_322' title='bbox 806 2820 1097 2877; x_wconf 84' lang='lat' dir='ltr'><strong>Ecelesiam</strong></span> <span class='ocrx_word' id='word_1_323' title='bbox 1126 2823 1297 2877; x_wconf 82' lang='lat' dir='ltr'><strong>texuit</strong></span> <span class='ocrx_word' id='word_1_324' title='bbox 1324 2822 1617 2885; x_wconf 88' lang='lat' dir='ltr'><strong>volumina,</strong></span> <span class='ocrx_word' id='word_1_325' title='bbox 1645 2824 1711 2879; x_wconf 89' lang='lat' dir='ltr'><strong>de</strong></span> <span class='ocrx_word' id='word_1_326' title='bbox 1734 2838 1856 2893; x_wconf 87' lang='lat' dir='ltr'><strong>per-</strong></span> 
     </span>
    </p>
   </div>
   <div class='ocr_carea' id='block_1_46' title="bbox 279 2908 1855 2984">
    <p class='ocr_par' dir='ltr' id='par_1_46' title="bbox 279 2908 1855 2984">
     <span class='ocr_line' id='line_1_46' title="bbox 279 2908 1855 2984; baseline 0.003 -20"><span class='ocrx_word' id='word_1_327' title='bbox 279 2908 577 2974; x_wconf 87' lang='lat' dir='ltr'><strong>secutione,</strong></span> <span class='ocrx_word' id='word_1_328' title='bbox 627 2910 694 2966; x_wconf 89' lang='lat' dir='ltr'><strong>de</strong></span> <span class='ocrx_word' id='word_1_329' title='bbox 740 2911 1014 2980; x_wconf 86' lang='lat' dir='ltr'><strong>pudicitia,</strong></span> <span class='ocrx_word' id='word_1_330' title='bbox 1043 2910 1266 2983; x_wconf 77' lang='lat' dir='ltr'><strong>jejuniis</strong></span> <span class='ocrx_word' id='word_1_331' title='bbox 1293 2953 1309 2977; x_wconf 91' lang='lat'><strong>,</strong></span> <span class='ocrx_word' id='word_1_332' title='bbox 1366 2913 1433 2969; x_wconf 88' lang='lat' dir='ltr'><strong>de</strong></span> <span class='ocrx_word' id='word_1_333' title='bbox 1486 2914 1855 2984; x_wconf 87' lang='lat' dir='ltr'><strong>monogamia,</strong></span> 
     </span>
    </p>
   </div>
   <div class='ocr_carea' id='block_1_47' title="bbox 278 3000 1852 3075">
    <p class='ocr_par' dir='ltr' id='par_1_47' title="bbox 278 3000 1852 3075">
     <span class='ocr_line' id='line_1_47' title="bbox 278 3000 1852 3075; baseline 0.004 -20"><span class='ocrx_word' id='word_1_334' title='bbox 278 3001 456 3057; x_wconf 80' lang='lat' dir='ltr'><strong>extasi</strong></span> <span class='ocrx_word' id='word_1_335' title='bbox 484 3000 651 3058; x_wconf 89' lang='lat' dir='ltr'><strong>libros</strong></span> <span class='ocrx_word' id='word_1_336' title='bbox 679 3018 771 3059; x_wconf 86' lang='lat' dir='ltr'><strong>sex</strong></span> <span class='ocrx_word' id='word_1_337' title='bbox 800 3010 855 3057; x_wconf 92' lang='lat' dir='ltr'><strong>et</strong></span> <span class='ocrx_word' id='word_1_338' title='bbox 879 3019 994 3069; x_wconf 91' lang='lat' dir='ltr'><strong>sex,</strong></span> <span class='ocrx_word' id='word_1_339' title='bbox 1024 3019 1186 3074; x_wconf 86' lang='lat' dir='ltr'><strong>quem</strong></span> <span class='ocrx_word' id='word_1_340' title='bbox 1207 3004 1491 3061; x_wconf 87' lang='lat' dir='ltr'><strong>adversum</strong></span> <span class='ocrx_word' id='word_1_341' title='bbox 1511 3004 1852 3075; x_wconf 82' lang='lat' dir='ltr'><strong>Apollonium</strong></span> 
     </span>
    </p>
   </div>
   <div class='ocr_carea' id='block_1_48' title="bbox 274 3091 1848 3165">
    <p class='ocr_par' dir='ltr' id='par_1_48' title="bbox 274 3091 1848 3165">
     <span class='ocr_line' id='line_1_48' title="bbox 274 3091 1848 3165; baseline 0.003 -20"><span class='ocrx_word' id='word_1_342' title='bbox 274 3092 599 3165; x_wconf 84' lang='lat' dir='ltr'><strong>composuit.</strong></span> <span class='ocrx_word' id='word_1_343' title='bbox 643 3091 943 3162; x_wconf 83' lang='lat' dir='ltr'><strong>Ferturque</strong></span> <span class='ocrx_word' id='word_1_344' title='bbox 978 3093 1174 3148; x_wconf 79' lang='lat' dir='ltr'><strong>vixisse</strong></span> <span class='ocrx_word' id='word_1_345' title='bbox 1214 3108 1385 3162; x_wconf 91' lang='lat' dir='ltr'><strong>usque</strong></span> <span class='ocrx_word' id='word_1_346' title='bbox 1425 3094 1492 3148; x_wconf 91' lang='lat' dir='ltr'><strong>ad</strong></span> <span class='ocrx_word' id='word_1_347' title='bbox 1520 3094 1848 3163; x_wconf 81' lang='lat' dir='ltr'><strong>decrepitam</strong></span> 
     </span>
    </p>
   </div>
   <div class='ocr_carea' id='block_1_49' title="bbox 275 3180 1853 3252">
    <p class='ocr_par' dir='ltr' id='par_1_49' title="bbox 275 3180 1853 3252">
     <span class='ocr_line' id='line_1_49' title="bbox 275 3180 1853 3252; baseline 0.003 -17"><span class='ocrx_word' id='word_1_348' title='bbox 275 3187 513 3247; x_wconf 51' lang='lat' dir='ltr'><strong>atatem,</strong></span> <span class='ocrx_word' id='word_1_349' title='bbox 535 3190 589 3237; x_wconf 90' lang='lat' dir='ltr'><strong>et</strong></span> <span class='ocrx_word' id='word_1_350' title='bbox 612 3180 799 3246; x_wconf 91' lang='lat' dir='ltr'><strong>multa,</strong></span> <span class='ocrx_word' id='word_1_351' title='bbox 828 3197 948 3251; x_wconf 73' lang='lat' dir='ltr'><strong>qua:</strong></span> <span class='ocrx_word' id='word_1_352' title='bbox 979 3198 1084 3238; x_wconf 92' lang='lat' dir='ltr'><strong>non</strong></span> <span class='ocrx_word' id='word_1_353' title='bbox 1132 3190 1368 3247; x_wconf 84' lang='lat' dir='ltr'><strong>exstant,</strong></span> <span class='ocrx_word' id='word_1_354' title='bbox 1423 3185 1681 3252; x_wconf 89' lang='lat' dir='ltr'><strong>opuscula</strong></span> <span class='ocrx_word' id='word_1_355' title='bbox 1728 3200 1853 3240; x_wconf 91' lang='lat' dir='ltr'><strong>con-</strong></span> 
     </span>
    </p>
   </div>
   <div class='ocr_carea' id='block_1_50' title="bbox 276 3271 1846 3342">
    <p class='ocr_par' dir='ltr' id='par_1_50' title="bbox 276 3271 1846 3342">
     <span class='ocr_line' id='line_1_50' title="bbox 276 3271 1846 3342; baseline 0.002 -17"><span class='ocrx_word' id='word_1_356' title='bbox 276 3272 497 3328; x_wconf 86' lang='lat' dir='ltr'><strong>didisse.</strong></span> <span class='ocrx_word' id='word_1_357' title='bbox 526 3271 880 3327; x_wconf 78' lang='lat' dir='ltr'><strong>Adamantius</strong></span> <span class='ocrx_word' id='word_1_358' title='bbox 905 3273 1114 3328; x_wconf 89' lang='lat' dir='ltr'><strong>decimo</strong></span> <span class='ocrx_word' id='word_1_359' title='bbox 1141 3273 1326 3328; x_wconf 89' lang='lat' dir='ltr'><strong>Severi</strong></span> <span class='ocrx_word' id='word_1_360' title='bbox 1356 3274 1653 3329; x_wconf 89' lang='lat' dir='ltr'><strong>Pertinacis</strong></span> <span class='ocrx_word' id='word_1_361' title='bbox 1681 3290 1846 3342; x_wconf 90' lang='lat' dir='ltr'><strong>anno,</strong></span> 
     </span>
    </p>
   </div>
   <div class='ocr_carea' id='block_1_51' title="bbox 273 3360 1849 3431">
    <p class='ocr_par' dir='ltr' id='par_1_51' title="bbox 273 3360 1849 3431">
     <span class='ocr_line' id='line_1_51' title="bbox 273 3360 1849 3431; baseline 0.003 -16"><span class='ocrx_word' id='word_1_362' title='bbox 273 3360 563 3415; x_wconf 80' lang='lat' dir='ltr'><strong>adversum</strong></span> <span class='ocrx_word' id='word_1_363' title='bbox 606 3360 939 3417; x_wconf 89' lang='lat' dir='ltr'><strong>Christianos</strong></span> <span class='ocrx_word' id='word_1_364' title='bbox 984 3363 1355 3431; x_wconf 87' lang='lat' dir='ltr'><strong>persecutione</strong></span> <span class='ocrx_word' id='word_1_365' title='bbox 1389 3373 1685 3429; x_wconf 90' lang='lat' dir='ltr'><strong>commota,</strong></span> <span class='ocrx_word' id='word_1_366' title='bbox 1713 3364 1849 3431; x_wconf 55' lang='lat' dir='ltr'><strong>Leo:</strong></span> 
     </span>
    </p>
   </div>
   <div class='ocr_carea' id='block_1_52' title="bbox 276 3448 1849 3523">
    <p class='ocr_par' dir='ltr' id='par_1_52' title="bbox 276 3448 1849 3523">
     <span class='ocr_line' id='line_1_52' title="bbox 276 3448 1849 3523; baseline 0.003 -19"><span class='ocrx_word' id='word_1_367' title='bbox 276 3450 404 3505; x_wconf 90' lang='lat' dir='ltr'><strong>uide</strong></span> <span class='ocrx_word' id='word_1_368' title='bbox 432 3458 585 3518; x_wconf 88' lang='lat' dir='ltr'><strong>patre</strong></span> <span class='ocrx_word' id='word_1_369' title='bbox 612 3448 812 3506; x_wconf 81' lang='lat' dir='ltr'><strong>Christi</strong></span> <span class='ocrx_word' id='word_1_370' title='bbox 842 3452 1100 3523; x_wconf 85' lang='lat' dir='ltr'><strong>martyrio</strong></span> <span class='ocrx_word' id='word_1_371' title='bbox 1142 3461 1419 3518; x_wconf 90' lang='lat' dir='ltr'><strong>coronato,</strong></span> <span class='ocrx_word' id='word_1_372' title='bbox 1449 3469 1571 3508; x_wconf 90' lang='lat' dir='ltr'><strong>cum</strong></span> <span class='ocrx_word' id='word_1_373' title='bbox 1599 3469 1693 3508; x_wconf 87' lang='lat' dir='ltr'><strong>sex</strong></span> <span class='ocrx_word' id='word_1_374' title='bbox 1738 3454 1849 3509; x_wconf 86' lang='lat' dir='ltr'><strong>fra-</strong></span> 
     </span>
    </p>
   </div>
   <div class='ocr_carea' id='block_1_53' title="bbox 276 3538 1847 3610">
    <p class='ocr_par' dir='ltr' id='par_1_53' title="bbox 276 3538 1847 3610">
     <span class='ocr_line' id='line_1_53' title="bbox 276 3538 1847 3610; baseline 0.002 -18"><span class='ocrx_word' id='word_1_375' title='bbox 276 3538 456 3593; x_wconf 86' lang='lat' dir='ltr'><strong>tribus</strong></span> <span class='ocrx_word' id='word_1_376' title='bbox 483 3546 537 3591; x_wconf 92' lang='lat' dir='ltr'><strong>et</strong></span> <span class='ocrx_word' id='word_1_377' title='bbox 559 3546 733 3593; x_wconf 90' lang='lat' dir='ltr'><strong>matre</strong></span> <span class='ocrx_word' id='word_1_378' title='bbox 756 3539 914 3593; x_wconf 91' lang='lat' dir='ltr'><strong>vidua</strong></span> <span class='ocrx_word' id='word_1_379' title='bbox 943 3554 1147 3609; x_wconf 88' lang='lat' dir='ltr'><strong>pauper</strong></span> <span class='ocrx_word' id='word_1_380' title='bbox 1175 3539 1516 3610; x_wconf 87' lang='lat' dir='ltr'><strong>relinquitur,</strong></span> <span class='ocrx_word' id='word_1_381' title='bbox 1548 3556 1719 3595; x_wconf 91' lang='lat' dir='ltr'><strong>annos</strong></span> <span class='ocrx_word' id='word_1_382' title='bbox 1750 3558 1847 3595; x_wconf 91' lang='lat' dir='ltr'><strong>na-</strong></span> 
     </span>
    </p>
   </div>
   <div class='ocr_carea' id='block_1_54' title="bbox 274 3620 1849 3691">
    <p class='ocr_par' dir='ltr' id='par_1_54' title="bbox 274 3620 1849 3691">
     <span class='ocr_line' id='line_1_54' title="bbox 274 3620 1849 3691; baseline 0.003 -4"><span class='ocrx_word' id='word_1_383' title='bbox 274 3620 364 3688; x_wconf 86' lang='lat' dir='ltr'><strong>tus</strong></span> <span class='ocrx_word' id='word_1_384' title='bbox 395 3633 614 3689; x_wconf 89' lang='lat' dir='ltr'><strong>circiter</strong></span> <span class='ocrx_word' id='word_1_385' title='bbox 668 3634 752 3688; x_wconf 81' lang='lat' dir='ltr'><strong>i7.</strong></span> <span class='ocrx_word' id='word_1_386' title='bbox 788 3634 916 3689; x_wconf 79' lang='lat' dir='ltr'><strong>Rem</strong></span> <span class='ocrx_word' id='word_1_387' title='bbox 944 3628 1126 3689; x_wconf 86' lang='lat' dir='ltr'><strong>autem</strong></span> <span class='ocrx_word' id='word_1_388' title='bbox 1159 3635 1475 3689; x_wconf 85' lang='lat' dir='ltr'><strong>familiarem</strong></span> <span class='ocrx_word' id='word_1_389' title='bbox 1525 3636 1596 3689; x_wconf 91' lang='lat' dir='ltr'><strong>ob</strong></span> <span class='ocrx_word' id='word_1_390' title='bbox 1640 3636 1849 3691; x_wconf 84' lang='lat' dir='ltr'><strong>confes-</strong></span> 
     </span>
    </p>
   </div>
   <div class='ocr_carea' id='block_1_55' title="bbox 270 3722 1847 3794">
    <p class='ocr_par' dir='ltr' id='par_1_55' title="bbox 270 3722 1847 3794">
     <span class='ocr_line' id='line_1_55' title="bbox 270 3722 1847 3794; baseline 0.001 -14"><span class='ocrx_word' id='word_1_391' title='bbox 270 3725 483 3780; x_wconf 87' lang='lat' dir='ltr'><strong>sionem</strong></span> <span class='ocrx_word' id='word_1_392' title='bbox 517 3723 718 3780; x_wconf 89' lang='lat' dir='ltr'><strong>Christi</strong></span> <span class='ocrx_word' id='word_1_393' title='bbox 748 3722 908 3779; x_wconf 81' lang='lat' dir='ltr'><strong>fiscus</strong></span> <span class='ocrx_word' id='word_1_394' title='bbox 956 3734 1334 3794; x_wconf 84' lang='lat' dir='ltr'><strong>occupaverat.</strong></span> <span class='ocrx_word' id='word_1_395' title='bbox 1369 3725 1469 3780; x_wconf 86' lang='lat' dir='ltr'><strong>ilic</strong></span> <span class='ocrx_word' id='word_1_396' title='bbox 1508 3725 1847 3782; x_wconf 69' lang='lat' dir='ltr'><strong>Alexandria:</strong></span> 
     </span>
    </p>
   </div>
   <div class='ocr_carea' id='block_1_56' title="bbox 270 3814 1848 3886">
    <p class='ocr_par' dir='ltr' id='par_1_56' title="bbox 270 3814 1848 3886">
     <span class='ocr_line' id='line_1_56' title="bbox 270 3814 1848 3886; baseline 0.003 -19"><span class='ocrx_word' id='word_1_397' title='bbox 270 3814 532 3884; x_wconf 70' lang='lat' dir='ltr'><strong>dispersa:</strong></span> <span class='ocrx_word' id='word_1_398' title='bbox 558 3814 810 3869; x_wconf 65' lang='lat' dir='ltr'><strong>Ecclesiae</strong></span> <span class='ocrx_word' id='word_1_399' title='bbox 835 3815 1042 3870; x_wconf 84' lang='lat' dir='ltr'><strong>decimo</strong></span> <span class='ocrx_word' id='word_1_400' title='bbox 1065 3816 1292 3886; x_wconf 90' lang='lat' dir='ltr'><strong>septimo</strong></span> <span class='ocrx_word' id='word_1_401' title='bbox 1326 3816 1503 3873; x_wconf 70' lang='lat' dir='ltr'><strong>aetatis</strong></span> <span class='ocrx_word' id='word_1_402' title='bbox 1549 3832 1661 3871; x_wconf 64' lang='lat' dir='ltr'><strong>suae</strong></span> <span class='ocrx_word' id='word_1_403' title='bbox 1705 3832 1848 3871; x_wconf 92' lang='lat' dir='ltr'><strong>anno</strong></span> 
     </span>
    </p>
   </div>
   <div class='ocr_carea' id='block_1_57' title="bbox 269 3902 1847 3975">
    <p class='ocr_par' dir='ltr' id='par_1_57' title="bbox 269 3902 1847 3975">
     <span class='ocr_line' id='line_1_57' title="bbox 269 3902 1847 3975; baseline 0.002 -19"><span class='ocrx_word' id='word_1_404' title='bbox 269 3917 411 3970; x_wconf 90' lang='lat' dir='ltr'><strong>opus</strong></span> <span class='ocrx_word' id='word_1_405' title='bbox 434 3916 742 3973; x_wconf 83' lang='lat' dir='ltr'><strong>aggressus,</strong></span> <span class='ocrx_word' id='word_1_406' title='bbox 759 3902 1031 3975; x_wconf 88' lang='lat' dir='ltr'><strong>Demetrio</strong></span> <span class='ocrx_word' id='word_1_407' title='bbox 1058 3902 1297 3973; x_wconf 87' lang='lat' dir='ltr'><strong>ejusdem</strong></span> <span class='ocrx_word' id='word_1_408' title='bbox 1316 3904 1464 3959; x_wconf 88' lang='lat' dir='ltr'><strong>urbis</strong></span> <span class='ocrx_word' id='word_1_409' title='bbox 1490 3904 1765 3974; x_wconf 87' lang='lat' dir='ltr'><strong>episcopo,</strong></span> <span class='ocrx_word' id='word_1_410' title='bbox 1792 3904 1847 3959; x_wconf 92' lang='lat' dir='ltr'><strong>in</strong></span> 
     </span>
    </p>
   </div>
   <div class='ocr_carea' id='block_1_58' title="bbox 269 3988 1849 4063">
    <p class='ocr_par' dir='ltr' id='par_1_58' title="bbox 269 3988 1849 4063">
     <span class='ocr_line' id='line_1_58' title="bbox 269 3988 1849 4063; baseline 0.003 -20"><span class='ocrx_word' id='word_1_411' title='bbox 269 3988 450 4046; x_wconf 87' lang='lat' dir='ltr'><strong>locum</strong></span> <span class='ocrx_word' id='word_1_412' title='bbox 475 3988 767 4046; x_wconf 89' lang='lat' dir='ltr'><strong>Clementis</strong></span> <span class='ocrx_word' id='word_1_413' title='bbox 805 3992 1102 4061; x_wconf 87' lang='lat' dir='ltr'><strong>presbyteri</strong></span> <span class='ocrx_word' id='word_1_414' title='bbox 1133 3991 1501 4056; x_wconf 79' lang='lat' dir='ltr'><strong>confirmatus,</strong></span> <span class='ocrx_word' id='word_1_415' title='bbox 1525 4008 1624 4063; x_wconf 89' lang='lat' dir='ltr'><strong>per</strong></span> <span class='ocrx_word' id='word_1_416' title='bbox 1651 3993 1849 4049; x_wconf 89' lang='lat' dir='ltr'><strong>multos</strong></span> 
     </span>
    </p>
   </div>
   <div class='ocr_carea' id='block_1_59' title="bbox 271 4074 1847 4156">
    <p class='ocr_par' dir='ltr' id='par_1_59' title="bbox 271 4074 1847 4156">
     <span class='ocr_line' id='line_1_59' title="bbox 271 4074 1847 4156; baseline 0.003 -23"><span class='ocrx_word' id='word_1_417' title='bbox 271 4095 446 4134; x_wconf 90' lang='lat' dir='ltr'><strong>annos</strong></span> <span class='ocrx_word' id='word_1_418' title='bbox 470 4078 669 4134; x_wconf 83' lang='lat' dir='ltr'><strong>floruit.</strong></span> <span class='ocrx_word' id='word_1_419' title='bbox 694 4074 809 4146; x_wconf 81' lang='lat' dir='ltr'><strong>Qua</strong></span> <span class='ocrx_word' id='word_1_420' title='bbox 839 4087 1158 4150; x_wconf 88' lang='lat' dir='ltr'><strong>tempestate</strong></span> <span class='ocrx_word' id='word_1_421' title='bbox 1179 4079 1467 4156; x_wconf 84' lang='lat' dir='ltr'><strong>Perpetua,</strong></span> <span class='ocrx_word' id='word_1_422' title='bbox 1494 4089 1551 4135; x_wconf 92' lang='lat' dir='ltr'><strong>et</strong></span> <span class='ocrx_word' id='word_1_423' title='bbox 1576 4080 1847 4150; x_wconf 86' lang='lat' dir='ltr'><strong>Felicitas,</strong></span> 
     </span>
    </p>
   </div>
   <div class='ocr_carea' id='block_1_60' title="bbox 269 4167 1849 4241">
    <p class='ocr_par' dir='ltr' id='par_1_60' title="bbox 269 4167 1849 4241">
     <span class='ocr_line' id='line_1_60' title="bbox 269 4167 1849 4241; baseline 0.003 -18"><span class='ocrx_word' id='word_1_424' title='bbox 269 4184 373 4240; x_wconf 88' lang='lat' dir='ltr'><strong>pro</strong></span> <span class='ocrx_word' id='word_1_425' title='bbox 399 4167 614 4225; x_wconf 91' lang='lat' dir='ltr'><strong>Christo</strong></span> <span class='ocrx_word' id='word_1_426' title='bbox 642 4185 813 4240; x_wconf 69' lang='lat' dir='ltr'><strong>passa:</strong></span> <span class='ocrx_word' id='word_1_427' title='bbox 833 4177 977 4235; x_wconf 88' lang='lat' dir='ltr'><strong>sunt,</strong></span> <span class='ocrx_word' id='word_1_428' title='bbox 1013 4168 1181 4225; x_wconf 83' lang='lat' dir='ltr'><strong>Nonis</strong></span> <span class='ocrx_word' id='word_1_429' title='bbox 1207 4168 1414 4225; x_wconf 81' lang='lat' dir='ltr'><strong>Martiis</strong></span> <span class='ocrx_word' id='word_1_430' title='bbox 1445 4170 1586 4241; x_wconf 89' lang='lat' dir='ltr'><strong>apud</strong></span> <span class='ocrx_word' id='word_1_431' title='bbox 1622 4168 1849 4227; x_wconf 88' lang='lat' dir='ltr'><strong>Cartha-</strong></span> 
     </span>
    </p>
   </div>
   <div class='ocr_carea' id='block_1_61' title="bbox 270 4242 1846 4333">
    <p class='ocr_par' dir='ltr' id='par_1_61' title="bbox 270 4242 1846 4333">
     <span class='ocr_line' id='line_1_61' title="bbox 270 4242 1846 4333; baseline 0.001 -19"><span class='ocrx_word' id='word_1_432' title='bbox 270 4242 453 4333; x_wconf 80' lang='lat' dir='ltr'><strong>ginem</strong></span> <span class='ocrx_word' id='word_1_433' title='bbox 477 4258 689 4325; x_wconf 69' lang='lat' dir='ltr'><strong>Afrieaa,</strong></span> <span class='ocrx_word' id='word_1_434' title='bbox 722 4259 775 4314; x_wconf 92' lang='lat' dir='ltr'><strong>in</strong></span> <span class='ocrx_word' id='word_1_435' title='bbox 796 4258 989 4315; x_wconf 91' lang='lat' dir='ltr'><strong>castris</strong></span> <span class='ocrx_word' id='word_1_436' title='bbox 1018 4259 1208 4315; x_wconf 89' lang='lat' dir='ltr'><strong>bestiis</strong></span> <span class='ocrx_word' id='word_1_437' title='bbox 1233 4260 1521 4329; x_wconf 62' lang='lat' dir='ltr'><strong>deputata),</strong></span> <span class='ocrx_word' id='word_1_438' title='bbox 1544 4260 1846 4316; x_wconf 80' lang='lat' dir='ltr'><strong>Alexander</strong></span> 
     </span>
    </p>
   </div>
   <div class='ocr_carea' id='block_1_62' title="bbox 269 4350 1845 4423">
    <p class='ocr_par' dir='ltr' id='par_1_62' title="bbox 269 4350 1845 4423">
     <span class='ocr_line' id='line_1_62' title="bbox 269 4350 1845 4423; baseline 0 -16"><span class='ocrx_word' id='word_1_439' title='bbox 269 4368 488 4423; x_wconf 88' lang='lat' dir='ltr'><strong>quoque</strong></span> <span class='ocrx_word' id='word_1_440' title='bbox 528 4352 597 4407; x_wconf 91' lang='lat' dir='ltr'><strong>ob</strong></span> <span class='ocrx_word' id='word_1_441' title='bbox 636 4351 1027 4408; x_wconf 87' lang='lat' dir='ltr'><strong>confessionem</strong></span> <span class='ocrx_word' id='word_1_442' title='bbox 1083 4350 1346 4407; x_wconf 88' lang='lat' dir='ltr'><strong>Dominici</strong></span> <span class='ocrx_word' id='word_1_443' title='bbox 1394 4352 1627 4407; x_wconf 88' lang='lat' dir='ltr'><strong>nominis</strong></span> <span class='ocrx_word' id='word_1_444' title='bbox 1666 4352 1845 4407; x_wconf 89' lang='lat' dir='ltr'><strong>clarus</strong></span> 
     </span>
    </p>
   </div>
   <div class='ocr_carea' id='block_1_63' title="bbox 270 4429 1840 4512">
    <p class='ocr_par' dir='ltr' id='par_1_63' title="bbox 270 4429 1840 4512">
     <span class='ocr_line' id='line_1_63' title="bbox 270 4429 1840 4512; baseline -0.001 -15"><span class='ocrx_word' id='word_1_445' title='bbox 270 4442 499 4498; x_wconf 79' lang='lat' dir='ltr'><strong>exstitit.</strong></span> <span class='ocrx_word' id='word_1_446' title='bbox 516 4429 620 4497; x_wconf 84' lang='lat' dir='ltr'><strong>Per</strong></span> <span class='ocrx_word' id='word_1_447' title='bbox 646 4442 763 4497; x_wconf 75' lang='lat' dir='ltr'><strong>bzec</strong></span> <span class='ocrx_word' id='word_1_448' title='bbox 778 4448 1018 4512; x_wconf 90' lang='lat' dir='ltr'><strong>tempora</strong></span> <span class='ocrx_word' id='word_1_449' title='bbox 1040 4440 1323 4496; x_wconf 82' lang='lat' dir='ltr'><strong>Narcissus</strong></span> <span class='ocrx_word' id='word_1_450' title='bbox 1352 4438 1840 4512; x_wconf 80' lang='lat' dir='ltr'><strong>Hierosolymorum</strong></span> 
     </span>
    </p>
   </div>
   <div class='ocr_carea' id='block_1_64' title="bbox 268 4522 1841 4605">
    <p class='ocr_par' dir='ltr' id='par_1_64' title="bbox 268 4522 1841 4605">
     <span class='ocr_line' id='line_1_64' title="bbox 268 4522 1841 4605; baseline -0.002 -16"><span class='ocrx_word' id='word_1_451' title='bbox 268 4535 574 4605; x_wconf 87' lang='lat' dir='ltr'><strong>episcopus,</strong></span> <span class='ocrx_word' id='word_1_452' title='bbox 601 4532 827 4604; x_wconf 83' lang='lat' dir='ltr'><strong>insignis</strong></span> <span class='ocrx_word' id='word_1_453' title='bbox 871 4548 934 4587; x_wconf 90' lang='lat' dir='ltr'><strong>ac</strong></span> <span class='ocrx_word' id='word_1_454' title='bbox 963 4531 1353 4588; x_wconf 87' lang='lat' dir='ltr'><strong>famosissimus</strong></span> <span class='ocrx_word' id='word_1_455' title='bbox 1373 4532 1599 4594; x_wconf 84' lang='lat' dir='ltr'><strong>exstitit,</strong></span> <span class='ocrx_word' id='word_1_456' title='bbox 1644 4532 1709 4585; x_wconf 90' lang='lat' dir='ltr'><strong>de</strong></span> <span class='ocrx_word' id='word_1_457' title='bbox 1735 4522 1841 4601; x_wconf 87' lang='lat' dir='ltr'><strong>quo</strong></span> 
     </span>
    </p>
   </div>
   <div class='ocr_carea' id='block_1_65' title="bbox 268 4610 1842 4692">
    <p class='ocr_par' dir='ltr' id='par_1_65' title="bbox 268 4610 1842 4692">
     <span class='ocr_line' id='line_1_65' title="bbox 268 4610 1842 4692; baseline -0.003 -13"><span class='ocrx_word' id='word_1_458' title='bbox 268 4639 434 4692; x_wconf 82' lang='lat' dir='ltr'><strong>supra</strong></span> <span class='ocrx_word' id='word_1_459' title='bbox 461 4620 685 4678; x_wconf 88' lang='lat' dir='ltr'><strong>fecimus</strong></span> <span class='ocrx_word' id='word_1_460' title='bbox 723 4621 1069 4677; x_wconf 88' lang='lat' dir='ltr'><strong>mentionem.</strong></span> <span class='ocrx_word' id='word_1_461' title='bbox 1116 4610 1224 4675; x_wconf 80' lang='lat' dir='ltr'><strong>Nos</strong></span> <span class='ocrx_word' id='word_1_462' title='bbox 1251 4637 1379 4677; x_wconf 89' lang='lat' dir='ltr'><strong>vero</strong></span> <span class='ocrx_word' id='word_1_463' title='bbox 1404 4636 1567 4674; x_wconf 90' lang='lat' dir='ltr'><strong>unum</strong></span> <span class='ocrx_word' id='word_1_464' title='bbox 1594 4619 1711 4688; x_wconf 84' lang='lat' dir='ltr'><strong>ejus</strong></span> <span class='ocrx_word' id='word_1_465' title='bbox 1737 4636 1842 4675; x_wconf 90' lang='lat' dir='ltr'><strong>me-</strong></span> 
     </span>
    </p>
   </div>
   <div class='ocr_carea' id='block_1_66' title="bbox 272 4710 1841 4782">
    <p class='ocr_par' dir='ltr' id='par_1_66' title="bbox 272 4710 1841 4782">
     <span class='ocr_line' id='line_1_66' title="bbox 272 4710 1841 4782; baseline -0.002 -14"><span class='ocrx_word' id='word_1_466' title='bbox 272 4714 621 4777; x_wconf 84' lang='lat' dir='ltr'><strong>morabimus,</strong></span> <span class='ocrx_word' id='word_1_467' title='bbox 669 4728 736 4767; x_wconf 85' lang='lat' dir='ltr'><strong>ex</strong></span> <span class='ocrx_word' id='word_1_468' title='bbox 772 4727 879 4782; x_wconf 92' lang='lat' dir='ltr'><strong>quo</strong></span> <span class='ocrx_word' id='word_1_469' title='bbox 915 4712 1126 4768; x_wconf 67' lang='lat' dir='ltr'><strong>caeteris</strong></span> <span class='ocrx_word' id='word_1_470' title='bbox 1172 4727 1291 4781; x_wconf 75' lang='lat' dir='ltr'><strong>quae</strong></span> <span class='ocrx_word' id='word_1_471' title='bbox 1326 4710 1392 4765; x_wconf 92' lang='lat' dir='ltr'><strong>de</strong></span> <span class='ocrx_word' id='word_1_472' title='bbox 1437 4727 1503 4766; x_wconf 91' lang='lat' dir='ltr'><strong>eo</strong></span> <span class='ocrx_word' id='word_1_473' title='bbox 1551 4719 1841 4765; x_wconf 85' lang='lat' dir='ltr'><strong>narrantur</strong></span> 
     </span>
    </p>
   </div>
   <div class='ocr_carea' id='block_1_67' title="bbox 273 4801 1840 4871">
    <p class='ocr_par' dir='ltr' id='par_1_67' title="bbox 273 4801 1840 4871">
     <span class='ocr_line' id='line_1_67' title="bbox 273 4801 1840 4871; baseline -0.001 -14"><span class='ocrx_word' id='word_1_474' title='bbox 273 4803 469 4857; x_wconf 88' lang='lat' dir='ltr'><strong>merito</strong></span> <span class='ocrx_word' id='word_1_475' title='bbox 515 4802 648 4858; x_wconf 83' lang='lat' dir='ltr'><strong>fides</strong></span> <span class='ocrx_word' id='word_1_476' title='bbox 687 4802 857 4871; x_wconf 90' lang='lat' dir='ltr'><strong>possit</strong></span> <span class='ocrx_word' id='word_1_477' title='bbox 899 4802 1164 4857; x_wconf 83' lang='lat' dir='ltr'><strong>adhiberi.</strong></span> <span class='ocrx_word' id='word_1_478' title='bbox 1209 4801 1420 4857; x_wconf 87' lang='lat' dir='ltr'><strong>Accidit</strong></span> <span class='ocrx_word' id='word_1_479' title='bbox 1467 4801 1754 4871; x_wconf 91' lang='lat' dir='ltr'><strong>aliquando</strong></span> <span class='ocrx_word' id='word_1_480' title='bbox 1785 4802 1840 4856; x_wconf 91' lang='lat' dir='ltr'><strong>in</strong></span> 
     </span>
    </p>
   </div>
   <div class='ocr_carea' id='block_1_68' title="bbox 271 4891 1842 4963">
    <p class='ocr_par' dir='ltr' id='par_1_68' title="bbox 271 4891 1842 4963">
     <span class='ocr_line' id='line_1_68' title="bbox 271 4891 1842 4963; baseline -0.001 -16"><span class='ocrx_word' id='word_1_481' title='bbox 271 4893 362 4948; x_wconf 88' lang='lat' dir='ltr'><strong>die</strong></span> <span class='ocrx_word' id='word_1_482' title='bbox 390 4892 616 4947; x_wconf 89' lang='lat' dir='ltr'><strong>solemni</strong></span> <span class='ocrx_word' id='word_1_483' title='bbox 662 4892 965 4963; x_wconf 82' lang='lat' dir='ltr'><strong>vigiliarum</strong></span> <span class='ocrx_word' id='word_1_484' title='bbox 1006 4891 1227 4947; x_wconf 63' lang='lat' dir='ltr'><strong>Pascha:</strong></span> <span class='ocrx_word' id='word_1_485' title='bbox 1253 4891 1427 4948; x_wconf 87' lang='lat' dir='ltr'><strong>oleum</strong></span> <span class='ocrx_word' id='word_1_486' title='bbox 1455 4892 1643 4947; x_wconf 86' lang='lat' dir='ltr'><strong>deesse</strong></span> <span class='ocrx_word' id='word_1_487' title='bbox 1686 4891 1842 4946; x_wconf 90' lang='lat' dir='ltr'><strong>lumi-</strong></span> 
     </span>
    </p>
   </div>
   <div class='ocr_carea' id='block_1_69' title="bbox 273 4981 1841 5052">
    <p class='ocr_par' dir='ltr' id='par_1_69' title="bbox 273 4981 1841 5052">
     <span class='ocr_line' id='line_1_69' title="bbox 273 4981 1841 5052; baseline 0 -16"><span class='ocrx_word' id='word_1_488' title='bbox 273 4982 516 5036; x_wconf 87' lang='lat' dir='ltr'><strong>naribus.</strong></span> <span class='ocrx_word' id='word_1_489' title='bbox 544 4981 786 5052; x_wconf 86' lang='lat' dir='ltr'><strong>Cumque</strong></span> <span class='ocrx_word' id='word_1_490' title='bbox 812 4981 866 5035; x_wconf 92' lang='lat' dir='ltr'><strong>id</strong></span> <span class='ocrx_word' id='word_1_491' title='bbox 908 4996 1004 5050; x_wconf 91' lang='lat' dir='ltr'><strong>per</strong></span> <span class='ocrx_word' id='word_1_492' title='bbox 1032 4981 1304 5035; x_wconf 87' lang='lat' dir='ltr'><strong>ministros</strong></span> <span class='ocrx_word' id='word_1_493' title='bbox 1332 4981 1671 5045; x_wconf 85' lang='lat' dir='ltr'><strong>innotuisset,</strong></span> <span class='ocrx_word' id='word_1_494' title='bbox 1703 4997 1841 5036; x_wconf 68' lang='lat' dir='ltr'><strong>ma:-</strong></span> 
     </span>
    </p>
   </div>
   <div class='ocr_carea' id='block_1_70' title="bbox 274 5070 1840 5142">
    <p class='ocr_par' dir='ltr' id='par_1_70' title="bbox 274 5070 1840 5142">
     <span class='ocr_line' id='line_1_70' title="bbox 274 5070 1840 5142; baseline -0.001 -16"><span class='ocrx_word' id='word_1_495' title='bbox 274 5087 368 5126; x_wconf 88' lang='lat' dir='ltr'><strong>ror</strong></span> <span class='ocrx_word' id='word_1_496' title='bbox 386 5072 527 5142; x_wconf 89' lang='lat' dir='ltr'><strong>plebi</strong></span> <span class='ocrx_word' id='word_1_497' title='bbox 573 5073 843 5127; x_wconf 79' lang='lat' dir='ltr'><strong>maximus</strong></span> <span class='ocrx_word' id='word_1_498' title='bbox 879 5071 999 5136; x_wconf 89' lang='lat' dir='ltr'><strong>fuit,</strong></span> <span class='ocrx_word' id='word_1_499' title='bbox 1029 5072 1123 5127; x_wconf 87' lang='lat' dir='ltr'><strong>sed</strong></span> <span class='ocrx_word' id='word_1_500' title='bbox 1169 5070 1472 5134; x_wconf 85' lang='lat' dir='ltr'><strong>Narcissus,</strong></span> <span class='ocrx_word' id='word_1_501' title='bbox 1503 5071 1606 5124; x_wconf 82' lang='lat' dir='ltr'><strong>fide</strong></span> <span class='ocrx_word' id='word_1_502' title='bbox 1650 5070 1840 5135; x_wconf 83' lang='lat' dir='ltr'><strong>fidens,</strong></span> 
     </span>
    </p>
   </div>
   <div class='ocr_carea' id='block_1_71' title="bbox 272 5161 1839 5233">
    <p class='ocr_par' dir='ltr' id='par_1_71' title="bbox 272 5161 1839 5233">
     <span class='ocr_line' id='line_1_71' title="bbox 272 5161 1839 5233; baseline -0.001 -16"><span class='ocrx_word' id='word_1_503' title='bbox 272 5161 536 5218; x_wconf 84' lang='lat' dir='ltr'><strong>ministris</strong></span> <span class='ocrx_word' id='word_1_504' title='bbox 586 5163 814 5233; x_wconf 89' lang='lat' dir='ltr'><strong>imperat</strong></span> <span class='ocrx_word' id='word_1_505' title='bbox 860 5163 1078 5217; x_wconf 87' lang='lat' dir='ltr'><strong>haurire</strong></span> <span class='ocrx_word' id='word_1_506' title='bbox 1106 5178 1324 5232; x_wconf 87' lang='lat' dir='ltr'><strong>aquam,</strong></span> <span class='ocrx_word' id='word_1_507' title='bbox 1362 5161 1569 5231; x_wconf 88' lang='lat' dir='ltr'><strong>sibique</strong></span> <span class='ocrx_word' id='word_1_508' title='bbox 1620 5161 1839 5216; x_wconf 87' lang='lat' dir='ltr'><strong>deferri.</strong></span> 
     </span>
    </p>
   </div>
   <div class='ocr_carea' id='block_1_72' title="bbox 272 5250 1839 5322">
    <p class='ocr_par' dir='ltr' id='par_1_72' title="bbox 272 5250 1839 5322">
     <span class='ocr_line' id='line_1_72' title="bbox 272 5250 1839 5322; baseline -0.003 -14"><span class='ocrx_word' id='word_1_509' title='bbox 272 5253 517 5322; x_wconf 86' lang='lat' dir='ltr'><strong>Cumque</strong></span> <span class='ocrx_word' id='word_1_510' title='bbox 548 5253 882 5315; x_wconf 84' lang='lat' dir='ltr'><strong>detulissent,</strong></span> <span class='ocrx_word' id='word_1_511' title='bbox 918 5251 1092 5307; x_wconf 88' lang='lat' dir='ltr'><strong>oravit</strong></span> <span class='ocrx_word' id='word_1_512' title='bbox 1115 5258 1170 5305; x_wconf 91' lang='lat' dir='ltr'><strong>et</strong></span> <span class='ocrx_word' id='word_1_513' title='bbox 1207 5250 1479 5305; x_wconf 87' lang='lat' dir='ltr'><strong>benedixit</strong></span> <span class='ocrx_word' id='word_1_514' title='bbox 1523 5266 1736 5321; x_wconf 90' lang='lat' dir='ltr'><strong>aquam,</strong></span> <span class='ocrx_word' id='word_1_515' title='bbox 1784 5257 1839 5306; x_wconf 90' lang='lat' dir='ltr'><strong>et</strong></span> 
     </span>
    </p>
   </div>
   <div class='ocr_carea' id='block_1_73' title="bbox 272 5340 1840 5414">
    <p class='ocr_par' dir='ltr' id='par_1_73' title="bbox 272 5340 1840 5414">
     <span class='ocr_line' id='line_1_73' title="bbox 272 5340 1840 5414; baseline -0.005 -13"><span class='ocrx_word' id='word_1_516' title='bbox 272 5342 481 5401; x_wconf 76' lang='lat' dir='ltr'><strong>infundi</strong></span> <span class='ocrx_word' id='word_1_517' title='bbox 507 5344 861 5400; x_wconf 87' lang='lat' dir='ltr'><strong>luminaribus</strong></span> <span class='ocrx_word' id='word_1_518' title='bbox 888 5341 1161 5414; x_wconf 64' lang='lat' dir='ltr'><strong>prwcepit.</strong></span> <span class='ocrx_word' id='word_1_519' title='bbox 1193 5340 1328 5397; x_wconf 89' lang='lat' dir='ltr'><strong>Tum</strong></span> <span class='ocrx_word' id='word_1_520' title='bbox 1365 5347 1583 5410; x_wconf 89' lang='lat' dir='ltr'><strong>repente</strong></span> <span class='ocrx_word' id='word_1_521' title='bbox 1614 5340 1752 5393; x_wconf 84' lang='lat' dir='ltr'><strong>miro</strong></span> <span class='ocrx_word' id='word_1_522' title='bbox 1784 5345 1840 5394; x_wconf 88' lang='lat' dir='ltr'><strong>et</strong></span> 
     </span>
    </p>
   </div>
   <div class='ocr_carea' id='block_1_74' title="bbox 273 5428 1838 5505">
    <p class='ocr_par' dir='ltr' id='par_1_74' title="bbox 273 5428 1838 5505">
     <span class='ocr_line' id='line_1_74' title="bbox 273 5428 1838 5505; baseline -0.006 -14"><span class='ocrx_word' id='word_1_523' title='bbox 273 5435 490 5491; x_wconf 67' lang='lat' dir='ltr'><strong>saeculis</strong></span> <span class='ocrx_word' id='word_1_524' title='bbox 518 5436 758 5489; x_wconf 89' lang='lat' dir='ltr'><strong>inaudito</strong></span> <span class='ocrx_word' id='word_1_525' title='bbox 778 5449 975 5505; x_wconf 90' lang='lat' dir='ltr'><strong>genere</strong></span> <span class='ocrx_word' id='word_1_526' title='bbox 998 5432 1231 5496; x_wconf 90' lang='lat' dir='ltr'><strong>virtutis,</strong></span> <span class='ocrx_word' id='word_1_527' title='bbox 1255 5440 1444 5484; x_wconf 84' lang='lat' dir='ltr'><strong>natura</strong></span> <span class='ocrx_word' id='word_1_528' title='bbox 1479 5446 1633 5498; x_wconf 83' lang='lat' dir='ltr'><strong>aquae</strong></span> <span class='ocrx_word' id='word_1_529' title='bbox 1659 5430 1709 5483; x_wconf 90' lang='lat' dir='ltr'><strong>in</strong></span> <span class='ocrx_word' id='word_1_530' title='bbox 1734 5428 1838 5484; x_wconf 88' lang='lat' dir='ltr'><strong>olei</strong></span> 
     </span>
    </p>
   </div>
   <div class='ocr_carea' id='block_1_75' title="bbox 276 5519 1840 5599">
    <p class='ocr_par' dir='ltr' id='par_1_75' title="bbox 276 5519 1840 5599">
     <span class='ocr_line' id='line_1_75' title="bbox 276 5519 1840 5599; baseline -0.005 -20"><span class='ocrx_word' id='word_1_531' title='bbox 276 5524 651 5596; x_wconf 89' lang='lat' dir='ltr'><strong>pinguedinem</strong></span> <span class='ocrx_word' id='word_1_532' title='bbox 677 5539 851 5589; x_wconf 86' lang='lat' dir='ltr'><strong>versa,</strong></span> <span class='ocrx_word' id='word_1_533' title='bbox 876 5522 1212 5599; x_wconf 79' lang='lat' dir='ltr'><strong>splendorem</strong></span> <span class='ocrx_word' id='word_1_534' title='bbox 1239 5521 1398 5575; x_wconf 88' lang='lat' dir='ltr'><strong>etiam</strong></span> <span class='ocrx_word' id='word_1_535' title='bbox 1426 5519 1582 5573; x_wconf 90' lang='lat' dir='ltr'><strong>solito</strong></span> <span class='ocrx_word' id='word_1_536' title='bbox 1612 5519 1840 5574; x_wconf 89' lang='lat' dir='ltr'><strong>reddidit</strong></span> 
     </span>
    </p>
   </div>
   <div class='ocr_carea' id='block_1_76' title="bbox 278 5609 1837 5683">
    <p class='ocr_par' dir='ltr' id='par_1_76' title="bbox 278 5609 1837 5683">
     <span class='ocr_line' id='line_1_76' title="bbox 278 5609 1837 5683; baseline -0.001 -14"><span class='ocrx_word' id='word_1_537' title='bbox 278 5613 577 5670; x_wconf 87' lang='lat' dir='ltr'><strong>clariorem.</strong></span> <span class='ocrx_word' id='word_1_538' title='bbox 609 5613 688 5671; x_wconf 85' lang='lat' dir='ltr'><strong>Ad</strong></span> <span class='ocrx_word' id='word_1_539' title='bbox 717 5613 874 5671; x_wconf 86' lang='lat' dir='ltr'><strong>fidem</strong></span> <span class='ocrx_word' id='word_1_540' title='bbox 918 5623 1097 5671; x_wconf 86' lang='lat' dir='ltr'><strong>autem</strong></span> <span class='ocrx_word' id='word_1_541' title='bbox 1128 5611 1206 5669; x_wconf 88' lang='lat' dir='ltr'><strong>rei</strong></span> <span class='ocrx_word' id='word_1_542' title='bbox 1234 5626 1263 5666; x_wconf 91' lang='lat' dir='ltr'><strong>a</strong></span> <span class='ocrx_word' id='word_1_543' title='bbox 1292 5609 1536 5683; x_wconf 88' lang='lat' dir='ltr'><strong>plurimis</strong></span> <span class='ocrx_word' id='word_1_544' title='bbox 1561 5610 1837 5683; x_wconf 86' lang='lat' dir='ltr'><strong>religiosu-</strong></span> 
     </span>
    </p>
   </div>
   <div class='ocr_carea' id='block_1_77' title="bbox 1968 1825 3545 1905">
    <p class='ocr_par' dir='ltr' id='par_1_77' title="bbox 1968 1825 3545 1905">
     <span class='ocr_line' id='line_1_77' title="bbox 1968 1825 3545 1905; baseline 0.006 -26"><span class='ocrx_word' id='word_1_545' title='bbox 1968 1825 2106 1882; x_wconf 90' lang='lat' dir='ltr'><strong>alius</strong></span> <span class='ocrx_word' id='word_1_546' title='bbox 2135 1828 2233 1893; x_wconf 91' lang='lat' dir='ltr'><strong>ita,</strong></span> <span class='ocrx_word' id='word_1_547' title='bbox 2257 1844 2325 1882; x_wconf 91' lang='lat' dir='ltr'><strong>ne</strong></span> <span class='ocrx_word' id='word_1_548' title='bbox 2346 1830 2498 1900; x_wconf 83' lang='lat' dir='ltr'><strong>regio</strong></span> <span class='ocrx_word' id='word_1_549' title='bbox 2526 1832 2717 1887; x_wconf 91' lang='lat' dir='ltr'><strong>morbo</strong></span> <span class='ocrx_word' id='word_1_550' title='bbox 2737 1846 3200 1902; x_wconf 88' lang='lat' dir='ltr'><strong>corrumperetur;</strong></span> <span class='ocrx_word' id='word_1_551' title='bbox 3232 1837 3419 1891; x_wconf 88' lang='lat' dir='ltr'><strong>tertius</strong></span> <span class='ocrx_word' id='word_1_552' title='bbox 3452 1838 3545 1905; x_wconf 86' lang='lat' dir='ltr'><strong>ita,</strong></span> 
     </span>
    </p>
   </div>
   <div class='ocr_carea' id='block_1_78' title="bbox 1966 1915 3546 1993">
    <p class='ocr_par' dir='ltr' id='par_1_78' title="bbox 1966 1915 3546 1993">
     <span class='ocr_line' id='line_1_78' title="bbox 1966 1915 3546 1993; baseline 0.01 -25"><span class='ocrx_word' id='word_1_553' title='bbox 1966 1929 2034 1969; x_wconf 90' lang='lat' dir='ltr'><strong>ne</strong></span> <span class='ocrx_word' id='word_1_554' title='bbox 2073 1915 2366 1972; x_wconf 89' lang='lat' dir='ltr'><strong>luminibus</strong></span> <span class='ocrx_word' id='word_1_555' title='bbox 2396 1920 2702 1986; x_wconf 87' lang='lat' dir='ltr'><strong>orbaretur,</strong></span> <span class='ocrx_word' id='word_1_556' title='bbox 2754 1930 2809 1975; x_wconf 91' lang='lat' dir='ltr'><strong>et</strong></span> <span class='ocrx_word' id='word_1_557' title='bbox 2840 1924 3085 1991; x_wconf 88' lang='lat' dir='ltr'><strong>quamvis</strong></span> <span class='ocrx_word' id='word_1_558' title='bbox 3133 1940 3198 1977; x_wconf 90' lang='lat' dir='ltr'><strong>ne</strong></span> <span class='ocrx_word' id='word_1_559' title='bbox 3224 1924 3546 1993; x_wconf 86' lang='lat' dir='ltr'><strong>juramentis</strong></span> 
     </span>
    </p>
   </div>
   <div class='ocr_carea' id='block_1_79' title="bbox 1964 2005 3544 2080">
    <p class='ocr_par' dir='ltr' id='par_1_79' title="bbox 1964 2005 3544 2080">
     <span class='ocr_line' id='line_1_79' title="bbox 1964 2005 3544 2080; baseline 0.008 -21"><span class='ocrx_word' id='word_1_560' title='bbox 1964 2005 2182 2076; x_wconf 86' lang='lat' dir='ltr'><strong>quidem</strong></span> <span class='ocrx_word' id='word_1_561' title='bbox 2208 2007 2330 2063; x_wconf 86' lang='lat' dir='ltr'><strong>istis</strong></span> <span class='ocrx_word' id='word_1_562' title='bbox 2356 2008 2642 2080; x_wconf 89' lang='lat' dir='ltr'><strong>quisquam</strong></span> <span class='ocrx_word' id='word_1_563' title='bbox 2689 2010 2925 2065; x_wconf 82' lang='lat' dir='ltr'><strong>fidelium</strong></span> <span class='ocrx_word' id='word_1_564' title='bbox 2953 2023 3006 2067; x_wconf 91' lang='lat' dir='ltr'><strong>et</strong></span> <span class='ocrx_word' id='word_1_565' title='bbox 3040 2013 3204 2069; x_wconf 85' lang='lat' dir='ltr'><strong>Deum</strong></span> <span class='ocrx_word' id='word_1_566' title='bbox 3239 2017 3544 2073; x_wconf 90' lang='lat' dir='ltr'><strong>timentium</strong></span> 
     </span>
    </p>
   </div>
   <div class='ocr_carea' id='block_1_80' title="bbox 1963 2097 3539 2177">
    <p class='ocr_par' dir='ltr' id='par_1_80' title="bbox 1963 2097 3539 2177">
     <span class='ocr_line' id='line_1_80' title="bbox 1963 2097 3539 2177; baseline 0.007 -26"><span class='ocrx_word' id='word_1_567' title='bbox 1963 2097 2231 2163; x_wconf 88' lang='lat' dir='ltr'><strong>crederet,</strong></span> <span class='ocrx_word' id='word_1_568' title='bbox 2255 2114 2321 2154; x_wconf 91' lang='lat' dir='ltr'><strong>eo</strong></span> <span class='ocrx_word' id='word_1_569' title='bbox 2347 2100 2488 2168; x_wconf 87' lang='lat' dir='ltr'><strong>quod</strong></span> <span class='ocrx_word' id='word_1_570' title='bbox 2535 2100 2642 2154; x_wconf 86' lang='lat' dir='ltr'><strong>vita</strong></span> <span class='ocrx_word' id='word_1_571' title='bbox 2692 2101 2928 2157; x_wconf 87' lang='lat' dir='ltr'><strong>Narcissi</strong></span> <span class='ocrx_word' id='word_1_572' title='bbox 2953 2112 3009 2158; x_wconf 91' lang='lat' dir='ltr'><strong>et</strong></span> <span class='ocrx_word' id='word_1_573' title='bbox 3036 2104 3303 2161; x_wconf 82' lang='lat' dir='ltr'><strong>institutio</strong></span> <span class='ocrx_word' id='word_1_574' title='bbox 3340 2123 3402 2162; x_wconf 90' lang='lat' dir='ltr'><strong>ac</strong></span> <span class='ocrx_word' id='word_1_575' title='bbox 3440 2123 3539 2177; x_wconf 86' lang='lat' dir='ltr'><strong>pu-</strong></span> 
     </span>
    </p>
   </div>
   <div class='ocr_carea' id='block_1_81' title="bbox 1963 2187 3539 2262">
    <p class='ocr_par' dir='ltr' id='par_1_81' title="bbox 1963 2187 3539 2262">
     <span class='ocr_line' id='line_1_81' title="bbox 1963 2187 3539 2262; baseline 0.006 -21"><span class='ocrx_word' id='word_1_576' title='bbox 1963 2187 2145 2242; x_wconf 90' lang='lat' dir='ltr'><strong>dicitia</strong></span> <span class='ocrx_word' id='word_1_577' title='bbox 2179 2187 2249 2242; x_wconf 89' lang='lat' dir='ltr'><strong>ab</strong></span> <span class='ocrx_word' id='word_1_578' title='bbox 2276 2189 2527 2245; x_wconf 90' lang='lat' dir='ltr'><strong>omnibus</strong></span> <span class='ocrx_word' id='word_1_579' title='bbox 2566 2190 2918 2245; x_wconf 86' lang='lat' dir='ltr'><strong>noseeretdr:</strong></span> <span class='ocrx_word' id='word_1_580' title='bbox 2952 2193 3065 2262; x_wconf 87' lang='lat' dir='ltr'><strong>ipse</strong></span> <span class='ocrx_word' id='word_1_581' title='bbox 3119 2202 3299 2250; x_wconf 88' lang='lat' dir='ltr'><strong>tamen</strong></span> <span class='ocrx_word' id='word_1_582' title='bbox 3349 2210 3539 2251; x_wconf 85' lang='lat' dir='ltr'><strong>eorum</strong></span> 
     </span>
    </p>
   </div>
   <div class='ocr_carea' id='block_1_82' title="bbox 1962 2281 3539 2351">
    <p class='ocr_par' dir='ltr' id='par_1_82' title="bbox 1962 2281 3539 2351">
     <span class='ocr_line' id='line_1_82' title="bbox 1962 2281 3539 2351; baseline 0.008 -21"><span class='ocrx_word' id='word_1_583' title='bbox 1962 2293 2082 2348; x_wconf 66' lang='lat' dir='ltr'><strong>qua:</strong></span> <span class='ocrx_word' id='word_1_584' title='bbox 2120 2287 2263 2331; x_wconf 89' lang='lat' dir='ltr'><strong>mota</strong></span> <span class='ocrx_word' id='word_1_585' title='bbox 2291 2287 2417 2334; x_wconf 91' lang='lat' dir='ltr'><strong>sunt</strong></span> <span class='ocrx_word' id='word_1_586' title='bbox 2447 2281 2665 2351; x_wconf 85' lang='lat' dir='ltr'><strong>indigna</strong></span> <span class='ocrx_word' id='word_1_587' title='bbox 2688 2297 2751 2336; x_wconf 89' lang='lat' dir='ltr'><strong>ac</strong></span> <span class='ocrx_word' id='word_1_588' title='bbox 2774 2283 3074 2339; x_wconf 87' lang='lat' dir='ltr'><strong>molestiam</strong></span> <span class='ocrx_word' id='word_1_589' title='bbox 3102 2301 3206 2339; x_wconf 90' lang='lat' dir='ltr'><strong>non</strong></span> <span class='ocrx_word' id='word_1_590' title='bbox 3238 2285 3434 2351; x_wconf 80' lang='lat' dir='ltr'><strong>ferens,</strong></span> <span class='ocrx_word' id='word_1_591' title='bbox 3467 2288 3539 2343; x_wconf 53' lang='lat' dir='ltr'><strong>si-</strong></span> 
     </span>
    </p>
   </div>
   <div class='ocr_carea' id='block_1_83' title="bbox 1963 2366 3541 2444">
    <p class='ocr_par' dir='ltr' id='par_1_83' title="bbox 1963 2366 3541 2444">
     <span class='ocr_line' id='line_1_83' title="bbox 1963 2366 3541 2444; baseline 0.007 -24"><span class='ocrx_word' id='word_1_592' title='bbox 1963 2366 2073 2420; x_wconf 90' lang='lat' dir='ltr'><strong>mul</strong></span> <span class='ocrx_word' id='word_1_593' title='bbox 2094 2376 2148 2421; x_wconf 90' lang='lat' dir='ltr'><strong>et</strong></span> <span class='ocrx_word' id='word_1_594' title='bbox 2178 2379 2443 2423; x_wconf 88' lang='lat' dir='ltr'><strong>secretam</strong></span> <span class='ocrx_word' id='word_1_595' title='bbox 2470 2385 2534 2426; x_wconf 91' lang='lat' dir='ltr'><strong>ac</strong></span> <span class='ocrx_word' id='word_1_596' title='bbox 2560 2370 2981 2441; x_wconf 86' lang='lat' dir='ltr'><strong>philosophicam</strong></span> <span class='ocrx_word' id='word_1_597' title='bbox 3011 2373 3174 2427; x_wconf 86' lang='lat' dir='ltr'><strong>vitam</strong></span> <span class='ocrx_word' id='word_1_598' title='bbox 3207 2388 3421 2444; x_wconf 86' lang='lat' dir='ltr'><strong>semper</strong></span> <span class='ocrx_word' id='word_1_599' title='bbox 3441 2377 3541 2431; x_wconf 88' lang='lat' dir='ltr'><strong>ba-</strong></span> 
     </span>
    </p>
   </div>
   <div class='ocr_carea' id='block_1_84' title="bbox 1961 2455 3534 2531">
    <p class='ocr_par' dir='ltr' id='par_1_84' title="bbox 1961 2455 3534 2531">
     <span class='ocr_line' id='line_1_84' title="bbox 1961 2455 3534 2531; baseline 0.006 -22"><span class='ocrx_word' id='word_1_600' title='bbox 1961 2455 2091 2511; x_wconf 90' lang='lat' dir='ltr'><strong>bere</strong></span> <span class='ocrx_word' id='word_1_601' title='bbox 2123 2458 2458 2524; x_wconf 87' lang='lat' dir='ltr'><strong>desiderans,</strong></span> <span class='ocrx_word' id='word_1_602' title='bbox 2483 2460 2804 2531; x_wconf 87' lang='lat' dir='ltr'><strong>subterfugit</strong></span> <span class='ocrx_word' id='word_1_603' title='bbox 2834 2460 3089 2516; x_wconf 67' lang='lat' dir='ltr'><strong>Ecclesia:</strong></span> <span class='ocrx_word' id='word_1_604' title='bbox 3113 2464 3534 2529; x_wconf 86' lang='lat' dir='ltr'><strong>multituJincm,</strong></span> 
     </span>
    </p>
   </div>
   <div class='ocr_carea' id='block_1_85' title="bbox 1958 2545 3536 2621">
    <p class='ocr_par' dir='ltr' id='par_1_85' title="bbox 1958 2545 3536 2621">
     <span class='ocr_line' id='line_1_85' title="bbox 1958 2545 3536 2621; baseline 0.006 -21"><span class='ocrx_word' id='word_1_605' title='bbox 1958 2554 2015 2600; x_wconf 88' lang='lat' dir='ltr'><strong>et</strong></span> <span class='ocrx_word' id='word_1_606' title='bbox 2047 2545 2101 2601; x_wconf 89' lang='lat' dir='ltr'><strong>iu</strong></span> <span class='ocrx_word' id='word_1_607' title='bbox 2146 2547 2374 2602; x_wconf 87' lang='lat' dir='ltr'><strong>desertis</strong></span> <span class='ocrx_word' id='word_1_608' title='bbox 2399 2549 2532 2605; x_wconf 88' lang='lat' dir='ltr'><strong>locis</strong></span> <span class='ocrx_word' id='word_1_609' title='bbox 2571 2558 2732 2620; x_wconf 90' lang='lat' dir='ltr'><strong>atque</strong></span> <span class='ocrx_word' id='word_1_610' title='bbox 2778 2551 2967 2621; x_wconf 89' lang='lat' dir='ltr'><strong>agellis</strong></span> <span class='ocrx_word' id='word_1_611' title='bbox 2997 2553 3376 2609; x_wconf 87' lang='lat' dir='ltr'><strong>secretioribus</strong></span> <span class='ocrx_word' id='word_1_612' title='bbox 3406 2555 3536 2610; x_wconf 55' lang='lat' dir='ltr'><strong>deli-</strong></span> 
     </span>
    </p>
   </div>
   <div class='ocr_carea' id='block_1_86' title="bbox 1958 2639 3535 2718">
    <p class='ocr_par' dir='ltr' id='par_1_86' title="bbox 1958 2639 3535 2718">
     <span class='ocr_line' id='line_1_86' title="bbox 1958 2639 3535 2718; baseline 0.005 -24"><span class='ocrx_word' id='word_1_613' title='bbox 1958 2641 2116 2695; x_wconf 90' lang='lat' dir='ltr'><strong>tescit</strong></span> <span class='ocrx_word' id='word_1_614' title='bbox 2150 2639 2307 2696; x_wconf 88' lang='lat' dir='ltr'><strong>annis</strong></span> <span class='ocrx_word' id='word_1_615' title='bbox 2353 2642 2782 2712; x_wconf 89' lang='lat' dir='ltr'><strong>quamplurimis.</strong></span> <span class='ocrx_word' id='word_1_616' title='bbox 2824 2644 2895 2699; x_wconf 84' lang='lat' dir='ltr'><strong>At</strong></span> <span class='ocrx_word' id='word_1_617' title='bbox 2930 2661 3034 2700; x_wconf 90' lang='lat' dir='ltr'><strong>non</strong></span> <span class='ocrx_word' id='word_1_618' title='bbox 3078 2646 3165 2702; x_wconf 85' lang='lat' dir='ltr'><strong>ille</strong></span> <span class='ocrx_word' id='word_1_619' title='bbox 3200 2662 3423 2718; x_wconf 89' lang='lat' dir='ltr'><strong>magnus</strong></span> <span class='ocrx_word' id='word_1_620' title='bbox 3457 2648 3535 2702; x_wconf 85' lang='lat' dir='ltr'><strong>di-</strong></span> 
     </span>
    </p>
   </div>
   <div class='ocr_carea' id='block_1_87' title="bbox 1958 2728 3532 2805">
    <p class='ocr_par' dir='ltr' id='par_1_87' title="bbox 1958 2728 3532 2805">
     <span class='ocr_line' id='line_1_87' title="bbox 1958 2728 3532 2805; baseline 0.006 -24"><span class='ocrx_word' id='word_1_621' title='bbox 1958 2728 2097 2782; x_wconf 72' lang='lat' dir='ltr'><strong>vina:</strong></span> <span class='ocrx_word' id='word_1_622' title='bbox 2123 2728 2480 2786; x_wconf 77' lang='lat' dir='ltr'><strong>Providentia:</strong></span> <span class='ocrx_word' id='word_1_623' title='bbox 2512 2732 2700 2789; x_wconf 85' lang='lat' dir='ltr'><strong>oculus</strong></span> <span class='ocrx_word' id='word_1_624' title='bbox 2746 2734 2977 2802; x_wconf 86' lang='lat' dir='ltr'><strong>quiescit</strong></span> <span class='ocrx_word' id='word_1_625' title='bbox 3012 2735 3066 2788; x_wconf 92' lang='lat' dir='ltr'><strong>in</strong></span> <span class='ocrx_word' id='word_1_626' title='bbox 3096 2735 3332 2805; x_wconf 64' lang='lat' dir='ltr'><strong>magum,</strong></span> <span class='ocrx_word' id='word_1_627' title='bbox 3361 2738 3452 2791; x_wconf 86' lang='lat' dir='ltr'><strong>sed</strong></span> <span class='ocrx_word' id='word_1_628' title='bbox 3478 2738 3532 2791; x_wconf 82' lang='lat' dir='ltr'><strong>in</strong></span> 
     </span>
    </p>
   </div>
   <div class='ocr_carea' id='block_1_88' title="bbox 1957 2816 3535 2894">
    <p class='ocr_par' dir='ltr' id='par_1_88' title="bbox 1957 2816 3535 2894">
     <span class='ocr_line' id='line_1_88' title="bbox 1957 2816 3535 2894; baseline 0.004 -23"><span class='ocrx_word' id='word_1_629' title='bbox 1957 2816 2151 2887; x_wconf 89' lang='lat' dir='ltr'><strong>impios</strong></span> <span class='ocrx_word' id='word_1_630' title='bbox 2196 2818 2452 2873; x_wconf 89' lang='lat' dir='ltr'><strong>ultionem</strong></span> <span class='ocrx_word' id='word_1_631' title='bbox 2498 2835 2597 2890; x_wconf 91' lang='lat' dir='ltr'><strong>per</strong></span> <span class='ocrx_word' id='word_1_632' title='bbox 2639 2836 2702 2875; x_wconf 91' lang='lat' dir='ltr'><strong>ea</strong></span> <span class='ocrx_word' id='word_1_633' title='bbox 2750 2821 2863 2890; x_wconf 90' lang='lat' dir='ltr'><strong>ipsa</strong></span> <span class='ocrx_word' id='word_1_634' title='bbox 2901 2838 3023 2892; x_wconf 80' lang='lat' dir='ltr'><strong>qua:</strong></span> <span class='ocrx_word' id='word_1_635' title='bbox 3054 2823 3152 2877; x_wconf 88' lang='lat' dir='ltr'><strong>sibi</strong></span> <span class='ocrx_word' id='word_1_636' title='bbox 3204 2823 3256 2877; x_wconf 92' lang='lat' dir='ltr'><strong>in</strong></span> <span class='ocrx_word' id='word_1_637' title='bbox 3284 2825 3535 2894; x_wconf 87' lang='lat' dir='ltr'><strong>perjuriis</strong></span> 
     </span>
    </p>
   </div>
   <div class='ocr_carea' id='block_1_89' title="bbox 1955 2909 3535 2982">
    <p class='ocr_par' dir='ltr' id='par_1_89' title="bbox 1955 2909 3535 2982">
     <span class='ocr_line' id='line_1_89' title="bbox 1955 2909 3535 2982; baseline 0.005 -21"><span class='ocrx_word' id='word_1_638' title='bbox 1955 2915 2260 2962; x_wconf 87' lang='lat' dir='ltr'><strong>statuerant</strong></span> <span class='ocrx_word' id='word_1_639' title='bbox 2298 2909 2583 2965; x_wconf 87' lang='lat' dir='ltr'><strong>maledicta</strong></span> <span class='ocrx_word' id='word_1_640' title='bbox 2630 2911 2868 2966; x_wconf 89' lang='lat' dir='ltr'><strong>molitur.</strong></span> <span class='ocrx_word' id='word_1_641' title='bbox 2905 2911 3118 2967; x_wconf 83' lang='lat' dir='ltr'><strong>Primus</strong></span> <span class='ocrx_word' id='word_1_642' title='bbox 3161 2926 3394 2982; x_wconf 83' lang='lat' dir='ltr'><strong>namque</strong></span> <span class='ocrx_word' id='word_1_643' title='bbox 3445 2914 3535 2969; x_wconf 89' lang='lat' dir='ltr'><strong>ille</strong></span> 
     </span>
    </p>
   </div>
   <div class='ocr_carea' id='block_1_90' title="bbox 1957 2996 3529 3071">
    <p class='ocr_par' dir='ltr' id='par_1_90' title="bbox 1957 2996 3529 3071">
     <span class='ocr_line' id='line_1_90' title="bbox 1957 2996 3529 3071; baseline 0.004 -19"><span class='ocrx_word' id='word_1_644' title='bbox 1957 2996 2134 3062; x_wconf 75' lang='lat' dir='ltr'><strong>testis,</strong></span> <span class='ocrx_word' id='word_1_645' title='bbox 2166 3012 2330 3068; x_wconf 89' lang='lat' dir='ltr'><strong>parva</strong></span> <span class='ocrx_word' id='word_1_646' title='bbox 2360 2998 2498 3070; x_wconf 88' lang='lat' dir='ltr'><strong>ignis</strong></span> <span class='ocrx_word' id='word_1_647' title='bbox 2519 2999 2751 3056; x_wconf 81' lang='lat' dir='ltr'><strong>scintilla</strong></span> <span class='ocrx_word' id='word_1_648' title='bbox 2782 3002 2956 3056; x_wconf 91' lang='lat' dir='ltr'><strong>noctis</strong></span> <span class='ocrx_word' id='word_1_649' title='bbox 2987 3011 3227 3071; x_wconf 88' lang='lat' dir='ltr'><strong>tempore</strong></span> <span class='ocrx_word' id='word_1_650' title='bbox 3250 3002 3407 3057; x_wconf 87' lang='lat' dir='ltr'><strong>domo</strong></span> <span class='ocrx_word' id='word_1_651' title='bbox 3432 3019 3529 3058; x_wconf 89' lang='lat' dir='ltr'><strong>sua</strong></span> 
     </span>
    </p>
   </div>
   <div class='ocr_carea' id='block_1_91' title="bbox 1956 3091 3535 3161">
    <p class='ocr_par' dir='ltr' id='par_1_91' title="bbox 1956 3091 3535 3161">
     <span class='ocr_line' id='line_1_91' title="bbox 1956 3091 3535 3161; baseline 0.005 -20"><span class='ocrx_word' id='word_1_652' title='bbox 1956 3103 2234 3154; x_wconf 89' lang='lat' dir='ltr'><strong>succensa,</strong></span> <span class='ocrx_word' id='word_1_653' title='bbox 2263 3105 2384 3144; x_wconf 90' lang='lat' dir='ltr'><strong>cum</strong></span> <span class='ocrx_word' id='word_1_654' title='bbox 2406 3091 2553 3144; x_wconf 89' lang='lat' dir='ltr'><strong>omni</strong></span> <span class='ocrx_word' id='word_1_655' title='bbox 2584 3106 2782 3161; x_wconf 80' lang='lat' dir='ltr'><strong>genere</strong></span> <span class='ocrx_word' id='word_1_656' title='bbox 2802 3092 3055 3161; x_wconf 88' lang='lat' dir='ltr'><strong>omnique</strong></span> <span class='ocrx_word' id='word_1_657' title='bbox 3079 3091 3278 3147; x_wconf 87' lang='lat' dir='ltr'><strong>familia</strong></span> <span class='ocrx_word' id='word_1_658' title='bbox 3304 3095 3535 3150; x_wconf 80' lang='lat' dir='ltr'><strong>flammis</strong></span> 
     </span>
    </p>
   </div>
   <div class='ocr_carea' id='block_1_92' title="bbox 1954 3178 3531 3253">
    <p class='ocr_par' dir='ltr' id='par_1_92' title="bbox 1954 3178 3531 3253">
     <span class='ocr_line' id='line_1_92' title="bbox 1954 3178 3531 3253; baseline 0.006 -23"><span class='ocrx_word' id='word_1_659' title='bbox 1954 3178 2237 3234; x_wconf 89' lang='lat' dir='ltr'><strong>ultricibus</strong></span> <span class='ocrx_word' id='word_1_660' title='bbox 2256 3179 2647 3252; x_wconf 81' lang='lat' dir='ltr'><strong>conflagratur;</strong></span> <span class='ocrx_word' id='word_1_661' title='bbox 2669 3182 2805 3236; x_wconf 83' lang='lat' dir='ltr'><strong>alius</strong></span> <span class='ocrx_word' id='word_1_662' title='bbox 2832 3192 3047 3252; x_wconf 80' lang='lat' dir='ltr'><strong>repente</strong></span> <span class='ocrx_word' id='word_1_663' title='bbox 3075 3183 3144 3237; x_wconf 90' lang='lat' dir='ltr'><strong>ab</strong></span> <span class='ocrx_word' id='word_1_664' title='bbox 3170 3184 3291 3237; x_wconf 89' lang='lat' dir='ltr'><strong>imis</strong></span> <span class='ocrx_word' id='word_1_665' title='bbox 3308 3184 3531 3253; x_wconf 87' lang='lat' dir='ltr'><strong>pedibus</strong></span> 
     </span>
    </p>
   </div>
   <div class='ocr_carea' id='block_1_93' title="bbox 1953 3266 3531 3348">
    <p class='ocr_par' dir='ltr' id='par_1_93' title="bbox 1953 3266 3531 3348">
     <span class='ocr_line' id='line_1_93' title="bbox 1953 3266 3531 3348; baseline 0.005 -25"><span class='ocrx_word' id='word_1_666' title='bbox 1953 3266 2124 3340; x_wconf 81' lang='lat' dir='ltr'><strong>usque</strong></span> <span class='ocrx_word' id='word_1_667' title='bbox 2160 3271 2226 3325; x_wconf 88' lang='lat' dir='ltr'><strong>ad</strong></span> <span class='ocrx_word' id='word_1_668' title='bbox 2259 3288 2527 3328; x_wconf 89' lang='lat' dir='ltr'><strong>smnmum</strong></span> <span class='ocrx_word' id='word_1_669' title='bbox 2578 3274 2774 3344; x_wconf 88' lang='lat' dir='ltr'><strong>capitis</strong></span> <span class='ocrx_word' id='word_1_670' title='bbox 2810 3276 3067 3329; x_wconf 85' lang='lat' dir='ltr'><strong>verticem</strong></span> <span class='ocrx_word' id='word_1_671' title='bbox 3116 3277 3304 3330; x_wconf 86' lang='lat' dir='ltr'><strong>morbo</strong></span> <span class='ocrx_word' id='word_1_672' title='bbox 3358 3278 3531 3348; x_wconf 85' lang='lat' dir='ltr'><strong>regio,</strong></span> 
     </span>
    </p>
   </div>
   <div class='ocr_carea' id='block_1_94' title="bbox 1951 3360 3526 3435">
    <p class='ocr_par' dir='ltr' id='par_1_94' title="bbox 1951 3360 3526 3435">
     <span class='ocr_line' id='line_1_94' title="bbox 1951 3360 3526 3435; baseline 0.004 -20"><span class='ocrx_word' id='word_1_673' title='bbox 1951 3362 2094 3431; x_wconf 88' lang='lat' dir='ltr'><strong>quod</strong></span> <span class='ocrx_word' id='word_1_674' title='bbox 2115 3360 2291 3417; x_wconf 88' lang='lat' dir='ltr'><strong>fuerat</strong></span> <span class='ocrx_word' id='word_1_675' title='bbox 2316 3363 2664 3433; x_wconf 86' lang='lat' dir='ltr'><strong>imprecatus,</strong></span> <span class='ocrx_word' id='word_1_676' title='bbox 2706 3366 2941 3434; x_wconf 80' lang='lat' dir='ltr'><strong>repletur</strong></span> <span class='ocrx_word' id='word_1_677' title='bbox 2981 3375 3142 3435; x_wconf 87' lang='lat' dir='ltr'><strong>atque</strong></span> <span class='ocrx_word' id='word_1_678' title='bbox 3172 3368 3526 3422; x_wconf 86' lang='lat' dir='ltr'><strong>consumitur.</strong></span> 
     </span>
    </p>
   </div>
   <div class='ocr_carea' id='block_1_95' title="bbox 1954 3448 3545 3522">
    <p class='ocr_par' dir='ltr' id='par_1_95' title="bbox 1954 3448 3545 3522">
     <span class='ocr_line' id='line_1_95' title="bbox 1954 3448 3545 3522; baseline 0.006 -20"><span class='ocrx_word' id='word_1_679' title='bbox 1954 3448 2171 3505; x_wconf 85' lang='lat' dir='ltr'><strong>Tertius</strong></span> <span class='ocrx_word' id='word_1_680' title='bbox 2195 3461 2376 3506; x_wconf 89' lang='lat' dir='ltr'><strong>autem</strong></span> <span class='ocrx_word' id='word_1_681' title='bbox 2407 3455 2644 3522; x_wconf 89' lang='lat' dir='ltr'><strong>priorum</strong></span> <span class='ocrx_word' id='word_1_682' title='bbox 2662 3456 2886 3509; x_wconf 88' lang='lat' dir='ltr'><strong>exitimn</strong></span> <span class='ocrx_word' id='word_1_683' title='bbox 2920 3456 3121 3520; x_wconf 83' lang='lat' dir='ltr'><strong>videns,</strong></span> <span class='ocrx_word' id='word_1_684' title='bbox 3137 3465 3190 3510; x_wconf 88' lang='lat' dir='ltr'><strong>et</strong></span> <span class='ocrx_word' id='word_1_685' title='bbox 3206 3456 3422 3510; x_wconf 86' lang='lat' dir='ltr'><strong>oculum</strong></span> <span class='ocrx_word' id='word_1_686' title='bbox 3448 3450 3545 3511; x_wconf 44' lang='lat' dir='ltr'><strong>di?</strong></span> 
     </span>
    </p>
   </div>
   <div class='ocr_carea' id='block_1_96' title="bbox 1953 3539 3528 3614">
    <p class='ocr_par' dir='ltr' id='par_1_96' title="bbox 1953 3539 3528 3614">
     <span class='ocr_line' id='line_1_96' title="bbox 1953 3539 3528 3614; baseline 0.007 -24"><span class='ocrx_word' id='word_1_687' title='bbox 1953 3539 2133 3593; x_wconf 87' lang='lat' dir='ltr'><strong>vinum</strong></span> <span class='ocrx_word' id='word_1_688' title='bbox 2164 3557 2272 3594; x_wconf 90' lang='lat' dir='ltr'><strong>non</strong></span> <span class='ocrx_word' id='word_1_689' title='bbox 2294 3556 2353 3596; x_wconf 87' lang='lat' dir='ltr'><strong>se</strong></span> <span class='ocrx_word' id='word_1_690' title='bbox 2383 3542 2602 3597; x_wconf 88' lang='lat' dir='ltr'><strong>latuisse</strong></span> <span class='ocrx_word' id='word_1_691' title='bbox 2628 3545 2976 3614; x_wconf 78' lang='lat' dir='ltr'><strong>perSpiciens,</strong></span> <span class='ocrx_word' id='word_1_692' title='bbox 3012 3548 3314 3614; x_wconf 87' lang='lat' dir='ltr'><strong>prorumpit</strong></span> <span class='ocrx_word' id='word_1_693' title='bbox 3342 3547 3393 3600; x_wconf 90' lang='lat' dir='ltr'><strong>iu</strong></span> <span class='ocrx_word' id='word_1_694' title='bbox 3418 3563 3528 3601; x_wconf 82' lang='lat' dir='ltr'><strong>me-</strong></span> 
     </span>
    </p>
   </div>
   <div class='ocr_carea' id='block_1_97' title="bbox 1952 3622 3528 3706">
    <p class='ocr_par' dir='ltr' id='par_1_97' title="bbox 1952 3622 3528 3706">
     <span class='ocr_line' id='line_1_97' title="bbox 1952 3622 3528 3706; baseline 0.005 -23"><span class='ocrx_word' id='word_1_695' title='bbox 1952 3630 2117 3691; x_wconf 89' lang='lat' dir='ltr'><strong>dium,</strong></span> <span class='ocrx_word' id='word_1_696' title='bbox 2156 3640 2211 3685; x_wconf 92' lang='lat' dir='ltr'><strong>et</strong></span> <span class='ocrx_word' id='word_1_697' title='bbox 2243 3632 2586 3687; x_wconf 90' lang='lat' dir='ltr'><strong>audientibus</strong></span> <span class='ocrx_word' id='word_1_698' title='bbox 2608 3636 2842 3700; x_wconf 86' lang='lat' dir='ltr'><strong>cunctis,</strong></span> <span class='ocrx_word' id='word_1_699' title='bbox 2874 3651 2993 3690; x_wconf 89' lang='lat' dir='ltr'><strong>sera</strong></span> <span class='ocrx_word' id='word_1_700' title='bbox 3027 3636 3364 3706; x_wconf 65' lang='lat' dir='ltr'><strong>paenitentia,</strong></span> <span class='ocrx_word' id='word_1_701' title='bbox 3414 3622 3528 3691; x_wconf 86' lang='lat' dir='ltr'><strong>uni-</strong></span> 
     </span>
    </p>
   </div>
   <div class='ocr_carea' id='block_1_98' title="bbox 1950 3721 3526 3793">
    <p class='ocr_par' dir='ltr' id='par_1_98' title="bbox 1950 3721 3526 3793">
     <span class='ocr_line' id='line_1_98' title="bbox 1950 3721 3526 3793; baseline 0.007 -23"><span class='ocrx_word' id='word_1_702' title='bbox 1950 3733 2163 3773; x_wconf 85' lang='lat' dir='ltr'><strong>versum</strong></span> <span class='ocrx_word' id='word_1_703' title='bbox 2191 3721 2500 3775; x_wconf 88' lang='lat' dir='ltr'><strong>concinnati</strong></span> <span class='ocrx_word' id='word_1_704' title='bbox 2547 3723 2767 3779; x_wconf 80' lang='lat' dir='ltr'><strong>sceleris</strong></span> <span class='ocrx_word' id='word_1_705' title='bbox 2804 3724 3049 3779; x_wconf 86' lang='lat' dir='ltr'><strong>ordinem</strong></span> <span class='ocrx_word' id='word_1_706' title='bbox 3082 3725 3287 3793; x_wconf 80' lang='lat' dir='ltr'><strong>pandit.</strong></span> <span class='ocrx_word' id='word_1_707' title='bbox 3337 3725 3526 3781; x_wconf 88' lang='lat' dir='ltr'><strong>Tantis</strong></span> 
     </span>
    </p>
   </div>
   <div class='ocr_carea' id='block_1_99' title="bbox 1951 3808 3523 3881">
    <p class='ocr_par' dir='ltr' id='par_1_99' title="bbox 1951 3808 3523 3881">
     <span class='ocr_line' id='line_1_99' title="bbox 1951 3808 3523 3881; baseline 0.003 -21"><span class='ocrx_word' id='word_1_708' title='bbox 1951 3815 2130 3862; x_wconf 87' lang='lat' dir='ltr'><strong>autem</strong></span> <span class='ocrx_word' id='word_1_709' title='bbox 2174 3808 2430 3881; x_wconf 90' lang='lat' dir='ltr'><strong>lacrymis</strong></span> <span class='ocrx_word' id='word_1_710' title='bbox 2460 3810 2711 3865; x_wconf 90' lang='lat' dir='ltr'><strong>immanis</strong></span> <span class='ocrx_word' id='word_1_711' title='bbox 2745 3812 3019 3867; x_wconf 90' lang='lat' dir='ltr'><strong>commissi</strong></span> <span class='ocrx_word' id='word_1_712' title='bbox 3064 3811 3302 3867; x_wconf 87' lang='lat' dir='ltr'><strong>facinora</strong></span> <span class='ocrx_word' id='word_1_713' title='bbox 3345 3812 3523 3875; x_wconf 83' lang='lat' dir='ltr'><strong>deﬂet,</strong></span> 
     </span>
    </p>
   </div>
   <div class='ocr_carea' id='block_1_100' title="bbox 1948 3901 3524 3973">
    <p class='ocr_par' dir='ltr' id='par_1_100' title="bbox 1948 3901 3524 3973">
     <span class='ocr_line' id='line_1_100' title="bbox 1948 3901 3524 3973; baseline 0.004 -20"><span class='ocrx_word' id='word_1_714' title='bbox 1948 3908 2005 3954; x_wconf 92' lang='lat' dir='ltr'><strong>et</strong></span> <span class='ocrx_word' id='word_1_715' title='bbox 2047 3907 2226 3956; x_wconf 89' lang='lat' dir='ltr'><strong>tamen</strong></span> <span class='ocrx_word' id='word_1_716' title='bbox 2260 3901 2378 3966; x_wconf 92' lang='lat' dir='ltr'><strong>die,</strong></span> <span class='ocrx_word' id='word_1_717' title='bbox 2422 3910 2696 3972; x_wconf 89' lang='lat' dir='ltr'><strong>noctuque</strong></span> <span class='ocrx_word' id='word_1_718' title='bbox 2718 3904 2975 3972; x_wconf 85' lang='lat' dir='ltr'><strong>perdurat</strong></span> <span class='ocrx_word' id='word_1_719' title='bbox 3014 3903 3066 3957; x_wconf 93' lang='lat' dir='ltr'><strong>in</strong></span> <span class='ocrx_word' id='word_1_720' title='bbox 3096 3901 3326 3968; x_wconf 84' lang='lat' dir='ltr'><strong>ﬂetibus,</strong></span> <span class='ocrx_word' id='word_1_721' title='bbox 3354 3919 3524 3973; x_wconf 87' lang='lat' dir='ltr'><strong>usque</strong></span> 
     </span>
    </p>
   </div>
   <div class='ocr_carea' id='block_1_101' title="bbox 1948 3988 3518 4061">
    <p class='ocr_par' dir='ltr' id='par_1_101' title="bbox 1948 3988 3518 4061">
     <span class='ocr_line' id='line_1_101' title="bbox 1948 3988 3518 4061; baseline 0.004 -19"><span class='ocrx_word' id='word_1_722' title='bbox 1948 4004 2056 4057; x_wconf 92' lang='lat' dir='ltr'><strong>quo</strong></span> <span class='ocrx_word' id='word_1_723' title='bbox 2080 3988 2373 4044; x_wconf 88' lang='lat' dir='ltr'><strong>luminibus</strong></span> <span class='ocrx_word' id='word_1_724' title='bbox 2396 3991 2703 4045; x_wconf 90' lang='lat' dir='ltr'><strong>orharetur.</strong></span> <span class='ocrx_word' id='word_1_725' title='bbox 2735 3989 2800 4046; x_wconf 82' lang='lat' dir='ltr'><strong>Hi</strong></span> <span class='ocrx_word' id='word_1_726' title='bbox 2826 3991 2992 4061; x_wconf 90' lang='lat' dir='ltr'><strong>igitur</strong></span> <span class='ocrx_word' id='word_1_727' title='bbox 3021 3992 3237 4061; x_wconf 88' lang='lat' dir='ltr'><strong>quidem</strong></span> <span class='ocrx_word' id='word_1_728' title='bbox 3282 3990 3518 4061; x_wconf 78' lang='lat' dir='ltr'><strong>figmenti</strong></span> 
     </span>
    </p>
   </div>
   <div class='ocr_carea' id='block_1_102' title="bbox 1947 4077 3061 4149">
    <p class='ocr_par' dir='ltr' id='par_1_102' title="bbox 1947 4077 3061 4149">
     <span class='ocr_line' id='line_1_102' title="bbox 1947 4077 3061 4149; baseline 0.004 -17"><span class='ocrx_word' id='word_1_729' title='bbox 1947 4079 2031 4132; x_wconf 91' lang='lat' dir='ltr'><strong>sui</strong></span> <span class='ocrx_word' id='word_1_730' title='bbox 2060 4077 2429 4146; x_wconf 87' lang='lat' dir='ltr'><strong>hujuscemodi</strong></span> <span class='ocrx_word' id='word_1_731' title='bbox 2454 4093 2644 4149; x_wconf 73' lang='lat' dir='ltr'><strong>pmnas</strong></span> <span class='ocrx_word' id='word_1_732' title='bbox 2676 4081 2961 4137; x_wconf 89' lang='lat' dir='ltr'><strong>dederunt.</strong></span> <span class='ocrx_word' id='word_1_733' title='bbox 3056 4090 3061 4095; x_wconf 76' lang='lat'><strong>‘</strong></span> 
     </span>
    </p>
   </div>
   <div class='ocr_carea' id='block_1_103' title="bbox 2016 4169 3521 4245">
    <p class='ocr_par' dir='ltr' id='par_1_103' title="bbox 2016 4169 3521 4245">
     <span class='ocr_line' id='line_1_103' title="bbox 2016 4169 3521 4245; baseline 0.007 -21"><span class='ocrx_word' id='word_1_734' title='bbox 2016 4170 2183 4241; x_wconf 87' lang='lat' dir='ltr'><strong>Igitur</strong></span> <span class='ocrx_word' id='word_1_735' title='bbox 2207 4169 2495 4227; x_wconf 87' lang='lat' dir='ltr'><strong>Narcissus</strong></span> <span class='ocrx_word' id='word_1_736' title='bbox 2519 4171 2816 4227; x_wconf 87' lang='lat' dir='ltr'><strong>solitariam</strong></span> <span class='ocrx_word' id='word_1_737' title='bbox 2863 4187 2928 4228; x_wconf 90' lang='lat' dir='ltr'><strong>ac</strong></span> <span class='ocrx_word' id='word_1_738' title='bbox 2968 4174 3393 4245; x_wconf 88' lang='lat' dir='ltr'><strong>philosophicam</strong></span> <span class='ocrx_word' id='word_1_739' title='bbox 3423 4180 3521 4234; x_wconf 86' lang='lat' dir='ltr'><strong>du-</strong></span> 
     </span>
    </p>
   </div>
   <div class='ocr_carea' id='block_1_104' title="bbox 1946 4260 3518 4339">
    <p class='ocr_par' dir='ltr' id='par_1_104' title="bbox 1946 4260 3518 4339">
     <span class='ocr_line' id='line_1_104' title="bbox 1946 4260 3518 4339; baseline 0.006 -24"><span class='ocrx_word' id='word_1_740' title='bbox 1946 4275 2074 4315; x_wconf 87' lang='lat' dir='ltr'><strong>cens</strong></span> <span class='ocrx_word' id='word_1_741' title='bbox 2102 4260 2288 4325; x_wconf 89' lang='lat' dir='ltr'><strong>vitam,</strong></span> <span class='ocrx_word' id='word_1_742' title='bbox 2313 4276 2594 4331; x_wconf 91' lang='lat' dir='ltr'><strong>quousque</strong></span> <span class='ocrx_word' id='word_1_743' title='bbox 2620 4268 2729 4317; x_wconf 90' lang='lat' dir='ltr'><strong>tres</strong></span> <span class='ocrx_word' id='word_1_744' title='bbox 2750 4264 3122 4321; x_wconf 79' lang='lat' dir='ltr'><strong>successiones</strong></span> <span class='ocrx_word' id='word_1_745' title='bbox 3145 4267 3518 4339; x_wconf 88' lang='lat' dir='ltr'><strong>episcoporum</strong></span> 
     </span>
    </p>
   </div>
   <div class='ocr_carea' id='block_1_105' title="bbox 1870 4349 3520 4444">
    <p class='ocr_par' dir='ltr' id='par_1_105' title="bbox 1870 4349 3520 4444">
     <span class='ocr_line' id='line_1_105' title="bbox 1870 4349 3520 4444; baseline 0.007 -42"><span class='ocrx_word' id='word_1_746' title='bbox 1870 4385 1921 4444; x_wconf 68' lang='grc' dir='ltr'><strong>Β</strong></span> <span class='ocrx_word' id='word_1_747' title='bbox 1947 4363 2045 4403; x_wconf 92' lang='lat' dir='ltr'><strong>suo</strong></span> <span class='ocrx_word' id='word_1_748' title='bbox 2070 4356 2390 4418; x_wconf 88' lang='lat' dir='ltr'><strong>rogarentur</strong></span> <span class='ocrx_word' id='word_1_749' title='bbox 2416 4351 2470 4405; x_wconf 89' lang='lat' dir='ltr'><strong>in</strong></span> <span class='ocrx_word' id='word_1_750' title='bbox 2497 4349 2633 4405; x_wconf 92' lang='lat' dir='ltr'><strong>loco.</strong></span> <span class='ocrx_word' id='word_1_751' title='bbox 2685 4349 2970 4408; x_wconf 87' lang='lat' dir='ltr'><strong>Narcissus</strong></span> <span class='ocrx_word' id='word_1_752' title='bbox 2994 4369 3125 4410; x_wconf 85' lang='lat' dir='ltr'><strong>vero</strong></span> <span class='ocrx_word' id='word_1_753' title='bbox 3172 4370 3293 4410; x_wconf 90' lang='lat' dir='ltr'><strong>cum</strong></span> <span class='ocrx_word' id='word_1_754' title='bbox 3323 4358 3394 4411; x_wconf 85' lang='lat' dir='ltr'><strong>ita</strong></span> <span class='ocrx_word' id='word_1_755' title='bbox 3428 4360 3520 4413; x_wconf 86' lang='lat' dir='ltr'><strong>de-</strong></span> 
     </span>
    </p>
   </div>
   <div class='ocr_carea' id='block_1_106' title="bbox 1945 4441 3517 4514">
    <p class='ocr_par' dir='ltr' id='par_1_106' title="bbox 1945 4441 3517 4514">
     <span class='ocr_line' id='line_1_106' title="bbox 1945 4441 3517 4514; baseline 0.006 -19"><span class='ocrx_word' id='word_1_756' title='bbox 1945 4448 2149 4495; x_wconf 92' lang='lat' dir='ltr'><strong>sertum</strong></span> <span class='ocrx_word' id='word_1_757' title='bbox 2168 4441 2391 4509; x_wconf 90' lang='lat' dir='ltr'><strong>petisset</strong></span> <span class='ocrx_word' id='word_1_758' title='bbox 2402 4454 2464 4495; x_wconf 90' lang='lat' dir='ltr'><strong>ac</strong></span> <span class='ocrx_word' id='word_1_759' title='bbox 2481 4441 2615 4497; x_wconf 90' lang='lat' dir='ltr'><strong>locis</strong></span> <span class='ocrx_word' id='word_1_760' title='bbox 2630 4452 2797 4498; x_wconf 89' lang='lat' dir='ltr'><strong>semet</strong></span> <span class='ocrx_word' id='word_1_761' title='bbox 2811 4445 3517 4514; x_wconf 86' lang='lat' dir='ltr'><strong>secretioribusabdidisset,</strong></span> 
     </span>
    </p>
   </div>
   <div class='ocr_carea' id='block_1_107' title="bbox 1946 4528 3513 4603">
    <p class='ocr_par' dir='ltr' id='par_1_107' title="bbox 1946 4528 3513 4603">
     <span class='ocr_line' id='line_1_107' title="bbox 1946 4528 3513 4603; baseline 0.006 -21"><span class='ocrx_word' id='word_1_762' title='bbox 1946 4537 2005 4582; x_wconf 90' lang='lat' dir='ltr'><strong>ut</strong></span> <span class='ocrx_word' id='word_1_763' title='bbox 2044 4528 2262 4583; x_wconf 90' lang='lat' dir='ltr'><strong>ubinam</strong></span> <span class='ocrx_word' id='word_1_764' title='bbox 2305 4529 2527 4601; x_wconf 85' lang='lat' dir='ltr'><strong>degeret</strong></span> <span class='ocrx_word' id='word_1_765' title='bbox 2569 4531 2747 4585; x_wconf 86' lang='lat' dir='ltr'><strong>nullus</strong></span> <span class='ocrx_word' id='word_1_766' title='bbox 2775 4541 3110 4603; x_wconf 87' lang='lat' dir='ltr'><strong>agnosceret,</strong></span> <span class='ocrx_word' id='word_1_767' title='bbox 3148 4537 3513 4592; x_wconf 86' lang='lat' dir='ltr'><strong>necessarium</strong></span> 
     </span>
    </p>
   </div>
   <div class='ocr_carea' id='block_1_108' title="bbox 1945 4618 3515 4694">
    <p class='ocr_par' dir='ltr' id='par_1_108' title="bbox 1945 4618 3515 4694">
     <span class='ocr_line' id='line_1_108' title="bbox 1945 4618 3515 4694; baseline 0.005 -22"><span class='ocrx_word' id='word_1_768' title='bbox 1945 4618 2119 4673; x_wconf 85' lang='lat' dir='ltr'><strong>visum</strong></span> <span class='ocrx_word' id='word_1_769' title='bbox 2150 4627 2231 4673; x_wconf 89' lang='lat' dir='ltr'><strong>est</strong></span> <span class='ocrx_word' id='word_1_770' title='bbox 2261 4620 2527 4689; x_wconf 88' lang='lat' dir='ltr'><strong>episcopis</strong></span> <span class='ocrx_word' id='word_1_771' title='bbox 2565 4628 2624 4674; x_wconf 92' lang='lat' dir='ltr'><strong>ut</strong></span> <span class='ocrx_word' id='word_1_772' title='bbox 2668 4618 2832 4675; x_wconf 86' lang='lat' dir='ltr'><strong>alium</strong></span> <span class='ocrx_word' id='word_1_773' title='bbox 2879 4636 2981 4691; x_wconf 80' lang='lat' dir='ltr'><strong>pro</strong></span> <span class='ocrx_word' id='word_1_774' title='bbox 3016 4624 3131 4694; x_wconf 90' lang='lat' dir='ltr'><strong>ipso</strong></span> <span class='ocrx_word' id='word_1_775' title='bbox 3178 4626 3515 4692; x_wconf 87' lang='lat' dir='ltr'><strong>ordinarent,</strong></span> 
     </span>
    </p>
   </div>
   <div class='ocr_carea' id='block_1_109' title="bbox 1945 4708 3519 4783">
    <p class='ocr_par' dir='ltr' id='par_1_109' title="bbox 1945 4708 3519 4783">
     <span class='ocr_line' id='line_1_109' title="bbox 1945 4708 3519 4783; baseline 0.004 -22"><span class='ocrx_word' id='word_1_776' title='bbox 1945 4708 2031 4762; x_wconf 92' lang='lat' dir='ltr'><strong>cui</strong></span> <span class='ocrx_word' id='word_1_777' title='bbox 2058 4723 2253 4762; x_wconf 90' lang='lat' dir='ltr'><strong>nomen</strong></span> <span class='ocrx_word' id='word_1_778' title='bbox 2283 4717 2402 4763; x_wconf 89' lang='lat' dir='ltr'><strong>erat</strong></span> <span class='ocrx_word' id='word_1_779' title='bbox 2426 4710 2577 4764; x_wconf 90' lang='lat' dir='ltr'><strong>Dius.</strong></span> <span class='ocrx_word' id='word_1_780' title='bbox 2607 4709 2709 4777; x_wconf 83' lang='lat' dir='ltr'><strong>Qui</strong></span> <span class='ocrx_word' id='word_1_781' title='bbox 2740 4725 2862 4765; x_wconf 89' lang='lat' dir='ltr'><strong>cmn</strong></span> <span class='ocrx_word' id='word_1_782' title='bbox 2905 4727 3072 4781; x_wconf 83' lang='lat' dir='ltr'><strong>parvo</strong></span> <span class='ocrx_word' id='word_1_783' title='bbox 3112 4721 3351 4782; x_wconf 87' lang='lat' dir='ltr'><strong>tempore</strong></span> <span class='ocrx_word' id='word_1_784' title='bbox 3380 4728 3519 4783; x_wconf 81' lang='lat' dir='ltr'><strong>prac-</strong></span> 
     </span>
    </p>
   </div>
   <div class='ocr_carea' id='block_1_110' title="bbox 1945 4796 3517 4863">
    <p class='ocr_par' dir='ltr' id='par_1_110' title="bbox 1945 4796 3517 4863">
     <span class='ocr_line' id='line_1_110' title="bbox 1945 4796 3517 4863; baseline 0.005 -14"><span class='ocrx_word' id='word_1_785' title='bbox 1945 4796 2135 4851; x_wconf 89' lang='lat' dir='ltr'><strong>fuisset</strong></span> <span class='ocrx_word' id='word_1_786' title='bbox 2180 4796 2453 4863; x_wconf 69' lang='lat' dir='ltr'><strong>Ecclesiae,</strong></span> <span class='ocrx_word' id='word_1_787' title='bbox 2482 4799 2721 4853; x_wconf 89' lang='lat' dir='ltr'><strong>succedit</strong></span> <span class='ocrx_word' id='word_1_788' title='bbox 2762 4798 3091 4863; x_wconf 86' lang='lat' dir='ltr'><strong>Germanus,</strong></span> <span class='ocrx_word' id='word_1_789' title='bbox 3142 4811 3200 4856; x_wconf 94' lang='lat' dir='ltr'><strong>et</strong></span> <span class='ocrx_word' id='word_1_790' title='bbox 3244 4802 3517 4858; x_wconf 85' lang='lat' dir='ltr'><strong>Germano</strong></span> 
     </span>
    </p>
   </div>
   <div class='ocr_carea' id='block_1_111' title="bbox 1943 4886 3517 4960">
    <p class='ocr_par' dir='ltr' id='par_1_111' title="bbox 1943 4886 3517 4960">
     <span class='ocr_line' id='line_1_111' title="bbox 1943 4886 3517 4960; baseline 0.002 -18"><span class='ocrx_word' id='word_1_791' title='bbox 1943 4886 2254 4959; x_wconf 89' lang='lat' dir='ltr'><strong>Nigordius,</strong></span> <span class='ocrx_word' id='word_1_792' title='bbox 2279 4903 2400 4942; x_wconf 90' lang='lat' dir='ltr'><strong>cum</strong></span> <span class='ocrx_word' id='word_1_793' title='bbox 2434 4903 2564 4943; x_wconf 90' lang='lat' dir='ltr'><strong>ecce</strong></span> <span class='ocrx_word' id='word_1_794' title='bbox 2592 4888 2771 4943; x_wconf 89' lang='lat' dir='ltr'><strong>subito</strong></span> <span class='ocrx_word' id='word_1_795' title='bbox 2794 4889 2940 4942; x_wconf 86' lang='lat' dir='ltr'><strong>velut</strong></span> <span class='ocrx_word' id='word_1_796' title='bbox 2972 4891 3258 4955; x_wconf 86' lang='lat' dir='ltr'><strong>redivivus,</strong></span> <span class='ocrx_word' id='word_1_797' title='bbox 3272 4892 3517 4960; x_wconf 69' lang='lat' dir='ltr'><strong>ueloque</strong></span> 
     </span>
    </p>
   </div>
   <div class='ocr_carea' id='block_1_112' title="bbox 1943 4977 3522 5046">
    <p class='ocr_par' dir='ltr' id='par_1_112' title="bbox 1943 4977 3522 5046">
     <span class='ocr_line' id='line_1_112' title="bbox 1943 4977 3522 5046; baseline 0.001 -14"><span class='ocrx_word' id='word_1_798' title='bbox 1943 4978 2184 5033; x_wconf 84' lang='lat' dir='ltr'><strong>redditus</strong></span> <span class='ocrx_word' id='word_1_799' title='bbox 2217 4994 2285 5032; x_wconf 89' lang='lat' dir='ltr'><strong>ex</strong></span> <span class='ocrx_word' id='word_1_800' title='bbox 2329 4977 2617 5045; x_wconf 87' lang='lat' dir='ltr'><strong>improviso</strong></span> <span class='ocrx_word' id='word_1_801' title='bbox 2639 4977 2889 5046; x_wconf 89' lang='lat' dir='ltr'><strong>apparuit</strong></span> <span class='ocrx_word' id='word_1_802' title='bbox 2916 4977 3218 5045; x_wconf 86' lang='lat' dir='ltr'><strong>Narcissus,</strong></span> <span class='ocrx_word' id='word_1_803' title='bbox 3243 4987 3300 5034; x_wconf 89' lang='lat' dir='ltr'><strong>et</strong></span> <span class='ocrx_word' id='word_1_804' title='bbox 3326 4988 3522 5035; x_wconf 79' lang='lat' dir='ltr'><strong>rursus</strong></span> 
     </span>
    </p>
   </div>
   <div class='ocr_carea' id='block_1_113' title="bbox 1945 5067 3512 5138">
    <p class='ocr_par' dir='ltr' id='par_1_113' title="bbox 1945 5067 3512 5138">
     <span class='ocr_line' id='line_1_113' title="bbox 1945 5067 3512 5138; baseline 0.001 -15"><span class='ocrx_word' id='word_1_805' title='bbox 1945 5083 1975 5123; x_wconf 93' lang='lat' dir='ltr'><strong>a</strong></span> <span class='ocrx_word' id='word_1_806' title='bbox 1997 5068 2251 5123; x_wconf 85' lang='lat' dir='ltr'><strong>fratribus</strong></span> <span class='ocrx_word' id='word_1_807' title='bbox 2276 5069 2342 5123; x_wconf 89' lang='lat' dir='ltr'><strong>ad</strong></span> <span class='ocrx_word' id='word_1_808' title='bbox 2363 5067 2755 5135; x_wconf 69' lang='lat' dir='ltr'><strong>przesidendum</strong></span> <span class='ocrx_word' id='word_1_809' title='bbox 2787 5076 3013 5138; x_wconf 87' lang='lat' dir='ltr'><strong>rogatur</strong></span> <span class='ocrx_word' id='word_1_810' title='bbox 3039 5069 3313 5125; x_wconf 71' lang='lat' dir='ltr'><strong>Ecclesiae.</strong></span> <span class='ocrx_word' id='word_1_811' title='bbox 3346 5070 3512 5125; x_wconf 77' lang='lat' dir='ltr'><strong>Multo</strong></span> 
     </span>
    </p>
   </div>
   <div class='ocr_carea' id='block_1_114' title="bbox 1944 5156 3509 5227">
    <p class='ocr_par' dir='ltr' id='par_1_114' title="bbox 1944 5156 3509 5227">
     <span class='ocr_line' id='line_1_114' title="bbox 1944 5156 3509 5227; baseline 0.002 -16"><span class='ocrx_word' id='word_1_812' title='bbox 1944 5158 2088 5211; x_wconf 90' lang='lat' dir='ltr'><strong>enim</strong></span> <span class='ocrx_word' id='word_1_813' title='bbox 2132 5156 2506 5212; x_wconf 82' lang='lat' dir='ltr'><strong>vehementius</strong></span> <span class='ocrx_word' id='word_1_814' title='bbox 2530 5170 2656 5227; x_wconf 88' lang='lat' dir='ltr'><strong>erga</strong></span> <span class='ocrx_word' id='word_1_815' title='bbox 2706 5171 2830 5212; x_wconf 86' lang='lat' dir='ltr'><strong>eum</strong></span> <span class='ocrx_word' id='word_1_816' title='bbox 2855 5173 3009 5213; x_wconf 88' lang='lat' dir='ltr'><strong>amor</strong></span> <span class='ocrx_word' id='word_1_817' title='bbox 3045 5160 3284 5213; x_wconf 88' lang='lat' dir='ltr'><strong>omnium</strong></span> <span class='ocrx_word' id='word_1_818' title='bbox 3332 5159 3509 5214; x_wconf 84' lang='lat' dir='ltr'><strong>fuerat</strong></span> 
     </span>
    </p>
   </div>
   <div class='ocr_carea' id='block_1_115' title="bbox 1943 5245 3511 5315">
    <p class='ocr_par' dir='ltr' id='par_1_115' title="bbox 1943 5245 3511 5315">
     <span class='ocr_line' id='line_1_115' title="bbox 1943 5245 3511 5315; baseline 0.002 -15"><span class='ocrx_word' id='word_1_819' title='bbox 1943 5248 2221 5312; x_wconf 89' lang='lat' dir='ltr'><strong>incitatus,</strong></span> <span class='ocrx_word' id='word_1_820' title='bbox 2252 5245 2337 5300; x_wconf 85' lang='lat' dir='ltr'><strong>vel</strong></span> <span class='ocrx_word' id='word_1_821' title='bbox 2356 5259 2453 5315; x_wconf 88' lang='lat' dir='ltr'><strong>pro</strong></span> <span class='ocrx_word' id='word_1_822' title='bbox 2482 5261 2548 5301; x_wconf 90' lang='lat' dir='ltr'><strong>eo</strong></span> <span class='ocrx_word' id='word_1_823' title='bbox 2583 5247 2727 5315; x_wconf 90' lang='lat' dir='ltr'><strong>quod</strong></span> <span class='ocrx_word' id='word_1_824' title='bbox 2755 5247 3064 5303; x_wconf 89' lang='lat' dir='ltr'><strong>criminosis</strong></span> <span class='ocrx_word' id='word_1_825' title='bbox 3091 5248 3347 5303; x_wconf 86' lang='lat' dir='ltr'><strong>innocens</strong></span> <span class='ocrx_word' id='word_1_826' title='bbox 3391 5263 3511 5304; x_wconf 83' lang='lat' dir='ltr'><strong>ces-</strong></span> 
     </span>
    </p>
   </div>
   <div class='ocr_carea' id='block_1_116' title="bbox 1943 5337 3508 5408">
    <p class='ocr_par' dir='ltr' id='par_1_116' title="bbox 1943 5337 3508 5408">
     <span class='ocr_line' id='line_1_116' title="bbox 1943 5337 3508 5408; baseline 0 -17"><span class='ocrx_word' id='word_1_827' title='bbox 1943 5337 2033 5401; x_wconf 88' lang='lat' dir='ltr'><strong>sit,</strong></span> <span class='ocrx_word' id='word_1_828' title='bbox 2062 5337 2145 5391; x_wconf 89' lang='lat' dir='ltr'><strong>vel</strong></span> <span class='ocrx_word' id='word_1_829' title='bbox 2176 5338 2317 5407; x_wconf 85' lang='lat' dir='ltr'><strong>quod</strong></span> <span class='ocrx_word' id='word_1_830' title='bbox 2358 5345 2619 5392; x_wconf 84' lang='lat' dir='ltr'><strong>secretam</strong></span> <span class='ocrx_word' id='word_1_831' title='bbox 2665 5345 2719 5392; x_wconf 91' lang='lat' dir='ltr'><strong>et</strong></span> <span class='ocrx_word' id='word_1_832' title='bbox 2760 5337 3185 5408; x_wconf 87' lang='lat' dir='ltr'><strong>philosophicam</strong></span> <span class='ocrx_word' id='word_1_833' title='bbox 3227 5337 3391 5391; x_wconf 88' lang='lat' dir='ltr'><strong>vitam</strong></span> <span class='ocrx_word' id='word_1_834' title='bbox 3429 5337 3508 5392; x_wconf 81' lang='lat' dir='ltr'><strong>di-</strong></span> 
     </span>
    </p>
   </div>
   <div class='ocr_carea' id='block_1_117' title="bbox 1943 5424 3506 5517">
    <p class='ocr_par' dir='ltr' id='par_1_117' title="bbox 1943 5424 3506 5517">
     <span class='ocr_line' id='line_1_117' title="bbox 1943 5424 3506 5517; baseline -0.001 -38"><span class='ocrx_word' id='word_1_835' title='bbox 1943 5425 2088 5487; x_wconf 77' lang='lat' dir='ltr'><strong>lexit,</strong></span> <span class='ocrx_word' id='word_1_836' title='bbox 2113 5435 2168 5480; x_wconf 86' lang='lat' dir='ltr'><strong>et</strong></span> <span class='ocrx_word' id='word_1_837' title='bbox 2193 5426 2335 5493; x_wconf 85' lang='lat' dir='ltr'><strong>quod</strong></span> <span class='ocrx_word' id='word_1_838' title='bbox 2360 5425 2413 5479; x_wconf 87' lang='lat' dir='ltr'><strong>in</strong></span> <span class='ocrx_word' id='word_1_839' title='bbox 2441 5441 2505 5481; x_wconf 93' lang='lat' dir='ltr'><strong>eo</strong></span> <span class='ocrx_word' id='word_1_840' title='bbox 2526 5426 3088 5517; x_wconf 49' lang='lat' dir='ltr'><strong>complevitlDominus</strong></span> <span class='ocrx_word' id='word_1_841' title='bbox 3115 5426 3300 5481; x_wconf 89' lang='lat' dir='ltr'><strong>dicens</strong></span> <span class='ocrx_word' id='word_1_842' title='bbox 3327 5443 3341 5479; x_wconf 90' lang='lat'><strong>:</strong></span> <span class='ocrx_word' id='word_1_843' title='bbox 3374 5424 3506 5479; x_wconf 72' lang='lat' dir='ltr'><strong>Mihi</strong></span> 
     </span>
    </p>
   </div>
   <div class='ocr_carea' id='block_1_118' title="bbox 1942 5515 3500 5585">
    <p class='ocr_par' dir='ltr' id='par_1_118' title="bbox 1942 5515 3500 5585">
     <span class='ocr_line' id='line_1_118' title="bbox 1942 5515 3500 5585; baseline -0.003 -14"><span class='ocrx_word' id='word_1_844' title='bbox 1942 5517 2242 5580; x_wconf 74' lang='lat' dir='ltr'><strong>vindictam,</strong></span> <span class='ocrx_word' id='word_1_845' title='bbox 2267 5533 2358 5585; x_wconf 85' lang='lat' dir='ltr'><strong>ego</strong></span> <span class='ocrx_word' id='word_1_846' title='bbox 2381 5516 2679 5570; x_wconf 80' lang='lat' dir='ltr'><strong>retribuam.</strong></span> <span class='ocrx_word' id='word_1_847' title='bbox 2704 5515 2829 5571; x_wconf 60' lang='lat' dir='ltr'><strong>Hauc</strong></span> <span class='ocrx_word' id='word_1_848' title='bbox 2857 5516 2979 5572; x_wconf 88' lang='lat' dir='ltr'><strong>ideo</strong></span> <span class='ocrx_word' id='word_1_849' title='bbox 3025 5517 3091 5571; x_wconf 91' lang='lat' dir='ltr'><strong>de</strong></span> <span class='ocrx_word' id='word_1_850' title='bbox 3116 5515 3371 5570; x_wconf 87' lang='lat' dir='ltr'><strong>Narcisso</strong></span> <span class='ocrx_word' id='word_1_851' title='bbox 3411 5528 3500 5567; x_wconf 89' lang='lat' dir='ltr'><strong>re—</strong></span> 
     </span>
    </p>
   </div>
   <div class='ocr_carea' id='block_1_119' title="bbox 1943 5602 3505 5677">
    <p class='ocr_par' dir='ltr' id='par_1_119' title="bbox 1943 5602 3505 5677">
     <span class='ocr_line' id='line_1_119' title="bbox 1943 5602 3505 5677; baseline -0.004 -15"><span class='ocrx_word' id='word_1_852' title='bbox 1943 5608 2180 5674; x_wconf 87' lang='lat' dir='ltr'><strong>tulimus,</strong></span> <span class='ocrx_word' id='word_1_853' title='bbox 2233 5607 2358 5677; x_wconf 88' lang='lat' dir='ltr'><strong>quia</strong></span> <span class='ocrx_word' id='word_1_854' title='bbox 2408 5606 2462 5660; x_wconf 93' lang='lat' dir='ltr'><strong>in</strong></span> <span class='ocrx_word' id='word_1_855' title='bbox 2503 5606 2821 5677; x_wconf 86' lang='lat' dir='ltr'><strong>quibusdam</strong></span> <span class='ocrx_word' id='word_1_856' title='bbox 2856 5604 3137 5661; x_wconf 89' lang='lat' dir='ltr'><strong>Chronicis</strong></span> <span class='ocrx_word' id='word_1_857' title='bbox 3178 5611 3404 5677; x_wconf 71' lang='lat' dir='ltr'><strong>quartus</strong></span> <span class='ocrx_word' id='word_1_858' title='bbox 3431 5602 3505 5656; x_wconf 81' lang='lat' dir='ltr'><strong>ab</strong></span> 
     </span>
    </p>
   </div>
  </div>
