3962 6174
382 255 520 312 H73
1409 249 1799 308 FRECULPHI
1837 249 2293 308 LEXOVIENSIS
2332 251 2639 310 EPISCOPI
3529 257 3672 314 H76

379 379 446 424 co
473 361 864 434 Hierosolymis
891 360 1029 416 alius
1048 359 1340 417 Narcissus
1363 361 1650 430 episcopus
1678 361 1962 427 asseritur,
1993 363 2044 425 Α
2067 363 2279 434 cipibus
2315 363 2544 419 fecimus
2573 365 2901 420 mentionem
2933 364 3216 422 doctorum
3246 375 3302 423 et
3339 365 3407 424 de
3448 385 3681 425 eorum-

379 454 542 514 abiis
585 455 837 510 nimirum
867 453 960 523 qui
979 451 1096 522 ejus
1133 451 1522 514 reversionem,
1571 451 1746 506 tribus
1794 451 1961 505 inter-
2068 454 2192 510 dem
2241 463 2458 509 actuum
2509 455 2713 526 gestis,
2768 457 3051 512 stomacho
3098 458 3471 527 lassesccnte,
3522 461 3680 515 cala-

379 548 602 620 positis,
652 547 720 601 ad
767 544 1053 616 pristinam
1099 545 1281 600 sedem
1332 543 1555 598 minime
1601 541 1958 613 perpendunt.
2070 557 2266 612 moque
2312 542 2637 610 deﬁciente,
2687 545 2776 600 hic
2824 545 2985 602 ﬁnem
3036 549 3276 605 secundo
3329 551 3681 620 imponimus

380 640 532 697 Nune
578 647 782 704 autem.
831 639 958 709 quia
1004 636 1300 692 multorum
1348 635 1448 690 sub
1499 635 1772 705 praedictis
1818 635 1964 704 prin-
2072 635 2227 690 libro.

1578 935 1879 1014 LIBER
1955 931 2440 1012 TERTIUS.

1865 1097 2172 1114 ἡ

879 1177 1107 1235 CAPUT
1150 1173 1434 1232 PRIMUM.

379 1276 456 1336 De
481 1276 697 1352 ﬂagitiis
729 1283 882 1345 atque
920 1268 1436 1352 sceleribns‘pessimi
1464 1263 1715 1337 principis
1742 1262 1816 1316 M.
1849 1264 1958 1315 Au-

962 1343 1076 1396 relii
1120 1342 1391 1394 Antonini.

446 1460 617 1533 Igitur
644 1458 746 1514 hac
773 1462 1092 1528 tempestate
1130 1450 1564 1523 persecutionum
1593 1447 1781 1519 quanti
1824 1461 1960 1516 qua-

377 1554 525 1611 lesve
579 1551 945 1608 Ecciesiarum
999 1544 1311 1601 exstiterint
1357 1543 1609 1598 doctores
1643 1557 1708 1596 ac
1756 1538 1959 1595 robusti

377 1663 476 1722 pro
530 1647 636 1702 ﬁde
680 1653 866 1700 nostra
911 1649 1360 1714 propugnatores,
1411 1653 1478 1693 ex
1518 1644 1674 1706 parte
1703 1634 1963 1722 adnotare

2066 1176 2268 1228 tionem
2298 1172 2606 1242 reipublica:
2623 1172 2888 1240 exhibuit,
2907 1175 2999 1230 sed
3022 1176 3242 1233 militari
3267 1181 3503 1237 tumultu
3516 1186 3675 1256 apud

2066 1262 2390 1334 Moguntiam
2442 1261 2756 1317 interfectus
2808 1272 2910 1318 est.
2951 1264 3069 1332 Quo
3114 1267 3415 1337 imperante
3474 1275 3676 1334 Roma:

2080 1351 2316 1408 l'hermte
2345 1368 2464 1423 qua:
2491 1363 2753 1409 vocantur
2778 1355 3124 1415 Alexandriae
3167 1359 3322 1418 facta;
3346 1376 3497 1431 sunt,
3523 1381 3592 1424 et
3615 1372 3676 1425 iu

2066 1443 2308 1514 Nicopoli
2361 1444 2581 1500 Actiaca
2631 1445 2707 1515 (id
2743 1453 2828 1500 est
2875 1445 3062 1520 Epiro)
3089 1451 3275 1517 editio,
3327 1469 3453 1524 qua:
3507 1469 3678 1514 sexta

2068 1537 2285 1603 dicitur,
2332 1537 2639 1592 divinarum
2694 1538 3103 1610 Scripturarum
3145 1544 3200 1598 in
3256 1547 3398 1602 dolio
3442 1561 3676 1620 reperta

2068 1639 2169 1685 est.
2207 1629 2456 1684 Urbanus
2495 1629 2687 1684 Romae
2728 1632 3014 1702 episcopus
3052 1635 3248 1692 multos
3276 1639 3543 1695 nobilium
3601 1644 3678 1698 ad

377 1700 588 1803 curavi,
619 1700 684 1791 ut
713 1700 1033 1790 miram.De-i
1065 1700 1538 1800 dispensationem
1561 1734 1867 1788 cernentes,
1899 1721 1962 1776 ii—
1993 1700 2039 1758 Β
2068 1722 2226 1776 ﬁdem
2307 1721 2509 1777 Christi
2562 1731 2618 1778 et
2677 1700 2998 1794 martyrium
3030 1717 3318 1797 "perduxit.
3381 1731 3667 1804 Origenes

377 1831 481 1888 lius
511 1828 957 1900 omnipotentiam
988 1835 1044 1883 et
1089 1827 1237 1882 circa
1283 1839 1454 1895 genus
1499 1824 1794 1878 humanum
1827 1818 1962 1888 ejus-

345 1921 502 1978 dem
565 1919 908 1977 clementiam
964 1917 1287 1988 propensius
1357 1914 1579 1969 laudare
1639 1927 1704 1966 ac
1761 1911 1962 1983 gratias

377 2028 571 2084 agere,
618 2020 775 2081 prout
813 2011 927 2081 ipse
985 2007 1290 2071 donaverit,
1327 2014 1658 2076 satagamus.
1695 2003 1961 2070 Quoniam

379 2099 708 2156 mirabiliter
741 2099 1038 2155 Ecclesiam
1089 2112 1194 2160 suo
1228 2097 1562 2166 redemptam
1591 2094 1853 2164 sanguine
1887 2090 1963 2146 di-

376 2192 548 2250 latare
576 2192 829 2262 dignatus
861 2199 965 2253 est,
996 2190 1123 2244 dum
1151 2197 1296 2243 totus
1325 2187 1583 2242 adversus
1609 2200 1728 2240 eam
1780 2199 1962 2238 assur-

376 2294 529 2357 geret
563 2283 814 2338 mundus.
866 2281 950 2336 Ab
1003 2281 1243 2336 externis
1291 2288 1566 2342 terrores,
1602 2283 1658 2332 et
1701 2283 1902 2329 mortes
1931 2288 1962 2327 a

379 2375 598 2438 nostris,
645 2374 967 2442 diversaque
994 2372 1346 2427 schismatum
1393 2370 1642 2438 dogmata
1699 2364 1963 2434 superbus

375 2466 551 2524 hostis
596 2465 854 2530 antiquus
894 2477 1002 2516 non
1051 2461 1302 2515 cessabat
1347 2457 1568 2521 inferre,
1599 2454 1788 2509 dolens
1834 2453 1960 2507 dum

375 2559 670 2613 humanam
697 2552 929 2608 salutem
971 2551 1161 2621 suique
1190 2549 1638 2618 exspoliationem
1661 2553 1713 2600 ct
1735 2543 1960 2614 ejectio-

375 2663 500 2703 nem
523 2653 790 2701 cerneret.
825 2641 934 2698 Sed
964 2650 1023 2697 ut
1053 2642 1226 2713 magis
1274 2639 1510 2708 undique
1559 2638 1906 2708 premebatur
1931 2653 1962 2690 a

374 2735 620 2808 perﬁdis,
652 2747 710 2791 et
736 2734 804 2789 ab
823 2733 1185 2790 schismaticis
1208 2731 1336 2786 viris
1357 2729 1624 2785 diabolica
1653 2727 1841 2784 fraude
1867 2729 1961 2783 de-

375 2831 580 2901 ceptis,
617 2843 684 2884 eo
719 2826 949 2898 amplius
1004 2825 1257 2880 nobiliter
1293 2821 1694 2894 propagabatur
1735 2829 1792 2875 et
1840 2835 1963 2875 cre-

377 2919 580 2978 scendo
628 2918 1039 2975 wnfortabatur
1075 2917 1129 2971 in
1181 2914 1432 2987 plurimis
1469 2913 1668 2969 Christi
1699 2911 1960 2967 Ecclesia.

376 3011 534 3066 Nunc
559 3017 741 3065 autem
772 3009 990 3065 tertium
1022 3007 1336 3062 inchoantes
1387 3003 1584 3058 librum
1621 3003 1691 3057 ad
1726 3011 1964 3073 emptum
1992 3043 2038 3105 C

377 3103 660 3160 redeamus
674 3115 828 3171 Opus.
848 3099 1059 3153 Marcus
1079 3096 1330 3152 Aurelius
1349 3095 1654 3150 Antoninus
1672 3093 1963 3162 vigesimus

377 3192 449 3250 ab
470 3192 712 3263 Augusto
746 3187 1030 3259 imperium
1057 3187 1303 3256 adeptus,
1333 3184 1503 3239 tenuit
1531 3185 1688 3238 annis
1708 3191 1960 3252 quatuor.

383 3281 486 3339 Hic
508 3280 763 3337 sacerdos
791 3275 1124 3347 Heliogabali
1158 3273 1581 3346 templi,nuliam
1603 3273 1683 3326 sui
1715 3272 1818 3327 nisi
1843 3279 1961 3326 stu-

380 3387 606 3444 prorum
635 3369 839 3441 ﬂagitia
869 3369 1143 3438 totiusque
1171 3365 1522 3421 obscenitatis
1550 3363 1804 3418 infamem
1833 3363 1964 3418 satis

379 3462 698 3518 memoriam
725 3459 962 3529 reliquit.
989 3459 1042 3513 ls
1071 3473 1196 3514 cum
1238 3457 1466 3512 Romam
1498 3454 1701 3526 ingenti
1732 3453 1963 3509 militum

378 3562 432 3609 et
463 3559 682 3609 senatus
709 3550 1113 3620 exspectatione
1156 3549 1414 3612 venisset,
1439 3547 1653 3619 probris
1704 3562 1762 3602 se
1790 3548 1964 3602 omni-

380 3645 481 3700 bus
507 3642 918 3706 contaminavit,
947 3640 1294 3710 cupiditatem
1330 3639 1525 3708 stupri,
1553 3654 1718 3708 quam
1747 3637 1964 3708 assequi

380 3734 593 3791 defectu
629 3741 836 3788 natura:
884 3733 1119 3787 nondum
1147 3739 1383 3800 poterat,
1429 3731 1484 3784 in
1520 3747 1579 3786 se
1619 3741 1961 3798 convertens,

380 3822 630 3878 muliebri
654 3822 872 3877 nomine
895 3821 1209 3876 Bassianam
1235 3836 1293 3876 se
1321 3835 1420 3890 pro
1449 3821 1706 3876 Bassiano
1726 3821 1966 3891 jusserat

380 3913 659 3986 appellari.
693 3913 966 3968 Vestalem
995 3913 1259 3983 virginem
1287 3913 1440 3982 quasi
1467 3913 1812 3968 matrimonio
1832 3913 1964 3983 jun-

379 4015 512 4072 gens
537 4016 652 4066 suo,
671 4001 1030 4070 abscissisque
1056 3999 1379 4071 genitalibus
1401 4000 1552 4057 Matri
1576 4017 1633 4056 se
1657 4017 1862 4073 magna:
1885 4018 1968 4058 sa-

380 4093 570 4148 cravit.
591 4091 728 4147 Hinc
747 4091 1079 4158 Marcellum,
1093 4092 1183 4162 qui
1205 4100 1326 4160 post
1349 4090 1648 4147 Alexander
1667 4091 1843 4148 dictus
1860 4100 1962 4156 est,

380 4183 762 4240 consobrinum
789 4199 944 4238 suum
971 4181 1241 4238 Cmsarem
1269 4182 1424 4246 fecit,
1456 4184 1572 4252 ipse
1604 4182 1831 4239 tumultu
1865 4186 1966 4238 mi-

381 4275 525 4329 litari
571 4272 888 4330 interfectus
921 4283 1026 4329 cst.
1061 4273 1232 4342 Hujus
1275 4289 1471 4344 corpus
1517 4290 1614 4345 per
1652 4275 1813 4330 Urbis
1849 4275 1964 4330 vias

2066 1813 2423 1878 Alexandrim,
2447 1815 2556 1869 imo
2592 1822 2705 1870 toto
2731 1815 2876 1872 Urbe
2905 1817 3083 1873 clarus
3120 1819 3364 1878 habetur.
3405 1823 3672 1896 Denique

2067 1910 2150 1981 (ut
2176 1910 2433 1981 praemisi)
2463 1909 2726 1965 Mammea
2769 1921 2946 1965 mater
2979 1911 3266 1969 Alexandri
3307 1933 3431 1972 eum
3463 1921 3674 1974 audire

2066 2001 2294 2066 curavit,
2316 2010 2371 2056 et
2399 2003 2464 2057 ad
2487 2003 2828 2058 Antiochiam
2861 2005 3092 2060 accitum
3126 2024 3178 2062 in
3209 2025 3420 2064 summo
3444 2010 3673 2067 honore

2068 2090 2274 2145 habuit.
2305 2091 2472 2162 igitur
2494 2092 2619 2162 quia
2657 2095 2903 2162 superius
2948 2096 3014 2150 de
3043 2101 3229 2153 eodem
3264 2101 3521 2170 Origene,
3568 2106 3670 2172 qui

2066 2189 2122 2234 ct
2154 2179 2506 2236 Adamantius
2543 2183 2858 2249 vocabatur,
2889 2192 2944 2239 et
2986 2202 3144 2251 nunc,
3195 2192 3528 2247 mentionem
3587 2193 3672 2248 fe-

2067 2270 2262 2336 cimus,
2287 2271 2448 2327 latius
2487 2273 2836 2330 disseramus.
2873 2275 2972 2332 Hic
3013 2293 3136 2333 cum
3159 2281 3272 2350 jam
3300 2283 3492 2336 mediae
3515 2296 3665 2340 aeta-

2069 2361 2140 2416 tis
2171 2369 2337 2426 esset,
2361 2369 2418 2416 et
2450 2370 2668 2432 propter
2695 2363 2962 2420 Ecclesias
2989 2367 3225 2435 Achaiae,
3257 2385 3372 2439 qua:
3399 2371 3669 2440 plurimis

2069 2452 2363 2506 haeresibus
2395 2452 2749 2519 vexabantur,
2781 2456 2883 2510 sub
2931 2458 3236 2516 testimonio
3273 2461 3669 2518 ecclesiastica:

2068 2541 2308 2610 epistolae
2320 2551 2544 2597 eatenus
2565 2558 2662 2614 per
2673 2542 3014 2600 Palazstinam
3036 2559 3300 2619 pergeret,
3319 2566 3348 2604 a
3370 2551 3667 2608 Theotisto

2069 2641 2125 2687 et
2150 2632 2458 2689 Alexandro
2487 2633 2746 2690 Caesarea:
2765 2645 2821 2690 et
2847 2636 3338 2710 Hierosolymorum
3379 2643 3667 2713 episcOpis

2068 2723 2352 2794 presbyter
2381 2724 2683 2791 ordinatus,
2707 2725 2967 2782 Demetrii
3013 2727 3237 2785 offendit
3269 2732 3502 2787 animos.
3551 2733 3666 2801 Qui

2071 2822 2218 2867 tanta
2247 2814 2504 2869 adversus
2526 2830 2649 2870 eum
2693 2817 3058 2874 debacchatus
3089 2820 3292 2875 insania
3337 2831 3444 2886 est,
3472 2832 3533 2876 ut
3563 2839 3668 2894 per

2071 2913 2240 2959 totum
2266 2907 2453 2960 orbem
2481 2922 2644 2977 super
2690 2909 2908 2965 nomine
2947 2912 3065 2982 cjus
3113 2914 3389 2968 scriberet.
3423 2915 3667 2973 Constat

2069 3009 2194 3049 eum
2222 3003 2510 3066 antequam
2535 2995 2840 3054 Caesaream
2863 3001 3138 3072 migraret,
3162 3001 3327 3058 fuisse
3348 3003 3538 3060 Roma:
3558 3009 3669 3064 sub

2069 3085 2328 3142 Severino
2372 3087 2655 3158 episcopo;
2705 3098 2760 3144 et
2810 3092 2995 3147 statim
3047 3093 3425 3150 Alexandriam
3473 3114 3673 3155 rever-

2067 3191 2205 3239 sum,
2241 3175 2524 3231 Heraciam
2552 3179 2949 3250 presbyterum,
2993 3183 3084 3252 qui
3111 3184 3164 3238 in
3192 3185 3376 3240 habitu
3400 3184 3666 3245 Philoso-

2065 3266 2156 3336 phi
2187 3267 2590 3337 perseverabat,
2621 3269 2920 3339 adjutorem
2939 3273 3042 3327 sibi
3069 3273 3292 3330 fecisse:
3313 3277 3405 3346 qui
3433 3278 3664 3346 quidem

2067 3365 2123 3412 et
2154 3365 2276 3427 post
2306 3359 2639 3414 Demetrium
2676 3359 3098 3419 Alexandrinam
3129 3367 3300 3422 tenuit
3325 3367 3659 3423 Ecciesiam.

2067 3448 2292 3515 Quanta:
2317 3458 2498 3504 autem
2530 3451 2713 3521 gloriae
2738 3451 2924 3520 fuerit,
2950 3454 3076 3510 hinc
3103 3465 3342 3526 apparet,
3367 3460 3519 3528 quod
3542 3458 3664 3512 Fir-

2068 3540 2339 3620 millianus
2362 3539 2623 3597 Caesareae
2651 3543 2954 3614 cpiscOpus,
2975 3561 3096 3600 cum
3115 3547 3262 3601 omni
3290 3546 3661 3618 Cappadocia,

2063 3649 2191 3705 eum
2213 3633 2461 3688 invitavit
2478 3642 2533 3688 et
2564 3634 2656 3688 diu
2689 3636 2889 3699 tenuit;
2919 3646 2975 3691 et
3007 3645 3193 3711 postea
3235 3638 3337 3692 sub
3367 3641 3665 3694 occasione

2067 3732 2378 3778 sanctorum
2405 3722 2648 3778 locorum
2671 3721 3014 3779 Paizcstinam
3040 3726 3277 3791 veniens,
3294 3725 3386 3779 diu
3413 3727 3489 3781 ab
3515 3741 3580 3781 eo
3606 3729 3664 3782 in

2067 3813 2272 3869 sanctis
2320 3811 2620 3882 Scripturis
2667 3814 2913 3868 eruditus
2957 3824 3059 3869 est.
3106 3813 3213 3870 Sed
3261 3824 3317 3869 et
3344 3815 3482 3870 illud
3519 3817 3666 3885 quod

2067 3907 2134 3962 ad
2179 3915 2407 3960 matrem
2435 3905 2730 3961 Alexandri
2762 3908 3104 3979 imperatoris
3142 3910 3456 3981 religiosam
3505 3911 3667 3967 femi-

2068 4011 2192 4052 nam
2241 4003 2459 4066 rogatus
2508 3997 2656 4051 venit
2685 3998 3052 4066 Antiochiam,
3083 4008 3137 4055 et
3188 4016 3401 4056 summo
3449 4003 3667 4058 honore

2067 4087 2282 4142 habitus
2319 4095 2421 4142 est.
2454 4086 2520 4141 Et
2548 4087 2614 4141 ad
2641 4087 2954 4158 Philippum
2986 4091 3389 4161 imperatorem,
3423 4094 3528 4162 qui
3546 4095 3666 4164 pri-

2068 4195 2188 4236 mus
2219 4182 2285 4236 de
2316 4181 2530 4249 regibus
2560 4180 2818 4236 Romanis
2851 4182 3188 4238 Christianus
3219 4184 3338 4250 fuit,
3359 4194 3413 4239 et
3443 4188 3514 4242 ad
3542 4205 3664 4241 ma-

2070 4281 2206 4327 trem
2255 4271 2371 4340 ejus
2396 4272 2606 4327 litteras
2641 4271 2790 4338 fecit,
2839 4289 2961 4344 qua:
2989 4289 3161 4346 usque
3204 4277 3367 4331 hodie
3414 4287 3668 4332 exstant.

381 4380 533 4422 more
569 4367 745 4422 canini
773 4366 1055 4421 cadaveris
1097 4381 1129 4419 a
1175 4366 1436 4423 militibus
1471 4375 1700 4423 tractum
1730 4376 1832 4434 est,
1864 4368 1964 4422 mi-
1991 4389 2042 4448 ι)
2066 4359 2199 4426 QUiS
2219 4360 2431 4430 ignorat
2455 4363 2596 4430 quod
2624 4351 2832 4416 tantum
2854 4363 3104 4419 habuerit
3131 4366 3181 4419 in
3209 4364 3512 4436 Scripturis
3537 4385 3672 4422 san-

383 4457 530 4511 litari
559 4455 749 4510 cavillo
777 4455 1069 4526 appellanti
1119 4457 1391 4512 indomita:
1425 4460 1700 4528 avidaeque
1725 4459 1963 4515 libidinis

383 4545 644 4610 catulam;
697 4545 986 4599 novissime
1015 4559 1137 4599 cum
1172 4556 1458 4616 angustum
1489 4547 1729 4604 foramen
1767 4550 1964 4606 cloaca:

384 4650 580 4706 carpus
633 4637 856 4693 minime
905 4639 1187 4707 reciperet,
1240 4655 1413 4708 usque
1453 4642 1523 4695 ad
1569 4642 1822 4711 Tyberim
1873 4643 1965 4697 de-

383 4725 604 4782 ductum
653 4727 707 4782 in
745 4727 964 4782 ﬂuvium
1012 4728 1310 4799 projectum
1361 4739 1464 4785 est.
1499 4731 1644 4787 Vixit
1669 4733 1829 4787 annis
1875 4734 1962 4788 16.

1007 4841 1233 4898 CAPUT
1270 4843 1332 4897 Il.

384 4928 465 4986 De
505 4931 717 4986 Aurelio
738 4933 1036 5005 Alexandro
1072 4935 1325 5005 grincipe.
1353 4933 1420 4988 Et
1445 4934 1570 5005 quid
1595 4950 1658 5005 eo
1679 4935 1966 5004 imperante

489 5011 690 5072 gestum
719 5003 806 5056 sit.
857 5003 931 5056 Ac
972 5004 1036 5056 de
1073 5001 1297 5073 Origene
1333 5001 1596 5074 praecipuo
1625 5001 1856 5058 doctore.

456 5091 708 5147 Aurelius
726 5091 1363 5165 Alexander,vicesimus
1385 5093 1591 5163 primus
1615 5095 1681 5148 ah
1702 5094 1963 5164 Augusto,

387 5189 608 5236 senatus
649 5196 713 5237 ac
770 5182 998 5236 militum
1051 5183 1328 5238 voluntate
1384 5183 1674 5253 imperator
1729 5193 1966 5248 creatus,

385 5269 546 5326 annis
572 5269 638 5324 15
667 5271 840 5341 digna:
863 5271 1135 5340 tequitatis
1159 5273 1427 5340 pmconio
1450 5271 1569 5336 fuit,
1604 5281 1775 5326 matre
1798 5272 1966 5327 Mam-

387 5373 507 5414 mea
549 5359 878 5424 Christiana,
905 5376 1027 5428 qua:
1054 5361 1339 5431 Origenem
1369 5362 1742 5431 presbyterum
1773 5363 1963 5416 audire

389 5450 616 5504 curavit.
665 5449 799 5504 Nam
851 5451 1034 5504 statim
1077 5451 1415 5519 expeditione
1461 5452 1513 5506 in
1560 5451 1754 5507 Persas
1797 5450 1962 5515 facta,

391 5535 624 5592 Xerxem
656 5555 836 5610 regem
863 5555 1048 5594 eorum
1082 5541 1318 5597 maximo
1353 5541 1493 5596 bello
1538 5543 1711 5597 victor
1741 5556 1962 5612 oppres-

393 5628 484 5683 sit.
520 5629 746 5695 Ulpiano
792 5647 924 5688 usus
959 5649 1248 5701 assessore,
1300 5651 1567 5691 summam
1600 5636 1681 5691 sui
1712 5635 1963 5691 modera-

2065 4452 2170 4506 ctis
2196 4452 2451 4519 studium,
2490 4461 2548 4505 ut
2576 4451 2857 4508 Hebraaam
2901 4453 3145 4524 linguam
3181 4465 3369 4511 contra
3400 4461 3581 4514 aetatis
3609 4469 3672 4514 et

2065 4543 2240 4614 gentis
2257 4555 2368 4597 sua:
2389 4549 2637 4596 naturam
2664 4543 2950 4608 edisceret,
2966 4546 3293 4616 et,exceptis
3312 4545 3458 4600 LXX
3488 4547 3669 4602 inter-

2066 4633 2326 4701 pretibus,
2343 4632 2479 4686 alias
2503 4633 2767 4688 editiones
2787 4634 2840 4687 in
2855 4650 3020 4688 unum
3048 4645 3404 4706 congregaret
3421 4636 3667 4706 :Aquiiae

2069 4724 2271 4780 scilicet
2307 4724 2516 4780 Pontici
2563 4727 2854 4797 proselyti,
2919 4727 3341 4793 Theodotionis,
3394 4730 3664 4786 Bebionei

2069 4823 2124 4869 et
2145 4814 2478 4885 Symmachi,
2497 4814 2739 4884 ejusdem
2769 4817 3068 4888 dogmatis;
3096 4819 3185 4888 qui
3218 4821 3270 4873 in
3300 4819 3666 4890 Evangelium

2067 4921 2283 4976 quoque
2307 4914 2426 4960 cata
2453 4905 2761 4960 Matthaeum
2785 4908 2973 4962 scribit
2989 4908 3440 4963 commentarium
3465 4910 3530 4962 de
3548 4926 3668 4979 quo

2067 5006 2123 5051 et
2144 5012 2300 5052 suum
2328 4997 2518 5066 dogma
2543 4995 2810 5051 aliirmare
2830 5007 3078 5052 conatur.
3111 4997 3383 5051 Praeterea
3406 4996 3669 5066 quintam

2068 5095 2124 5141 et
2163 5094 2370 5140 sextam
2418 5085 2731 5151 editionem,
2767 5093 2822 5140 et
2870 5087 3150 5157 septimam
3188 5102 3325 5156 quas
3361 5088 3530 5143 etiam
3561 5103 3676 5141 nos

2069 5179 2134 5234 de
2159 5177 2275 5247 ejus
2323 5177 2651 5233 bibliotheca
2703 5179 2995 5246 habemus,
3030 5179 3166 5233 miro
3195 5180 3383 5235 labore
3431 5181 3671 5249 reperit.

2071 5281 2126 5326 et
2155 5289 2274 5326 eam
2305 5271 2516 5326 caeteris
2543 5271 2869 5330 editionibus
2891 5272 3243 5342 comparavit.
3269 5269 3338 5324 Et
3362 5278 3426 5324 ut
3452 5271 3519 5325 de
3557 5270 3676 5324 im-

2072 5362 2286 5416 mortali
2321 5362 2438 5431 ejus
2481 5362 2696 5432 ingenio
2733 5361 2946 5430 penitus
2975 5376 3079 5413 non
3111 5369 3340 5425 taceam,
3374 5361 3522 5432 quod
3549 5361 3674 5413 dia-

2070 5453 2316 5507 lecticam
2363 5466 2575 5520 quoque
2623 5460 2676 5506 et
2717 5452 3091 5521 geometriam,
3127 5451 3418 5517 musicam,
3471 5467 3675 5522 gram-

2073 5543 2350 5605 maticam,
2378 5550 2539 5610 atque
2561 5541 2956 5597 arithmeticam
2977 5551 3031 5597 et
3061 5542 3411 5607 rhetoricam,
3440 5541 3672 5594 omnia-

2073 5649 2176 5704 quc
2206 5633 2647 5705 philosophorum
2687 5633 2983 5689 sectamina
3023 5633 3248 5702 didicit,
3294 5644 3349 5689 et
3379 5633 3674 5689 studiosos
