3962 6174
273 295 412 352 ιιττ

1374 283 1789 346 CHRONICON.
1813 316 1883 327 —
1922 285 2089 343 TOMI
2132 285 2175 342 ll
2214 285 2342 342 LIB.
2383 285 2467 341 lli.

3392 289 3529 344 1178

263 423 508 483 quosque
530 405 870 464 saecularium
890 405 1194 460 litterarum
1223 413 1520 461 sectatores
1559 405 1644 460 sui
1679 405 1840 460 habe-
1866 407 1917 468 Α
1943 420 2065 459 cum
2090 414 2268 460 tamen
2295 421 2388 461 eas
2407 405 2476 460 ab
2503 405 2620 475 ipso
2645 403 2974 476 Vespasiano
3003 416 3129 480 post
3152 415 3350 464 annum
3375 426 3532 480 aper-

264 510 368 565 ret,
391 510 447 554 et
479 499 928 568 interpretaretur
955 498 1036 552 eis
1064 497 1327 566 quotidie,
1356 510 1757 566 concursusque
1775 495 1844 550 ad

261 607 386 647 eum
435 589 570 644 mire
598 587 845 643 fecerint.
890 585 1037 654 Quos
1067 587 1158 641 ille
1203 594 1488 656 propterea
1529 585 1841 655 recipiebat,

261 689 322 735 ut
348 679 450 734 sub
485 677 771 733 occasione
801 675 1116 730 litteratura:
1150 673 1424 730 saecularis
1452 674 1506 728 in
1544 672 1647 728 fide
1684 672 1842 728 Chri-

260 771 330 827 sti
386 785 480 826 eos
517 768 844 823 institueret.
875 765 1044 837 Igitur
1086 766 1131 820 si
1180 765 1304 835 quis
1346 770 1508 834 Super
1534 763 1842 818 Adamantii

260 868 406 913 statu
443 857 584 912 scire
611 855 760 919 velit,
791 855 920 924 quid
946 862 1128 908 actum
1155 853 1330 908 eidem
1351 853 1443 917 sit,
1467 852 1699 922 primum
1723 852 1842 922 qui-

260 953 385 1007 dem
419 950 486 1004 de
532 947 773 1018 epistolis
823 945 941 1015 ejus
972 961 1092 1016 quae
1140 953 1260 1014 post
1307 945 1737 1016 persecutionem
1773 944 1843 998 ad

259 1042 506 1096 diversos
527 1039 704 1093 missa:
731 1046 879 1103 sunt,
915 1035 1108 1092 deinde
1135 1051 1202 1092 ex
1247 1036 1465 1091 Eusebii
1493 1035 1842 1090 Cesariensis

259 1128 652 1186 Ecclesiasticae
687 1127 938 1182 Historiae
965 1127 1102 1181 libro
1136 1142 1212 1191 vi,
1243 1133 1298 1181 et
1337 1127 1402 1180 de
1427 1124 1665 1194 ejusdem
1699 1125 1844 1179 Ada-

258 1222 451 1279 mantii
490 1220 856 1276 voluminibus
895 1219 1065 1288 possit
1094 1218 1296 1286 liquido
1325 1233 1670 1288 cognoscere.
1699 1217 1835 1286 Vixit

261 1322 448 1367 autem
476 1325 647 1381 usque
667 1311 734 1366 ad
756 1309 966 1366 Gallum
989 1319 1045 1364 et
1070 1310 1439 1376 Volusianum,
1464 1309 1519 1364 id
1544 1318 1644 1373 est,
1674 1323 1841 1379 usque

256 1402 325 1457 ad
382 1403 779 1474 sexagesimum
832 1416 1033 1455 nonum
1059 1401 1258 1455 .aztatis
1312 1415 1423 1455 sua:
1481 1415 1721 1465 annum,
1787 1409 1842 1455 et

255 1501 504 1548 m0rtuus
533 1501 618 1548 est
651 1492 801 1562 Tyri,
848 1492 902 1545 in
931 1507 1038 1561 qua
1064 1491 1199 1546 urbe
1231 1490 1475 1560 sepultus
1501 1499 1605 1546 est.
1637 1489 1842 1544 Ferunt

254 1584 323 1639 de
351 1598 418 1638 eo
461 1584 707 1654 quidam,
765 1583 928 1653 quod,
963 1598 1061 1652 pro
1114 1581 1280 1636 multa
1313 1582 1511 1650 eloquii
1561 1579 1838 1648 facultate,

251 1690 508 1745 perversa
537 1675 780 1744 quasdam
812 1675 882 1728 sit
929 1681 1155 1728 conatus
1207 1683 1452 1726 astruere
1485 1671 1724 1726 condens
1776 1670 1840 1724 li-

1945 503 2026 550 tas
2073 494 2354 552 Cornelius
2392 495 2610 550 Tacitus
2660 499 2871 566 prodat.
2905 497 3072 568 Igitur
3097 497 3403 556 Gordianus
3439 501 3528 556 in-

1940 586 2189 657 gentibus
2221 585 2420 655 praaliis
2456 586 2739 640 adversum
2778 587 3006 641 Parthos
3037 602 3296 657 prospere
3336 590 3526 660 gestis,

1940 692 2161 731 suorum
2183 674 2375 730 fraude
2405 676 2547 730 haud
2571 676 2726 745 longe
2751 692 2782 730 a
2809 677 2923 732 solo
2951 677 3192 733 Romano
3215 679 3531 740 interfectus

1940 776 2024 823 est
2075 767 2159 838 (ut
2205 767 2425 835 quidam
2453 764 2675 835 'ferunt)
2724 765 2958 821 factione
3015 767 3242 838 Philippi
3286 769 3528 840 pmfecti

1938 859 2199 930 praetorii.
2233 857 2475 926 Huicque
2519 856 2794 913 Gordiano
2835 857 3034 913 milites
3082 859 3346 915 tumulum
3398 862 3530 918 aedi-

1940 951 2129 1016 ﬁcant,
2159 950 2251 1020 qui
2275 949 2540 1020 Euphrati
2576 948 2858 1014 imminet,
2907 949 3121 1005 ossibus
3147 950 3265 1020 ejus
3296 951 3525 1008 Romam

1940 1041 2192 1097 revectis.

2551 1129 2777 1186 CAPUT
2803 1129 2892 1186 IV.

2085 1221 2201 1287 Quo
2245 1230 2472 1291 tempore
2519 1219 2698 1274 Julius
2738 1219 3068 1290 Aphricanus
3107 1217 3379 1274 claruerit.

2012 1313 2126 1380 Qua
2156 1320 2476 1382 tempestate
2505 1310 2682 1365 Julius
2706 1311 3046 1380 Aphricanus
3071 1311 3212 1366 inter
3234 1303 3527 1382 scriptores

1939 1407 2340 1464 ecclesiasticos
2368 1404 2561 1460 nobilis
2604 1403 2922 1459 habebatur.
2975 1404 3076 1470 Qui
3133 1405 3186 1458 in
3242 1403 3528 1461 Chronicis

1940 1514 2062 1569 qua:
2087 1498 2324 1567 scripsit,
2354 1495 2524 1551 refert
2555 1509 2614 1550 se
2641 1493 3025 1548 Alexandriam
3053 1508 3347 1562 properare
3391 1495 3528 1549 Era-

1941 1588 2038 1644 cla:
2065 1588 2321 1658 opinione
2350 1585 2704 1643 celeberrima
2747 1592 3097 1654 provocatum
3119 1623 3133 1647 ,
3164 1599 3326 1652 quem
3365 1592 3420 1638 et
3467 1583 3526 1640 in

1940 1679 2137 1735 divinis
2163 1687 2218 1732 et
2251 1678 2305 1732 in
2334 1674 2722 1746 philosophicis
2749 1673 2943 1728 studiis
2982 1681 3142 1740 atque
3189 1674 3333 1726 omni
3377 1672 3527 1729 Gne-

253 1765 384 1821 hros
424 1780 655 1834 quorum
681 1773 768 1818 est
795 1762 979 1817 titulus
1006 1760 1357 1816 Periarehon.
1385 1759 1443 1813 ln
1478 1759 1673 1829 quibus
1703 1774 1838 1828 prae-

1943 1785 2128 1826 corum
2175 1768 2420 1824 doctrina
2467 1763 2943 1820 instructissimum
2996 1762 3136 1816 fama
3190 1762 3520 1831 loqueretur.

255 1861 342 1907 ter
393 1853 560 1908 multa
603 1867 750 1908 sana:
795 1851 1056 1906 doctrinae
1108 1850 1357 1914 adversa,
1411 1849 1575 1904 etiam
1614 1850 1718 1903 hoc
1770 1850 1836 1903 de

253 1945 680 2000 commutatione
732 1943 899 1998 totius
933 1941 1272 1996 rationabilis
1308 1951 1571 1995 creatura:
1617 1939 1832 2005 asserit,

253 2039 397 2109 quod
419 2054 522 2094 non
552 2039 726 2093 solum
749 2037 1037 2108 impiorum
1063 2035 1340 2090 hominum
1369 2035 1581 2098 animze,
1600 2034 1696 2089 sed
1723 2033 1836 2103 ipse

252 2143 468 2198 quoque
499 2127 744 2182 diabolus
772 2134 895 2196 post
944 2125 1158 2195 longam
1206 2121 1638 2194 purificationem
1678 2135 1836 2177 reno-

252 2233 430 2290 vatus,
459 2225 733 2280 rediturus
769 2225 841 2279 sit
869 2224 922 2278 in
958 2239 1070 2278 sua:
1097 2222 1322 2293 originis
1350 2222 1686 2292 dignitatem,
1715 2236 1836 2276 suc-

253 2317 570 2373 cedentibus
640 2317 744 2371 sibi
801 2331 1016 2385 semper
1072 2313 1497 2369 revolutionibus
1553 2313 1620 2368 de
1677 2312 1837 2368 bonis

251 2410 320 2465 ad
354 2409 515 2475 mala,
544 2397 601 2465 et
627 2410 693 2466 de
737 2409 893 2464 malis
930 2409 996 2464 ad
1024 2409 1194 2474 bona,
1225 2409 1353 2477 quia
1389 2408 1503 2462 haec
1547 2407 1828 2464 alternatio

254 2519 360 2559 non
413 2507 584 2576 possit
635 2521 741 2561 non
789 2520 912 2561 esse
958 2515 1244 2576 perpetua,
1275 2513 1335 2560 ut
1370 2505 1611 2560 vicissim
1663 2517 1718 2562 et
1767 2507 1835 2562 de

252 2594 431 2650 beatis
461 2597 645 2651 miseri
674 2597 804 2660 sint,
835 2604 890 2650 et
917 2597 1100 2651 miseri
1132 2597 1241 2651 sint
1263 2596 1426 2651 beati.
1468 2595 1619 2650 Tunc
1666 2596 1832 2650 etiam

252 2684 512 2742 Geminus
559 2687 845 2758 presbyter
878 2686 1270 2752 Antiochenus,
1301 2696 1355 2741 et
1397 2686 1733 2757 Hippolytus,
1781 2694 1838 2741 et

252 2776 483 2833 Berillus
513 2779 798 2848 episcopus
837 2778 1074 2844 Arabiaz,
1099 2777 1414 2843 Bostrenus,
1445 2777 1578 2833 clari
1606 2777 1837 2848 scripto-

253 2882 344 2924 res
369 2869 728 2925 habebantur.

849 2975 1078 3032 CAPUT
1138 2974 1224 3030 Ill.

250 3067 347 3157 De.
368 3068 660 3157 Maximino
705 3067 936 3157 principe
961 3075 1309 3157 persecutore,
1335 3075 1384 3157 et
1426 3067 1490 3118 de
1519 3063 1830 3147 successori-
1862 3094 1907 3157 c

328 3140 423 3194 bus
451 3140 565 3209 ejus
597 3136 882 3209 Gordianis
928 3136 1076 3209 patre
1105 3145 1152 3190 et
1197 3145 1397 3209 nepote,
1440 3136 1530 3209 qui
1571 3150 1730 3204 parvo
1758 3136 1838 3188 in-

324 3205 544 3264 tervallo
577 3208 781 3262 sibimet
824 3205 1154 3261 sucCedentes
1189 3205 1450 3274 interfecti
1477 3213 1622 3258 sunt.

324 3319 648 3375 Maximinus
670 3318 963 3389 vigesimus
991 3317 1260 3375 secundus
1307 3317 1603 3387 imperator
1627 3316 1696 3373 ab
1728 3316 1838 3373 Au—

250 3419 429 3484 gusto,
453 3408 687 3464 Gothico
739 3423 935 3480 genere
974 3418 1148 3473 ortus,
1181 3407 1325 3463 nulla
1375 3415 1598 3463 senatus
1649 3407 1838 3463 volun-

255 3510 386 3566 tate,
419 3499 712 3568 imperator
765 3497 834 3552 ab
887 3498 1155 3562 exercitu,
1206 3505 1490 3567 postquam
1535 3497 1735 3552 bellum
1780 3498 1837 3552 in

253 3588 544 3646 Germania
583 3600 844 3658 prospere
887 3595 1148 3657 gesserat,
1179 3585 1377 3652 factus,
1406 3589 1836 3656 persecutionem

254 3679 312 3734 in
341 3677 681 3732 Christianos
724 3685 911 3731 sextus
949 3691 982 3730 a
1036 3674 1249 3730 Nerone
1277 3675 1540 3740 exercuit,
1574 3675 1668 3730 sed
1707 3691 1840 3730 eon-

257 3770 428 3836 tinuo,
464 3769 566 3824 hoc
595 3777 700 3834 est,
757 3769 919 3823 tertio
959 3778 1120 3837 quam
1151 3766 1416 3836 regnabat
1457 3780 1620 3832 anno,
1649 3780 1680 3819 a
1727 3765 1840 3820 Pu-

254 3859 419 3928 pione
453 3857 720 3926 Aquileiae
753 3854 1074 3911 interfectus
1123 3863 1228 3921 est,
1260 3864 1314 3910 et
1345 3855 1742 3924 persecutionis
1787 3863 1844 3910 et

163 3973 173 3989 ι
253 3951 380 4004 vita:
420 3950 581 4004 linem
611 3948 760 4004 fecit.
785 3947 920 4003 Cum
948 3962 1013 4002 eo
1039 3946 1204 4002 etiam
1232 3945 1374 4000 ﬁlius
1395 3944 1512 4015 ejus
1539 3946 1842 4016 discerptus

253 4049 340 4097 est
365 4075 380 4106 ,
425 4039 884 4094 conclamantibus
928 4037 1404 4116 cunctismilitari
1449 4037 1567 4092 loco
1611 4052 1678 4093 ex
1719 4052 1844 4107 pes-

255 4131 397 4185 simo
445 4145 642 4201 genere
689 4146 757 4186 ne
806 4129 1047 4185 catulum
1095 4129 1313 4198 quidem
1359 4127 1687 4183 habendum.
1739 4128 1842 4194 Qui

257 4223 499 4276 maxime
535 4229 757 4290 propter
779 4219 1142 4274 Christianam
1165 4217 1487 4283 Alexandri,
1517 4216 1601 4271 cui
1633 4231 1843 4271 succes.

255 4322 426 4379 serat,
462 4321 518 4367 et
565 4312 841 4367 Mammea:
879 4311 1071 4366 matris
1117 4309 1235 4379 ejus
1264 4308 1546 4374 familiam,
1596 4323 1844 4379 persecu-

1937 1860 2143 1929 Quibus
2170 1859 2362 1914 diebus
2384 1857 2645 1924 Origenes
2671 1856 2724 1908 in
2756 1854 3000 1909 Caesarea
3030 1853 3314 1907 Palestina:
3349 1853 3525 1907 Theo-

1913 1952 2128 2007 dorum
2150 1957 2504 2019 cognomento
2527 1946 2870 2015 Gregorium,
2887 1953 2941 1999 et
2968 1943 3368 1998 Athenedoruni
3394 1947 3524 2000 ado-

1936 2041 2260 2098 lescentulos
2287 2039 2502 2100 fratres,
2531 2038 2687 2092 Ponti
2726 2047 2909 2107 postea
2936 2036 3300 2091 nobilissimos
3324 2038 3525 2105 episco-

1935 2148 2056 2203 pos,
2091 2131 2271 2186 divina
2297 2129 2637 2200 philosophia
2673 2127 2883 2182 imbuit.

2559 2239 2786 2296 CAPUT
2825 2227 2891 2293 Ὗ.

1937 2337 2016 2392 De
2047 2335 2326 2405 Philippis,
2357 2342 2504 2404 patre
2530 2341 2578 2386 et
2617 2330 3175 2413 ﬁlionimperatoribus
3207 2329 3522 2383 Christianis

2623 2418 2826 2471 prmus.

2007 2496 2284 2566 Philippus
2307 2493 2601 2564 vigesimus
2629 2499 2856 2562 quartus
2881 2491 2950 2545 ab
2969 2491 3210 2561 Augusto
3233 2491 3524 2559 imperator

1936 2595 2169 2648 creatus,
2196 2583 2500 2653 Philippum
2539 2581 2704 2635 lilium
2732 2596 2890 2636 suum
2919 2589 3226 2634 consortem
3260 2580 3410 2649 regni
3441 2579 3518 2634 fe-

1936 2680 2032 2744 cit,
2051 2678 2353 2746 mansitque
2379 2676 2433 2730 in
2455 2690 2522 2730 eo
2552 2675 2711 2729 annis
2747 2683 2972 2743 septem.
3019 2672 3118 2726 Hic
3156 2673 3364 2742 primus
3401 2687 3521 2727 om-

1937 2771 2086 2825 nium
2118 2770 2504 2839 imperatorum
2533 2765 2872 2820 Christianus
2898 2763 3016 2818 fuit.
3048 2763 3126 2817 Ac
3152 2771 3273 2832 post
3301 2761 3521 2816 tertium

1937 2858 2150 2928 imperii
2179 2858 2297 2926 ejus
2347 2871 2566 2917 annum,
2599 2853 2913 2907 millesimus
2939 2869 2970 2906 a
3001 2853 3307 2907 conditione
3333 2851 3520 2906 Romae

1936 2964 2112 3004 annus
2133 2948 2383 3016 impletus
2404 2953 2506 3000 est.
2525 2943 2601 2998 Ita
2625 2942 2926 3013 magnificis
2947 2942 3086 2996 ludis
3107 2943 3520 3010 augustissimus

1937 3038 2176 3094 omnium
2206 3035 2602 3107 praeteritorum
2631 3033 2750 3098 fuit,
2778 3041 2838 3087 ut
2863 3032 3287 3088 innumerabiles
3331 3032 3520 3088 bestiae

1939 3131 1994 3184 in
2023 3130 2168 3183 circo
2195 3141 2393 3198 magno
2414 3124 2732 3189 interfectae,
2758 3123 2976 3192 ludique
3013 3123 3066 3177 in
3097 3138 3287 3192 campo
3319 3123 3519 3178 Martio

1939 3219 2230 3276 theatrales
2262 3217 2434 3272 tribus
2457 3217 2644 3271 diebus
2677 3230 2742 3270 ac
2772 3213 3018 3268 noctibus
3043 3213 3242 3283 p0pulo
3281 3213 3518 3283 pervigi-

1936 3311 2084 3365 lante
2122 3308 2398 3372 celebrati,
2429 3315 2484 3362 et
2513 3322 2652 3378 agon
2698 3305 2844 3359 mille
2890 3318 3154 3358 annorum
3206 3311 3380 3369 actus,
3429 3303 3520 3360 hic

1937 3399 2133 3454 natalis
2157 3413 2299 3453 anno
2331 3396 2676 3452 Christianus
2704 3395 3031 3463 imperatore
3074 3391 3380 3448 celebratus
3414 3399 3520 3448 est.

1937 3491 2048 3546 Nec
2071 3490 2291 3545 dubium
2321 3496 2426 3553 est,
2447 3487 2578 3557 quin
2605 3484 2882 3553 Philippus
2909 3485 3068 3554 hujus
3096 3493 3260 3538 tanta;
3282 3482 3525 3538 devotio-

1938 3583 2024 3638 nis
2047 3581 2280 3652 gratiam
2316 3587 2371 3633 et
2394 3579 2654 3631 honorem
2703 3575 2768 3629 ad
2799 3574 3072 3628 Christum
3119 3582 3174 3628 et
3222 3574 3522 3628 Ecclesiam

1937 3670 2216 3734 retulerit,
2240 3668 2456 3738 quando
2481 3665 2567 3720 vel
2594 3679 2880 3719 ascensum
2909 3663 3075 3718 fuisse
3110 3663 3166 3717 in
3200 3663 3522 3732 Capitolium

1937 3763 2025 3818 vel
2051 3761 2358 3816 immolatas
2383 3758 2589 3813 hostias
2613 3771 2682 3810 ex
2711 3771 2886 3820 more,
2913 3755 3092 3810 nullus
3121 3763 3310 3809 auctor
3342 3762 3524 3808 osten-

1940 3853 2034 3909 dit.
2071 3851 2245 3906 Ambo
2276 3859 2485 3911 tamen,
2534 3847 2782 3917 quamvis
2833 3845 3061 3900 diversis
3107 3845 3257 3907 locis,
3293 3844 3523 3898 tumultu

1940 3941 2158 3996 militari
2192 3949 2248 3995 et
2291 3939 2439 3994 Decii
2468 3937 2654 3992 fraude
2682 3935 2951 3991 interfecti
2996 3944 3142 3990 sunt.
3172 3934 3376 4000 Quibus
3405 3935 3521 3988 die-

1940 4031 2042 4085 bus
2069 4029 2327 4100 Origenes
2353 4027 2610 4082 adversus
2652 4026 2938 4095 quemdam
2976 4023 3192 4079 Celsum
3229 4024 3519 4093 Epicurum

1941 4119 2348 4189 philosophum,
2380 4117 2471 4186 qui
2513 4126 2701 4172 contra
2751 4131 2850 4170 nos
2887 4114 3053 4170 libros
3099 4115 3519 4183 conscripserat,

1941 4220 2066 4266 octo
2093 4210 2449 4266 voluminibus
2477 4209 2772 4280 respondit.
2797 4208 2920 4274 Qui,
2951 4214 3011 4260 ut
3045 4206 3288 4261 breviter
3317 4206 3516 4270 dicam,

1941 4302 1996 4355 in
2053 4308 2259 4354 tantum
2305 4299 2575 4354 scribendi
2628 4297 2846 4352 sedulus
2891 4295 3019 4361 fuit,
3057 4305 3117 4350 ut
3163 4295 3521 4366 Hieronymus

256 4404 462 4460 tionem
508 4403 563 4457 in
593 4404 901 4458 sacerdotes
945 4412 1000 4457 et
1033 4401 1293 4466 clericos,
1346 4400 1399 4455 id
1427 4409 1531 4465 est,
1563 4401 1834 4466 doctores,
1865 4431 1916 4490 Β
1943 4393 2176 4463 quodam
2201 4391 2320 4446 loco
2345 4391 2583 4461 quinque
2608 4389 2774 4444 millia
2808 4388 3068 4443 librorum
3097 4386 3212 4456 ejus
3237 4401 3296 4442 se
3326 4385 3521 4455 legisse

254 4493 341 4547 vel
375 4494 644 4563 praecipue
671 4501 890 4563 propter
917 4492 1204 4562 Origenem
1250 4492 1648 4562 presbyterum,
1677 4492 1838 4546 mise-

255 4592 365 4638 rat.
414 4581 626 4636 Pariter
654 4582 1000 4650 pecuniosos,
1053 4580 1331 4646 insontes,
1375 4581 1671 4650 noxiosque
1715 4595 1831 4650 per-

253 4672 524 4742 sequitur,
569 4671 867 4741 cupiditate
895 4671 1140 4726 allectus.
1185 4670 1313 4725 Post
1362 4669 1518 4739 cujus
1545 4670 1824 4741 imperium

254 4765 366 4819 duo
398 4763 677 4828 Gordiani,
706 4771 862 4833 pater
888 4771 943 4818 et
964 4763 1106 4817 filius
1127 4804 1141 4828 ,
1179 4763 1541 4834 principatum
1567 4764 1835 4833 arripien-
1892 4806 1899 4814 .

254 4861 360 4914 tes,
400 4868 537 4907 unus
581 4861 702 4922 post
730 4867 899 4906 unum
952 4853 1208 4909 interiere
1257 4853 1379 4908 Pari
1435 4855 1601 4908 etiam
1652 4864 1838 4909 tenore

254 4943 533 5011 Pupianus
587 4951 643 4996 et
669 4941 926 4996 Balbinus
959 4958 1184 5011 regnum
1229 4945 1547 4998 invadentes
1572 4944 1835 5014 perempti

254 5042 388 5088 sunt
415 5033 516 5087 sub
543 5033 803 5101 praadicto
831 5032 1146 5097 Maximino,
1181 5042 1236 5086 et
1264 5017 1537 5088 Antherus
1583 5033 1840 5089 Romana:

254 5122 412 5176 urbis
439 5121 724 5190 episcopus
762 5120 1023 5190 martyrio
1055 5129 1345 5175 coronatus
1375 5131 1476 5176 est.

328 5212 652 5279 Gordianus,
671 5213 926 5268 Gordiani
945 5228 1129 5283 nepos,
1145 5212 1434 5283 vigesimus
1450 5214 1638 5268 tertius
1651 5214 1719 5268 ab
1731 5213 1839 5267 Au-

253 5311 422 5378 gusto
450 5305 746 5375 imperator
769 5311 987 5359 creatus
1015 5311 1118 5366 est,
1144 5303 1448 5371 mansitque
1487 5303 1541 5356 in
1581 5317 1645 5357 eo
1681 5303 1839 5358 annis

253 5409 381 5453 sex.
409 5393 713 5450 Gordianus
738 5393 1025 5449 admodum
1053 5406 1187 5460 puer
1223 5391 1275 5445 in
1312 5390 1586 5446 Orientem
1630 5392 1697 5446 ad
1727 5391 1840 5446 bel-

256 5489 375 5544 lum
411 5487 720 5543 Parthicum
750 5488 1087 5557 profecturus
1112 5486 1276 5554 (sicut
1303 5483 1589 5552 Eutropius
1630 5480 1838 5552 scribit)

259 5579 384 5633 lani
414 5587 597 5649 portas
618 5579 848 5649 aperuit,
878 5593 1012 5648 quas
1032 5589 1213 5631 utrum
1244 5573 1758 5646 postVespasianum
1789 5579 1844 5627 et

263 5671 449 5727 Titum
473 5671 667 5742 aliquis
693 5671 946 5726 clauserit
981 5671 1250 5726 neminem
1281 5667 1561 5738 scripsisse
1600 5664 1838 5731 memini,

1942 4482 2271 4538 meminerit.

2551 4569 2778 4626 CAPUT
2819 4568 2905 4624 VI.

2152 4663 2231 4718 De
2275 4662 2434 4718 Decio
2491 4671 2820 4732 persecutore
2865 4659 3300 4714 Christianorum.

2008 4755 2224 4820 Decius,
2259 4755 2480 4825 quintus
2505 4763 2558 4808 et
2598 4753 2888 4822 vigesimus
2927 4752 2997 4806 ab
3028 4751 3283 4822 Augusto,
3325 4751 3524 4806 occisis

1939 4845 2199 4918 Philippis
2234 4846 2430 4901 invasit
2477 4845 2781 4914 imperium,
2808 4843 3086 4911 tenuitque
3130 4858 3272 4896 anno
3313 4858 3420 4897 uno
3465 4853 3520 4897 et

1941 4941 2219 4996 mensibus
2242 4941 2414 4995 tribus
2441 4957 2454 4991 :
2487 4939 2578 5006 qui
2601 4937 2726 4990 belli
2750 4935 2924 4989 civilis
2952 4936 3200 4990 incentor
3223 4945 3279 4987 et
3316 4947 3526 5002 repres-

1943 5045 2036 5084 sor
2057 5029 2176 5084 fuit.
2209 5028 2351 5084 Idem
2385 5027 2641 5081 continuo
2675 5027 2729 5079 in
2753 5039 2862 5093 quo
2892 5040 2952 5078 se
2972 5025 3137 5077 etiam
3163 5023 3235 5077 ob
3264 5024 3366 5075 hoc
3391 5021 3522 5074 Phi-

1945 5121 2147 5190 lippum
2189 5118 2526 5174 interfecisse
2552 5116 2762 5178 docuit,
2792 5115 2858 5170 ad
2887 5107 3291 5184 persequendos
3321 5110 3524 5164 interfi-

1942 5211 2268 5278 ciendosque
2297 5207 2654 5270 Christianos,
2679 5215 2882 5276 septem
2915 5211 3036 5274 post
3063 5203 3355 5263 Neronem,
3380 5198 3522 5253 fera-

1937 5299 2009 5353 lia
2033 5299 2294 5368 disperdit
2314 5299 2508 5360 edicta,
2537 5297 2901 5366 plurimosque
2930 5302 3241 5348 sanctorum
3270 5291 3339 5344 ad
3367 5304 3523 5342 coro-

1941 5407 2040 5447 nas
2062 5391 2264 5446 Christi
2290 5391 2355 5446 de
2375 5390 2485 5445 suis
2504 5389 2834 5452 cruciatibus
2855 5387 3022 5441 misit.
3047 5387 3122 5439 De
3147 5400 3250 5453 qua
3273 5397 3520 5452 persecu-

1942 5483 2088 5538 tione
2129 5481 2392 5536 Eusebius
2430 5479 2617 5545 refert,
2647 5480 2699 5532 in
2730 5476 2867 5532 libro
2901 5493 2954 5530 v1
2992 5475 3384 5530 Ecclesiasticze
3431 5471 3523 5526 lli-

1943 5572 2143 5635 storize,
2176 5578 2231 5626 et
2279 5578 2577 5640 martyrum
2629 5576 2894 5624 testantur
2934 5567 3178 5636 plurima:
3233 5564 3312 5620 rei
3359 5569 3525 5634 gesta:

1943 5663 2250 5736 passionum
2285 5652 2632 5718 actiones.'ln
2660 5675 2765 5732 qua
2795 5651 3064 5714 Fabianus
3093 5655 3147 5712 in
3184 5656 3319 5712 urbe
3348 5654 3517 5710 Roma
