3962 6174
462 279 601 337 H79

1481 262 1864 331 ritscunrtu
1907 260 2364 331 wxovmttsts
2397 264 2699 332 EPISCOPI

3587 270 3728 332 “85

454 390 727 464 martyrio
741 395 1146 447 consummatus
1168 395 1270 443 est.
1294 385 1620 452 Alexander,
1646 386 2045 457 llierosolymo-
2072 388 2118 447 Α
2147 384 2281 442 urbe
2311 388 2481 443 Roma
2510 399 2892 460 congregatum
2939 394 3043 453 est,
3083 388 3458 458 episcoporum
3502 390 3735 458 quidem

465 500 585 540 rum
614 484 916 554 episcopus,
946 479 1087 549 apud
1115 477 1418 537 Caesaream
1447 477 1747 534 Palaestinae
1775 487 1830 533 et
1856 478 2045 533 Antio—

461 575 604 631 chia:
630 571 858 642 Babylas
885 568 1304 625 interficiuntur.
1336 567 1463 624 Hac
1486 577 1670 623 autem
1710 569 2042 638 persecutio,

466 672 531 719 ut
550 660 835 732 Dionysius
879 658 1222 714 Alexandriae
1266 659 1554 728 cpiscopus
1592 658 1777 723 refert,
1823 673 1930 713 non
1975 673 2041 713 ex

466 758 736 822 praecepto
778 748 1122 817 imperatoris
1151 747 1384 816 sumpsit
1413 747 1717 811 exordium,
1758 746 1852 801 sed
1901 761 2045 803 anno

469 842 678 911 integro
702 839 785 911 (ut
808 840 906 910 ait)
953 836 1272 909 principalia
1310 837 1571 907 praevenit
1595 837 1771 893 edicta
1798 838 2046 901 minister

466 932 802 996 daemonum,
832 930 925 999 qui
952 927 1228 985 dicebatur
1249 929 1302 983 in
1333 929 1554 984 civitate
1594 936 1778 989 nostra
1809 927 2043 994 divinus,

472 1024 902 1093 superstitiosum
939 1032 1127 1078 contra
1178 1038 1276 1078 nos
1323 1023 1602 1092 exagitans
1654 1021 1862 1093 vulgus.
1908 1021 2044 1075 Nam

470 1113 668 1168 Decius
687 1112 857 1167 filium
885 1128 1040 1168 suum
1064 1111 1327 1167 Catsarem
1354 1109 1499 1177 fecit,
1525 1112 1610 1166 vir
1638 1111 1851 1167 actibus
1875 1111 2048 1166 virtu-

465 1205 720 1274 tibusque
763 1203 1078 1267 instructus,
1106 1202 1349 1274 placidus
1381 1213 1438 1258 et
1466 1203 1770 1259 communis
1793 1204 1963 1270 domi,
1987 1203 2041 1259 in

470 1295 638 1349 armis
663 1286 1118 1363 promptissimus.
1163 1290 1270 1348 Sed
1298 1291 1425 1363 quia
1451 1292 1881 1363 persecutionem
1910 1307 2042 1348 con-

473 1392 552 1439 tra
578 1384 916 1440 Christianos
941 1384 1213 1449 exercuit,
1237 1384 1379 1438 hanc
1412 1384 1617 1453 recepit
1640 1383 1947 1438 mercedem
1988 1382 2046 1437 in

466 1473 587 1529 solo
612 1472 920 1539 barbarico,
950 1473 1092 1527 inter
1115 1470 1371 1528 confusas
1395 1470 1582 1527 turbas
1604 1471 1815 1542 gurgite
1838 1469 2048 1540 paludis

468 1563 784 1618 submersus
803 1571 906 1627 est,
934 1561 1009 1615 ita
1032 1568 1093 1615 ut
1117 1576 1219 1617 nec
1242 1560 1472 1616 cadaver
1491 1558 1608 1629 ejus
1632 1558 1870 1629 potuerit
1896 1558 2047 1613 inve-

466 1649 608 1714 niri;
642 1648 784 1704 filius
807 1663 936 1704 vero
953 1649 1071 1721 ejus
1094 1649 1235 1705 bello
1254 1649 1552 1705 exstinctus
1572 1656 1675 1716 est,
1687 1647 1840 1705 Getis
1857 1656 2048 1704 contra

470 1753 598 1795 eum
625 1739 1030 1795 dimicantibus.

1062 1847 1292 1905 CAPUT
1330 1845 1440 1902 VII.

469 1958 549 2016 De
571 1960 724 2017 Gallo
758 1970 807 2031 et
840 1958 1146 2031 Volusiano.
1181 1959 1247 2031 Et
1264 1958 1402 2031 quid
1429 1966 1627 2031 gestum
1663 1956 1730 2013 sit
1781 1959 2048 2031 imperan-

541 2033 679 2085 tibus
707 2030 814 2085 illis
838 2039 947 2083 tam
966 2031 1023 2084 in
1049 2027 1348 2083 doctoribus
1381 2027 1539 2099 quam
1561 2027 1618 2080 in
1645 2027 2048 2082 caeteritcausis

543 2101 797 2155 memoria
822 2100 1017 2170 dignis.

543 2211 727 2268 Callus
753 2210 1105 2276 llostilianus,
1131 2215 1317 2265 sextus
1335 2217 1392 2264 et
1410 2208 1700 2281 vigesimus
1721 2207 1789 2263 ab
1809 2207 2049 2278 Augusto

468 2319 701 2376 regnum
745 2303 1002 2373 adeptus,
1028 2302 1165 2357 vixit
1190 2301 1398 2357 duobus
1420 2302 1579 2357 annis
1607 2314 1729 2357 cum
1757 2298 2049 2356 Volusiano

471 2393 584 2451 lilio
606 2394 662 2450 in
695 2393 941 2464 imperio.
972 2393 1223 2448 Exoritur
1251 2392 1382 2447 ultio
1406 2392 1592 2447 violati
1622 2390 1858 2446 nominis
1894 2389 2050 2444 Chri-

469 2485 655 2549 stiani,
677 2491 732 2539 et
757 2496 1034 2553 usquequo
1056 2482 1123 2536 ad
1165 2480 1528 2552 proﬂigendas
1575 2480 1834 2536 ecclesias
1873 2478 2048 2533 edicta

470 2575 620 2631 Decii
656 2580 1030 2638 cucurrerunt,
1054 2579 1283 2628 eatenus
1302 2571 1701 2626 incredibilium
1734 2570 2048 2624 morborum

468 2663 642 2734 pestis
665 2661 993 2727 extenditur,
1009 2660 1151 2715 nulla
1183 2659 1297 2715 fere
1320 2659 1596 2731 provincia
1620 2658 1880 2720 Romana,
1904 2655 2048 2711 nulla

472 2752 699 2817 civitas,
729 2750 875 2806 nulla
902 2749 1094 2806 domus
1132 2748 1269 2814 fuit,
1293 2764 1412 2818 quas
1437 2762 1544 2803 non
1572 2748 1660 2802 illa
1687 2746 1924 2818 generali
1950 2760 2049 2815 pe-

469 2840 713 2898 stilentia
757 2848 1010 2910 corrupta
1037 2845 1200 2909 atque
1224 2845 1437 2894 vastata
1461 2838 1552 2893 sit.
1581 2836 1761 2892 Testis
1795 2843 1878 2891 est
1914 2835 2052 2891 liber

470 2930 735 3002 Cypriani
755 2929 919 2996 beati,
940 2928 1009 2985 de
1036 2930 1141 2985 hac
1170 2929 1497 2984 mortalitate
1519 2928 1881 2997 conscriptus,
1905 2934 1962 2981 et
1990 2932 2053 2981 nt

476 3020 644 3079 refert
682 3020 989 3091 Dionysius,
1021 3021 1187 3075 etiam
1224 3021 1327 3075 hac
1376 3019 1490 3075 sola
1531 3018 1774 3089 pernicie
1811 3018 2049 3088 insignes

473 3113 663 3171 Callus
689 3119 744 3168 et
780 3111 1102 3168 Volusianus
1124 3110 1248 3166 dum
1292 3119 1481 3166 contra
1509 3108 1861 3165 Aimilianum
1891 3109 2046 3164 novis

472 3207 640 3264 rebus
688 3204 1023 3268 studentem,
1068 3201 1267 3258 bellum
1319 3200 1476 3256 civile
1520 3200 1846 3266 moliuntur,
1881 3198 2048 3254 occisi

470 3298 628 3352 sunt.
647 3290 973 3350 Emilianus
1001 3298 1179 3345 tamen
1208 3289 1364 3344 tertio
1384 3302 1567 3343 mense
1585 3287 1784 3342 invasa:
1804 3287 2051 3357 tyranni-

478 3384 571 3440 dis
592 3382 891 3440 exstinctus
910 3386 1010 3435 est.
1036 3378 1104 3433 At
1132 3392 1201 3433 ne
1228 3376 1410 3432 Callus
1433 3376 1650 3446 quidem
1681 3374 1879 3429 malum
1904 3374 2052 3431 Decii

468 3484 572 3531 aut
596 3474 779 3529 videre
805 3470 982 3542 potuit
999 3477 1094 3523 aut
1116 3482 1330 3533 cavere,
1346 3467 1441 3522 sed
1461 3466 1516 3521 in
1542 3464 1792 3521 eumdem
1816 3463 2048 3535 lapidem

468 3560 787 3621 oﬂ'ensionis
816 3558 1053 3629 impegit.
1082 3555 1245 3626 Cujus
1278 3570 1402 3610 cum
1450 3568 1678 3626 regnum
1727 3551 1944 3609 ﬂoreret
1991 3553 2047 3610 in

472 3655 653 3719 initio,
680 3659 953 3713 etcuncta
993 3649 1044 3704 ei
1093 3661 1160 3702 ex
1206 3644 1472 3702 sententia
1516 3644 1790 3709 cederent,
1834 3653 2050 3701 sanctos

478 3745 628 3799 viros
650 3742 742 3812 qui
768 3753 866 3811 pro
889 3752 1024 3809 pace
1052 3736 1200 3807 regni
1227 3735 1345 3806 ejus
1371 3735 1481 3789 Deo
1526 3747 1739 3789 summo
1776 3732 2049 3803 supplica-

477 3834 628 3898 bant,
654 3835 970 3901 persecutus
992 3834 1095 3893 est,
1121 3840 1247 3882 cum
1294 3824 1509 3894 quibus.
1533 3830 1590 3879 et
1635 3822 2049 3893 prosperitatem

466 3935 631 3980 suam
658 3920 863 3992 fugavit
879 3927 936 3974 et
956 3931 1166 3986 pacem.
1197 3913 1458 3984 Origenes
1500 3912 1895 3983 septuagesimo
1918 3919 2048 3966 asta-

474 4014 549 4069 tis
576 4025 718 4067 anno
741 4024 849 4065 non
876 4007 946 4063 ad
972 4006 1241 4077 integrum
1277 4003 1494 4073 impleto
1542 4001 1828 4058 defunctus
1864 4009 1966 4066 est,
1994 4010 2051 4056 et

479 4103 534 4158 in
557 4101 692 4156 urbe
719 4099 847 4170 Tyri
875 4096 1135 4168 sepultus,
1162 4103 1224 4150 ut
1256 4092 1468 4164 praefati
1513 4108 1717 4148 sumus.
1768 4092 2049 4148 Cornelius

482 4192 665 4248 Romae
692 4191 997 4260 episcopus,
1019 4194 1240 4258 rogatus
1263 4201 1296 4239 a
1319 4185 1548 4255 quadam
1571 4192 1817 4240 matrona
1847 4184 2048 4241 Lucina

481 4298 709 4354 corpora
755 4278 1116 4351 apostolorum
1151 4278 1218 4334 de
1274 4278 1475 4333 tumbis
1523 4277 1721 4332 levavit
1762 4285 1920 4331 noctu
1941 4317 1957 4342 ,
1994 4283 2052 4332 et

2145 479 2422 549 sexaginta
2475 494 2701 534 numero
2716 516 2731 545 ,
2755 482 3201 551 presbyterorum
3225 494 3441 549 quoque
3467 482 3703 536 totidem
3720 520 3737 547 ,

2146 582 2269 624 cum
2283 567 2601 625 diaconibus
2621 568 2888 639 plurimis.
2906 567 3172 624 Praeterea
3192 569 3354 623 etiam
3373 584 3473 638 per
3488 570 3740 641 singulas

2146 674 2390 729 quasque
2412 661 2720 730 provincias
2739 701 2753 727 ,
2781 661 2847 716 de
2875 662 2977 716 hac
3000 675 3061 715 re
3100 675 3295 731 magna
3337 661 3740 720 deliberatione

2148 750 2352 815 habita,
2372 750 2605 805 decretis
2634 749 2970 820 significatur
2997 750 3149 820 quid
3183 751 3326 806 facto
3372 767 3515 822 opus
3564 762 3736 810 esset.

2147 839 2413 894 Statuitur
2439 855 2569 910 ergo
2598 838 2858 895 Novatum
2888 840 3125 908 quidem,
3157 855 3282 896 cum
3328 841 3417 895 his
3460 842 3560 910 qui
3604 857 3736 897 cum

2148 929 2345 984 mentis
2400 928 2634 984 elatione
2680 928 2945 984 tumidum
2990 937 3366 998 sequerentur,
3412 931 3625 999 quique
3667 932 3736 985 ad

2149 1024 2497 1079 inhumanam
2533 1024 2716 1089 istam,
2749 1030 2805 1079 et
2827 1023 2960 1077 nihil
2991 1022 3244 1078 fraternae
3289 1024 3577 1078 charitatis
3612 1039 3720 1078 κβ

2143 1122 2362 1169 vantem
2412 1114 2737 1169 sententiam
2776 1113 3214 1179 declinaverunt,
3239 1113 3476 1167 alienum
3507 1129 3637 1169 esse
3664 1117 3735 1171 ab

2147 1204 2421 1272 Ecclesia;
2466 1220 2562 1261 eos
2602 1219 2735 1261 vero
2779 1205 2871 1274 qui
2918 1204 3054 1274 lapsi
3082 1205 3138 1261 in
3166 1206 3463 1260 certamine
3493 1204 3733 1272 fuerat,

2149 1298 2390 1355 fraterna
2416 1299 2765 1356 miseratione
2793 1300 3080 1366 curandos,
3103 1309 3160 1354 et
3183 1299 3434 1354 fomentis
3460 1301 3735 1369 peniten-

2150 1390 2241 1446 tiaa
2299 1390 2666 1446 medicandos.
2718 1391 3007 1462 Dionysius
3068 1390 3336 1446 mirabilis
3388 1390 3735 1445 Alexandri:

2148 1479 2358 1544 doctor,
2383 1485 2442 1533 et
2463 1478 2755 1533 multorum
2781 1478 3042 1534 librorum
3066 1480 3329 1545 conditor,
3345 1480 3437 1548 qui
3468 1479 3575 1534 hoc
3598 1484 3735 1534 tem-

2150 1584 2284 1639 pore
2304 1567 2504 1633 ﬂoruit,
2520 1569 2593 1624 de
2616 1568 2784 1639 lapsis
2808 1569 2976 1625 refert
2996 1569 3051 1623 in
3074 1570 3216 1624 hunc
3236 1571 3452 1625 modum
3486 1570 3733 1625 refutans

2152 1657 2345 1713 Novati
2374 1673 2613 1714 errorem
2645 1676 2659 1713 :
2693 1659 2783 1713 Isti
2815 1659 2977 1728 igitur
2994 1660 3158 1714 divini
3182 1669 3468 1731 martyres,
3484 1662 3580 1730 qui
3607 1677 3733 1716 cum

2073 1727 2122 1788 Β
2150 1749 2368 1805 Christo
2396 1748 2450 1803 in
2477 1748 2790 1804 coelestibus
2819 1727 3029 1814 sedent,
3051 1758 3107 1803 et
3152 1751 3300 1820 regni
3324 1727 3466 1817 eius
3504 1727 3734 1818 partici-

2147 1854 2244 1910 pes
2272 1845 2435 1908 atque
2456 1838 2669 1907 iudicii,
2696 1839 2789 1909 qui
2822 1853 2948 1894 cum
2992 1840 3110 1909 ipso
3156 1840 3223 1894 de
3266 1839 3435 1910 lapsis
3470 1839 3731 1896 fratribus

2141 1929 2385 2000 iudicant
2433 1945 2447 1981 :
2499 1928 2611 1993 isti,
2641 1929 2839 1999 inquit,
2883 1930 2986 2000 ipsi
3036 1942 3392 2001 susceperunt
3435 1931 3622 2001 lapsos
3666 1933 3731 1986 ad

2147 2018 2541 2091 paenitentiam,
2567 2020 3083 2088 conversionemque
3125 2034 3310 2075 eorum
3348 2035 3458 2074 non
3510 2034 3732 2089 respue-

2149 2117 2294 2173 runt,
2320 2108 2555 2162 scientes
2574 2109 2720 2178 quod
2766 2108 2908 2164 Deus
2958 2118 3161 2171 noster,
3221 2106 3389 2175 cujus”
3418 2110 3524 2178 ipsi
3580 2120 3731 2165 erant

2148 2205 2437 2269 martyres,
2469 2213 2575 2253 non
2612 2197 2726 2254 vult
2767 2198 2990 2252 omnino
3036 2208 3264 2253 mortem
3291 2200 3613 2263 morientis,
3638 2199 3727 2254 sed

2148 2288 2553 2344 conversionem
2592 2288 2708 2358 ejus
2751 2294 2806 2342 ct
2855 2287 3228 2357 paenitentiam
3251 2288 3471 2355 qumrit.
3507 2287 3571 2342 Si
3601 2304 3733 2359 ergo

2149 2380 2237 2434 isti
2260 2388 2581 2448 receperunt
2604 2378 2886 2448 quosdam,
2912 2386 2968 2433 et
3012 2379 3065 2433 in
3108 2377 3350 2434 Ecclesia
3397 2389 3733 2447 statuerunt,

2149 2471 2204 2527 in
2226 2470 2470 2525 oratione
2497 2484 2712 2540 quoque
2739 2469 2820 2523 eis
2842 2469 2972 2523 etin
3012 2469 3135 2523 cibo
3164 2470 3731 2537 communicaverunt,

2148 2561 2275 2632 quid
2302 2576 2402 2617 nos
2433 2559 2612 2617 facere
2631 2559 2813 2625 vultis,
2843 2559 3073 2615 fratres?
3108 2559 3247 2626 Quid
3279 2561 3438 2616 nobis
3461 2563 3729 2633 agendum

2146 2650 2387 2721 putatis?
2433 2649 2621 2704 Nonne
2669 2649 2821 2718 sequi
2871 2664 2971 2703 nos
2995 2663 3184 2705 eorum
3215 2651 3542 2717 sententias,
3564 2660 3621 2705 et
3649 2651 3731 2719 ju-

2148 2740 2346 2796 dicium
2370 2740 2659 2799 convenit?
2694 2738 2906 2799 Pariter
2934 2738 3098 2795 etiam
3142 2738 3424 2815 Cornelius
3449 2743 3598 2798 hanc
3647 2759 3733 2803 veg

2148 2832 2356 2887 saniam
2386 2831 2641 2886 refutavit
2664 2830 3010 2886 validissimis
3047 2832 3456 2891 assertionibus.
3502 2832 3730 2904 Cypria.

2146 2936 2248 2976 nus
2273 2935 2487 2991 quoque
2513 2920 2604 2991 qui
2637 2919 2895 2997 delapsis
2930 2928 3094 2989 atque
3134 2921 3525 2990 paenitentibus
3566 2924 3731 2977 multa

2150 3010 2492 3080 conscripsit,
2524 3010 2579 3063 in
2607 3017 2808 3064 tantam
2839 3009 3165 3080 paenitentes
3194 3011 3534 3080 recipiendos
3580 3027 3733 3068 asse-

2151 3101 2280 3166 ruit,
2307 3109 2369 3155 ut
2393 3100 2558 3155 etiam
2578 3100 2623 3157 si
2651 3100 2706 3157 in
2735 3100 2925 3155 ultimo
2968 3100 3093 3155 vitae
3134 3102 3389 3168 termino,
3414 3112 3603 3158 errata
3630 3086 3736 3159 sua.

2149 3190 2547 3260 ingemiscendo
2571 3188 2905 3255 deﬂeverint,
2935 3189 3003 3245 de
3030 3190 3204 3245 salute
3226 3205 3415 3246 eorum
3456 3208 3569 3247 non
3610 3208 3731 3248 esse

2147 3280 2564 3349 desperandum.
3592 3330 3607 3341 ,

2218 3372 2322 3439 Qui
2347 3374 2446 3427 sub
2467 3371 2704 3443 praefatis
2727 3373 3060 3443 principibus
3078 3373 3376 3431 ﬂoruerunt
3390 3377 3729 3443 doctores,“

2148 3464 2434 3521 scribendo
2461 3464 2903 3534 agonizandoque
2935 3466 3227 3522 enituerint
3246 3508 3262 3533 ,
3291 3468 3549 3536 quamvis
3592 3485 3730 3540 quo-

2148 3554 2393 3609 rumdam
2412 3553 2522 3623 jam
2553 3552 2840 3611 fecerimus
2881 3555 3238 3620 mentionem,
3263 3555 3505 3613 breviter
3549 3568 3727 3613 tamen

2146 3659 2333 3699 eorum
2380 3652 2554 3711 actus,
2602 3645 2861 3700 memoria
2904 3646 3114 3715 dignos,
3145 3649 3731 3718 repetendoadnotare

2146 3735 2479 3791 curabimus.
2510 3733 2828 3794 Ammonius
2862 3736 2947 3791 vir
2971 3736 3208 3792 disertus
3226 3746 3283 3792 et
3309 3738 3467 3793 valde
3485 3740 3731 3795 eruditus

2146 3824 2202 3879 in
2253 3823 2598 3892 Philosophia
2643 3824 2833 3881 eodem
2879 3832 3124 3895 tempore
3164 3825 3506 3882 Alexandriae
3548 3828 3731 3882 clarus

2146 3912 2362 3969 habitus
2413 3920 2528 3977 est;
2579 3912 2723 3967 inter
2773 3913 2941 3971 multa
2989 3915 3189 3985 ingenii
3240 3916 3324 3971 sui
3370 3927 3430 3971 et
3469 3917 3729 3986 ιιι-πάδη

2146 4010 2520 4066 monumenta,
2570 4001 2733 4057 etiam
2785 4002 2853 4057 de
2908 4003 3261 4059 consonantia
3307 4003 3443 4059 Mosi
3493 4012 3551 4058 et
3599 4003 3732 4060 Iesu

2145 4107 2279 4162 opus
2306 4093 2524 4165 elegans
2559 4082 2880 4163 composuit,
2906 4103 2961 4149 et
2986 4094 3322 4163 evangelicos
3353 4110 3595 4150 canones
3635 4111 3732 4151 ex-

2145 4183 2402 4254 cogitavit
2430 4202 2443 4237 :
2475 4200 2611 4254 quos
2643 4192 2826 4253 postea
2868 4192 3084 4239 secutus
3118 4193 3206 4239 est
3248 4183 3517 4240 Eusebius
3554 4184 3735 4243 Gesa-

2146 4272 2363 4329 riensis.
2391 4272 2545 4329 Hunc
2564 4272 2699 4328 falso
2720 4272 3299 4343 accusatPorphyrius,
3313 4273 3457 4342 quod
3475 4289 3548 4328 ex
3571 4275 3734 4330 Chri-

478 4374 658 4443 posuit
681 4371 831 4426 Pauli
856 4370 1072 4440 quidem
1095 4368 1181 4423 via
1203 4366 1457 4431 Ostiensi,
1488 4367 1579 4422 ubi
1604 4366 1899 4422 decollatus
1928 4374 2042 4431 est;
2073 4395 2125 4453 Β
2149 4363 2325 4417 Stiano
2352 4362 2599 4453 ethnicus
2618 4362 2812 4453 fuerit;
2853 4377 2975 4453 cum
3019 4370 3232 4422 constet
3269 4378 3394 4419 eum
3437 4380 3617 4433 usque
3664 4368 3735 4420 ad

481 4464 628 4520 Petri
653 4470 833 4517 autem
853 4461 1009 4529 juxta
1052 4459 1250 4521 locum,
1289 4458 1380 4511 ubi
1427 4458 1725 4512 crucifixus
1770 4464 1875 4521 est,
1908 4457 2047 4512 intra

481 4565 707 4621 corpora
732 4556 1041 4604 sanctorum
1073 4545 1446 4615 episcoporum
1478 4546 1532 4599 in
1566 4546 1762 4615 templo
1789 4546 2048 4615 Apollinis

482 4642 539 4696 in
568 4647 755 4695 monte
812 4651 981 4692 aureo
1025 4636 1081 4689 in
1127 4634 1389 4690 Vaticano
1435 4633 1614 4701 palatii
1657 4633 1945 4690 Neroniani
1988 4651 2047 4690 ill

484 4730 603 4786 Kal.
633 4726 759 4784 Julii
785 4743 801 4792 ;
833 4726 934 4782 sub
961 4722 1294 4794 principibus
1317 4720 1575 4792 prmiatis,
1606 4721 1888 4778 Cornelius
1912 4738 2050 4776 mar-

483 4822 625 4896 tyrio
650 4828 941 4877 coronatus
969 4822 1070 4872 est.
1113 4814 1341 4870 Exstant
1381 4813 1447 4868 ad
1480 4826 1606 4870 eum
1632 4810 1885 4882 Cypriani
1932 4813 2046 4882 epi-

480 4910 656 4970 stolae.
687 4909 803 4977 Qua
833 4913 1152 4975 tempestate
1192 4903 1429 4959 Novatus
1468 4900 1749 4972 presbyter
1791 4899 2044 4970 Cypriani

484 5000 713 5057 Romam
734 4998 976 5061 veniens,
999 4995 1351 5050 Novatianum
1380 5002 1435 5048 et
1455 4999 1677 5047 caeteros
1711 4989 2048 5047 confessorcs

478 5092 589 5149 sibi
620 5090 813 5154 sociat,
844 5103 911 5143 eo
936 5087 1078 5156 quod
1105 5084 1387 5140 Cornelius
1410 5083 1732 5154 poenitentes
1772 5089 2047 5150 apostatas

481 5183 800 5250 recepisset.
824 5177 1065 5232 Elatione
1094 5174 1325 5245 quadam
1353 5172 1590 5228 Novatus
1615 5171 1873 5230 tumidus.
1895 5187 2046 5241 spem

466 5270 698 5341 penitus
727 5269 807 5324 eis
832 5266 1023 5324 salutis
1045 5264 1344 5327 adimebat,
1369 5264 1533 5318 etiam
1582 5262 1627 5317 si
1675 5261 1834 5331 digne
1878 5262 2051 5330 poeni-

487 5359 732 5414 tuissent.
759 5358 837 5412 Ex
864 5371 971 5427 quo
996 5362 1054 5410 et
1086 5354 1338 5422 princeps
1356 5352 1624 5407 hazreseos
1652 5350 1859 5405 exstitit
1876 5349 2053 5404 Nova-

466 5438 781 5510 tianorum,
804 5445 898 5515 qui
926 5445 995 5501 ab
1022 5442 1261 5498 Ecclesia
1292 5440 1526 5509 separati
1560 5439 1791 5509 superbo
1837 5438 2054 5493 nomine

483 5535 801 5603 setitetipsos
828 5534 1093 5597 catharos,
1119 5533 1172 5587 id
1207 5538 1292 5585 est
1327 5528 1554 5583 mundos
1586 5527 1938 5597 appellarunt.
1971 5526 2052 5582 Ob

485 5636 649 5691 quam
677 5635 793 5679 rem
822 5620 1113 5679 concilium
1162 5616 1495 5691 sacerdotale
1541 5617 1950 5672 celeberrimum
1997 5618 2052 5673 in

2150 4460 2446 4508 extremam
2477 4452 2644 4506 vitam
2670 4450 3036 4507 Christianum
3068 4467 3465 4522 perseverasse.
3498 4454 3737 4510 Ambro-

2151 4543 2264 4597 sius
2299 4542 2506 4611 primus
2542 4540 2900 4607 Marcioneus,
2928 4541 3121 4597 deinde
3150 4541 3220 4595 ab
3248 4542 3580 4597 Adamantio
3606 4560 3736 4599 cor-

2150 4642 2351 4699 rectus,
2378 4632 2631 4689 Ecclesia:
2659 4632 2938 4696 diaconus,
2967 4640 3023 4686 et
3044 4631 3402 4689 confessionis
3432 4632 3735 4691 Dominica:

2151 4724 2319 4795 gloria
2361 4722 2591 4792 insignis
2618 4720 2760 4775 fuit:
2798 4721 2886 4775 cui
2931 4736 3047 4776 cun;
3096 4720 3465 4776 Protheotisto
3506 4725 3735 4794 presby-

2151 4822 2289 4879 tero,
2306 4813 2443 4868 liber
2465 4814 2532 4867 ab
2553 4811 2875 4867 Adamantio
2895 4811 2961 4866 de
2981 4813 3242 4881 martyrio
3264 4812 3542 4867 scribitur.
3562 4811 3736 4880 Hujus

2148 4901 2424 4956 industria:
2448 4908 2662 4968 sumptu
2683 4907 2737 4952 et
2759 4899 3013 4953 instantia
3027 4899 3200 4954 adhuc
3228 4899 3436 4953 inﬁnita
3458 4902 3739 4956 Adaman-

2146 4989 2256 5045 tius
2279 4988 2502 5043 dictavit
2523 4986 2825 5050 volumina;
2854 4985 2948 5040 sed
2977 4987 3182 5056 etipse,
3209 4989 3407 5058 quippe
3431 4997 3492 5042 ut
3518 4991 3604 5043 vir
3637 5008 3739 5044 no-

2146 5077 2292 5142 bilis,
2320 5075 2580 5146 elegantis
2618 5074 2819 5143 ingenii
2849 5072 2970 5137 fuit,
2997 5074 3155 5128 sicuti
3193 5074 3310 5142 ejus
3350 5076 3417 5128 ad
3457 5076 3741 5130 Adaman-

2149 5166 2282 5221 tium
2313 5164 2549 5234 epistolae
2574 5163 2773 5218 indicio
2792 5170 2935 5217 sunt.
2968 5161 3114 5217 Obiit
3134 5170 3313 5218 autem
3341 5172 3469 5219 ante
3494 5174 3741 5221 mortem

2152 5255 2492 5320 Adamantii;
2528 5255 2657 5309 etin
2680 5255 2783 5308 hoc
2800 5268 2829 5307 a
2850 5252 3117 5323 plerisque
3137 5253 3741 5324 reprehenditur,un

2155 5346 2240 5400 vir
2263 5343 2501 5412 locuples
2533 5341 2693 5397 amici
2725 5341 2810 5397 sui
2839 5341 2985 5397 senis
3025 5349 3079 5397 et
3102 5343 3354 5412 pauperis
3394 5357 3501 5413 non
3546 5358 3739 5400 νεωτ-

2156 5436 2314 5491 datus
2338 5441 2439 5489 est.
2470 5432 2708 5502 Triphon
2727 5430 3033 5485 Adamantii
3055 5430 3288 5498 auditor,
3313 5431 3381 5486 ad
3407 5445 3576 5502 quem
3596 5450 3741 5489 non-

2157 5529 2317 5585 nullae
2342 5525 2456 5595 ejus
2484 5532 2701 5581 exstant
2724 5522 2985 5593 epistolas,
3013 5523 3066 5577 in
3101 5521 3400 5593 Scripturis
3433 5523 3742 5602 disenissi-

2161 5633 2281 5672 mus
2306 5615 2425 5671 fuit.
2444 5614 2596 5682 Quod
2617 5612 2833 5683 quidem
2859 5611 3023 5667 multa
3045 5609 3161 5681 ejus
3183 5614 3413 5684 sparsim
3434 5615 3742 5672 ostendunt
