3962 6174
262 317 390 373 II8I

1333 308 1746 367 CHRONICON.
1793 337 1863 348 —-
1901 306 2063 363 TOMI
2101 307 2142 361 Il
2183 306 2308 362 LIB.
2354 306 2441 362 III.

3378 307 3528 365 “82‘

256 432 536 506 opuscula,
586 429 681 486 sed
729 429 995 500 pracipue
1039 427 1178 482 liber
1220 441 1380 496 quem
1425 433 1725 494 composuit
1769 423 1838 478 de
1863 423 1915 484 Α
1941 438 2103 477 unum
2127 425 2486 494 congregatis,
2508 423 2786 479 annitente
2810 435 3024 493 quoque
3043 423 3160 492 ipso
3175 424 3259 478 vel
3279 425 3516 482 maxine

257 538 421 580 vacca
471 520 591 576 rufa
646 519 702 574 in
758 517 1192 581 Deuteronomia,
1228 524 1285 572 et
1341 517 1409 571 de
1463 515 1830 579 aromatibus,

259 611 505 670 columba.
549 618 604 664 et
633 615 863 672 turture,
893 622 1012 676 qua
1037 607 1104 661 ab
1142 605 1413 662 Abraham
1463 612 1737 674 ponuntur
1779 603 1835 658 in

257 702 477 760 Genesi.
527 699 781 754 Minatius
819 697 970 752 Felix
1016 697 1200 751 Roma
1253 695 1480 766 insignis
1535 694 1838 749 causidicus

260 792 478 862 scripsit
500 790 771 859 dialogum
791 787 1114 843 Christianis
1127 795 1182 841 et
1197 786 1462 849 Ethnicis,
1477 785 1569 854 qui
1583 783 1838 840 Octavius

260 886 592 943 inscribitur.
617 882 723 937 Sed
746 881 882 935 alius
908 879 1008 934 sub
1027 878 1244 933 nomine
1262 875 1378 945 ejus
1399 876 1571 931 fertur
1594 876 1660 929 de
1681 873 1836 937 Fato,

262 975 347 1031 vel
375 982 565 1030 contra
595 970 1003 1028 mathematicos
1035 987 1048 1023 :
1079 968 1170 1036 qui
1200 983 1325 1022 cum
1346 967 1418 1022 sit
1437 975 1493 1021 et
1511 965 1624 1034 ipse
1649 963 1838 1018 diserti

260 1066 519 1130 hominis,
541 1079 649 1120 non
689 1062 820 1117 mihi
839 1061 1048 1116 videtur
1064 1075 1184 1114 cum
1211 1058 1508 1127 superioris
1537 1055 1659 1110 libri
1701 1053 1840 1124 stylo

263 1154 574 1211 convenire.
608 1150 855 1206 Meminit
878 1149 1037 1217 hujus
1075 1147 1284 1202 Minutii
1333 1153 1388 1200 et
1429 1143 1744 1199 Lactantius
1785 1142 1840 1196 in

260 1245 416 1300 libris
444 1244 577 1299 suis.
615 1240 782 1297 Gaius
812 1239 1227 1310 disputationem
1254 1237 1515 1291 adversus
1554 1232 1842 1288 Proculum

262 1333 502 1388 Montani
531 1339 852 1386 sectatorem
877 1328 1032 1382 valde
1067 1327 1276 1398 insigne
1312 1324 1560 1382 volumen
1583 1321 1842 1385 condidit,

263 1439 496 1496 arguens
511 1438 634 1478 eum
662 1421 982 1476 temeritatis
1009 1433 1171 1488 super
1192 1433 1331 1473 nova
1358 1415 1641 1487 prophetia
1662 1404 1843 1468 defen-

263 1513 462 1578 denda,
489 1521 545 1567 et
564 1512 618 1566 in
641 1510 829 1566 eodem
860 1509 1131 1564 volumine
1159 1504 1416 1577 epistolas
1455 1517 1668 1574 quoque
1693 1500 1846 1556 Pauli

266 1607 526 1662 tredecim
555 1613 762 1660 tantum
793 1616 1136 1665 enumerans,
1161 1600 1428 1655 decimam
1456 1605 1708 1665 quartam
1753 1609 1850 1647 au-

1937 512 2190 568 Narcisso
2236 512 2735 584 Hierosolymitana
2780 513 3022 569 ecclesia
3067 513 3336 584 episcopo,
3389 529 3513 569 cum

1937 617 2003 657 eo
2037 601 2455 672 gubernaculum
2479 603 2734 672 suscepit.
2774 603 2871 658 llic
2903 605 2954 658 in
2984 603 3088 657 fine
3107 603 3385 671 cujusdam
3399 604 3520 673 epi-

1937 689 2107 753 stola,
2134 704 2295 758 quam
2326 689 2542 759 scripsit
2569 691 2636 744 ad
2678 689 3080 755 Adamantium,
3133 701 3190 746 et
3231 708 3329 762 pro
3370 691 3516 747 Ada-

1938 783 2160 847 mantio,
2189 782 2262 835 ita
2296 797 2457 851 super
2497 797 2630 852 pace
2669 783 2924 838 Ecclesia
2968 785 3044 837 ait
3086 801 3100 838 :
3153 784 3368 839 Salutat
3421 799 3518 840 vos

1941 872 2226 928 Narcissus
2257 887 2442 937 senex,
2467 873 2559 942 qui
2593 882 2720 927 ante
2745 887 2831 928 me
2858 875 3032 928 tenuit
3067 875 3210 929 hunc
3243 876 3518 945 episcopa-

1940 964 2043 1020 lem
2069 965 2265 1028 locum,
2298 973 2353 1018 et
2381 981 2523 1019 nuiic
2549 980 2758 1019 mecum
2800 965 3048 1020 eumdem
3082 966 3416 1021 orationibus
3442 982 3522 1020 re-

1941 1055 2036 1125 git,
2064 1070 2234 1110 annos
2256 1064 2410 1109 natus
2437 1055 2656 1110 circiter
2679 1070 2826 1120 cxvr,
2847 1064 2903 1110 et
2926 1071 3022 1110 vos
3062 1071 3271 1111 mecum
3314 1072 3509 1125 preca-

1944 1156 2050 1213 tur,
2080 1156 2142 1202 ut
2162 1163 2327 1202 unum
2348 1147 2597 1216 idemque
2621 1147 2863 1216 sapiatis.
2893 1145 3124 1216 Scripsit
3157 1155 3211 1201 et
3254 1147 3413 1200 aliam
3453 1147 3522 1201 ad

1942 1239 2336 1293 Antiochenses
2361 1237 2646 1308 epistolam
2674 1252 2768 1306 per
2789 1237 3120 1292 Clementem
3151 1239 3523 1307 presbyterum

1943 1328 2305 1392 Alexandria,
2333 1329 2398 1382 de
2431 1342 2539 1396 quo
2589 1342 2750 1396 supra
2797 1325 3052 1390 diximus,
3103 1340 3312 1381 necnon
3354 1334 3409 1380 et
3456 1325 3524 1378 ad

1944 1416 2323 1472 Adamantium
2344 1422 2400 1469 et
2417 1430 2516 1485 pro
2537 1414 2861 1468 Adamantio
2880 1423 3066 1468 contra
3092 1413 3445 1477 Demetrium,
3471 1419 3525 1467 et

1947 1508 2088 1578 quod
2105 1506 2260 1576 juxta
2288 1505 2652 1560 testimonium
2679 1505 2876 1560 bonum
2901 1504 3282 1557 Adamantium
3302 1503 3526 1575 presby-

1949 1611 2122 1658 terum
2145 1602 2520 1665 constituerit;
2559 1603 2653 1656 sed
2684 1610 2740 1656 et
2766 1601 2883 1656 alia
2907 1599 3024 1669 ejus
3051 1600 3120 1654 ad
3163 1599 3407 1654 diversos
3455 1597 3527 1652 fe-

265 1706 376 1751 ιθιη
403 1710 522 1766 qua?
545 1693 719 1749 rem"
740 1690 805 1745 ad
843 1691 1099 1745 Ηθδηεοε
1124 1689 1257 1743 die“
1282 1702 1389 1742 ηοη
1425 1686 1542 1755 eius
1583 1697 1724 1748 053°:
1755 1681 1850 1735 sed
1875 1762 1912 1766 _
1951 1701 2146 1748 runtur
2174 1692 2434 1762 epistola.
2482 1691 2719 1760 Septima
2767 1698 2948 1746 autem
2994 1688 3374 1758 persecutione
3426 1686 3526 1740 sub

263 1788 406 1857 apud
420 1762 706 1840 Itomanos
733 1783 888 1854 quasi
914 1780 1064 1836 Pauli
1091 1779 1338 1834 habetur.
1376 1776 1609 1832 Berillus
1634 1774 1847 1828 Arabia
1875 1762 1923 1821 Β
1951 1786 2132 1849 Decio,
2158 1798 2264 1853 quo
2287 1793 2525 1853 tempore
2570 1783 2786 1837 Babilas
2824 1781 3122 1836 Antiochia;
3179 1793 3374 1851 passus
3422 1785 3525 1838 est,

263 1887 571 1948 postremus
585 1876 888 1945 episc0pus,
904 1887 1026 1928 cum
1045 1871 1317 1938 aliquanto
1334 1878 1577 1936 tempore
1603 1865 1850 1936 religiose

267 1966 500 2022 rexisset
527 1963 853 2026 Ecclesiam,
886 1961 953 2016 ad
985 1967 1286 2016 extremum
1313 1957 1496 2026 lapsus
1520 1956 1573 2010 in
1603 1955 1850 2010 haresim

267 2071 388 2125 qua
419 2054 691 2111 Christum
735 2060 861 2107 ante
900 2051 1327 2106 incarnationem
1364 2047 1532 2102 fuisse
1567 2056 1746 2118 negat,
1782 2047 1851 2100 ab

267 2144 593 2198 Adamantio
617 2149 914 2206 correctus,
942 2140 1160 2208 scripsit
1181 2139 1330 2192 varia
1355 2137 1634 2206 opuscula,
1655 2145 1711 2190 et
1729 2152 1851 2190 ma-

266 2237 412 2291 xime
432 2235 708 2306 epistolas,
732 2234 786 2288 in
808 2233 1002 2302 quibus
1023 2231 1344 2286 Adamantio
1364 2230 1565 2300 gratias
1592 2229 1732 2295 agit;
1757 2229 1852 2284 sed

267 2337 326 2382 et
342 2326 648 2381 Adamantii
675 2325 741 2379 ad
767 2339 893 2380 eum
921 2323 1115 2378 littera:
1141 2330 1285 2378 sunt.
1318 2322 1506 2376 Exstat
1533 2329 1588 2376 et
1611 2321 1854 2390 dialogus

269 2416 578 2472 Adamantii
607 2424 663 2470 et
691 2414 894 2477 Berilli,
920 2415 974 2468 in
1005 2414 1202 2483 quibus
1246 2413 1470 2468 haresis
1519 2414 1850 2480 coarguitur.

269 2506 477 2563 Claruit
502 2515 681 2561 autem
705 2506 806 2560 sub
831 2503 1140 2560 Alexandro
1163 2503 1438 2558 Mammea
1461 2502 1665 2569 ﬁlio,et
1687 2502 1854 2556 Maxi-

270 2601 420 2654 mino
443 2608 499 2654 et
521 2597 820 2662 Gordiano,
849 2596 939 2665 qui
982 2596 1031 2650 ei
1062 2596 1114 2649 in
1144 2594 1428 2663 imperium
1453 2602 1850 2650 successerunt.

867 2703 1095 2760 CAPUT
1130 2703 1265 2760 VIII.

271 2798 352 2855 De
397 2796 699 2854 doctoribus
737 2795 935 2866 aliquot
983 2796 1309 2860 orthodoxis,
1355 2797 1445 2865 qui
1491 2795 1587 2850 sub
1624 2792 1776 2850 Gallo
1805 2802 1856 2849 et

754 2865 1043 2920 Volusiano
1072 2866 1384 2934 ﬂoruerunt.

343 2956 660 3029 Hippolytus
698 2954 975 3025 cujusdam
1005 2955 1250 3011 ecclesia
1288 2957 1574 3025 episcOpus
1599 2954 1855 3025 .(nomen

275 3049 478 3120 quippe
498 3047 648 3102 urbis
673 3046 816 3101 scire
842 3060 946 3101 non
976 3045 1149 3115 potui)
1183 3046 1236 3099 in
1259 3045 1604 3100 enarratione
1633 3043 1857 3100 Pascha

273 3148 330 3196 et
357 3149 657 3209 temporum
678 3151 902 3201 canone,
925 3151 1085 3206 quem
1109 3136 1316 3201 scribit,
1338 3151 1511 3206 usque
1535 3135 1602 3190 ad
1623 3137 1854 3205 primum

275 3244 480 3285 annum
527 3227 818 3283 Alexandri
871 3227 1215 3296 imperatoris
1269 3227 1537 3298 perducit,
1585 3225 1855 3282 sexdecim

277 3333 545 3374 annorum
571 3317 853 3379 circulum,
883 3331 1044 3386 quem
1081 3316 1255 3372 Graci
1293 3317 1500 3388 cyclum
1524 3326 1742 3382 vocant,
1767 3333 1855 3372 re-

274 3409 439 3480 perit,
468 3416 524 3462 et
547 3407 810 3462 Eusebius
831 3405 923 3475 qui
950 3421 1110 3474 super
1139 3406 1328 3461 eodem
1360 3405 1568 3462 Pascha
1595 3407 1778 3462 decem
1803 3415 1860 3462 et

275 3512 472 3555 novem
503 3511 766 3550 annorum
793 3495 1052 3550 circulum
1079 3497 1417 3565 composuit,
1441 3497 1542 3552 hac
1575 3497 1861 3553 occasione

277 3587 469 3645 scribit
499 3605 512 3642 :
544 3587 726 3642 Edidit
762 3586 1050 3642 nonnullos
1095 3586 1148 3640 in
1188 3585 1486 3655 Scripturis
1525 3598 1858 3642 commenta-

281 3679 418 3744 rios,
439 3693 470 3734 e
493 3677 688 3749 quibus
716 3677 832 3732 hac
861 3677 1064 3746 reperit
1096 3695 1110 3730 :
1144 3676 1200 3730 In
1235 3675 1606 3740 Hexameron,
1633 3677 1687 3731 in
1716 3677 1861 3732 Exo-

282 3768 450 3832 dum,
489 3775 541 3822 et
589 3768 644 3822 in
691 3766 972 3822 Canticum
1017 3767 1375 3832 canticorum,
1404 3767 1458 3821 in
1507 3766 1779 3833 Genesim,
1807 3767 1862 3822 in

282 3856 698 3921 Zachariam,de
738 3855 986 3922 Psalmis,
1016 3865 1072 3912 et
1099 3856 1155 3910 in
1185 3856 1401 3922 Isaiam,
1429 3857 1495 3912 de
1524 3856 1761 3922 Daniele,
1795 3857 1862 3913 de

282 3946 626 4018 Apocalypsi,
652 3947 718 4002 de
747 3945 1075 4011 Proverbiis,
1125 3948 1190 4002 de
1221 3946 1566 4013 Ecclesiaste,
1598 3948 1665 4002 de
1702 3947 1865 4002 Saule

283 4047 342 4096 et
369 4037 712 4108 Pythonissa,
741 4037 807 4090 de
831 4037 1184 4103 Antichristo,
1217 4038 1283 4092 de
1313 4037 1765 4102 Resurrectione;
1810 4046 1866 4092 et

283 4135 478 4184 contra
503 4125 932 4190 Marcionem,de
956 4124 1164 4180 Pascha
1190 4133 1246 4180 et
1269 4127 1529 4181 adversus
1550 4142 1739 4182 omnes
1756 4127 1868 4182 ha-

285 4231 457 4280 reses,
475 4223 530 4270 et
554 4215 620 4270 de
642 4213 799 4269 laude
823 4215 1034 4270 Domini
1063 4215 1380 4280 Salvatoris,
1396 4216 1462 4270 de
1481 4232 1585 4286 qua
1605 4225 1868 4286 prasente

284 4299 609 4357 Adamantio
635 4313 692 4355 se
719 4299 865 4370 loqui
897 4301 951 4355 in
993 4301 1222 4357 ecclesia
1270 4302 1556 4372 significat.
1602 4302 1659 4357 In
1707 4302 1867 4372 hujus

1949 1876 2142 1930 ductus
2163 1873 2468 1928 Casaream
2495 1881 2550 1926 et
2586 1871 2801 1926 clausus
2845 1886 3087 1935 carcere,
3134 1870 3204 1925 ob
3241 1867 3530 1926 confessio-

1949 1981 2072 2020 nem
2112 1964 2313 2019 Christi
2363 1963 2623 2032 martyrio
2659 1971 2968 2017 coronatur.
2997 1961 3174 2016 Julius
3216 1959 3530 2022 Africanus,

1951 2053 2102 2122 cujus
2139 2053 2377 2122 quinque
2405 2052 2470 2106 de
2505 2051 2860 2122 Temporibus
2880 2059 3094 2105 exstant
3122 2049 3412 2112 volumina,
3432 2049 3531 2101 sub

1953 2145 2281 2215 imperatore
2333 2143 2516 2198 Marco
2555 2143 2775 2198 Aurelio
2818 2142 3115 2206 Antonino,
3149 2140 3239 2209 qui
3295 2139 3532 2192 Macrino

1952 2243 2314 2298 successerat,
2344 2232 2447 2288 fuit
2472 2251 2485 2287 :
2517 2233 2608 2302 qui
2636 2233 2957 2304 legationem
2983 2239 3298 2300 susceperat
3327 2246 3356 2283 a
3387 2229 3534 2298 prin-

1953 2324 2090 2393 cipe,
2127 2332 2188 2376 ut
2221 2323 2422 2378 Emaus
2456 2323 2510 2376 in
2548 2321 2731 2377 Judaa
2760 2329 3186 2384 restauraretur,
3212 2335 3333 2388 qua
3380 2319 3532 2373 dein-

1953 2428 2079 2484 ceps
2130 2413 2402 2482 Nicopolis
2446 2414 2720 2468 nominata
2759 2423 2859 2469 est.
2897 2411 3063 2481 Hujus
3097 2421 3181 2467 est
3211 2411 3436 2480 epistola
3467 2410 3535 2464 ad

1952 2504 2336 2559 Adamantium
2367 2519 2528 2574 super
2548 2505 2846 2573 quastione
2874 2504 3155 2567 Susanna,
3183 2517 3249 2558 eo
3274 2504 3418 2572 quod
3454 2503 3535 2556 di—

1954 2604 2045 2650 cat
2074 2611 2193 2650 eam
2221 2597 2276 2652 in
2316 2597 2581 2653 Hebraico
2611 2597 2847 2664 fabulari
2874 2598 3085 2662 haberi,
3120 2613 3221 2652 nec
3248 2595 3540 2651 convenire

1956 2703 2078 2743 cum
2107 2687 2372 2744 Hebraico
2405 2706 2418 2742 :
2445 2699 2635 2744 contra
2661 2705 2825 2759 quam
2852 2688 3136 2759 epistolam
3165 2688 3381 2742 doctam
3403 2685 3538 2741 serio

1955 2781 2064 2850 psit
2091 2780 2464 2835 Adamantius.
2511 2779 2704 2835 Exstat
2747 2781 2864 2851 ejus
2913 2781 2983 2834 ad
3029 2779 3319 2833 Aristidem
3363 2776 3535 2830 altera

1956 2871 2202 2941 epistola,
2235 2871 2287 2924 in
2316 2886 2420 2939 qua
2450 2885 2614 2940 super
2651 2871 2986 2925 dissonantia
3017 2884 3137 2940 qua
3160 2869 3374 2924 videtur
3409 2882 3535 2923 esse

1959 2961 2012 3014 in
2063 2959 2374 3030 genealogia
2427 2958 2727 3014 Salvatoris
2766 2959 2907 3028 apud
2946 2958 3179 3022 Lucam,
3225 2956 3538 3026 plenissime

1960 3051 2274 3120 disputavit.
2306 3051 2568 3106 Geminus
2595 3050 2948 3106 Antiochena
2977 3049 3220 3105 ecclesia
3258 3049 3542 3118 presbyter

1960 3156 2131 3211 pauca
2163 3141 2359 3210 ingenii
2391 3140 2474 3195 sui
2504 3148 2848 3194 monumenta
2877 3139 3202 3209 composuit,
3220 3137 3419 3192 florens
3437 3137 3540 3192 sub

1955 3229 2262 3285 Alexandro
2285 3230 2617 3298 principe,et
2637 3230 2921 3300 episcopus
2945 3228 3094 3284 urbis
3115 3241 3226 3281 sua.
3261 3225 3535 3291 Seheuno,

1957 3335 2022 3376 eo
2043 3321 2123 3374 vel
2153 3321 2387 3375 maxime
2419 3328 2679 3388 tempore,
2709 3334 2818 3388 quo
2863 3318 3119 3374 Heraclas
3159 3315 3537 3372 Alexandrina

1957 3409 2200 3464 ecclesia
2225 3409 2468 3478 pontifex
2515 3409 2796 3463 ordinatus
2838 3417 2941 3462 est.
2990 3408 3154 3477 Igitur
3201 3407 3268 3461 ab
3302 3406 3544 3478 Augusto

1956 3499 2217 3568 septimus
2267 3508 2318 3552 et
2350 3499 2640 3568 vigesimus
2663 3496 2980 3553 Valerianus
3003 3514 3056 3552 in
3079 3497 3268 3550 Rhetia
3291 3497 3360 3551 ab
3383 3513 3544 3554 exer-

1959 3589 2068 3644 citu
2100 3589 2394 3657 imperator
2417 3597 2634 3644 creatus
2659 3596 2761 3642 est.

2564 3698 2792 3754 CAPUT
2844 3699 2937 3753 IX.

1961 3787 2038 3841 De
2074 3786 2230 3856 gestis
2270 3784 2532 3859 Vqleriam'
2559 3797 2608 3839 et
2643 3783 2872 3840 Gallieni
2903 3788 3284 3857 principum,’et
3322 3790 3411 3859 qui
3448 3791 3543 3845 do-

2067 3855 2232 3910 etores
2263 3855 2339 3910 vel
2385 3865 2640 3925 martyres
2676 3873 2738 3909 ea
2780 3855 3082 3926 tempestate
3123 3855 3432 3914 exstiterint.

2035 3948 2220 4002 Roma
2243 3957 2424 4002 autem
2459 3946 2599 4002 filius
2625 3945 2742 4015 ejus
2769 3945 3046 4002 Gallienus
3072 3947 3348 4017 Augustus
3385 3965 3416 4002 a
3458 3963 3544 4004 sc-

1963 4047 2094 4092 natu
2123 4037 2420 4106 appellatus
2446 4044 2532 4090 est
2561 4036 2869 4105 mansitque
2919 4037 2973 4090 in
3023 4037 3268 4106 imperio,
3296 4042 3544 4107 quamvis

1965 4127 2256 4183 infeliciter
2279 4126 2517 4196 undique
2546 4127 2952 4181 coarctantibus
2981 4126 3159 4192 malis,
3187 4128 3345 4182 annis
3387 4130 3542 4198 quin-

1965 4217 2162 4274 decim.
2195 4216 2382 4285 Itaque
2405 4215 2707 4269 mirandum
2734 4224 2819 4269 est
2849 4216 2915 4270 de
2939 4216 3252 4283 Valeriano,
3276 4219 3546 4286 quomodo

1963 4321 2125 4375 supra
2155 4314 2380 4360 caeteros
2407 4303 2501 4372 qui
2533 4312 2658 4358 ante
2699 4320 2757 4358 se
2789 4304 3024 4370 fuerunt,
3059 4306 3149 4360 hic
3187 4315 3241 4360 et
3278 4308 3547 4363 humanus

283 4392 631 4448 aemulatione
649 4391 987 4457 Ambrosius,
1009 4408 1169 4462 quem
1196 4395 1261 4448 de
1282 4393 1566 4449 Marcionis
1588 4395 1778 4450 haeresi
1797 4395 1865 4449 ad
1890 4436 1942 4496 Β
1967 4407 2024 4454 et
2050 4397 2313 4466 benignus
2337 4396 2609 4450 exstiterit
2632 4396 2684 4448 in
2715 4391 2944 4450 fa'mulos
2966 4397 3080 4458 Dei,
3111 4397 3185 4450 ita
3205 4406 3268 4453 ut
3292 4399 3345 4452 in
3376 4399 3548 4453 initiis

285 4499 474 4540 veram
504 4484 660 4540 fidem
687 4493 992 4539 correctum
1021 4484 1604 4548 diximus,eohortatus
1622 4493 1706 4540 est
1723 4483 1864 4540 Ada-

288 4573 553 4629 mantium
594 4573 647 4627 in
678 4570 973 4643 Scripturis
996 4574 1410 4628 commentarios
1438 4575 1696 4639 scribere,
1725 4588 1863 4644 pra-

287 4660 428 4717 beus
455 4662 503 4717 ei
530 4671 735 4733 septem
777 4671 832 4717 et
857 4663 1088 4732 amplius
1131 4663 1386 4728 notarios,
1431 4677 1724 4733 eorumque
1763 4680 1862 4720 ex-

287 4767 488 4824 pensas
514 4759 569 4806 ct
588 4751 926 4807 librariorum
946 4767 1129 4822 parem
1155 4767 1439 4807 numerum
1468 4770 1481 4806 :
1509 4754 1758 4824 quodque
1780 4754 1865 4810 bis

289 4839 469 4909 majus
495 4849 598 4906 est,
624 4841 920 4896 incredibili
950 4843 1127 4897 studio
1152 4843 1388 4912 quotidie
1411 4843 1479 4897 ab
1499 4859 1564 4899 eo
1589 4859 1722 4914 opus
1746 4847 1865 4900 exi-

289 4947 448 5004 gens.
472 4931 624 4988 Unde
655 4940 712 4987 et
738 4933 792 4987 in
823 4933 1054 5002 quadam
1079 4934 1302 5004 epistola
1330 4950 1453 4989 eum
1484 4935 1864 4992 Adamantium

290 5029 472 5078 vocat.
495 5021 796 5076 Alexander
823 5023 1106 5090 episcopus
1141 5022 1491 5092 Cappadocia
1511 5040 1633 5079 cum
1659 5027 1869 5082 deside-

293 5113 384 5169 rio
407 5121 712 5168 sanctorum
759 5113 997 5167 locorum
1043 5113 1463 5185 Hierosolymam
1507 5126 1786 5188 pergeret,
1817 5129 1873 5172 et

294 5205 586 5261 Narcissus
610 5205 894 5274 episcopus
926 5203 1164 5271 ejusdem
1194 5205 1342 5260 urbis
1374 5207 1485 5276 jam
1521 5222 1685 5262 senex
1719 5223 1870 5278 rege-

297 5303 388 5349 ret
409 5293 713 5359 ecclesiam,
754 5302 881 5348 tunc
922 5293 1173 5348 Narcisso
1225 5303 1280 5348 et
1319 5295 1502 5350 multis
1549 5295 1870 5352 clericorum

297 5383 421 5454 ejus
450 5383 742 5438 revelatum
769 5391 852 5437 est
887 5382 1247 5438 Alexandrum
1278 5383 1451 5437 altera
1491 5384 1578 5438 die
1604 5399 1762 5439 mane
1790 5384 1872 5438 in-

298 5484 452 5528 trare
478 5475 802 5544 episcopum,
831 5475 920 5544 qui
951 5474 1162 5544 adjuter
1206 5475 1524 5545 episcopalis
1568 5475 1648 5530 vel
1694 5492 1872 5532 sacer-

299 5563 498 5619 dotalis
517 5566 785 5619 eathedra
809 5580 928 5620 esse
951 5566 1186 5620 deberet.
1211 5564 1394 5634 Itaque
1420 5582 1478 5620 re
1507 5566 1581 5621 ita
1608 5567 1870 5638 completa

301 5661 366 5706 ut
403 5653 657 5721 pradieta
683 5652 876 5720 fuerat,
906 5653 1117 5711 cunctis
1158 5652 1453 5710 Palastiua
1498 5654 1765 5726 episcopis
1815 5657 1871 5712 in

1969 4487 2140 4542 multo
2169 4486 2332 4541 etiam
2358 4486 2465 4540 illis
2481 4485 2764 4556 benignior
2784 4487 3057 4541 videretur
3081 4488 3171 4557 qui
3201 4489 3415 4543 nomine
3435 4489 3546 4545 sal-

1968 4589 2076 4634 tem
2125 4577 2417 4633 Christiani
2475 4575 2810 4630 diCebantur.
2877 4577 2932 4629 In
2987 4585 3194 4631 tantum
3260 4579 3550 4642 verebatur

1969 4683 2156 4724 servos
2186 4665 2422 4730 Domini,
2450 4674 2511 4718 ut
2547 4665 2723 4720 omnis
2748 4665 2937 4720 domus
2965 4666 3080 4735 ejus
3123 4675 3270 4722 esset
3313 4668 3546 4724 ecclesia

1969 4760 2085 4814 Dei.
2111 4759 2447 4827 Depravatus
2474 4766 2650 4809 autem
2683 4762 2765 4809 est
2792 4763 2846 4810 et
2870 4771 2901 4809 a
2931 4759 3160 4810 veritate
3187 4755 3424 4824 dejectus
3447 4772 3552 4828 per

1970 4849 2254 4919 quemdam
2285 4847 2562 4904 doctorem
2589 4845 2880 4914 pessimum
2911 4847 3226 4915 magistrum
3257 4855 3310 4902 et
3342 4848 3544 4918 princi-

1965 4955 2088 5011 pem
2113 4938 2486 5008 x’Egyptiorum
2511 4949 2788 5003 magorum
2812 4945 2870 4987 ut
2883 4934 3064 5003 justos
3086 4945 3141 4990 et
3162 4946 3377 4992 sanctos
3398 4938 3548 4992 viros

1968 5029 2218 5100 persequi
2260 5035 2316 5082 et
2343 5023 2582 5079 interimi
2610 5021 2856 5090 iuberet,
2882 5031 3135 5092 tanquam
3166 5025 3256 5093 qui
3293 5025 3552 5078 adversae

1969 5129 2158 5176 rentur
2190 5116 2415 5187 magicis
2439 5113 2680 5178 artibus,
2702 5113 2898 5182 quibus
2931 5113 3163 5182 seipsum
3209 5114 3552 5168 subdiderat.

1969 5210 2136 5262 Erant
2159 5206 2304 5260 enim
2333 5217 2541 5269 revera,
2564 5210 2619 5257 et
2653 5213 2779 5257 sunt
2801 5204 2966 5257 etiam
3007 5218 3173 5267 nunc,
3201 5203 3292 5272 qui
3315 5213 3550 5271 possunt

1972 5297 2171 5350 virtute
2195 5293 2511 5347 meritorum
2554 5307 2772 5346 suorum
2802 5293 3134 5362 restinguere
3164 5292 3404 5347 fallacias
3432 5293 3550 5346 da-

1972 5386 2296 5441 moniorum.
2323 5383 2464 5454 Ergo
2495 5383 2791 5451 respirante
2819 5383 3094 5452 paulisper
3123 5398 3282 5454 supra
3302 5383 3551 5448 solitum,

1964 5473 2080 5545 jngi
2125 5482 2179 5529 et
2223 5473 2374 5544 gravi
2421 5471 2725 5542 pestilentia
2766 5472 2949 5540 generi
2998 5473 3260 5537 humano,
3291 5457 3549 5541 provo'eat

1963 5578 2187 5635 poenam
2224 5577 2376 5616 suam
2407 5561 2665 5616 obliviosa
2691 5561 2912 5615 malitia.
2957 5560 3208 5629 Impietas
3259 5562 3400 5616 enim
3443 5561 3544 5615 Ila-

1974 5656 2109 5729 gella
2143 5653 2358 5726 quidem
2386 5654 2692 5730 excruciata
2723 5653 2918 5720 sentit,
2941 5651 3037 5708 sed
3059 5665 3087 5706 a
3114 5667 3220 5722 quo
3248 5650 3549 5725 flagellatur:
