3962 6174
456 317 591 374 1183

1465 306 1854 364 FRECULPHI
1893 303 2350 362 LEXOVIENSIS
2391 304 2695 364 EPISCOPI

3585 315 3726 372 ιιδι

449 431 710 488 obdurata
727 440 833 480 non
855 421 1036 478 sentit.
1053 419 1374 476 Valerianus
1393 419 1657 490 siquidem
1680 434 1804 474 mox
1820 427 1879 472 ut
1894 418 2032 472 arri-
2058 421 2107 479 Λ
2131 423 2233 470 est.
2293 415 2429 470 Huic
2472 417 2734 472 successit
2778 418 3045 483 Tetricus,
3093 417 3185 490 qui
3234 428 3362 476 tunc
3407 421 3724 493 Aquitaniei

449 521 567 592 puit
591 516 872 588 imperium
891 519 1115 568 octavus
1141 525 1171 564 a
1197 509 1430 574 Nerone,
1447 510 1626 579 adegit
1642 523 1740 577 per
1761 515 2026 563 tormenta

449 611 788 668 Christianos
828 606 895 660 ad
936 602 1294 658 idololatriam
1333 603 1768 671 abnegantesque
1793 598 2026 654 interﬁci

443 700 628 771 jussit,
646 697 764 752 fuso
778 710 876 766 per
893 707 1109 748 omnem
1133 691 1360 745 Romani
1383 690 1532 760 regni
1553 689 1886 744 latitudinem
1903 704 2028 743 san-

447 799 656 844 ctorum
679 784 958 855 sanguine.
983 780 1303 835 Valerianus
1321 779 1465 833 illico
1485 777 1679 832 nefarii
1701 787 1890 832 auctor
1907 778 2026 833 edi-

447 887 519 934 cti
545 896 573 933 a
598 879 801 948 Sapore
819 876 1106 930 Persarum
1122 885 1247 941 rege
1259 879 1470 940 captus,
1487 870 1780 924 luminibus
1793 869 2024 935 effossis,

447 966 737 1036 imperator
753 964 932 1035 populi
955 961 1184 1016 Romani
1207 959 1712 1028 ignominiosissime
1737 959 1877 1029 apud
1898 959 2030 1020 Per;

446 1073 535 1113 sas
574 1059 627 1111 in
660 1057 915 1112 servitute
951 1052 1236 1108 consenuit
1263 1069 1276 1104 :
1301 1051 1440 1105 hanc
1465 1049 1682 1105 infamis
1710 1050 1876 1105 ofﬁcii
1904 1065 2030 1104 con-

447 1148 682 1211 tinuam,
725 1147 895 1201 donec
933 1145 1069 1198 vixit
1115 1144 1514 1198 damnationem
1560 1143 1885 1207 sortitus,ut
1913 1143 2028 1211 ipse

447 1240 666 1294 acclivis
691 1239 839 1293 humi
879 1254 1058 1308 regem
1094 1253 1308 1307 semper
1344 1251 1693 1291 ascensurum
1723 1235 1775 1288 in
1805 1249 2024 1302 equum,

447 1345 554 1384 non
591 1345 750 1383 manu
795 1344 912 1392 sua,
961 1329 1053 1382 sed
1104 1328 1266 1382 dorso
1296 1327 1583 1381 attolleret.
1634 1325 1701 1378 Et
1749 1324 2027 1380 Gallienus

445 1421 661 1488 quidem
688 1427 797 1472 tam
823 1419 972 1473 claro
1000 1419 1092 1472 Dei
1118 1418 1323 1487 judicio
1352 1418 1595 1482 territus,
1639 1425 1895 1485 tanquam
1929 1415 2031 1468 mi-

445 1514 552 1568 seri
593 1512 811 1582 collega:
837 1520 1116 1581 permotus
1150 1510 1419 1580 exemplo,
1463 1524 1652 1578 pacem
1680 1509 1734 1562 in
1770 1506 2028 1562 Ecclesiis

449 1603 656 1673 trepida
705 1601 1074 1656 satisfactione
1121 1601 1372 1655 restituit.
1425 1599 1530 1655 Sed
1560 1614 1666 1654 non
1716 1606 2030 1667 compensat

448 1694 660 1763 injuria:
691 1695 1016 1763 ultionisque
1045 1709 1352 1748 mensuram
1390 1693 1548 1746 unius
1583 1693 1750 1761 impii,
1782 1690 2029 1760 quamvis

2126 507 2445 576 pmsidatus
2481 507 2894 564 administrabat
2921 509 3154 564 cilicium
3175 552 3190 575 ,
3232 512 3541 583 multasque
3563 517 3722 572 sedi—

2128 598 2300 653 tiones
2335 599 2562 653 militum
2591 600 2833 668 pertulit.
2869 599 2940 655 At
2957 616 3089 655 vero
3115 601 3168 655 in
3196 602 3418 658 Oriente
3446 621 3550 674 per
3573 605 3738 662 Ode-

2127 695 2314 741 natum
2353 690 2639 756 quemdam
2671 690 2893 745 collecta
2923 693 3122 762 agresti
3155 708 3341 758 manu,
3369 695 3500 750 victi
3536 697 3732 766 repul-

2127 778 2284 847 sique
2331 778 2528 845 Persa,
2572 779 2794 835 defensa
2838 779 3016 851 Syria,
3063 791 3279 851 recepta
3330 783 3727 855 Mesopotamia

2127 879 2232 935 est,
2261 880 2318 924 et
2355 885 2526 939 usque
2561 872 2628 926 ad
2668 870 3050 940 Tesiphontem
3089 873 3352 928 rusticani
3389 873 3567 945 Syria:
3597 893 3726 932 cum

2127 959 2370 1016 Odenato
2417 977 2516 1016 suo
2559 962 2824 1017 vincendo
2874 972 3159 1017 venerunt.
3201 962 3478 1020 Gallienus
3534 976 3724 1023 autem

2127 1067 2248 1107 cum
2268 1053 2649 1122 rempublicam
2663 1054 3082 1118 deseruisset,ac
3099 1053 3380 1111 Mediolani
3395 1057 3720 1114 libidinibus

2129 1143 2433 1210 inserviret,
2480 1147 2692 1200 occisus
2740 1153 2841 1201 est.
2887 1145 3003 1212 Qua
3047 1155 3370 1216 tempestate
3416 1149 3725 1219 Cyprianus

2125 1231 2257 1286 Afer
2303 1233 2532 1302 primum
2575 1235 2812 1304 gloriose
2853 1235 3182 1290 rhetoricam
3229 1237 3445 1300 docuit,
3504 1245 3564 1291 et
3602 1238 3727 1292 inde

2128 1325 2386 1378 suadente
2413 1326 2729 1396 presbytero
2768 1326 2990 1390 Cecilio,
3026 1341 3054 1379 a
3081 1342 3188 1396 quo
3223 1335 3277 1380 et
3303 1338 3726 1397 cognomentum

2129 1415 2353 1470 sortitus
2375 1425 2480 1482 est,
2511 1416 2852 1472 Christianus
2875 1417 3072 1483 factus,
3104 1434 3319 1473 omnem
3353 1421 3723 1475 substantiam

2127 1522 2281 1562 suam
2334 1510 2662 1578 pauperibus
2711 1503 2972 1582 erogavit,
3026 1528 3089 1566 ac
3145 1520 3264 1582 post
3321 1530 3429 1568 non
3486 1516 3722 1569 multum

2129 1599 2389 1667 temporis
2418 1599 2679 1655 allevatus
2705 1601 2758 1655 in
2795 1602 3168 1673 presbyterum
3189 1643 3204 1667 ,
3233 1605 3397 1658 etiam
3424 1595 3721 1674 episcopus

2128 1686 2570 1758 Carthaginiensis
2617 1691 2963 1745 constitutus.
3031 1691 3200 1761 Hujus
3266 1694 3464 1762 ingenii
3527 1711 3720 1765 super-

447 1797 705 1859 perpetua
750 1805 812 1843 ac
851 1803 1011 1856 supra
1059 1788 1274 1841 modum
1323 1784 1683 1839 abominanda
1726 1783 2028 1851 captivitas,
2060 1787 2106 1845 B
2133 1774 2298 1830 “Ilum
2337 1774 2601 1844 judicium
2643 1787 2854 1844 texere,
2890 1795 3011 1833 cum
3049 1781 3162 1834 sole
3192 1783 3423 1836 ctariora
3463 1784 3578 1837 sint
3603 1785 3723 1852 ejus

443 1887 630 1932 contra
657 1886 738 1933 tot
765 1877 927 1930 millia
967 1877 1280 1930 excruciata
1318 1881 1625 1927 sanctorum
1650 1869 2030 1940 justorumque

448 1972 669 2038 sanguis
697 1970 763 2025 ad
793 1970 1076 2024 Dominum
1117 1968 1377 2030 clamans,
1420 1966 1474 2019 in
1515 1965 1704 2018 eadem
1739 1978 1858 2018 sese
1887 1971 2028 2016 terra

445 2063 534 2118 ubi
586 2062 735 2116 fusus
778 2071 882 2125 est,
929 2060 1193 2114 vindicari
1245 2068 1418 2130 rogat.
1472 2057 1586 2112 Non
1629 2057 1772 2112 enim
1813 2056 1879 2110 de
1916 2053 2032 2108 solo

444 2153 800 2209 constitutore
830 2151 1082 2221 prmcepti
1104 2151 1252 2219 justo
1279 2148 1598 2219 supplicium
1628 2146 1834 2218 judicio
1869 2145 2030 2215 flagi-

445 2243 680 2306 tabatur,
731 2241 825 2295 sed
853 2241 1016 2294 etiam
1067 2248 1432 2304 exsecuturos,
1476 2239 1763 2302 delatores,
1812 2253 2032 2293 accusa-

447 2341 608 2395 tores,
657 2337 990 2399 spectatores
1029 2345 1092 2384 ac
1129 2328 1361 2398 iudices,
1391 2335 1665 2397 postremo
1707 2341 1894 2384 omnes
1937 2327 2029 2396 qui

446 2419 813 2488 injustissimze
859 2415 1176 2475 crudelitati
1207 2419 1292 2473 vel
1329 2419 1490 2472 tacita
1527 2419 1800 2472 voluntate
1846 2432 2030 2471 assen-

448 2509 717 2563 tiebantur
756 2510 903 2580 (quia
947 2509 1206 2563 Dominus
1254 2517 1586 2563 secretorum
1629 2509 1874 2577 cognitor
1901 2507 2024 2578 est),

442 2613 674 2667 quorum
702 2599 936 2652 maxima
958 2613 1062 2667 per-
1077 2597 1266 2658 Unius
1287 2597 1592 2666 provincias
1609 2611 1735 2665 pars
1753 2596 2027 2650 hominum

446 2689 781 2753 versabatur,
809 2689 997 2744 eadem
1014 2673 1232 2742 ultionis
1256 2687 1410 2758 plaga
1437 2685 1636 2756 corripi
1659 2687 1864 2756 justum
1887 2694 2024 2740 erat.

447 2782 739 2837 Solvuntur
767 2785 989 2852 repente
1009 2782 1244 2852 undique
1272 2781 1543 2850 permissu
1569 2782 1662 2835 Dei
1686 2783 1754 2835 ad
1783 2782 1886 2836 hoc
1914 2782 2023 2836 cir-

450 2875 765 2945 cumpositae
791 2875 1099 2944 relictazque
1124 2882 1340 2943 gentes,
1385 2873 1682 2942 laxatisque
1717 2874 1944 2928 habenis
1971 2875 2026 2928 in

448 2981 638 3021 omnes
660 2967 1023 3021 Romanorum
1057 2966 1193 3020 ﬁnes
1217 2967 1581 3020 invehuntur:
1605 2964 1857 3020 Germani
1880 2965 2028 3035 Alpi-

447 3057 581 3121 bus,
618 3055 847 3119 Rhetia,
889 3065 1108 3124 totaque
1145 3057 1294 3110 ltalia
1349 3063 1664 3124 penetrata,
1713 3055 2028 3109 Ravennam

2131 1879 2316 1935 opera.
2357 1865 2556 1922 Passus
2587 1879 2672 1923 cst
2706 1871 2806 1922 sub
2837 1869 3123 1924 Valeriano
3162 1880 3216 1924 et
3245 1871 3491 1934 Gallieno
3519 1875 3728 1942 primi-

2131 1958 2310 2026 pibus,
2337 1959 2709 2026 persecutione
2734 1968 2942 2024 octava,
2976 1976 3040 2014 eo
3075 1962 3161 2014 die
3193 1978 3299 2030 quo
3327 1971 3382 2015 et
3409 1947 3718 2030 C'ornelius,

2133 2050 2225 2103 sed
2248 2065 2354 2102 non
2375 2049 2563 2104 eodem
2594 2054 2758 2103 anno.
2779 2051 3004 2105 Pontius
3035 2053 3230 2107 Diacon
3261 2054 3521 2124 Cypriani
3545 2073 3714 2126 usque

2132 2139 2198 2192 ad
2226 2138 2367 2192 diem
2398 2142 2662 2209 passionis
2686 2141 2802 2212 ejus
2829 2158 2955 2197 cum
2988 2143 3104 2213 ipso
3130 2145 3379 2199 exsilium
3413 2149 3716 2210 sustinens,

2087 2297 2094 2310 .
2132 2235 2404 2305 egregium
2432 2235 2684 2292 volumen
2714 2237 2839 2291 vita:
2876 2245 2930 2291 et
2955 2239 3223 2307 passionis
3247 2239 3507 2309 Cypriani
3536 2242 3716 2296 edidit.

2134 2325 2469 2391 Theodorus,
2505 2327 2596 2395 qui
2622 2335 2678 2380 ct
2715 2326 3011 2397 Gregorius
3047 2338 3236 2397 postea
3276 2329 3585 2399 appellatus
3622 2342 3716 2395 est,

2131 2414 2492 2470 Neocaesarea:
2523 2415 2678 2470 Ponti
2717 2417 3021 2488 episcopus,
3054 2418 3343 2473 admodum
3381 2407 3719 2487 adolescens,

2131 2503 2200 2558 ob
2247 2505 2482 2559 studium
2519 2505 2830 2561 Graecarum
2877 2517 2931 2562 et
2964 2509 3280 2563 Latinarum
3313 2510 3624 2567 litterarum
3661 2517 3722 2567 de

2131 2591 2468 2664 Cappadocia
2489 2596 2556 2650 ad
2578 2597 2874 2662 Berithum,
2897 2606 2952 2651 et
2973 2599 3095 2653 inde
3108 2598 3411 2654 Caesaream
3437 2601 3722 2657 Palestina

2130 2682 2367 2748 transiit,
2392 2681 2586 2751 juncto
2613 2685 2714 2740 sibi
2737 2685 2909 2740 fratre
2928 2686 3296 2742 Athenodoro.
3327 2690 3575 2756 Quorum
3598 2707 3719 2746 cum

2129 2775 2402 2844 egregiam
2452 2776 2684 2832 indolem
2721 2779 2945 2834 vidisset
2987 2779 3362 2848 Adamantius,
3401 2784 3722 2840 cohortatus

2129 2873 2212 2920 est
2241 2880 2337 2920 eos
2381 2867 2448 2922 ad
2489 2867 2905 2938 philosophiam.
2952 2870 3010 2924 lu
3037 2887 3143 2940 qua
3179 2872 3436 2942 paulatim
3464 2889 3566 2930 eos
3592 2891 3689 2930 eru

2130 2953 2304 3018 diens,
2353 2954 2421 3009 ad
2468 2955 2667 3010 Christi
2701 2955 2858 3012 ﬁdem
2902 2959 3320 3026 subintroduxit,
3370 2964 3454 3016 sui
3499 2981 3717 3034 quoque

2131 3051 2427 3100 sectatores
2467 3046 2718 3101 reddidit.
2765 3048 3142 3118 Quinquennio
3188 3052 3368 3120 itaque
3410 3055 3612 3108 eruditi
3651 3055 3721 3108 ab

446 3158 618 3212 usque
671 3145 1013 3214 perveniunt.
1062 3143 1347 3197 Alamanni
1391 3145 1592 3198 Gallias
1636 3153 2020 3215 pervagantes,
2055 3125 2099 3185 ε
2130 3149 2214 3200 θον
2271 3137 2622 3191 nmmum“?
2665 3138 2730 3191 ad
2772 3147 3001 3208 Patrem.
3054 3140 3096 3194 Ε
3151 3141 3344 3210 quibus
3395 3142 3722 3199 Τιἐοάοτυε

445 3232 612 3288 etiam
663 3231 718 3284 in
772 3231 976 3284 Italiam
1031 3239 1334 3285 transeunt.
1391 3231 1596 3285 Graecia
1624 3271 1639 3295 ,
1693 3231 2024 3298 Macedonia,

443 3323 668 3390 Pontus,
707 3312 836 3379 Asia
864 3323 1162 3378 Gothorum
1198 3323 1547 3377 inundatione
1583 3323 1850 3378 delentur.
1892 3324 2027 3379 Nam

446 3413 609 3468 Dacia
633 3421 784 3466 trans
806 3412 1109 3467 Danubium
1139 3413 1192 3466 in
1218 3419 1536 3482 perpetuum
1559 3410 1823 3467 aufertur.
1852 3413 2027 3480 Quadi

446 3512 502 3558 et
525 3503 791 3558 Sarmata:
820 3502 1126 3556 Pannonias
1161 3502 1578 3572 depopulantur,
1606 3502 1860 3558 Germani
1891 3504 2025 3559 ulte-

447 3595 623 3649 riores
653 3594 845 3648 abrasa
875 3592 1156 3662 potiuntur
1190 3592 1470 3662 Hispania.
1503 3593 1689 3648 Parthi
1728 3595 2028 3663 Mesopota-

445 3681 611 3736 miam
629 3680 904 3747 auferunt,
929 3679 1250 3752 Syriamque
1270 3683 1582 3738 corradunt.
1600 3685 1827 3739 Exstant
1852 3685 2029 3739 adhuc

444 3787 542 3841 per
568 3771 813 3826 diversas
839 3771 1148 3840 provincias
1170 3771 1226 3824 in
1253 3786 1572 3842 magnarum
1610 3773 1824 3827 urbium
1855 3774 2027 3829 ruinis

444 3879 628 3935 parvae
651 3871 708 3918 et
729 3878 993 3934 pauperes
1021 3865 1186 3930 aedes,
1210 3865 1362 3934 signa
1390 3864 1729 3919 miseriarum
1761 3872 1816 3919 et
1850 3866 2022 3919 nomi-

443 3971 572 4010 num
606 3952 806 4010 in'dicia
843 3963 1120 4011 servantes
1157 3974 1170 4010 :
1207 3956 1286 4010 Ex
1325 3957 1520 4026 quibus
1555 3955 1656 4028 (ait
1690 3956 1934 4028 Orosius)
1969 3958 2024 4011 in

443 4046 698 4115 Hispania
723 4045 1081 4100 Terraconem
1111 4047 1180 4100 ad
1209 4047 1630 4102 consolationem
1661 4047 1892 4101 miserim
1924 4062 2013 4101 re-

443 4136 616 4190 centis
642 4134 993 4190 ostendimus.
1036 4136 1104 4190 Et
1133 4151 1200 4190 ne
1227 4137 1354 4205 quid
1381 4136 1520 4190 forte
1561 4136 1791 4190 Romani
1833 4151 2028 4205 corpo-

445 4227 520 4281 ris
543 4227 609 4280 ab
639 4227 739 4281 hac
768 4227 1155 4282 dilaceratione
1183 4236 1446 4293 cessaret,
1481 4228 1796 4296 conspirant
1833 4228 2026 4282 intrin-

443 4333 600 4372 secus
643 4319 894 4389 tyranni,
948 4329 1276 4396 consurgunt
1318 4320 1455 4373 bella
1511 4319 1724 4385 civilia,
1783 4319 2025 4373 funditur

2129 3227 2511 3297 proﬁciscens,
2570 3230 2956 3300 panegyricum
2999 3239 3055 3285 et
3094 3232 3452 3287 eucharistias
3489 3235 3717 3303 scripsit

2130 3322 2196 3374 ad
2225 3319 2605 3375 Adamantium
2633 3339 2647 3386 ;
2672 3331 2727 3376 et
2753 3333 2977 3378 evocata
3008 3325 3198 3394 grandi
3227 3324 3526 3396 frequentia
3548 3369 3563 3390 ,
3599 3326 3716 3397 ipso

2129 3425 2343 3480 quoque
2387 3410 2712 3466 Adamantio
2759 3423 3027 3484 praesente
3068 3417 3336 3480 recitavit,
3397 3417 3487 3486 qui
3541 3433 3714 3486 usque

2127 3501 2287 3557 hodie
2317 3509 2513 3555 exstat.
2545 3500 2884 3574 Scripsitque
2922 3503 2976 3558 in
3014 3503 3373 3559 Ecclesiasten
3406 3506 3571 3559 breve
3595 3507 3717 3575 qui-

2129 3588 2286 3653 dem,
2325 3589 2420 3644 sed
2459 3591 2616 3645 valde
2662 3591 2794 3646 utile
2839 3592 3108 3648 volumen.
3141 3594 3208 3647 Et
3248 3593 3365 3647 alia:
3395 3594 3514 3663 ejus
3558 3594 3721 3663 vulgo

2126 3678 2375 3735 feruntur
2408 3681 2666 3751 epistolae.
2706 3683 2812 3738 Sed
2848 3685 3116 3754 praecipue
3150 3685 3303 3755 signa
3336 3694 3499 3754 atque
3546 3686 3717 3739 mira-

2127 3768 2268 3833 cula,
2301 3784 2420 3837 qua:
2459 3771 2745 3840 episcopus
2793 3771 3154 3827 Neocaesareaa
3191 3773 3346 3827 Ponti
3390 3789 3516 3828 cum
3547 3773 3716 3826 multa

2126 3857 2492 3913 Ecclesiarum
2526 3859 2694 3929 gloria
2720 3862 3067 3930 perpetravit.
3099 3862 3176 3916 Ex
3204 3863 3399 3928 quibus
3431 3872 3517 3916 est
3543 3863 3716 3931 quod,

2126 3962 2248 4002 cum
2285 3948 2530 4003 ecclesiae
2570 3949 2827 4006 faciendae
2853 3951 3001 4007 locus
3028 3968 3133 4006 non
3162 3951 3460 4017 sufﬁceret,
3490 3962 3724 4022 propter

2125 4032 2495 4092 imminentem
2520 4055 2709 4109 rupem
2734 4049 2790 4095 et
2819 4040 3057 4098 ﬂuminis
3076 4042 3423 4112 crepidinem,
3449 4043 3716 4112 precibus

2127 4138 2364 4185 montem
2397 4133 2600 4198 movit,
2635 4143 2688 4186 et
2723 4135 3019 4203 spatiosum
3055 4135 3443 4190 aedificantibus
3474 4136 3722 4190 reddidit

2126 4222 2324 4277 locum.
2366 4222 2466 4290 Qui
2491 4223 2656 4277 etiam
2701 4225 2881 4295 praelia
2921 4234 2977 4281 et
3011 4234 3214 4281 mortes
3247 4226 3485 4280 virorum
3528 4227 3721 4282 furen-

2127 4319 2316 4380 tesque
2368 4328 2656 4383 germanos
2710 4317 2779 4368 ita
2838 4317 3066 4371 sedavit.
3124 4317 3382 4388 Stagnum
3437 4319 3717 4386 quoddam

444 4407 641 4475 ubique
665 4406 927 4476 plurimus
955 4409 1174 4478 sanguis
1195 4408 1580 4474 Romanorum,
1605 4409 1866 4464 Romanis
1889 4410 2022 4463 Bar-
2048 4467 2091 4478 Ἀ
2123 4411 2240 4457 erat
2268 4402 2430 4455 situm
2461 4402 2512 4456 in
2541 4404 2846 4471 regionibus
2871 4404 3025 4459 Penti
3052 4406 3290 4476 piscibus
3320 4406 3605 4472 refertum,
3645 4424 3717 4462 ex

445 4467 700 4568 barisque
726 4467 1086 4553 saevientibus”.
1118 4498 1223 4552 Sed
1251 4500 1358 4553 cito
1387 4501 1467 4553 ira
1498 4500 1591 4553 Dei
1619 4501 1674 4553 in
1705 4500 2017 4555 misericor-
2048 4467 2098 4525 D
2123 4507 2352 4561 quorum
2408 4501 2628 4562 captura
2676 4495 2983 4563 ρνωάἰνὶιεε
3033 4497 3241 4551 reditus
3287 4498 3717 4567 praestabantur.

444 4588 589 4641 diam
617 4588 873 4652 vertitur,
900 4596 955 4642 et
986 4595 1174 4656 coeptas
1198 4589 1418 4642 ultionis
1446 4589 1620 4662 major
1653 4588 1826 4644 forma
1855 4607 2016 4660 quam

444 4689 604 4744 poena
648 4675 703 4729 in
758 4690 1063 4730 mensuram
1107 4675 1453 4745 plenitudinis
1502 4686 1800 4745 reputatur.
1850 4679 2018 4750 lgitur

446 4765 651 4834 primus
677 4763 895 4820 Genuus
941 4764 1033 4834 qui
1079 4781 1370 4835 purpura'n
1421 4765 1632 4834 imperii
1677 4777 2012 4837 sumpserat,

446 4855 586 4924 apud
615 4855 834 4908 Mirsam
862 4853 1143 4909 occiditur.
1187 4854 1529 4910 Posthumius
1565 4855 1622 4910 in
1662 4855 1832 4910 Gallia
1868 4858 2018 4911 inva-

445 4947 516 4999 sit
544 4946 913 5016 tyrannidem,
952 4945 1119 5000 multo
1146 4946 1361 5015 quidem
1387 4947 1689 5017 reipublicae
1712 4951 2013 5004 commodo.

446 5033 580 5087 Nam
602 5049 697 5103 per
712 5035 897 5089 decem
923 5049 1092 5088 annos
1117 5035 1318 5106 ingenti
1337 5037 1535 5092 virtute
1557 5053 1621 5091 ac
1651 5039 2015 5100 moderatione

445 5139 594 5190 usus,
629 5133 685 5179 et
717 5114 1055 5179 dominantes
1088 5124 1272 5179 hostes
1304 5127 1508 5196 expulit
1533 5137 1588 5182 et
1617 5129 1853 5197 perditas
1892 5146 2016 5199 pro-

444 5215 651 5269 vincias
676 5215 731 5268 in
758 5214 1042 5284 pristinam
1065 5213 1255 5269 faciem
1284 5215 1615 5281 reformavit,
1639 5217 1896 5274 seditione
1930 5229 2012 5274 ta-

445 5318 569 5356 men
616 5303 846 5356 militum
889 5303 1203 5358 interfectus
1240 5313 1340 5359 est.
1386 5305 1692 5360 Emelianus
1729 5309 1865 5376 apud
1905 5308 2014 5363 Mo-

446 5393 687 5461 guntiam
741 5409 864 5447 cum
909 5409 996 5448 res
1041 5410 1206 5448 novas
1255 5395 1534 5449 moliretur
1583 5413 1870 5466 oppressus
1908 5409 2009 5454 est.

447 5479 576 5536 Post
601 5491 831 5536 mortem
859 5482 1156 5538 Posthumii
1182 5483 1380 5537 Marius
1406 5484 1602 5538 ibidem
1629 5486 1822 5541 invasit
1847 5489 2015 5558 impe-

446 5574 611 5640 rium,
661 5577 756 5629 sed
793 5577 1046 5631 continuo
1085 5561 1398 5632 interfectus
1436 5587 1537 5632 est.
1566 5578 1764 5634 Deinde
1792 5579 2016 5635 Victori-

449 5675 552 5715 nus
579 5677 609 5714 a
635 5661 802 5718 Gallis
829 5665 970 5719 ultro
995 5674 1206 5721 creatus
1243 5674 1296 5720 et
1333 5675 1451 5736 post
1485 5667 1758 5736 paululum
1801 5669 2012 5725 occisus

2125 4583 2255 4650 Quae
2305 4585 2577 4653 possessio
2627 4585 2836 4640 duobus
2878 4585 3138 4642 fratribus
3182 4598 3327 4642 sorte
3376 4589 3720 4644 haereditatis

2122 4675 2319 4738 evenit,
2351 4675 2444 4729 sed
2471 4675 2737 4744 cupiditas
2759 4675 2916 4743 hujus
2945 4678 3021 4731 rei
3049 4677 3286 4732 fraterna
3308 4679 3534 4734 violavit
3560 4681 3714 4747 jura.

2121 4764 2266 4830 Quos
2324 4765 2513 4819 beatus
2562 4764 2852 4834 Gregorius
2905 4765 2973 4818 ad
3005 4768 3172 4822 'oram
3227 4769 3401 4838 stagni
3462 4771 3714 4823 exitialis

2117 4862 2341 4921 paterno
2367 4855 2683 4908 convocavit
2712 4853 2934 4920 aﬁ‘ectu,
2963 4857 3146 4925 aitque
3180 4858 3248 4911 ad
3279 4873 3372 4912 eos
3404 4873 3419 4910 :
3449 4859 3570 4928 Ego
3589 4859 3715 4926 jam

2116 4965 2211 5004 vos
2239 4964 2336 5018 per
2375 4950 2628 5004 virtutem
2678 4950 2886 5005 Domini
2928 4951 3075 5005 omni
3111 4953 3407 5007 certamine
3456 4964 3712 5010 cruenta:

2116 5039 2479 5093 contentionis
2509 5037 2802 5092 absolvam.
2831 5039 3040 5094 Etcum
3067 5041 3182 5096 haec
3213 5042 3455 5106 dixisset,
3485 5043 3542 5097 in
3578 5059 3717 5097 con-

2113 5136 2302 5196 spcctu
2332 5128 2575 5182 omnium
2603 5129 2810 5199 virgam
2837 5145 3001 5199 quam
3030 5132 3247 5186 tenebat
3283 5132 3348 5186 ad
3378 5132 3586 5201 primas
3620 5133 3715 5188 lit-

2114 5220 2249 5274 toris
2290 5220 2462 5274 undas
2492 5219 2712 5289 deﬁgit,
2761 5229 2813 5275 et
2852 5221 2966 5290 ipse
3006 5223 3197 5291 positis
3225 5223 3452 5293 genibus
3489 5223 3714 5292 palmas

2117 5307 2288 5362 tendit
2315 5308 2384 5362 ad
2413 5309 2641 5374 caelum,
2685 5319 2850 5378 atque
2885 5310 3100 5365 excelso
3133 5311 3398 5380 supplicat
3433 5313 3566 5366 Deo.
3611 5312 3710 5368 Si-

2118 5397 2229 5452 mul
2273 5407 2335 5454 ut
2373 5399 2460 5453 ille
2482 5398 2686 5454 orando
2714 5401 2874 5453 ﬁnem
2913 5399 3063 5465 fecit,
3103 5403 3287 5455 statim
3315 5417 3373 5456 se
3403 5401 3548 5455 unda
3569 5403 3715 5458 sub-

2117 5489 2324 5544 ducens
2345 5531 2359 5555 ,
2391 5497 2444 5544 et
2471 5505 2633 5545 cursu
2663 5490 2918 5544 velociter
2942 5489 3177 5560 fugiens,
3210 5505 3240 5544 a
3268 5498 3561 5560 conspectu
3605 5505 3713 5546 su—

2114 5595 2286 5649 perno
2328 5579 2476 5647 jussa
2527 5579 2834 5645 discedere,
2893 5581 3102 5651 abyssis
3148 5581 3260 5636 suis
3306 5582 3584 5645 redditur,
3649 5589 3716 5636 et

2119 5669 2363 5727 arentem
2392 5685 2642 5742 campum
2672 5671 2943 5741 germanis
2966 5670 3079 5742 jam
3111 5671 3472 5729 concordibus
3491 5671 3707 5727 dereli-
