3962 6174
300 211 439 270 H85

1314 254 1321 261 .
1391 205 1811 269 .CHROMCON.
1842 200 1920 252 :
1957 209 2125 269 TOU]
2159 211 2204 269 Π
2241 211 2373 270 LIB.
2410 213 2497 271 Ill.

3418 214 3561 288 im

294 326 431 398 quit.
474 319 765 393 Dionysius
803 318 872 389 de
908 334 1018 390 quo
1061 333 1222 391 supra
1268 322 1600 377 mentionem
1636 320 1881 388 fecimus,
1911 325 1965 387 Α
1991 322 2181 379 diebus
2215 325 2270 379 in
2308 296 2637 383 Alexandria
2680 327 2971 386 Bruchium
2998 372 3014 397 ,
3063 334 3205 403 quod
3238 351 3337 408 per
3368 341 3568 403 multos

292 414 673 476 Alexandrina:
713 413 864 467 urbis
889 412 1205 483 episcopus,
1247 412 1349 467 sub
1379 413 1606 469 Heracla
1640 413 1880 477 scholam

294 504 578 578 presbyter
631 500 823 563 tenuit,
865 508 921 553 et
947 499 1258 565 Adamantii
1296 501 1444 555 velut
1481 501 1881 571 insignissimus

296 596 515 653 auditor
550 592 801 659 fuit..Hic
831 592 884 646 in
909 591 1164 663 Cypriani
1191 592 1431 647 Africani
1463 593 1653 664 synodi
1689 594 1881 665 dogma

293 686 660 753 consentiens,
700 685 767 739 de
798 684 1069 740 haereticis
1095 685 1492 755 rebaptizandis
1522 685 1784 754 plurimas
1812 684 1881 740 ad

291 779 536 835 diversos
562 776 713 832 misit
739 775 1022 845 epistolas,
1067 790 1187 845 quae
1229 790 1403 844 usque
1440 775 1601 829 hodie
1635 782 1875 834 exstant.

294 868 402 924 Sed
437 876 492 922 et
522 866 588 921 ad
624 864 851 919 Fabium
882 863 1233 919 Antiochense
1268 864 1513 920 ecclesia:
1545 864 1877 934 episcopum,

292 958 516 1029 scripsit
540 956 608 1012 de
635 955 976 1026 poenitentia,
1004 962 1059 1009 et
1086 955 1154 1009 ad
1188 954 1464 1010 Romanos
1492 969 1590 1024 per
1620 953 1880 1024 Hippoly-

305 1056 446 1113 tum,
483 1047 706 1101 alteram
738 1044 805 1099 ad
838 1042 1069 1109 Sixtum,
1101 1045 1193 1114 qui
1226 1043 1501 1115 Stephano
1524 1052 1879 1112 successerat,

302 1146 359 1191 et
383 1137 450 1191 ad
477 1135 871 1200 Philemonem,
902 1141 957 1188 et
979 1133 1047 1189 ad
1076 1133 1388 1204 Dionysium
1423 1132 1680 1213 Romana:
1705 1133 1879 1190 eccle-

293 1230 391 1285 siae
416 1229 833 1300 presbyterum,
871 1235 927 1283 et
955 1228 1023 1282 ad
1051 1228 1301 1283 eumdem
1340 1227 1656 1299 Dionysium
1693 1236 1881 1300 postea

292 1319 481 1375 Roma:
516 1319 863 1389 episcopum,
910 1324 966 1373 et
1014 1318 1080 1372 ad
1128 1316 1507 1382 Novatianum,
1564 1326 1881 1373 causantem

294 1410 439 1480 quod
469 1409 667 1464 invitus
696 1407 877 1463 Romae
902 1407 1190 1478 episcOpus
1205 1407 1489 1462 ordinatus
1516 1417 1702 1475 esset;
1729 1406 1883 1476 cujus

293 1498 535 1568 epistola:
588 1499 693 1552 hoc
738 1496 1021 1551 exordium
1065 1504 1150 1551 est
1193 1495 1535 1567 :‘Dionysius
1585 1495 1883 1552 Novatiano

293 1586 454 1641 fratri
477 1587 724 1641 salutem.
755 1583 811 1639 Si
836 1586 1058 1650 invitus,
1083 1592 1143 1639 ut
1167 1585 1327 1651 dicis,
1352 1586 1734 1657 ordinatuses,
1760 1601 1884 1656 pro-

1980 420 2156 469 annos’
2180 412 2358 469 fuerat
2385 415 2695 484 obsessum,
2731 421 2947 476 tandem
2979 423 3276 481 destruitur

2585 529 2813 588 CAPUT
2866 534 2958 589 XI.

1980 614 2060 670 De
2072 615 2346 671 Aureliani
2358 619 2658 689 triumphis,
2681 622 3289 694 atque'persecutionibus
3310 633 3568 693 Christia-

2305 704 2514 754 norum,
2544 700 2591 744 et
2623 693 2711 760 qui
2736 693 2918 748 subeo
2952 697 3248 765 ﬂoruerint.

2050 776 2376 833 Aurelianus
2426 779 2718 865 vigesimus
2775 799 2948 839 nonus
2995 786 3278 856 imperium
3313 794 3563 866 adeptus,

1981 870 2220 939 quinque
2248 870 2406 924 annis
2431 880 2487 924 et
2517 888 2610 926 sex
2642 874 2920 931 mensibus
2955 880 3158 946 tenuit,
3190 883 3271 936 vir
3302 885 3564 942 industria

1982 960 2207 1015 militari
2239 962 2747 1020 excellentissimus.
2789 966 3145 1037 Expeditioue
3168 973 3221 1028 in
3260 975 3565 1034 Danubium

1981 1057 2256 1119 suscepta,
2306 1050 2512 1106 Gothos
2560 1056 2767 1124 magnis
2804 1059 3004 1127 praeliis
3041 1062 3365 1134 profugavit,
3408 1069 3567 1123 ditio-

1981 1152 2217 1206 nemque
2256 1139 2557 1195 Romanam
2595 1146 2834 1213 antiquis
2872 1149 3119 1205 terminis
3151 1154 3404 1209 restituit.
3436 1156 3566 1213 Inde

1982 1225 2352 1285 inOrientem
2387 1246 2702 1299 conversus,
2730 1235 3023 1293 Zenobiam
3057 1254 3195 1309 qum,
3220 1243 3401 1300 occiso
3427 1244 3569 1302 Ode-

1982 1327 2110 1375 uato
2140 1321 2337 1376 marito
2378 1337 2495 1387 suo,
2546 1322 2755 1394 Syriam
2798 1336 3070 1397 receptam
3112 1331 3215 1386 sibi
3254 1334 3565 1401 vindicavit,

1984 1410 2157 1480 magis
2184 1411 2355 1480 praelii
2391 1420 2599 1467 terrore
2625 1430 2789 1485 quam
2816 1418 2999 1485 pmlio
3032 1419 3084 1473 in
3115 1431 3439 1491 potestatem
3482 1444 3568 1483 re-

1984 1499 2150 1569 degit.
2220 1499 2533 1557 Thetricum
2587 1504 2644 1559 in
2692 1504 2863 1560 Gallia
2921 1509 3143 1566 minime
3202 1514 3565 1574 sufﬁcientem

1986 1590 2254 1646 sustinere
2278 1592 2579 1669 seditiones
2597 1595 2830 1651 militum
2853 1612 3095 1666 suorum,
3132 1604 3567 1677 scribentemque

294 1680 476 1744 babis,
507 1695 630 1734 cum
661 1677 849 1732 volens
872 1677 1184 1732 recesseris.
1217 1677 1315 1732 Est
1342 1677 1458 1747 ejus
1478 1678 1545 1731 ad
1567 1677 1880 1748 Dionysium
1908 1664 1957 1723 Β
1985 1681 2174 1747 etiam,

294 1781 352 1827 et
385 1771 671 1844 Didymum
707 1770 875 1827 altera
909 1769 1171 1841 epistola,
1210 1778 1267 1824 et
1303 1770 1370 1825 de
1406 1768 1610 1823 Pascha
1649 1768 1883 1840 plurima

295 1862 680 1918 declamatorie
729 1861 1057 1930 conscripta.
1110 1860 1208 1915 Est
1244 1867 1299 1913 et
1345 1859 1414 1915 ad
1457 1860 1881 1916 Alexandrinam

293 1954 582 2011 ecclesiam
609 1954 675 2009 de
706 1952 921 2018 exsilio,
944 1959 1001 2007 et
1020 1952 1088 2006 ad
1117 1950 1401 2007 Heraelam
1430 1950 1483 2005 in
1506 1949 1742 2022 Aigypto
1764 1952 1881 2022 epi-

292 2060 516 2115 sc0pum
543 2052 599 2098 et
626 2044 733 2098 alia
762 2043 828 2098 de
857 2042 1188 2098 mortalitate
1223 2053 1279 2097 et
1308 2042 1376 2097 de
1400 2041 1627 2099 sabbato
1649 2042 1717 2097 ad
1748 2041 1884 2097 Her-

292 2137 464 2192 viam.
493 2134 627 2190 Nam
665 2143 723 2189 et
762 2133 867 2188 alia
895 2134 962 2189 de
992 2133 1367 2203 persecutione
1396 2132 1567 2199 Decii,
1596 2139 1652 2188 et
1686 2132 1792 2188 duo
1819 2132 1886 2188 li-

292 2227 382 2283 bri
410 2227 697 2282 adversum
730 2224 992 2295 Nepotem
1031 2224 1377 2294 episcopum,
1408 2224 1502 2293 qui
1537 2223 1685 2279 mille
1715 2236 1886 2278 anno-

302 2335 428 2375 rum
455 2317 738 2393 corporale
765 2331 990 2387 regnum
1012 2315 1124 2370 suis
1152 2315 1370 2385 scriptis
1392 2313 1642 2378 asseruit,
1682 2313 1739 2368 in
1766 2312 1886 2384 qui-

294 2410 403 2465 bus
420 2417 477 2464 et
498 2408 564 2463 de
591 2406 914 2478 Apocalypsi
936 2404 1162 2460 Joannis
1190 2404 1598 2475 diligentissime
1622 2403 1881 2473 disputat.

293 2496 600 2554 Adversum
625 2496 919 2552 Sabellium
943 2504 999 2551 et
1023 2495 1442 2553 Hermamonem
1466 2492 1744 2550 Beronicis
1772 2493 1886 2563 epi-

296 2602 543 2658 scopum,
583 2594 639 2641 et
685 2586 754 2641 ad
796 2584 1225 2656 Thelesphorum
1255 2592 1311 2640 et
1347 2584 1416 2638 ad
1458 2582 1664 2638 Eufran
1706 2583 1885 2654 quarti

292 2678 451 2742 libri,
479 2685 536 2733 et
563 2677 632 2732 ad
653 2676 968 2748 Dionysium
1005 2674 1261 2729 Romana:
1281 2673 1434 2728 urbis
1459 2672 1794 2743 episcopum,
1825 2677 1882 2729 et

296 2770 368 2824 ad
412 2768 774 2824 Laodicenses
811 2766 879 2820 de
918 2764 1259 2835 poenitentia,
1296 2762 1426 2817 item
1457 2768 1514 2817 et
1536 2776 1773 2818 canones
1814 2761 1883 2817 de

294 2859 616 2932 paenitentia
655 2867 711 2914 et
744 2859 812 2912 de
853 2855 1046 2911 ordine
1085 2853 1427 2918 delictorum,
1473 2853 1541 2908 de
1587 2860 1783 2907 natura
1817 2851 1888 2907 ad

294 2949 665 3015 Timotheum,
724 2947 791 3002 de
839 2943 1228 3001 tentationibus
1269 2941 1339 2997 ad
1381 2940 1771 3008 Eufranonem,
1818 2939 1887 2995 ad

294 3040 590 3097 Basilidem
624 3052 837 3110 quoque
880 3035 1064 3091 multae
1102 3033 1364 3106 epistolae,
1407 3033 1462 3088 in
1500 3047 1732 3102 quarum
1780 3046 1887 3087 una

294 3130 499 3187 asserit
545 3144 606 3185 se
654 3128 817 3184 etiam
859 3126 914 3180 in
962 3124 1329 3180 Ecclesiasten
1378 3124 1607 3194 cepisse
1648 3123 1889 3179 scribere

292 3219 736 3282 commentarios,
763 3225 818 3270 et
846 3216 1134 3270 adversum
1182 3212 1409 3268 Paulum
1447 3210 1886 3283 Samosatenum,

292 3319 425 3366 ante
455 3323 656 3380 paucos
679 3307 794 3362 dies
821 3320 984 3375 quam
1015 3312 1347 3369 moreretur,
1386 3302 1615 3374 insignis
1647 3300 1763 3370 ejus
1786 3300 1889 3356 fer-

300 3412 396 3460 tur
425 3400 671 3474 epistdla.
718 3398 947 3455 Moritur
986 3397 1309 3453 duodecimo
1330 3395 1562 3452 Gallieni
1593 3410 1756 3450 anno.
1781 3394 1890 3450 Νο-

294 3495 550 3551 vatianus
581 3492 841 3548 Romanae
870 3490 1022 3545 urbis
1051 3488 1337 3559 presbyter
1363 3486 1650 3541 adversum
1687 3485 1890 3542 Corne-

296 3584 436 3641 lium
463 3583 777 3639 cathedram
815 3578 1209 3636 sacerdotalem
1236 3584 1464 3633 conatus
1500 3584 1584 3632 est
1610 3576 1885 3631 invadere.

296 3676 742 3737 Novatianorum,
771 3671 914 3743 quod
940 3669 1129 3726 Graece
1153 3668 1355 3724 dicitur
1382 3667 1660 3731 catharos,
1691 3665 1888 3736 dogma

300 3765 607 3831 constituit,
662 3762 853 3818 nolens
896 3768 1171 3832 apostatas
1217 3758 1493 3829 suscipere
1542 3757 1885 3827 ptenitentes.

290 3856 474 3925 ﬂujus
485 3863 670 3911 auctor
683 3854 922 3910 Novatus
943 3851 1196 3923 Cypriani
1218 3849 1501 3922 presbyter
1514 3847 1637 3903 fuit.
1658 3848 1889 3920 Scripsit

298 3958 487 4006 autem
511 3949 577 4004 de
605 3947 836 4012 Pascha,
867 3946 933 4001 de
962 3943 1223 4008 Sabbato,
1253 3942 1319 3997 de
1349 3940 1791 4003 Circumcisione,
1822 3939 1890 3992 de

299 4038 622 4105 Sacerdote,
647 4038 714 4094 de
737 4037 886 4093 Cibis
910 4033 1169 4100 Judaicis',
1197 4034 1261 4099 de
1279 4032 1560 4099 Instantia,
1589 4031 1656 4087 de
1684 4030 1885 4098 Attalo,

295 4142 355 4189 et
407 4130 513 4185 alia
559 4129 751 4194 multa,
802 4135 857 4183 et
909 4127 975 4182 de
1038 4124 1307 4180 Trinitate
1354 4122 1559 4196 grande
1612 4121 1885 4177 volumen.

297 4219 694 4291 Equalitatem
731 4217 833 4272 sibi
870 4232 934 4272 ac
969 4214 1378 4271 similitudinem
1400 4213 1673 4285 epitomen
1706 4212 1888 4284 operis

298 4312 625 4370 Tertulliani
678 4309 924 4366 faciens:
951 4308 1095 4378 quod
1133 4305 1352 4378 plurimi
1395 4305 1732 4373 nescientes,
1778 4303 1884 4376 Cy-

296 4404 482 4479 priani
507 4403 779 4459 aestimant
800 4412 941 4455 esse.

919 4487 1145 4546 CAPUT
1184 4486 1252 4542 X.

527 4582 599 4637 De
623 4579 849 4636 Claudio
870 4589 917 4634 et
953 4577 1209 4646 Quintilio
1243 4577 1664 4649 imperatoribus.

373 4672 630 4731 Claudius
651 4670 945 4743 vigesimus
956 4679 1183 4726 octavus
1196 4668 1472 4725 voluntate
1499 4678 1719 4725 senatus
1741 4686 1888 4727 sum-

297 4766 416 4840 psit
483 4763 805 4834 imperium,
861 4761 1151 4831 statimque
1211 4758 1418 4815 Gothos
1472 4759 1587 4830 jam
1633 4775 1732 4831 per
1785 4776 1887 4815 an-

298 4876 406 4918 nos
441 4856 744 4929 quindecim
789 4853 1060 4926 Illyricum
1111 4852 1587 4923 Macedoniamque
1616 4861 1893 4909 vastantes

295 4952 448 5011 bello
494 4951 733 5015 adortus,
788 4948 1089 5005 incredibili
1130 4956 1309 5020 strage
1337 4948 1556 5004 delevit.
1599 4946 1699 5002 Cui
1739 4962 1769 5000 a
1800 4961 1888 5001 se-

295 5052 439 5101 natu
480 5040 704 5115 clypeus
729 5055 928 5095 aureus
972 5039 1026 5092 in
1070 5038 1218 5093 curia
1252 5047 1305 5092 et
1334 5037 1387 5091 in
1416 5035 1680 5107 Capitolio
1711 5046 1890 5091 statua

295 5148 463 5205 aeque
487 5147 650 5187 aurea
668 5131 881 5186 decreta
897 5137 998 5186 est.
1020 5128 1124 5183 Sed
1146 5128 1403 5181 continuo
1426 5126 1567 5198 apud
1589 5125 1888 5197 Syrmium,

296 5225 626 5297 priusquam
675 5221 950 5276 biennium
1011 5219 1068 5274 in
1124 5218 1351 5286 imperio
1398 5217 1662 5287 expleret,
1699 5218 1890 5272 morbo

298 5319 597 5383 correptus
627 5310 850 5366 interiit.
889 5308 1114 5364 Claudio
1141 5315 1375 5372 mortuo,
1402 5307 1691 5374 Quintilius
1726 5306 1894 5361 frater

299 5404 432 5474 ejus
473 5402 540 5458 ab
593 5402 835 5457 exercitu
888 5402 1181 5471 imperator
1228 5398 1479 5465 electus,
1531 5399 1616 5453 vir
1674 5399 1891 5469 quidem

300 5492 488 5549 unicae
537 5493 946 5557 moderationis,
993 5499 1048 5547 et
1097 5490 1247 5546 solus
1299 5488 1452 5544 fratri
1504 5487 1891 5559 praeferendus,

300 5585 547 5661 septimo
571 5586 783 5641 decimo
822 5584 907 5641 die
944 5583 1151 5653 imperii
1196 5581 1507 5637 interfectus
1543 5590 1644 5636 est.
1686 5579 1893 5647 Quibus

1912 4350 1968 4412 D

2294 1772 2441 1834 Eripe
2462 1787 2545 1824 me
2561 1774 2656 1837 his,
2681 1775 2880 1842 invicte,
2903 1778 3056 1829 malis.

1984 1868 2049 1909 ac
2085 1869 2184 1925 per
2225 1854 2371 1911 hunc
2414 1857 2749 1927 proditorem
2788 1862 3061 1918 exercitus
3100 1863 3186 1919 sui
3225 1865 3344 1922 sine
3382 1868 3569 1927 labore

1983 1943 2280 2015 superavit.
2309 1943 2402 2000 Sic
2423 1946 2661 2002 Orientis
2687 1956 2744 2003 et
2769 1948 3056 2021 Aquilonis
3082 1964 3351 2025 receptor,
3375 1972 3570 2030 magna

1984 2032 2154 2102 gloria
2177 2035 2551 2106 triumphavit,
2579 2040 2769 2094 urbem
2792 2038 3021 2097 Romam
3047 2044 3218 2101 muris
3240 2045 3573 2105 firmioribus

1983 2124 2173 2181 cinxit.
2235 2125 2538 2184 Novissime
2562 2169 2578 2196 ,
2635 2145 2758 2186 cum
2811 2136 3244 2203 persecutionem
3306 2139 3570 2200 adversus

1983 2215 2324 2274 Christianos
2352 2219 2439 2292 agi
2473 2235 2650 2276 nonus
2677 2237 2709 2275 a
2740 2220 2954 2278 Nerone
2982 2225 3300 2282 decerneret
3340 2228 3570 2295 fulmen,

1984 2313 2111 2362 ante
2131 2322 2257 2363 eum
2278 2324 2474 2382 magno
2492 2325 2695 2380 pavore
2718 2314 3188 2373 circumstantium
3214 2322 3340 2385 ruit,
3371 2337 3436 2377 ac
3464 2338 3570 2378 non

1984 2398 2155 2454 multo
2188 2411 2315 2470 post
2344 2401 2399 2483 in
2428 2401 2623 2458 itinere
2659 2404 2875 2461 occisus
2909 2416 3012 2473 est,
3061 2416 3122 2464 ut
3157 2409 3348 2477 fertur,
3384 2413 3574 2469 fraude

1986 2491 2129 2547 servi
2178 2492 2285 2558 sui,
2335 2493 2427 2561 qui
2456 2493 2525 2550 ad
2567 2495 2831 2563 quosdam
2871 2496 3135 2554 militares
3175 2500 3321 2556 viros
3368 2504 3575 2560 amicos

1985 2581 2155 2651 ipsius
2180 2581 2400 2636 nomina
2428 2583 2648 2652 pertulit
2689 2584 2967 2653 adnotata,
3011 2586 3149 2645 falso
3192 2606 3411 2646 manum
3458 2591 3577 2662 ejtts

1986 2670 2253 2737 imitatus,
2280 2679 2535 2741 tanquam
2554 2673 2878 2731 Aurelianus
2899 2676 3044 2745 ipsos
3062 2688 3284 2748 pararet
3301 2682 3569 2748 occidere,

1986 2776 2019 2816 a
2047 2761 2244 2831 quibus
2274 2761 2633 2833 interemptus
2669 2773 2771 2819 est.
2816 2765 2953 2821 Hinc
2998 2766 3180 2823 ferunt
3219 2771 3576 2829 excellentius

1987 2851 2187 2922 aliquid
2215 2853 2395 2924 egisse
2438 2854 2752 2911 Alexandro
2794 2872 2990 2930 magno
3028 2861 3112 2916 vel
3142 2861 3358 2919 Caesare
3396 2866 3570 2921 dicta-

1992 2949 2127 2998 tore.
2156 2941 2292 2997 Nam
2331 2943 2630 3003 Romanum
2651 2948 2840 3002 orbem
2872 2949 3108 3005 triennio
3137 2953 3204 3007 ab
3231 2953 3574 3012 invasoribus

1914 3009 1960 3072 Ο
1990 3033 2310 3103 receptavit,
2338 3049 2461 3089 cum
2489 3033 2794 3091 Alexander
2815 3039 2973 3094 annis
3001 3040 3258 3096 tredecim
3279 3009 3576 3113 per

1988 3122 2100 3178 rias
2134 3123 2380 3195 ingentes
2406 3124 2474 3179 ad
2500 3122 2707 3180 Indiam
2738 3129 3068 3196 pervenerit,
3100 3139 3157 3185 et
3182 3130 3247 3186 C.
3274 3130 3454 3188 Caesar
3475 3136 3571 3191 de-

1987 3213 2181 3269 cennio
2212 3212 2487 3285 subegerit
2515 3214 2734 3282 Gallos,
2787 3218 3073 3274 adversum
3103 3222 3250 3277 cives
3289 3225 3577 3294 quadrien-

1986 3303 2079 3359 nio
2121 3318 2464 3375 congressus.
2516 3304 2630 3361 Sub
2664 3322 2770 3376 quo
2816 3308 2871 3363 in
2910 3310 3044 3365 urbe
3070 3311 3243 3367 Roma
3286 3318 3574 3372 mouetarii

1987 3393 2405 3462 rebellaverant,
2436 3411 2572 3464 quos
2602 3396 2927 3454 Aurelianus
2952 3400 3125 3456 victos
3155 3402 3344 3458 ultima
3383 3409 3576 3462 crude-

1985 3482 2138 3541 litate
2162 3486 2515 3556 compescuit.
2545 3486 2650 3541 lste
2675 3487 2885 3556 primus
2914 3491 3057 3559 apud
3078 3491 3355 3549 Romanos
3380 3496 3569 3552 diade-

1986 3589 2074 3629 ma
2103 3575 2267 3644 capiti
2293 3575 2561 3642 innexuit,
2589 3577 2925 3648 gemmisque
2953 3587 3011 3634 et
3039 3590 3227 3636 aurata
3248 3585 3394 3638 omni
3420 3594 3573 3642 veste

1988 3679 2107 3735 qua:
2135 3664 2313 3720 adhuc
2341 3663 2458 3721 fere
2489 3665 2761 3739 incognita
2794 3668 3057 3727 Romanis
3090 3675 3333 3730 moribus
3354 3677 3567 3734 viseba-

1986 3766 2096 3824 tur,
2133 3773 2263 3815 usus
2296 3766 2396 3815 est.
2430 3758 2629 3831 itaque
2667 3760 2770 3817 fuit
2794 3778 2969 3820 srevus
3004 3773 3060 3820 et
3086 3768 3488 3840 sanguinarius,
3516 3781 3572 3828 et

1986 3856 2109 3902 trux
2146 3849 2294 3904 omni
2337 3857 2615 3921 tempore,
2654 3852 2817 3907 etiam
2858 3853 2951 3909 lilii
2984 3857 3189 3913 sororis
3231 3859 3566 3918 interfector.

1984 3936 2151 4007 Cujus
2212 3945 2455 4010 tempore
2504 3942 2894 4009 persecutionis
2938 3946 3250 4004 beatissima
3304 3949 3565 4008 Columba

1984 4027 2138 4098 virgo
2161 4028 2302 4098 apud
2332 4026 2575 4085 Senones
2604 4027 2899 4086 Galliarum
2928 4035 3269 4106 metropolim
3292 4039 3568 4095 civitatem

1986 4112 2269 4189 martyrio
2300 4128 2558 4175 coronata
2611 4129 2712 4177 est.
2775 4121 2943 4194 Igitur
2986 4123 3334 4183 Aurelianum
3386 4128 3573 4187 Romae

1989 4208 2412 4281 triumphantem
2451 4211 2740 4268 Thetricus
2780 4222 2837 4270 et
2876 4214 3113 4273 Zenobia
3156 4231 3569 4289 praecesserunt.

1991 4301 2035 4357 E
2062 4300 2268 4372 quibus
2292 4301 2580 4358 Thetricus
2617 4312 2891 4360 corrector
2933 4315 3120 4377 postea
3153 4307 3404 4366 Lucaniae
3448 4311 3567 4374 fuit,

1993 4394 2321 4450 decernente
2370 4409 2496 4451 eum
2533 4394 2827 4454 Aureliano
2864 4399 3096 4470 eleganti
3131 4400 3250 4457 loco
3289 4403 3574 4461 sublimius

1987 4484 2312 4551 habendum,
2363 4500 2551 4557 regere
2602 4486 2842 4558 aliquam
2896 4488 3064 4546 Italiae
3122 4501 3355 4563 partem,
3409 4489 3573 4565 quam

1989 4585 2138 4633 trans
2165 4576 2330 4648 Alpes
2357 4591 2606 4649 regnare.
2638 4578 2708 4634 Et
2726 4579 2963 4637 Zenobia
2996 4580 3050 4636 in
3075 4583 3210 4640 urbe
3232 4600 3442 4641 summo
3470 4587 3571 4643 bo-

1986 4682 2122 4723 nore
2167 4669 2452 4724 consenuit
2482 4683 2513 4723 a
2556 4684 2663 4739 qua
2693 4671 2960 4741 hodieque
2998 4671 3186 4729 Romae
3214 4674 3467 4745 Zenobiae
3493 4677 3575 4732 fa-

1988 4759 2135 4814 milia
2166 4768 2531 4831 nuncupatur.
2563 4760 2891 4816 Aurelianus
2921 4764 3177 4833 templum
3205 4766 3305 4821 soli
3339 4766 3572 4822 aedificat

1996 4859 2051 4907 et
2083 4850 2234 4921 Agon
2259 4851 2388 4907 solis
2415 4851 2484 4906 ab
2510 4850 2804 4906 Aureliano
2828 4851 3126 4908 institutus.
3166 4854 3337 4924 Hujus
3360 4864 3570 4925 tempo-

1995 4940 2147 4997 ribus
2192 4941 2460 4997 Malchion
2512 4940 2906 4996 disertissimus
2946 4941 3297 4999 Antiochense
3332 4944 3572 5000 ecclesiae

1992 5033 2295 5105 presbyter,
2343 5032 2540 5103 quippe
2591 5033 2683 5102 qui
2734 5032 2787 5086 in
2826 5033 3013 5088 eadem
3062 5035 3194 5088 urbe
3243 5036 3569 5089 rhetoricam

1995 5123 2375 5179 florentissime
2402 5122 2618 5189 docuit,
2661 5138 2979 5178 conversum
3007 5123 3231 5178 Paulum
3270 5123 3576 5181 Samosate-

1996 5230 2145 5278 num,
2176 5214 2266 5284 qui
2289 5210 2642 5269 Antiochenzn
2665 5216 2906 5271 ecclesiae
2929 5217 3236 5287 episcopus,
3262 5217 3456 5287 dogma
3476 5217 3576 5270 Ar-

1995 5306 2227 5361 temonis
2256 5306 2676 5374 instauraverat,
2711 5307 3106 5377 excipientibus
3142 5307 3368 5361 notariis
3394 5306 3574 5377 dispu-

1996 5397 2156 5462 tavit;
2193 5397 2286 5467 qui
2328 5397 2573 5468 dialogus
2603 5412 2773 5467 usque
2797 5398 2959 5454 hodie
2994 5406 3191 5454 exstat.
3222 5397 3329 5453 Sed
3368 5408 3422 5452 et
3467 5397 3573 5452 alia

1995 5488 2212 5560 grandis
2237 5486 2486 5558 epistola,
2522 5503 2588 5543 ex
2614 5504 2845 5560 persona
2877 5489 3132 5559 synodica
3164 5489 3231 5545 ab
3263 5503 3329 5544 eo
3347 5489 3571 5557 scripta,

1997 5580 2138 5650 apud
2183 5578 2499 5652 Dionysium
2529 5587 2585 5637 et
2626 5578 2916 5635 Maximum
2953 5580 3209 5636 Romanae
3245 5587 3303 5636 et
3336 5579 3574 5635 Alexan-
