3962 6174
414 274 554 354 ἰίείι

1436 278 1824 340 ruecucpm
1861 244 2319 336 LEXOVIENSIS
2358 236 2664 331 Episcopi

3540 271 3673 326 “88

415 409 586 466 drinm
606 405 848 464 ecclesizc
873 406 1152 475 episcopos
1184 402 1452 472 dirigitur.
1481 399 1694 455 Floruit
1717 399 1817 452 sub
1839 394 1993 450 Clau-
2019 396 2070 457 Α
2093 400 2396 448 extremum
2425 389 2726 444 trucidatur
2756 383 2872 455 ejus
2899 383 3166 475 praecipue
3192 381 3392 475 tribuni
3428 383 3679 452 dextera,

417 501 508 556 dio
559 509 614 554 et
661 498 944 553 Aureliano
999 495 1351 566 principibus.
1406 491 1758 546 Euthicianus
1811 487 1994 540 Romae

415 592 700 661 episcopus
729 596 855 642 tunc
890 586 1147 656 martyrio
1169 591 1481 646 coronatus,
1515 581 1566 635 iu
1591 578 1868 634 cimeterio
1895 575 1998 630 Ca-

417 681 535 737 lixti
563 679 838 749 sepelitur,
863 677 954 748 qui
983 686 1037 731 et
1062 677 1176 746 ipse
1201 689 1393 729 cccxm
1420 679 1688 742 martyres
1713 683 1876 722 manu
1899 681 1997 722 sua

415 769 684 839 sepelivit.

1014 854 1238 908 CAPUT
1282 852 1397 907 XII.

719 946 791 1000 De
817 945 994 999 Tacito
1017 956 1062 998 et
1091 945 1260 997 Probo
1283 941 1701 1012 imperatoribus.

493 1039 710 1095 Tacitus
745 1048 866 1109 post
912 1039 1259 1092 Aurelianum
1300 1033 1537 1102 suscepit
1583 1030 1890 1101 imperium,
1918 1028 2002 1080 vir

424 1133 670 1202 egregius
701 1131 962 1193 moribus,
994 1128 1084 1197 qui
1124 1124 1491 1181 ducentesimo
1519 1121 1728 1191 imperii
1751 1119 1837 1173 die
1859 1117 1999 1188 apud

427 1223 696 1277 Tharsum
731 1221 865 1276 febri
915 1219 1160 1274 moritur.
1203 1217 1338 1272 Huic
1387 1213 1650 1271 successit
1695 1211 1998 1267 Florianus.

427 1314 533 1368 Sed
576 1328 698 1368 cum
729 1328 919 1381 magna
963 1326 1088 1380 pars
1142 1309 1411 1363 exercitus
1461 1306 1703 1375 equitum
1743 1303 1999 1366 Probum,

429 1406 634 1459 militia:
660 1405 890 1474 peritum
917 1403 1157 1472 legisset,
1180 1401 1463 1455 Florianus
1491 1398 1697 1452 dierum
1725 1395 2000 1479 sexaginta

428 1495 582 1564 quasi
619 1510 714 1564 per
743 1493 924 1547 ludum
957 1491 1181 1560 imperio
1219 1503 1347 1543 usus
1375 1527 1390 1552 ,
1428 1487 1612 1541 incisis
1651 1501 1681 1538 a
1718 1485 2003 1554 semetipso

429 1587 600 1648 venis,
636 1582 804 1636 effuso
831 1581 1093 1650 sanguine
1123 1585 1473 1647 consumptus
1493 1583 1594 1630 est.
1624 1573 2005 1646 Probus'genie

432 1682 518 1731 tus
546 1681 700 1743 patre
725 1671 945 1742 agresti,
993 1671 1275 1724 hortorum
1315 1668 1494 1723 studio
1534 1665 1763 1720 Dalmati
1790 1664 2004 1719 nomine

2099 483 2253 553 cujus
2283 481 2599 536 ’dicebatur
2666 476 2948 547 conjugem
3005 473 3279 544 polluisse.
3352 471 3684 529 Anatbolius

2099 571 2493 628 Alexandrinus
2524 567 2771 624 Laodica:
2806 566 2976 638 Syria:
3019 566 3327 636 episcopus,
3357 565 3459 620 sub
3501 565 3688 622 Probo

2099 665 2344 734 Cumque
2390 661 2807 732 imperatoribus
2841 657 3040 723 floruit,
3091 659 3246 712 mira:
3281 657 3552 712 doctrina:
3581 660 3687 723 vir,

2100 757 2154 812 in
2183 755 2544 817 arithmetica,
2576 751 2891 823 geometria,
2922 750 3273 814 astronomia,
3303 750 3687 820 grammatica,

2099 845 2368 902 rhetorica
2399 885 2413 910 ,
2465 843 2769 898 dialectica.
2815 841 2980 912 Cujus
3026 841 3224 912 ingenii
3265 842 3586 911 magnitudo
3626 841 3693 896 de

2099 937 2368 991 volumine
2410 935 2552 1005 quod
2597 948 2760 1002 super
2791 931 3000 986 Pascha
3029 932 3353 1000 composuit,
3379 947 3449 986 ac
3489 933 3687 986 decem

2103 1024 2253 1078 libris
2292 1022 2645 1077 arithmetica:
2677 1020 3032 1075 institutionis
3053 1059 3067 1083 ,
3095 1035 3233 1089 quos
3260 1019 3351 1072 vix
3377 1018 3692 1089 intelligam

2100 1127 2408 1183 possumus,
2451 1111 2776 1166 declaratur.
2822 1110 3133 1165 Victorinus
3175 1109 3537 1166 Pictaviensis
3571 1110 3691 1182 epi-

2103 1220 2296 1274 scopus
2327 1219 2431 1258 non
2453 1219 2604 1272 mque
2634 1202 2839 1257 Latinae
2863 1201 3135 1257 utGraacae
3162 1195 3357 1274 lingch
3381 1203 3695 1259 distinctio-

2103 1313 2226 1351 nem
2251 1304 2476 1350 noverat
2504 1313 2518 1349 :
2550 1294 2693 1348 unde
2715 1308 2878 1364 opera
2901 1291 3018 1362 ejus
3044 1293 3266 1364 grandia
3289 1295 3546 1348 videntur
3569 1307 3698 1347 sen-

2104 1389 2275 1452 sibus,
2321 1386 2508 1440 viliora
2553 1383 2941 1454 compositione
2982 1385 3290 1438 verborum.
3327 1382 3468 1437 Sunt
3505 1393 3698 1438 autem

2103 1481 2219 1550 ejus
2252 1477 2625 1534 commentarii
2652 1477 2707 1531 in
2745 1475 2996 1544 Genesim
3023 1517 3038 1542 ,
3069 1475 3123 1529 in
3154 1475 3421 1539 Exodum,
3452 1476 3509 1529 in
3536 1475 3700 1530 Levi-

2103 1572 2288 1636 ticum,
2342 1571 2394 1624 in
2436 1569 2653 1635 Isaiam,
2700 1565 3064 1631 in'Ezechiel,
3115 1576 3170 1622 et
3211 1568 3264 1622 in
3306 1566 3592 1632 Habacuc,
3645 1567 3701 1622 in

2104 1661 2489 1724 Ecclesiasten,
2540 1659 2594 1718 in
2624 1657 2909 1712 Canticum
2954 1657 3326 1721 canticorum,
3375 1656 3432 1710 in
3483 1656 3703 1726 Apoca-

431 1765 740 1835 trigesimus
781 1763 986 1832 primus
1029 1773 1253 1831 regnum
1293 1757 1541 1821 sortitus,
1587 1755 1820 1812 obtinuit
1849 1754 2006 1810 annis
2033 1755 2080 1812 B
2109 1751 2282 1823 lypsin
2310 1748 2563 1815 Joannis,
2599 1749 2886 1802 adversum
2913 1763 3102 1802 omnes
3135 1747 3384 1810 haereses,
3427 1755 3487 1801 et
3521 1747 3703 1802 multa

431 1871 522 1910 sex
555 1853 830 1912 mensibus
855 1859 1107 1921 quatuor.
1137 1848 1338 1904 Gallias
1358 1846 1473 1916 jam
1505 1845 1703 1901 dudum
1735 1859 1766 1898 a
1802 1844 2005 1910 Barba-_

432 1944 510 1998 ris
529 1949 844 2012 occupatas,
868 1953 967 2009 per
989 1938 1156 1993 multa
1183 1947 1239 1993 et
1263 1936 1444 2008 gravia
1466 1934 1652 2004 przelia
1673 1932 1864 1988 deletis
1891 1941 2010 1985 tan-

431 2034 554 2088 detn
591 2033 837 2087 hostibus
857 2070 871 2096 ,
903 2030 970 2084 ad
999 2028 1294 2099 perfectum
1333 2025 1600 2081 liberavit.
1641 2023 1788 2078 Bella
1817 2023 2010 2077 deinde

433 2122 612 2178 civilia
634 2121 884 2191 equidem
918 2118 1150 2190 plurimo
1178 2115 1441 2187 sanguine
1482 2114 1588 2168 duo
1619 2112 1816 2184 gessit,
1845 2123 2010 2165 unum

433 2215 488 2270 in
518 2213 757 2279 Oriente,
798 2228 906 2284 quo
939 2210 1290 2266 Saturninum
1318 2208 1411 2279 qui
1457 2207 1524 2262 ad
1561 2204 2010 2262 restaurationem

420 2304 786 2359 'Antiocliente
823 2302 1062 2358 civitatis
1101 2299 1276 2354 fuerat
1296 2298 1535 2362 missus,
1567 2295 1848 2367 tyrannide
1883 2293 2011 2364 sub-7

435 2393 644 2458 nixum,
691 2391 959 2462 oppressit
986 2398 1040 2444 et
1085 2389 1265 2458 cepit;
1315 2387 1461 2440 aliud
1492 2402 1598 2456 quo
1641 2384 1928 2440 Proculum
1961 2379 2014 2438 et

437 2481 704 2535 Bonosum
732 2480 872 2550 apud
895 2478 1242 2549 Agrippinam
1273 2476 1482 2546 magnis
1509 2475 1709 2544 przeliis
1732 2475 2014 2542 superatos

438 2565 726 2621 interfecit.
751 2567 972 2631 Juneas,
998 2564 1178 2620 Gallos
1217 2572 1271 2618 et
1304 2563 1611 2618 Pannonios
1647 2563 1796 2617 abire
1816 2563 2015 2631 permi-

438 2658 532 2714 sit.
568 2655 744 2727 Opere
783 2656 1004 2710 militari
1043 2653 1255 2709 Almam
1299 2661 1536 2708 montem
1577 2651 1718 2722 apud
1748 2649 2016 2706 Sirmeum

439 2757 496 2808 et
533 2748 772 2804 Aureum
803 2747 942 2820 apud
970 2745 1206 2800 Maesiam
1241 2745 1572 2815 superiorem
1615 2742 1784 2797 vineis
1827 2747 2019 2797 conse-

437 2841 596 2898 vitet
634 2836 1053 2909 provincialibus
1097 2835 1352 2890 colendos
1380 2833 1543 2888 dedit.
1575 2832 1676 2886 Hic
1715 2832 1918 2904 Syrmii
1964 2833 2018 2886 in

441 2930 581 2986 turri
614 2929 815 2984 ferrata
843 2927 1127 2982 occiditur.
1157 2924 1362 2992 Quibus
1403 2925 1595 2980 diebus
1630 2925 1821 2979 insana
1848 2923 2021 2978 Mani-

435 3021 713 3076 chaaorum
750 3016 974 3073 haeresis
1005 3023 1219 3081 exorta,
1256 3030 1286 3070 a
1309 3014 1478 3070 Persa
1511 3015 1764 3084 quodam,
1790 3014 1881 3084 qui
1910 3014 2022 3068 Ma-

2106 1844 2232 1906 alia,
2260 1841 2327 1895 ad
2353 1850 2654 1896 extremum
2672 1840 2932 1910 martyrio
2945 1847 3234 1894 coronatus
3247 1847 3349 1893 est.
3375 1838 3706 1909 Pamphilus

2105 1933 2388 2006 presbyter
2414 1931 2630 1986 Eusebii
2653 1930 3002 1985 Caasarieusis
3021 1930 3258 2000 episcopi
3283 1929 3672 1987 Neocaesareze
3688 1971 3706 1998 ,

2109 2032 2260 2079 tanto
2293 2022 2631 2078 bibliothecae
2674 2021 2867 2077 divina:
2897 2035 3082 2076 amore
3117 2020 3369 2092 flagrans,
3414 2030 3478 2076 ut
3527 2021 3710 2075 maxi-

2109 2131 2252 2171 mam
2297 2124 2508 2184 partem
2549 2113 2857 2169 Adamantii
2906 2113 3239 2167 voluminum
3269 2129 3366 2169 sua
3407 2129 3586 2168 manu
3623 2114 3710 2169 de-

2111 2206 2406 2278 scripserit,
2436 2221 2556 2275 quae
2577 2219 2744 2274 usque
2765 2204 2924 2259 hodie
2945 2204 2997 2258 in
3021 2203 3339 2259 Cresariensi
3367 2201 3706 2261 bibliotheca

2107 2282 2398 2352 “habentur.
2427 2297 2501 2351 De
2531 2311 2637 2367 quo
2664 2295 3027 2366 Hieronymus
3053 2295 3130 2350 ait
3161 2313 3174 2348 :
3204 2295 3310 2352 Sed
3332 2296 3384 2350 in
3412 2295 3706 2352 duodecim

2113 2387 2408 2457 prophetas
2435 2386 2620 2457 viginti
2646 2400 2860 2454 quoque
2890 2385 3201 2440 Adamantii
3230 2385 3509 2440 volumina
3539 2403 3707 2443 manu

2114 2480 2231 2548 ejus
2285 2487 2502 2532 exarata
2554 2478 2747 2547 reperi,
2813 2491 2932 2546 quze
2983 2484 3135 2531 tanto
3177 2492 3365 2532 amore
3419 2478 3706 2547 amplexus

2116 2580 2272 2620 servo
2295 2567 2630 2638 gaudeoque,
2657 2573 2715 2618 ut
2738 2565 2939 2619 Christi
2967 2580 3098 2634 opes
3124 2565 3326 2619 habere
3351 2581 3438 2619 me
3458 2568 3704 2622 credam.

2118 2655 2175 2711 Si
2202 2655 2346 2710 enim
2379 2655 2563 2709 lwtitia
2589 2664 2672 2710 est
2695 2670 2858 2708 unam
2882 2653 3165 2726 epistolam
3190 2655 3389 2710 habere
3419 2658 3707 2727 martyris,

2118 2756 2320 2817 quanto
2349 2746 2519 2816 magis
2546 2753 2625 2799 tot
2656 2745 2821 2800 millia
2846 2760 3122 2809 versuum,
3147 2761 3265 2815 quae
3288 2745 3419 2799 mihi
3450 2745 3714 2802 videntur

2121 2853 2218 2894 suo
2245 2838 2506 2909 sanguine
2548 2837 2793 2910 signasse
2827 2837 3098 2906 vestigia?
3139 2836 3367 2906 Scripsit
3403 2847 3711 2909 antequam

2120 2927 2384 2982 Eusebius
2413 2927 2677 2982 scriberet
2705 2925 3111 2996 Apologeticum
3145 2941 3240 2996 pro
3263 2926 3621 2992 Adamantio,
3655 2939 3715 2983 et

2120 3033 2311 3089 passus
2363 3026 2449 3072 est
2493 3016 2752 3072 Caesarea:
2811 3016 3109 3071 Palaestinae
3163 3018 3262 3072 sub
3321 3019 3718 3088 persecutione

438 3124 540 3166 nes
569 3109 893 3171 vocabatur,
928 3115 1149 3161 auctore
1196 3122 1209 3158 :
1249 3119 1479 3174 quorum
1517 3105 1820 3174 impietates
1849 3112 1903 3160 et
1932 3119 2020 3160 sa-
2048 3122 2092 3184 ρ
2130 3108 2425 3163 Maximini.
2460 3105 2670 3161 Pierius
2709 3106 2954 3162 ecclesiae
2985 3107 3361 3162 Alexandrina:
3386 3110 3714 3182 presbyter,

436 3198 659 3268 crilegia
694 3213 760 3251 ac
799 3195 1158 3264 turpitudines
1190 3194 1459 3263 explicare
1487 3194 1542 3248 in
1570 3195 1673 3248 hoc
1698 3208 1860 3263 opere
1895 3193 2017 3248 lonv

435 3301 570 3359 gum
610 3294 709 3341 est.
736 3284 1021 3341 Archilaus
1059 3283 1340 3354 episcopus
1381 3283 1776 3351 Mesopotamiae
1823 3282 2019 3337 librum

433 3377 823 3447 disputationis
866 3392 976 3430 suze
1022 3390 1182 3444 quem
1232 3376 1535 3442 composuit
1571 3375 1855 3429 adversum
1906 3374 2018 3428 Ma-

445 3467 709 3520 nichzeum
764 3473 1048 3519 exeuntem
1114 3465 1181 3519 de
1236 3463 1457 3517 Persida
1490 3503 1504 3528 ,
1573 3463 1710 3533 Syro
1776 3478 2022 3518 sermone

446 3557 766 3626 composuit.
799 3556 901 3624 Qui
938 3555 1232 3610 translatus
1277 3555 1331 3610 in
1373 3553 1616 3610 Graecam
1652 3555 1888 3626 linguam
1929 3556 2023 3609 ha-

448 3653 606 3709 betur
659 3667 689 3706 a
745 3652 945 3706 multis.
1021 3649 1228 3704 Claruit
1284 3648 1386 3704 sub
1444 3649 1773 3718 imperatore
1834 3649 2022 3704 eodem

450 3741 644 3796 Probo.

1058 3831 1284 3891 CAPUT
1325 3833 1440 3888 XIII

452 3929 530 3986 De
551 3928 686 3984 Caro
709 3937 756 3983 et
776 3927 885 3996 ﬁlio
914 3926 1024 3996 ejus
1051 3924 1242 3996 Carino
1267 3923 1606 3996 principibus,
1629 3933 1676 3978 et
1701 3923 1794 3993 qui
1816 3941 1874 3978 eo
1897 3933 2024 3980 tent-

923 3994 1045 4067 pore
1068 3994 1195 4049 clari
1220 3994 1552 4047 haberentur.

525 4112 692 4167 Carus
730 4108 1096 4165 Narbonensis
1136 4107 1442 4178 trigesimus
1483 4122 1748 4163 secundus
1791 4111 2028 4178 suscepit

450 4203 764 4274 imperium,
814 4215 878 4255 ac
921 4199 1137 4254 biennio
1179 4199 1370 4252 tenuit.
1412 4197 1513 4265 Qui
1551 4215 1675 4254 cum
1723 4199 1862 4254 ﬁlios
1901 4216 2026 4258 suos

441 4293 710 4374 (larium/ri
757 4299 806 4345 et
861 4288 1242 4343 Numerianum
1291 4295 1568 4342 consortes
1617 4287 1766 4359 regni
1814 4287 2024 4345 etl‘ecis-

457 4393 560 4450 set,
603 4394 658 4436 et
689 4389 810 4451 post
833 4380 1031 4434 bellum
1071 4379 1382 4432 Parthicum
1427 4394 1490 4434 ac
1520 4380 1768 4450 regiones
1795 4379 2024 4437 Partho—

450 4487 576 4543 rum
618 4477 856 4522 vastatas
899 4468 1031 4521 duas
1077 4466 1437 4521 nobilissimas
1485 4469 1810 4524 Parthorum
1865 4473 2028 4528 urbes

454 4558 693 4613 Cochem
722 4567 776 4610 et
801 4556 1215 4625 Thesiponthem
1250 4556 1510 4623 cepisset,
1547 4572 1711 4627 super
1739 4559 2026 4630 Tygridem

460 4646 514 4701 In
556 4645 748 4700 castris
795 4645 1015 4699 fulmine
1047 4643 1184 4698 ictus
1233 4645 1452 4698 interiit.
1505 4645 1884 4715 Numerianus,
1937 4652 2027 4720 qni

452 4749 579 4792 cum
617 4745 768 4805 patre
807 4735 1000 4799 fuerat,
1036 4733 1157 4787 dum
1207 4733 1485 4788 oculorum
1527 4737 1708 4791 dolore
1749 4750 2028 4810 correptus

455 4825 513 4884 in
543 4825 790 4880 vehiculo
831 4827 1134 4888 veheretur,
1190 4823 1482 4893 impulsore
1532 4825 1695 4896 Apro,
1747 4829 1837 4896 qui
1873 4845 2028 4883 socer

459 4917 576 4988 ejus
606 4919 816 4981 fuerat,
858 4913 955 4985 per
987 4915 1208 4972 insidias
1244 4917 1457 4972 occisus
1485 4916 1748 4980 est.,Cum
1781 4920 1901 4974 dolo
1938 4937 2029 4977 oc-

461 5009 756 5064 cultaretur
779 5007 944 5077 ipsius
969 5023 1113 5061 mors
1137 5022 1414 5076 quousque
1444 5007 1588 5074 Aper
1620 5008 1896 5064 invaderet
1925 5011 2028 5064 im-

457 5100 666 5170 perium
685 5138 699 5163 ,
730 5095 920 5151 fictore
948 5097 1224 5150 cadaveris
1251 5097 1426 5150 scelus
1457 5105 1538 5150 est
1574 5099 1863 5165 proditum.
1894 5099 2032 5156 Hinc

463 5188 694 5243 Sabinus
731 5187 970 5242 Julianus
1008 5187 1264 5240 invadens
1299 5186 1603 5255 imperium,
1655 5203 1685 5240 a
1729 5189 1927 5244 Carino
1973 5192 2030 5245 in

462 5281 667 5348 campis
701 5278 1100 5334 Veronensibus
1136 5277 1418 5332 occiditur.
1455 5276 1551 5332 llic
1597 5279 1824 5334 Carinus
1860 5284 2030 5336 omni-

463 5370 563 5422 bus
597 5383 716 5422 sese
763 5368 1056 5422 sceleribus
1096 5367 1417 5436 inquinavit.
1471 5367 1736 5424 Plurimos
1782 5372 2029 5427 innoxios

466 5456 604 5511 ﬁctis
647 5458 964 5511 criminibus
1007 5457 1219 5521 occidit,
1251 5457 1593 5512 matrimonia
1621 5459 1876 5514 nobilium
1909 5477 2030 5515 cor-

466 5546 625 5614 rupit,
672 5546 1050 5616 condiscipulis
1093 5561 1305 5616 quoque
1340 5547 1430 5617 qui
1482 5562 1603 5602 eum
1651 5548 1705 5601 in
1763 5550 2029 5606 auditorio

467 5637 617 5689 verbi
648 5636 957 5705 fatigatione
1009 5648 1344 5707 taxaverant,
1394 5640 1728 5710 perniciosus
1775 5640 1892 5694 fuit.
1945 5644 2024 5697 Ad

2120 3197 2220 3253 sub
2255 3196 2394 3251 Caro
2439 3206 2492 3252 et
2538 3197 2872 3252 Diocletiano
2926 3198 3299 3268 principibus,
3351 3213 3416 3253 eo
3456 3209 3716 3270 tempore

2109 3302 2227 3368 'quo
2261 3288 2505 3342 eamdem
2535 3289 2818 3342 ecclesiam
2861 3289 3109 3343 'l‘heonas
3146 3291 3425 3360 episcopus
3449 3293 3709 3358 tegebat,

2121 3381 2498 3437 florentissime
2519 3381 2742 3450 populos
2771 3383 2973 3447 docuit,
2999 3391 3053 3437 et
3081 3384 3136 3437 in
3158 3391 3359 3438 tantam
3383 3397 3708 3438 sermonum

2122 3471 2566 3541 diversorumque
2596 3480 2945 3538 tractatuum,
2979 3474 3070 3542 qui
3102 3489 3270 3543 usque
3296 3465 3457 3530 hodie
3481 3487 3709 3534 exstant

2122 3561 2270 3614 venit
2293 3561 2636 3630 elegantiam,
2679 3569 2740 3616 ut
2786 3561 3141 3618 Adamantius
3168 3561 3352 3632 junior
3385 3578 3707 3623 vocaretur.

2121 3652 2347 3708 Constat
2380 3656 2524 3709 hunc
2568 3653 2704 3709 mire
2745 3655 3098 3725 appetitorem
3133 3657 3445 3712 voluntaria:
3472 3674 3712 3730 pauper-

2127 3745 2271 3810 tatis,
2299 3743 2845 3814 'scientissimumque
2883 3745 3176 3801 dialectica:
3215 3748 3346 3802 artis
3383 3766 3396 3799 :
3430 3759 3556 3818 post
3587 3766 3715 3819 per-

2125 3835 2456 3890 secutionem
2506 3851 2667 3892 omne
2719 3837 2842 3890 vita:
2891 3853 2999 3892 sua:
3045 3847 3256 3908 tempus
3305 3838 3488 3893 Romae
3538 3840 3717 3897 fuisse

2125 3934 2523 3980 conversatum.
2573 3925 2743 3994 llujus
2802 3934 2884 3982 est
2929 3929 3275 3999 longissimus
3326 3938 3599 3984 tractatus
3648 3933 3717 3988 de

2126 4017 2406 4088 prOphetia
2450 4017 2602 4075 Osca:
2638 4034 2798 4088 quem
2837 4020 2890 4076 in
2937 4021 3134 4092 vigiliis
3174 4021 3390 4076 Pascha:
3432 4021 3715 4090 habitum,

2126 4109 2241 4181 ipse
2270 4110 2502 4182 simplici
2529 4117 2785 4166 sermone‘
2807 4111 3161 4168 demonstrat.

2711 4221 2935 4279 CAPUT
2968 4224 3103 4280 XIV.

2126 4313 2205 4368 De
2233 4311 2556 4368 Diocletiano
2585 4313 2837 4382 principe,
2865 4324 2912 4368 et
2937 4314 3264 4369 Maximiano
3292 4326 3341 4370 et
3361 4317 3572 4369 exteris
3597 4317 3720 4372 Cas

2176 4383 2424 4445 'saribus,
2473 4383 3063 4457 quosiipsehcreaveral;
3089 4395 3136 4438 et
3168 4385 3231 4439 de
3271 4402 3450 4439 eorum
3476 4389 3719 4457 pra'liis,

2053 4460 2106 4520 1)
2200 4461 2249 4506 et
2274 4450 2710 4522 persecutionibus
2736 4450 3174 4507 Christianorum.

2201 4562 2558 4617 Diocletianus
2600 4562 2907 4618 tricesimus
2949 4565 3140 4619 tertius
3186 4566 3253 4620 ab
3282 4566 3550 4636 Augusto,
3583 4569 3717 4622 Dal-

2132 4665 2275 4708 mata
2317 4653 2474 4708 Anuli
2516 4655 2781 4709 senatoris
2807 4655 3065 4722 libertus,
3100 4667 3270 4713 matre
3300 4659 3505 4728 pariter
3538 4668 3719 4729 atque

2130 4745 2323 4816 oppido
2370 4747 2584 4800 nomine
2629 4747 2855 4803 Diocles.
2896 4750 3138 4815 Quorum
3184 4751 3478 4814 vocabulis,
3533 4753 3719 4808 donec

2131 4835 2414 4904 imperium
2467 4845 2724 4902 sumeret,
2776 4837 2986 4892 Diocles
3029 4839 3375 4907 appellatus:
3419 4841 3508 4893 ubi
3559 4843 3720 4897 orbis

2137 4924 2361 4978 Romani
2408 4925 2700 4993 potentiam
2729 4927 2888 4995 cepit,
2921 4925 3142 4980 Graium
3171 4941 3364 4980 nomen
3409 4931 3464 4980 in
3505 4927 3721 4983 Roma-

2136 5031 2262 5068 num
2290 5030 2492 5069 morem
2522 5017 2808 5070 convertit.
2843 5016 3127 5086 Imperavit
3154 5018 3310 5071 annis
3338 5017 3550 5087 viginti,
3601 5032 3721 5074 sta-

2139 5106 2340 5173 timque
2361 5116 2420 5159 ut
2441 5107 2720 5174 potestatis
2751 5108 2959 5175 copiam
2985 5108 3192 5171 habuit,
3228 5107 3455 5176 Aprum,
3484 5109 3720 5163 interfe-

2136 5204 2341 5251 ctorem
2399 5196 2728 5258 Numeriani,
2768 5213 2928 5251 manu
2973 5213 3070 5252 sua
3113 5198 3400 5254 interfecit.
3431 5198 3718 5262 ,Carinum

2136 5285 2346 5349 deinde,
2381 5301 2539 5354 quem
2571 5285 2738 5340 Carus
2769 5285 3039 5342 Cmsarem
3087 5288 3139 5340 in
3169 5288 3428 5341 Dalmatia
3467 5288 3718 5358 relique-

2134 5383 2240 5438 rat,
2275 5375 2536 5444 flagitiose
2563 5378 2830 5430 viventem
2863 5375 3173 5430 difﬁcillimo
3201 5376 3338 5430 bello
3367 5387 3423 5430 et
3469 5379 3721 5432 maxime

2135 5466 2321 5520 labore
2346 5467 2635 5536 superavit.
2668 5466 2870 5521 Dehinc
2897 5482 3020 5520 cum
3053 5467 3107 5521 in
3143 5466 3313 5521 Gallia
3353 5468 3642 5521 Amandus
3664 5483 3719 5524 et

2136 5557 2392 5611 llelianus
2420 5557 2641 5612 collecta
2676 5557 2999 5612 rusticorum
3033 5573 3216 5622 manu,
3259 5573 3394 5627 quos
3422 5558 3720 5612 Vae-aridas

2137 5647 2420 5714 vocabant,
2469 5649 2797 5718 perniciosos
2840 5649 3099 5704 tumultus
3144 5651 3489 5714 excitassent,
3537 5649 3716 5703 Maxi-
