3962 6174
282 224 421 302 itas

1330 222 1880 289 QCHRONICONa—
1913 222 2078 283 TOMI
2115 222 2158 280 ll
2196 222 2325 280 LIB.
2366 221 2457 281 III.
2536 264 2554 280 λ

3412 221 3549 291 “.90

279 353 520 410 miannm
589 354 951 422 cognomento
1001 344 1319 401 Homolium
1381 344 1653 401 Caesarem
1715 339 1865 397 fecit.
1893 343 1943 403 Α
1969 355 2091 397 vam
2117 339 2537 407 multitudinem,
2562 353 2662 411 per
2704 338 3073 396 Romanorum
3115 337 3305 397 ﬁnium
3341 341 3548 412 disper-

278 443 449 511 Quem
476 440 626 496 misit
671 440 726 494 in
753 436 960 494 Gallias
994 454 1009 491 :
1053 436 1145 507 qui
1169 435 1330 491 facile
1354 431 1865 505 agrestium-homi—.

278 551 405 591 num
429 531 741 604 imperitam
766 539 822 586 et
843 528 1127 586 confusam
1154 536 1373 584 manum
1409 525 1631 581 militari
1660 525 1865 580 virtute

280 622 639 695 compescuit.
676 621 881 677 Deinde
910 619 1202 684 Carausius
1235 617 1456 688 quidam
1496 628 1695 686 genere
1738 612 1863 671 inde

276 729 436 780 mus,
502 712 598 768 sed
649 710 879 767 consilio
932 719 988 765 et
1034 724 1192 763 manu
1227 715 1545 778 promptus,
1600 720 1724 760 cum
1792 702 1859 758 ad

275 803 613 861 observanda
671 800 872 857 Oceani
919 800 1136 864 littora,
1199 813 1322 868 quae
1369 807 1495 851 tunc
1542 794 1739 850 Franci
1803 800 1862 848 et

277 895 525 951 Sa-xones
577 892 951 957 infestabant,
1006 891 1216 961 positus
1239 931 1253 955 ,
1286 889 1408 960 plus
1454 887 1510 942 in
1562 886 1858 957 perniciem

275 991 442 1053 quam
471 982 526 1036 in
559 992 876 1053 provectum
906 978 1213 1050 reipublicae
1232 985 1434 1048 ageret,
1461 984 1701 1045 ereptam
1722 988 1863 1044 prae-

275 1071 506 1127 donibus
534 1071 794 1140 przedam,
843 1069 987 1123 nulla
1032 1082 1099 1122 ex
1130 1078 1282 1139 parte
1313 1066 1648 1123 restituendo
1687 1066 1865 1121 domi-

275 1163 381 1229 nis,
412 1162 507 1217 sed
533 1160 634 1216 soli
662 1160 766 1215 sibi
794 1159 1144 1225 vindicando,
1182 1158 1431 1213 accendit
1473 1157 1858 1228 suspicionem,

274 1253 403 1324 quia
428 1253 576 1323 ipsos
605 1264 820 1321 quoque
854 1251 1042 1305 hostes
1067 1239 1137 1305 ad
1178 1248 1535 1304 incursandos
1563 1247 1701 1303 ﬁnes
1728 1246 1863 1302 arti-

276 1342 366 1398 fici
410 1340 741 1411 negligentia
787 1340 1162 1409 permitteret;
1211 1340 1564 1409 quamobrem
1610 1352 1643 1393 a
1685 1338 1860 1394 Maxi-

274 1432 458 1487 miano
479 1432 665 1501 jussus
704 1430 896 1496 occidi,
939 1444 1237 1499 purpuram
1265 1431 1517 1500 sumpsit,
1549 1443 1616 1485 ac
1646 1429 1862 1485 Britan-

264 1524 395 1580 nias
419 1522 726 1593 occupavit.
758 1522 927 1594 Igitur
956 1536 1055 1591 per
1077 1535 1266 1577 omnes
1288 1521 1516 1577 Romani
1543 1521 1757 1590 imperii
1796 1519 1861 1574 fi-

273 1632 404 1684 nes,
452 1617 756 1673 subitarum
808 1615 1178 1672 turbationum
1233 1613 1478 1686 fragores
1527 1628 1859 1684 concrepue-

1960 447 2084 491 sere
2109 431 2379 502 praesidia.
2402 430 2610 486 Interea
2631 430 2994 489 Diocletianus
3025 431 3078 487 in
3106 431 3357 495 Oriente.
3374 433 3546 490 Maxi-

1960 521 2174 577 mianus
2217 520 2501 576 Herculius
2542 521 2596 577 in
2647 520 2960 589 Occidente,
3004 524 3210 580 vastari
3262 526 3546 596 ecclesias,

1960 611 2123 683 allligi
2174 611 2513 682 interficique
2545 611 2902 680 Christianos,
2945 615 3155 670 decimo
3198 626 3320 686 post
3370 617 3545 675 Nero-

1960 720 2085 760 nem
2114 702 2250 769 loco,
2288 713 2660 774 praeceperunt
2706 723 2719 759 :
2771 720 2891 774 qua:
2935 708 3243 776 persecutio
3292 710 3546 768 omnibus

1960 793 2075 850 fere
2102 795 2387 859 anteactis,
2413 794 2722 851 diuturnior
2742 805 2905 865 atque
2937 796 3227 853 immanior
3258 800 3373 854 fuit.
3404 800 3543 857 Nam

1960 898 2057 953 per
2077 884 2262 939 decem
2304 899 2477 939 annos
2506 884 2771 940 incendiis
2799 885 3169 952 ecclesiarum,
3202 889 3548 959 proscriptio-

1959 974 2119 1029 nibus
2149 975 2515 1041 innocentum,
2547 975 2784 1031 caedibus
2808 985 3111 1060 martyrum
3148 977 3548 1035 incessabiliter

1960 1072 2081 1121 acta
2104 1072 2207 1121 est.
2240 1064 2496 1135 Sequitur
2516 1074 2673 1122 terra:
2694 1074 2872 1121 motus
2899 1066 2953 1120 in
2981 1065 3159 1137 Syria,
3190 1081 3258 1122 ex
3279 1082 3383 1137 qua
3404 1068 3547 1139 apud

1961 1155 2164 1225 Tyrum
2200 1164 2254 1210 et
2295 1154 2551 1211 Sidonem
2579 1157 2782 1227 passim
2827 1157 3135 1214 labentibus
3165 1160 3343 1225 tectis,
3377 1161 3547 1216 multa

1960 1245 2127 1301 millia
2155 1247 2434 1302 hominum
2458 1255 2729 1317 prostrata
2762 1258 2910 1303 sunt.
2940 1248 3197 1317 Secundo,
3221 1253 3548 1320 persecutio-

1961 1335 2048 1391 nis
2081 1351 2244 1402 anno,
2279 1338 2646 1394 Diocletianus
2671 1340 2740 1395 ab
2771 1340 2941 1395 invito
2966 1341 3151 1411 exegit
3183 1341 3545 1410 Maximiano,

1959 1432 2022 1480 ut
2044 1423 2204 1481 simul
2230 1442 2523 1497 purpuram
2550 1427 2946 1499 imperiumque
2975 1430 3326 1499 deponerent,
3351 1447 3434 1496 ac,
3453 1433 3546 1502 ju-

1959 1515 2203 1572 nioribus
2236 1517 2290 1571 in
2318 1518 2709 1588 rempublicam
2742 1518 3068 1585 substitutis,
3116 1520 3216 1590 ipsi
3252 1522 3304 1574 in
3335 1522 3547 1595 privato

1959 1605 2072 1673 otio
2097 1616 2568 1662 consenescerent.
2597 1607 2782 1677 Itaque
2807 1607 2908 1663 sub
2935 1623 3040 1663 una
3065 1609 3153 1664 die
3178 1610 3548 1667 Diocletianus

271 1715 423 1773 runt,
456 1706 721 1761 Carausio
760 1706 814 1759 in
843 1705 1122 1760 Britannia
1153 1704 1470 1770 rebellante,
1516 1702 1762 1759 Achilleo
1802 1704 1857 1758 in
1885 1703 1934 1763 B
1961 1697 2102 1766 apud
2151 1695 2539 1761 Nicomediam,
2591 1697 2951 1771 Maximianus
2995 1698 3138 1768 apud
3186 1698 3545 1755 Mediolanum

272 1797 531 1869 tEgypto,
560 1813 685 1852 cum
713 1804 770 1852 et
797 1797 1092 1865 Aphricam
1114 1794 1601 1867 Quinquegentiani
1634 1795 1857 1851 infesta-

273 1897 418 1953 rent,
468 1888 705 1943 Narseus
748 1889 915 1943 etiam
947 1903 1041 1945 rex
1073 1887 1364 1944 Persarum
1394 1888 1671 1943 Orientem
1713 1886 1858 1943 bello

272 1989 562 2050 premeret.
586 1981 701 2040 Hoc
719 1981 960 2051 periculo
984 1980 1351 2038 Diocletianus
1372 1989 1669 2052 permotus,
1690 1979 1859 2035 Maxi-

272 2073 512 2128 mianum
540 2073 849 2128 Herculium
876 2087 943 2128 ex
964 2072 1180 2129 Caesare
1207 2072 1337 2129 fecit
1356 2072 1690 2144 Augustum;
1717 2071 1858 2128 Con-

271 2167 535 2222 stantium
562 2181 694 2222 vero
720 2173 775 2221 et
803 2165 1189 2221 Maximianum
1218 2165 1491 2221 Galerium
1520 2164 1761 2221 Ctesares
1782 2164 1859 2221 le-

270 2256 370 2327 git,
392 2255 747 2311 Constantius
767 2254 1080 2309 Maximiani
1102 2253 1339 2310 Herculii
1361 2255 1664 2325 privignam
1687 2254 1859 2310 Theo-

271 2347 470 2402 doram
511 2346 999 2417 accepit'uxorem
1028 2364 1044 2401 :
1076 2361 1144 2402 ex
1194 2361 1301 2416 qua
1334 2360 1431 2401 sex
1477 2344 1617 2401 ﬁlios
1661 2344 1857 2400 fratres

271 2436 617 2492 Constantini
664 2436 903 2492 sustulit.
934 2436 1352 2493 Constantinum
1387 2451 1518 2491 vero
1569 2434 1747 2490 filium
1788 2452 1855 2491 ex

272 2522 482 2582 Helena
508 2527 699 2582 habuit
729 2529 1051 2583 concubina.
1080 2527 1396 2595 Carausius,
1437 2526 1718 2583 Britannia
1752 2528 1855 2583 sibi

268 2632 373 2690 per
401 2627 607 2689 septem
642 2633 814 2674 annos
846 2617 1138 2675 fortissime
1180 2618 1453 2674 vindicata
1492 2633 1559 2674 ac
1601 2626 1813 2674 retenta
1838 2659 1854 2686 ,

268 2707 503 2764 undern-
521 2707 708 2764 fraude
739 2708 950 2764 Adlecti
980 2708 1114 2765 socii
1143 2709 1228 2764 sui
1256 2708 1572 2765 interfectus
1596 2717 1699 2765 est.
1742 2710 1857 2764 Ad—

266 2797 450 2854 Iectus
466 2806 651 2868 postea
671 2807 913 2868 ereptam
935 2798 1199 2854 Carausio
1222 2798 1475 2864 insulam,
1500 2805 1556 2853 et
1576 2813 1674 2867 per
1696 2799 1860 2853 triens

270 2891 425 2945 nium
460 2891 631 2944 tenuit
660 2909 673 2944 :
706 2905 869 2960 quem
899 2890 1313 2960 Asclepiodotus
1359 2886 1643 2961 praefectus
1661 2899 1860 2961 practo-

271 2985 361 3040 rio
384 2984 603 3053 pressit,
633 2983 1080 3055 Britanniamque
1125 2991 1249 3056 post
1278 2984 1465 3040 decem
1494 2998 1665 3040 annos
1706 2999 1858 3041 rece-

266 3074 373 3144 pit.
406 3073 759 3129 Constantius
789 3089 923 3129 vero
942 3073 1124 3129 Caesar
1151 3075 1205 3130 in
1228 3073 1403 3130 Gallia
1421 3075 1599 3146 primo
1628 3075 1768 3132 bello
1787 3077 1856 3133 ab

272 3163 594 3219 Alamannis
621 3163 906 3235 profligato
949 3164 1196 3219 exercitu
1245 3179 1364 3231 suo,
1389 3151 1483 3220 vix
1530 3165 1646 3236 ipse
1669 3167 1860 3222 subre-

272 3263 401 3325 plus
440 3263 565 3309 est:
600 3255 837 3310 secundo
868 3263 1049 3309 autem
1099 3264 1284 3311 secuta
1333 3264 1419 3311 est
1461 3258 1597 3313 satis
1622 3259 1857 3314 secunda

274 3344 526 3399 victoria.
556 3343 690 3398 Nam
719 3345 907 3415 paucis
931 3344 1080 3400 horis
1104 3346 1382 3417 sexaginta
1412 3347 1581 3402 millia
1606 3348 1859 3402 Alaman-

268 3449 474 3489 norum
523 3449 664 3489 cazsa
715 3434 980 3490 feruntur.
1043 3435 1115 3490 At
1173 3435 1531 3494 Maximianus
1582 3438 1860 3510 Augustus

269 3523 810 3596 Quinquegentianos
855 3525 910 3579 in
951 3524 1138 3581 Africa
1184 3526 1409 3582 domuit.
1463 3527 1634 3584 Porro
1676 3539 1858 3586 autem

270 3615 647 3674 Diocletianus
675 3614 975 3671 Achilleum
1023 3616 1304 3673 obsessum
1331 3631 1431 3689 per
1457 3625 1580 3674 octo
1606 3634 1823 3675 menses
1842 3660 1858 3687 ,

274 3708 421 3778 apud
469 3706 848 3763 Alexandriam
887 3707 1031 3777 cepit
1087 3720 1141 3763 et
1183 3708 1471 3765 interfecit.
1510 3708 1617 3766 Sed
1662 3711 1858 3767 immo-

272 3798 473 3861 derate
508 3799 733 3854 victoria
762 3814 914 3865 usus,
950 3799 1333 3856 Alexandriam
1359 3803 1647 3874 direptioni
1678 3805 1857 3873 dedit,

271 3888 576 3961 Egyptum
605 3900 771 3949 totam
802 3894 1284 3963 proscriptionibus
1313 3895 1656 3967 aedibusque
1691 3897 1862 3954 fmda-

264 3980 378 4036 wit.
407 3979 675 4036 Praeterea
705 3981 954 4037 Galerius
983 3983 1341 4041 Maximianus
1371 4001 1494 4042 cum
1516 3989 1725 4044 duobus
1748 3988 1859 4058 jam

270 4070 484 4144 praeliis
530 4072 788 4127 adversus
825 4071 1087 4128 Narseum
1136 4072 1486 4143 conflixisset,
1510 4078 1670 4133 tertio
1721 4080 1863 4135 inter

274 4158 602 4219 Callinicum
627 4169 682 4216 et
709 4162 945 4218 Charras
973 4178 1296 4234 congressus
1323 4173 1379 4222 et
1406 4167 1604 4235 victus,
1643 4170 1863 4226 amissis

274 4252 455 4323 copiis
480 4254 547 4306 ad
575 4252 967 4307 Diocletianum
1000 4253 1216 4325 refugit.
1246 4255 1293 4309 A
1338 4270 1457 4327 quo
1481 4261 1862 4331 arrOgantissi-

275 4356 373 4399 me
402 4349 682 4411 exceptus,
716 4342 789 4396 ita
819 4351 879 4397 ut
904 4358 1004 4413 per
1027 4344 1232 4414 aliquot
1258 4346 1426 4400 millia
1450 4363 1706 4421 passuum
1734 4365 1862 4420 pur-

276 4444 512 4504 puratus
553 4445 681 4489 ante
724 4435 1031 4490 vehiculum
1060 4434 1178 4504 ejus
1207 4439 1514 4494 cucurrisse
1566 4439 1856 4496 referatur.

285 4523 675 4582 Verumtamen
722 4527 824 4582 hac
853 4529 1176 4584 contumelia
1206 4530 1482 4595 confusus,
1509 4533 1577 4588 ad
1604 4534 1861 4588 virtutem

278 4630 419 4671 usus
443 4626 527 4671 est
550 4633 633 4683 ea,
665 4632 761 4688 per
783 4633 942 4688 quam
966 4621 1161 4676 detrita
1191 4622 1437 4694 rubigine
1463 4626 1634 4681 aciem
1665 4627 1864 4682 mentis

278 4708 523 4762 exacuit.
550 4708 733 4780 Itaque
757 4727 882 4766 mox
911 4728 1009 4782 per
1046 4713 1315 4786 Illyricum
1343 4725 1399 4771 et
1424 4716 1673 4784 Mesiam,
1701 4720 1861 4775 undi-

276 4812 394 4868 que
422 4798 606 4867 copias
633 4802 924 4866 contraxit,
955 4804 1255 4873 raptimque
1281 4807 1334 4860 in
1363 4807 1569 4863 hostem
1594 4824 1861 4876 reversus,

278 4889 553 4946 Narseum
583 4892 791 4962 magnis
819 4893 1061 4948 consiliis
1088 4896 1399 4966 viribusque
1426 4901 1719 4968 superavit.
1766 4900 1866 4954 Ex-

277 4981 507 5037 stinctis
548 4981 835 5037 Persarum
879 4985 1066 5052 copiis,
1103 4986 1326 5055 ipsoque
1355 4987 1559 5044 Narseo
1586 4991 1639 5044 in
1682 4990 1865 5060 fugam

278 5082 413 5128 acto
439 5081 619 5128 castra
650 5073 767 5143 ejus
795 5076 1014 5140 invasit,
1047 5091 1268 5141 uxores,
1298 5092 1532 5142 sorores,
1563 5079 1867 5151 liberosque

278 5162 459 5232 cepit,
485 5163 801 5218 immensam
831 5164 937 5217 vim
964 5179 1109 5233 gazae
1139 5164 1367 5219 Persicae
1411 5167 1653 5236 diripuit,
1691 5170 1866 5238 capti-

280 5270 389 5309 vos
408 5255 832 5325 quamplurimos
846 5255 1130 5311 Persarum
1152 5258 1411 5313 nobilium
1427 5260 1870 5317 abduxit.Rever«

277 5360 386 5403 sas
413 5345 470 5399 in
492 5344 951 5416 MesOpotamiam,
983 5361 1013 5400 a
1042 5345 1374 5402 Diocletiano
1393 5349 1622 5419 plurimo
1666 5353 1869 5406 honore

280 5446 575 5507 susceptus
603 5448 703 5493 est.
735 5438 925 5495 Postea
955 5455 1052 5509 per
1084 5441 1297 5494 eosdem
1329 5442 1491 5496 duces
1519 5451 1735 5497 strenue
1770 5445 1866 5497 ad-

280 5543 486 5585 versus
517 5527 717 5599 Carpas
758 5529 1155 5600 Basternasque
1184 5540 1477 5601 pugnatum
1507 5540 1607 5587 est.
1651 5532 1869 5588 Sarma-

282 5631 378 5676 tas
409 5620 603 5685 deinde
628 5622 875 5677 vicerunt
921 5639 938 5678 :
968 5639 1199 5694 quorum
1226 5624 1653 5694 copiosissimam
1699 5627 1868 5698 captio

1956 1797 2280 1857 potestatem
2327 1789 2539 1859 imperii
2589 1789 2752 1844 simul
2798 1790 3112 1861 cultumque
3158 1791 3546 1861 deposuerunt.

1956 1877 2126 1950 Igitur
2152 1878 2521 1933 Diocletianus
2551 1879 2604 1933 in
2634 1879 2870 1949 propriis
2904 1880 3049 1951 agris
3086 1880 3395 1935 consenuit.
3440 1876 3546 1947 Qui

1956 1969 2082 2025 dum
2114 1971 2183 2025 ab
2214 1969 2467 2026 Herculio
2502 1978 2664 2041 atque
2692 1968 2910 2026 Galerio
2935 1972 3001 2026 ad
3040 1971 3408 2041 recipiendum
3442 1971 3548 2026 inn

1956 2057 2165 2133 perium
2216 2066 2519 2127 rogaretur,
2569 2065 2827 2128 tanquam
2855 2068 3065 2133 pestem
3112 2060 3351 2130 aliquam
3397 2060 3549 2116 dete-

1957 2156 2131 2211 stans,
2172 2146 2234 2212 ,in
2286 2147 2432 2203 hunc.
2478 2147 2698 2204 modum
2742 2149 3024 2218 respondit
3063 2149 3322 2205 :Utiuam
3350 2148 3549 2206 Salone

1954 2236 2186 2313 possetis
2211 2237 2389 2294 visere
2419 2237 2565 2294 olera
2596 2240 2796 2295 nostris
2841 2240 3091 2295 manibus
3117 2239 3383 2303 instituta,
3415 2254 3546 2310 pro-

1955 2323 2098 2399 fecto
2125 2341 2402 2396 nunquam
2433 2328 2576 2384 istud
2605 2326 2921 2385 tentandum
2966 2330 3240 2401 negotium
3265 2328 3542 2399 judicare—

1958 2413 2044 2469 tis.
2096 2413 2336 2471 Tandem
2387 2415 2802 2493 Constantinum
2860 2434 2927 2491 ac
2969 2418 3254 2489 Licinium
3303 2428 3542 2482 veritus,

1955 2508 2110 2581 quasi
2136 2506 2382 2578 partibus
2408 2507 2687 2562 Maximini
2716 2518 2771 2564 et
2806 2508 3064 2565 Maxentii
3113 2507 3411 2576 favissent,
3448 2523 3545 2579 per

1956 2593 2300 2675 formidinem
2327 2610 2538 2653 veneno
2568 2598 2764 2654 hausto
2792 2598 3019 2654 interiit.

2566 2705 2796 2764 CAPUT
2835 2706 2954 2762 XV.

1956 2792 2037 2848 De
2056 2791 2276 2866 Galerio
2297 2804 2345 2849 et
2373 2793 2702 2866 Constantio,
2738 2797 2830 2866 qui
2857 2797 3033 2851 orbem
3065 2793 3360 2866 Romanum
3389 2796 3547 2866 primi

2029 2864 2337 2937 diviserunt,
2365 2873 2413 2917 et
2438 2863 2707 2937 desinitis
2732 2863 3077 2937 principibus,
3116 2867 3204 2937 (ιξὶ
3236 2865 3341 2920 illis
3365 2863 3547 2937 diebus

2030 2932 2370 2987 scaturientes
2410 2932 2801 3006 ebulliertmt’et
2825 2932 3214 3005 per‘ieruntﬁEt
3233 2936 3324 3006 qui
3365 2936 3543 2989 docto-

2031 3018 2114 3057 res
2134 3018 2198 3056 ea
2220 3011 2542 3074 (erupestate,
2568 3003 2648 3057 vel
2670 3003 2926 3075 martyres
2947 3003 3257 3059 exstiterint.

2027 3091 2278 3148 Galerius
2297 3100 2355 3147 et
2373 3092 2724 3151 Constantius
2745 3093 2969 3163 Augusti
2990 3094 3150 3165 primi
3181 3094 3548 3149 Romanorum

1958 3181 2173 3251 imperii
2197 3181 2253 3236 in
2279 3182 2413 3237 duas
2434 3190 2617 3253 partes
2636 3183 2935 3239 diviserunt
2959 3202 2972 3238 :
3005 3184 3257 3241 Galerius
3277 3186 3549 3241 Maximia‘

1958 3288 2061 3329 nus
2089 3274 2385 3345 Illyricum,
2416 3274 2624 3339 Asiam,
2654 3283 2711 3330 et
2733 3272 3045 3342 Orientem;
3078 3274 3426 3331 Constantius
3444 3275 3551 3330 Ita-

1958 3360 2106 3427 liam,
2138 3361 2376 3417 Africam
2413 3370 2469 3417 et
2509 3362 2712 3417 Gallias
2758 3364 3010 3418 obtinuit.
3060 3363 3166 3418 Sed
3196 3364 3548 3421 Constantius

1956 3455 2041 3515 vir
2071 3454 2565 3524 tranquillissimus,
2594 3454 2767 3508 Gallia
2794 3463 3004 3508 tantum
3031 3454 3400 3525 Hispaniaque
3422 3471 3548 3512 con-

1958 3553 2159 3599 tentus.
2192 3543 2261 3597 Et
2297 3544 2424 3597 dum
2468 3543 2876 3612 persecutiones
2909 3544 3154 3599 diversas
3198 3544 3460 3600 Ecclesiae
3493 3546 3549 3601 in

1961 3634 2070 3689 alio
2120 3642 2392 3688 terrarum
2441 3633 2576 3688 orbe
2628 3642 2965 3704 paterentur,
3004 3635 3150 3691 solus
3200 3634 3553 3692 Constantius

1959 3732 2297 3790 Constantini
2345 3739 2520 3801 pater,
2558 3731 2787 3787 licenter
2809 3731 3136 3789 Christianis
3176 3735 3232 3789 in
3273 3750 3372 3790 sua
3419 3732 3551 3791 con;

1961 3824 2154 3880 sistere
2174 3822 2435 3894 religione
2464 3823 2752 3877 concessit.
2780 3823 3024 3894 Denique
3046 3824 3153 3879 tale
3185 3824 3401 3895 aliquod
3423 3838 3547 3879 eum

1960 3916 2283 3972 miraculum
2320 3924 2376 3971 et
2404 3915 2668 3970 memoria
2711 3915 2931 3986 dignum
2962 3915 3144 3987 egisse
3172 3917 3544 3988 cognovimus.

1958 4008 2009 4064 Is
2035 4006 2180 4063 enim
2199 4007 2433 4076 probare
2452 4005 2639 4061 volens
2664 4006 2927 4077 quosdam
2957 4005 3012 4061 in
3040 4021 3141 4063 suo
3162 4007 3364 4078 palatio
3390 4007 3554 4066 Chri-

1958 4099 2187 4163 stianos,
2216 4097 2261 4152 si
2286 4096 2414 4152 boni
2440 4104 2494 4151 et
2521 4095 2676 4152 solidi
2701 4104 2887 4150 essent
2904 4096 3031 4162 viri,
3057 4112 3296 4153 evocans
3319 4096 3549 4152 univeta

1961 4205 2051 4245 sos
2077 4188 2333 4258 praecepit
2358 4187 2565 4253 dicens,
2596 4195 2657 4241 ut
2683 4185 2951 4256 siquidem
2979 4188 3231 4244 venirent
3266 4189 3333 4244 ad
3378 4188 3556 4244 sacri-

1961 4279 2233 4335 ﬁcandum
2261 4286 2317 4333 et
2341 4275 2459 4346 ejus
2480 4276 2721 4333 colerent
2749 4275 2900 4343 deos,
2924 4276 3070 4333 circa
3101 4292 3227 4333 eum
3266 4286 3470 4343 essent,
3491 4284 3548 4334 et

1885 4393 1938 4453 υ
1962 4368 2019 4423 in
2077 4382 2176 4423 suo
2223 4366 2441 4437 cingulo
2475 4370 2899 4435 permanerent:
2938 4365 2985 4420 si
3036 4379 3167 4421 vero
3208 4364 3549 4436 refugerent,

1963 4456 2355 4529 egrederentur
2377 4455 2445 4510 de
2471 4454 2695 4525 palatio,
2725 4453 2929 4525 gratias
2961 4461 3205 4525 agentes,
3255 4455 3398 4525 quod
3450 4455 3555 4509 mi~

1961 4551 2113 4606 nime
2137 4551 2479 4621 punirentur.
2510 4548 2755 4618 Cumque
2779 4549 2832 4603 in
2866 4558 3095 4619 utroque
3138 4550 3551 4620 apparuissent,

1962 4640 2057 4695 alii
2104 4640 2321 4711 quidem
2367 4639 2646 4710 religionis
2690 4640 3018 4706 desertores,
3067 4639 3157 4695 alii
3190 4656 3318 4695 vero
3365 4640 3548 4696 divina

1964 4734 2321 4805 praesentibus
2366 4741 2747 4803 praeponentes
2803 4732 2943 4785 facta
3012 4731 3417 4797 deliberatione,
3485 4734 3552 4787 iis

1962 4823 2158 4878 amicis
2187 4832 2242 4877 et
2263 4822 2588 4878 consiliariis
2620 4822 2698 4875 uti
2727 4822 2987 4885 decrevit,
3018 4823 3111 4890 qui
3138 4823 3194 4876 in
3236 4823 3549 4877 melioribus

1970 4912 2156 4968 ﬁdeles
2189 4921 2607 4979 constantesque
2651 4918 3096 4977 permanserant;
3129 4911 3262 4965 alios
3304 4925 3432 4964 vero
3458 4925 3550 4964 ve-

1971 5003 2051 5057 lut
2095 5001 2433 5058 effeminatos
2482 5010 2762 5055 aversatus
2806 4999 3009 5068 expulit
3041 5016 3072 5054 a
3120 5017 3216 5055 suo
3253 4999 3547 5070 colloquio,

1971 5095 2200 5149 credens
2230 5106 2500 5161 nunquam
2530 5105 2623 5145 eos
2651 5091 2798 5145 circa
2826 5092 3123 5160 principem
3155 5092 3374 5146 devotos
3411 5092 3545 5157 fore,

1970 5181 2066 5247 qui
2105 5179 2322 5234 fuerunt
2366 5179 2461 5232 Del
2508 5179 2590 5233 sui
2631 5179 2710 5233 sic
2738 5179 3071 5248 paratissimi
3118 5180 3442 5249 proditores.
3481 5181 3547 5238 Et

1974 5270 2098 5325 ideo
2153 5270 2328 5324 adhuc
2373 5270 2663 5338 superstite
2711 5268 3063 5333 Constantio,
3113 5284 3218 5323 non
3268 5269 3551 5326 videbatur

1975 5367 2167 5413 contra
2196 5358 2368 5428 legem
2394 5358 2697 5428 quempiam
2722 5373 2843 5413 esse
2863 5357 3249 5421 Christianam,
3290 5360 3431 5428 apud
3453 5375 3547 5414 eos

1973 5449 2067 5519 qui
2103 5449 2242 5502 intra
2289 5447 2496 5502 Italiam
2544 5447 2852 5518 Galliasque
2880 5456 2935 5503 et
2967 5448 3326 5514 Britanniam,
3355 5461 3411 5504 et
3456 5450 3548 5520 qui

1972 5540 2121 5594 circa
2148 5539 2463 5609 Pyrenmum
2491 5539 2808 5595 habitabant
2832 5550 3086 5602 montem,
3104 5555 3274 5609 usque
3293 5541 3359 5596 ad
3380 5540 3550 5597 Ocea-

1974 5645 2103 5685 num
2134 5630 2501 5699 Hespericum.
2530 5629 2777 5687 Galerius
2805 5645 2967 5701 porro
2993 5630 3125 5686 duos
3153 5629 3394 5687 Caesares
3417 5630 3549 5704 legit
