3976 6180
455 283 587 340 1191

1450 272 1838 334 FRECULPIII
1877 269 2340 330 LEXOVIENSIS
2375 270 2684 328 EPISCOPI

3589 277 3724 334 “93

455 418 824 481 Maximinum,
870 428 1028 486 quem
1081 413 1136 467 in
1187 410 1409 467 Oriente
1446 411 1742 476 constituit,
1773 418 1828 466 et
1876 408 2036 464 Seve-

2139 383 2425 442 fessionem
2477 383 2700 448 Christi,
2748 381 2850 439 sub
2876 381 3253 451 persecutione
3289 380 3590 450 Maximini,
3641 403 3728 444 se.

457 527 602 575 rum,
630 507 714 563 cui
741 505 990 575 permisit
1019 503 1248 568 Italiam,
1280 503 1394 572 ipse
1435 502 1488 556 in
1519 502 1732 572 Illyrico
1767 501 2036 555 constitu-

459 611 566 655 tus.
608 595 959 652 Constantius
991 607 1121 647 vero
1155 591 1431 662 Augustus
1473 605 1697 645 summae
1728 595 2040 643 mansuetu-

458 688 598 741 dinis
627 694 681 739 et
707 683 981 738 civilitatis
1013 682 1067 736 in
1115 681 1390 735 Britannia
1416 680 1552 735 obiit
1593 679 1822 734 Eboraci
1865 689 2042 733 sexto—

457 779 669 833 decimo
697 777 906 847 imperii
935 776 1015 828 sui
1039 790 1202 829 anno.
1228 773 1478 827 Attamen
1501 771 1853 827 ecclesiarum
1879 771 2042 824 deva-

459 870 619 924 statio
648 883 818 936 usque
848 867 913 920 ad
942 866 1226 935 septimum
1259 863 1598 918 Constantini
1631 876 1852 925 annum,
1884 859 2042 914 Chri-

457 957 866 1024 stianorumque
911 955 1188 1025 sanguinis
1230 953 1420 1007 elfusio
1453 954 1661 1006 fervere
1692 966 1789 1019 per
1827 951 2038 1005 diversa

456 1048 574 1103 loca
612 1065 714 1102 non
759 1058 954 1102 cessat.
993 1046 1166 1116 Igitur
1197 1047 1312 1099 haec
1347 1045 1654 1114 persecutio
1695 1052 1804 1096 tam
1842 1043 2038 1097 crude-

455 1137 522 1192 lis
551 1145 607 1192 et
643 1137 832 1190 crebra
872 1135 1136 1204 ﬂagrabat
1174 1142 1232 1187 ut
1281 1135 1423 1187 intra
1458 1148 1622 1187 unum
1658 1146 1899 1187 mensem
1943 1132 2040 1186 de-

456 1245 578 1284 cem
625 1239 680 1283 et
721 1238 926 1297 septem
972 1227 1138 1281 millia
1191 1236 1489 1296 martyrum
1522 1241 1619 1294 pro
1649 1226 1865 1280 Christo
1893 1224 2038 1293 passi

457 1319 818 1373 inveniantur.
860 1319 996 1372 Nam
1043 1316 1240 1371 Oceani
1291 1316 1514 1369 limbum
1558 1325 1914 1385 transgresso,
1945 1314 2039 1368 Al-

455 1410 674 1473 banum,
706 1410 906 1472 Aaron,
940 1417 993 1461 et
1022 1406 1221 1462 Julium
1257 1406 1582 1469 Britanniae,
1610 1421 1733 1459 cum
1776 1404 1898 1458 aliis
1927 1403 2042 1473 plu-

458 1502 608 1556 ribus
637 1502 768 1555 viris
793 1516 855 1554 ac
883 1499 1120 1561 feminis,
1170 1497 1313 1552 felici
1353 1513 1547 1552 cruore
1577 1497 1871 1552 damnavit.
1897 1495 2042 1563 {Pas-

457 1607 548 1646 sus
570 1600 652 1645 est
682 1592 782 1644 hac
814 1599 1135 1659 tempestate
1161 1588 1477 1657 Pamphilus
1503 1588 1787 1658 presbyter
1820 1587 2038 1642 Eusebii

456 1682 803 1737 Czesariensis
832 1681 1071 1752 episcopi
1101 1680 1498 1745 Neocmsarius,
1530 1680 1683 1750 cujus
1727 1679 1894 1734 vitam
1925 1680 2040 1748 ipse

2135 472 2423 542 pultusque
2444 470 2706 542 IIeliopoli
2734 471 3027 525 Bethanite.
3059 470 3272 526 Phileas
3303 473 3366 527 de
3400 474 3536 528 urbe
3558 474 3727 548 :Egy-

2137 565 2238 635 pti,
2283 579 2403 635 quae
2441 573 2669 618 vocatur
2705 563 2998 634 Thymius,
3039 563 3208 618 nobili
3244 579 3477 633 genere,
3519 576 3577 620 et
3622 584 3728 624 nou

2137 657 2320 728 parvis
2353 655 2567 726 Opibus,
2610 665 2859 724 suscepto
2901 656 3214 725 episcopatu
3255 656 3726 726 elegantissimum

2138 745 2336 800 librum
2385 747 2450 801 de
2494 755 2798 816 martyrum
2826 744 2984 800 laude
3010 747 3336 815 composuit.
3368 749 3438 802 Et
3484 750 3728 820 disputa-

2139 837 2284 892 tione
2317 847 2599 892 auctorum
2633 837 2814 892 habita
2834 878 2848 902 ,
2879 838 3166 893 adversum
3188 836 3429 906 judicem
3471 844 3566 911 qui
3607 859 3729 898 eum

2138 929 2446 984 sacrificare
2493 929 2742 999 cogebat,
2775 945 2874 999 pro
2909 929 3127 985 Christo
3171 932 3349 1000 capite
3391 942 3723 990 truncatur:

2137 1023 2326 1076 eodem
2354 1023 2408 1076 in
2430 1022 2670 1092 Egypto
2696 1023 3088 1092 persecutionis
3115 1034 3361 1091 auctore,
3395 1042 3506 1096 quo
3537 1027 3729 1084 Lueia-

2137 1125 2240 1164 nus
2284 1110 2632 1165 Nicomediae.

2208 1199 2478 1254 Arnobius
2507 1200 2608 1255 sub
2639 1199 2972 1256 Diocletiano
2992 1202 3236 1273 principe
3265 1206 3408 1274 apud
3434 1206 3727 1278 Aphricam

2139 1288 2522 1346 ﬂorentissime
2550 1291 2878 1347 rhetoricam
2919 1293 3135 1359 docuit,
3186 1296 3520 1368 scripsitque
3544 1309 3728 1355 contra

2137 1393 2328 1453 gentes
2357 1383 2631 1438 volumina
2672 1399 2793 1455 quae
2827 1386 2987 1457 vulgo
3025 1397 3262 1442 exstant.
3303 1389 3622 1449 Firmianus
3643 1397 3730 1464 qui

2137 1479 2192 1526 et
2230 1471 2584 1539 Lactantius,
2627 1473 2855 1529 Arnobii
2897 1476 3222 1547 discipulus,
3271 1481 3427 1550 cujus
3470 1484 3576 1537 sub
3618 1485 3736 1541 Dio-

2137 1560 2371 1617 cletiano
2400 1563 2646 1634 principe
2675 1565 2834 1619 acciti
2861 1581 2985 1620 eum
3023 1567 3237 1624 Flabuo
3279 1574 3645 1640 grammatico
3670 1583 3735 1632 de

2140 1649 2552 1707 medicinalibus
2579 1667 2768 1708 versus
2798 1657 3093 1724 compositi.
3126 1668 3366 1714 exstant.
3405 1660 3735 1722 Nicomedia:

459 1772 632 1825 tribus
661 1771 813 1826 libris
844 1740 1250 1840 comprehendit
1282 1788 1295 1824 :
1346 1771 1414 1824 de
1440 1740 1546 1839 quo
1593 1740 1843 1838 superius
1883 1740 2037 1824 men-
2067 1749 2113 1808 Β
2142 1740 2472 1840 ῗδθξξπίθίξίη
2511 1743 2750 1840 doc‘ﬁ‘i
2775 1760 2838 1800 ac
2885 1747 3129 1840 Ρθξηπίίξ
3169 1750 3563 1840 dimpulomm
3612 1756 3735 1813 inde

457 1863 658 1916 tionem
673 1862 917 1917 fecimus.
937 1862 1119 1916 Tertio
1133 1876 1276 1915 anno
1290 1861 1697 1930 persecutionis,
1715 1875 1820 1930 quo
1833 1869 1886 1914 et
1901 1860 2042 1916 Con-

449 1953 688 2007 stantius
715 1953 870 2018 obiit,
899 1952 1221 2006 Maximinus
1235 1959 1290 2006 et
1318 1950 1554 2006 Severus
1580 1966 1610 2004 a
1633 1950 1850 2006 Galerio
1873 1950 2044 2004 Maxi-

457 2043 638 2097 miano
660 2042 901 2098 Caesares
914 2041 1062 2096 facti.
1084 2042 1124 2095 E
1141 2042 1339 2111 quibus
1364 2041 1684 2096 Maximinus
1709 2041 2042 2098 maleﬁciaet

455 2113 639 2202 stupra
669 2149 765 2188 sua
777 2133 1204 2188 Christianorum
1221 2133 1686 2203 persecutionibus
1715 2135 2040 2190 accumulat.

455 2219 652 2276 Passus
674 2229 755 2277 est
769 2235 832 2275 ea
849 2230 1166 2291 tempestate
1177 2221 1370 2277 Petrus
1394 2221 1735 2278 Alexandria:
1757 2224 2042 2293 episcopus

453 2329 576 2368 cum
600 2313 842 2382 pluribus
863 2311 1082 2384 Egypti
1104 2313 1390 2384 episcopis.
1416 2311 1688 2368 Lueianus
1702 2328 1938 2383 quoque,
1962 2313 2045 2369 vir

455 2405 699 2468 moribus
757 2411 812 2458 et
868 2404 1203 2458 continentia
1238 2413 1294 2459 et
1335 2405 1659 2460 eruditione
1717 2405 2040 2475 przecipuus,

453 2493 824 2547 Antiochenus
871 2495 1159 2563 presbyter
1208 2511 1223 2547 :
1273 2509 1468 2564 passus
1509 2502 1594 2548 est
1632 2501 1688 2548 et
1727 2493 2043 2550 Timotheus

459 2583 645 2638 Romae
682 2597 718 2634 x
761 2582 990 2637 Kalend.
1021 2581 1168 2637 Julii.
1202 2581 1410 2649 Quibus
1445 2584 1635 2638 diebus
1660 2598 1781 2652 qua:
1811 2583 1865 2638 in
1911 2583 2044 2639 orbe

457 2668 702 2725 Romano
747 2671 826 2743 (ut
871 2672 1146 2742 paulisper
1175 2673 1458 2743 superiora
1509 2671 1838 2746 repetamus)
1889 2683 2040 2743 gesta

455 2770 581 2818 sunt
603 2772 822 2834 propter
843 2764 1118 2819 innoxium
1146 2765 1577 2822 Christianorum
1605 2767 1928 2838 sanguinem
1954 2766 2041 2821 fu-

455 2873 595 2922 sum,
621 2874 728 2913 uno
749 2859 965 2928 quidem
985 2873 1124 2929 pene
1155 2869 1417 2929 tempore,
1447 2859 1868 2930 imperatoribus
1891 2875 2043 2915 crea-

458 2949 546 3012 tis,
583 2949 845 3018 rcplicare
869 2951 1092 3005 curabo.
1126 2949 1293 3020 Igitur
1321 2949 1672 3006 Constantius
1699 2949 2040 3007 Constantini

455 3050 634 3109 pater,
682 3050 844 3110 atque
878 3043 1276 3109 Armentarius,
1327 3044 1572 3101 Caesares
1605 3046 1830 3117 Augusti
1860 3048 2040 3118 appel-
2067 3083 2112 3146 Ο

455 3127 658 3194 lantur,
689 3131 886 3184 creatis
919 3129 1226 3186 Caesaribus
1255 3133 1458 3188 Severo
1485 3149 1584 3204 per
1609 3136 1842 3204 Italiam,
1871 3138 2040 3192 Maxi-

454 3219 603 3274 mino
639 3220 840 3274 Galerii
871 3223 1077 3276 sororis
1107 3223 1218 3277 filio
1242 3222 1350 3292 'per
1379 3224 1690 3293 Orientem;
1742 3231 2040 3301 eodemque

457 3316 698 3377 tempore
723 3307 1110 3364 Constantinus
1140 3309 1321 3366 Caesar
1339 3312 1588 3369 efﬁcitur.
1618 3315 1919 3372 Maxentius
1938 3319 2040 3372 im-

454 3406 675 3469 perator
721 3401 774 3454 iu
805 3400 928 3454 villa
958 3417 1053 3456 sex
1085 3403 1320 3459 millibus
1350 3406 1421 3460 ab
1463 3406 1594 3462 urbe
1623 3408 1830 3474 dissita,
1865 3411 1920 3465 in
1951 3412 2040 3466 iti-

459 3504 591 3547 nere
620 3490 908 3556 Lavicano,
940 3493 1134 3548 dehinc
1174 3495 1416 3551 Licinius
1462 3496 1738 3570 Augustus
1773 3499 2035 3570 efficitur,

456 3580 683 3650 parique
713 3582 871 3636 modo
897 3582 1202 3639 Alexander
1228 3587 1368 3656 apud
1395 3587 1778 3658 Carthaginem
1805 3592 2040 3662 impera-

459 3680 546 3726 tor
575 3671 653 3726 ﬁt.
689 3673 865 3727 Simili
895 3675 1054 3729 modo
1075 3675 1273 3731 Valens
1305 3677 1602 3748 imperator
1623 3691 1860 3736 creatur.
1893 3681 2039 3750 Quo-

460 3777 578 3817 rum
625 3764 801 3818 exitus
849 3764 950 3819 iste
995 3765 1137 3819 fuit:
1192 3765 1424 3822 Severus
1471 3766 1654 3822 Caesar
1682 3771 1750 3825 ab
1785 3769 2038 3828 Herculio

455 3855 778 3910 Maximiano
827 3855 1012 3911 Romae
1052 3858 1120 3911 ad
1155 3856 1288 3912 Tres
1315 3857 1593 3914 Tabernas
1643 3861 2038 3932 exstinguitur,

454 3943 726 4014 funusque
768 3946 884 4016 ejus
908 3945 1134 4000 Gallieni
1161 3947 1410 4018 sepulcro
1445 3949 1697 4016 infertur,
1733 3953 1876 4020 quod
1905 3953 2040 4010 urbe

455 4035 610 4090 abest
633 4051 730 4106 per
767 4035 993 4105 Appiam
1029 4035 1266 4092 millibus
1305 4053 1517 4093 novem.
1565 4039 1816 4096 Galerius
1864 4042 2038 4097 Maxi-

456 4128 688 4193 mianus,
723 4129 1055 4198 consumptis
1085 4129 1408 4198 genitalibus
1429 4129 1648 4197 defecit,
1679 4131 2039 4189 Maximianus

455 4219 739 4275 Herculius
766 4236 796 4274 a
826 4220 1182 4276 Constantino
1225 4222 1367 4292 apud
1409 4221 1699 4278 Massiliam
1739 4225 2033 4293 obsessus,

456 4311 649 4365 deinde
677 4322 890 4380 captus,
919 4326 1112 4380 pugnas
1143 4312 1291 4367 dedit
1329 4315 1520 4369 mortis
1547 4332 1560 4368 :
1590 4326 1887 4385 postremo,
1928 4317 2038 4374 fra-

454 4402 557 4456 ctis
581 4402 771 4470 laqueo
791 4401 1114 4467 cervicibus,
1135 4401 1443 4458 Alexander
1464 4419 1495 4458 a
1522 4403 1862 4461 Constantini
1887 4423 2037 4462 exer-

2142 1831 2198 1885 in
2244 1829 2548 1898 Greciam,
2591 1832 2844 1890 videlicet
2897 1836 2966 1890 ad
3007 1837 3392 1908 scribendum,
3438 1857 3502 1897 se
3542 1854 3735 1901 contu-

2141 1919 2222 1976 lit.
2265 1922 2540 1980 Habemus
2581 1923 2698 1994 ejus
2719 1939 2992 1982 comatum
3035 1930 3396 2001 Symesium,
3437 1939 3585 2005 quod
3606 1940 3736 1995 ado-

2141 2009 2476 2066 lescentulus
2511 2013 2714 2068 scholis
2761 2014 3002 2084 scripsit,
3045 2018 3356 2089 deAphrica
3373 2025 3623 2092 usquead
3642 2025 3732 2080 Ni.

2143 2103 2442 2156 comediam
2485 2103 2820 2159 hexametris
2861 2105 3122 2176 scriptum
3154 2110 3424 2166 versibus.
3457 2113 3529 2167 Et
3571 2115 3731 2172 alium

2142 2190 2340 2245 librum
2367 2191 2461 2262 qui
2513 2192 2830 2248 inscribitur
2857 2192 3285 2264 Grammaticus,
3323 2208 3381 2255 et
3418 2202 3724 2272 pulcherri-

2141 2295 2265 2336 mus
2292 2282 2373 2337 'de
2407 2281 2514 2348 Ira,
2555 2291 2611 2338 et
2649 2283 3054 2339 lnstitutionum
3094 2285 3413 2344 Divinarum
3465 2293 3721 2352 adversus

2141 2382 2331 2443 gentes
2378 2373 2503 2430 libri
2537 2390 2646 2442 vn;
2702 2374 3099 2446 ASqualitatum
3129 2380 3198 2451 ξεί
3243 2381 3544 2452 epitomum
3583 2386 3724 2456 ejus-

2141 2464 2264 2519 dem
2305 2465 2487 2535 operis
2535 2465 2675 2521 liber
2711 2481 2759 2533 t;
2804 2476 2860 2522 et
2897 2467 3273 2540 Asclepiadem
3315 2489 3386 2540 tt;
3430 2476 3500 2530 de
3537 2476 3721 2535 Perse-

2142 2555 2358 2612 cutione
2397 2556 2493 2613 lib.
2539 2572 2589 2624 t;
2630 2558 2699 2613 ad
2738 2559 2972 2614 Probum
3007 2562 3359 2631 epistolarum
3403 2565 3501 2620 lib.
3539 2584 3621 2635 tv;
3656 2572 3722 2625 ad

2143 2643 2405 2701 Severum
2434 2647 2787 2718 epistolarum
2816 2649 2910 2705 lib.
2941 2667 3015 2717 tt;
3047 2653 3115 2706 ad
3160 2653 3497 2711 Demetrium
3529 2659 3724 2714 audito-

2142 2752 2257 2791 rem
2287 2752 2444 2792 suum
2471 2739 2823 2809 epistolarum
2863 2741 2957 2796 lib.
2998 2758 3066 2808 tt;
3101 2743 3169 2798 ad
3203 2746 3459 2801 eumdem
3500 2749 3567 2804 de
3601 2749 3722 2820 Opi.

2142 2823 2267 2880 ﬁcio
2305 2826 2402 2882 Dei
2446 2827 2531 2883 vel
2563 2827 2890 2886 formatione
2920 2832 3157 2888 hominis
3199 2834 3294 2891 lib.
3339 2853 3379 2891 ι.
3411 2838 3592 2895 Hicin
3631 2858 3726 2896 ex-

2143 2924 2315 2974 trema
2332 2930 2622 2978 senectute
2664 2925 2924 2996 magister
2951 2924 3180 2983 Casam
3208 2928 3407 3001 Crisipi
3445 2933 3542 2988 filii
3583 2933 3721 2990 Con-

2143 3010 2367 3065 stantini
2397 3012 2452 3066 in
2481 3012 2654 3068 Gallia
2679 3013 2786 3094 fuit
2814 3033 2828 3069 :
2857 3017 2950 3086 qui
2979 3027 3165 3088 postea
3188 3034 3220 3073 a
3247 3031 3404 3091 patre
3429 3023 3514 3094 (ut
3534 3023 3720 3096 fertur)

2143 3098 2462 3158 interfectus
2500 3113 2603 3159 est.
2640 3092 2808 3177 Igitur
2851 3108 3082 3164 Eusebio
3118 3109 3413 3178 referente,
3442 3092 3568 3170 haec
3606 3092 3725 3186 per;

2141 3192 2348 3247 secutio
2372 3195 2473 3250 sub
2509 3195 2842 3253 Diocletiano
2875 3208 2931 3254 et
2973 3201 3196 3270 reliquis
3231 3203 3572 3274 principibus
3591 3207 3723 3276 ejus-

2141 3281 2262 3337 dem
2304 3287 2564 3357 temporis
2603 3289 2673 3343 ab
2716 3289 2845 3360 ipsis
2891 3291 3153 3347 militibus
3194 3295 3487 3350 exordium
3547 3300 3718 3369 cepit,

2139 3381 2194 3427 et
2231 3375 2381 3430 velut
2418 3391 2485 3431 ex
2526 3395 2693 3449 parva
2733 3381 2988 3449 scintilla,
3029 3399 3168 3453 pene
3211 3393 3384 3441 tctum
3421 3387 3712 3446 Romanum

2140 3462 2492 3521 inﬂammavit
2518 3470 2729 3536 orbem,
2765 3472 2998 3527 maxime
3029 3473 3345 3544 Egyptum,
3390 3477 3630 3534 Africam
3666 3489 3716 3536 et

2141 3555 2544 3626 Mauritaniam,
2602 3562 2730 3616 dum
2787 3558 2930 3619 inter
2985 3581 3044 3620 se
3090 3567 3403 3639 diligentius
3441 3573 3712 3642 perquire-

2139 3661 2263 3706 rent
2303 3652 2675 3721 Christianos,
2723 3667 2966 3726 repertos
3004 3670 3186 3714 autem
3227 3661 3516 3720 immolare
3569 3681 3712 3740 cogeo

2138 3743 2288 3810 bant,
2330 3746 2608 3812 nolentes,
2650 3749 2842 3803 militia
2885 3759 2939 3807 et
2977 3752 3087 3806 vita
3133 3753 3444 3823 privabant.

2209 3837 2354 3892 Inter
2378 3854 2512 3908 quos
2537 3839 2864 3897 Nicomedia:
2890 3843 3132 3915 Augusto
3155 3846 3372 3903 Caesare
3395 3851 3682 3908 assistente
3697 3895 3713 3919 ,

2138 3927 2442 3985 Dorotheus
2469 3932 2719 3988 cubiculo
2751 3935 2892 4006 regis
2934 3937 3271 4006 praepositus,
3305 3947 3361 3994 et
3389 3942 3570 3997 socius
3604 3941 3713 4011 ejus

2137 4017 2438 4090 Gorgonius
2457 4062 2473 4086 ,
2502 4023 2594 4092 qui
2621 4038 2756 4092 pene
2779 4040 2968 4081 omnes
2997 4028 3360 4086 cubicularios
3401 4033 3506 4088 sibi
3546 4037 3716 4105 subje.

2137 4119 2255 4166 ctos
2285 4113 2528 4168 doctrina
2559 4125 2614 4169 et
2639 4116 2742 4170 fide
2768 4115 3059 4173 effecerant
3085 4121 3455 4188 Christianos,
3485 4141 3605 4181 cum
3639 4129 3713 4182 vi-

2113 4204 2331 4265 _derent
2356 4207 2720 4261 constantiam
2746 4207 2892 4262 Petri
2922 4210 3198 4280 cujusdam
3229 4213 3553 4270 nobilissimi
3589 4218 3707 4283 viri,

2135 4294 2231 4363 qui
2277 4294 2492 4365 iniquas
2535 4296 2678 4367 leges
2726 4307 2917 4354 contra
2965 4300 3304 4360 Christianos
3353 4309 3714 4380 promulgatas

2137 4385 2350 4454 publice
2406 4395 2658 4456 rapuerat
2715 4399 2878 4458 atque
2933 4392 3244 4450 minutatim
3301 4397 3708 4468 discerpserat;

455 4489 564 4543 citu
585 4455 882 4558 jugulatur.
933 4488 1234 4544 Maxentius
1263 4490 1389 4544 dum
1423 4493 1682 4549 adversus
1727 4494 2035 4552 Constanti.

2139 4489 2300 4543 quam
2329 4477 2399 4531 ob
2429 4491 2646 4531 causam
2677 4480 2858 4534 omnia
2888 4488 3280 4539 tormentorum
3310 4502 3508 4556 genera
3529 4506 3710 4546 coram

455 4591 584 4630 num
619 4577 982 4646 congreditur,
1014 4578 1250 4632 Milvium
1289 4589 1506 4647 pontem
1556 4585 1787 4656 navigiis
1816 4602 2036 4658 compo-

456 4666 620 4721 situm
647 4666 714 4720 ab
743 4666 910 4720 latere
941 4667 1148 4738 ingredi
1187 4666 1469 4734 festinans,
1498 4671 1647 4740 lapsu
1677 4677 1800 4742 equi
1830 4677 1882 4730 in
1911 4693 2036 4746 pro—

456 4753 678 4809 fundum
728 4755 1008 4810 demersus
1057 4764 1161 4823 est,
1211 4765 1568 4828 voratumque
1621 4760 1748 4816 limo
1795 4766 2034 4832 pondere

455 4846 693 4901 thoracis
712 4861 910 4916 corpus
930 4847 1018 4900 vix
1041 4856 1335 4917 repertum.
1356 4847 1680 4906 Maximinus
1705 4854 1844 4923 apud
1868 4854 2035 4910 Thar-

452 4952 573 4994 sum
604 4945 778 4992 morte
821 4937 1049 5006 simplici
1078 4939 1271 5008 periit;
1312 4937 1507 4994 Valens
1543 4955 1573 4994 a
1623 4940 1828 4998 Licinio
1859 4954 2031 5000 morte

453 5026 763 5083 mulctatur.
795 5025 964 5098 Igitur
994 5035 1235 5097 tempore
1278 5029 1656 5098 praedictorum
1691 5033 2025 5104 principum',

451 5120 546 5191 qui
591 5121 840 5175 doctores
877 5136 969 5174 seu
1015 5129 1282 5190 martyres
1314 5123 1641 5188 exstiterint,
1689 5139 1754 5178 ex
1788 5127 2029 5194 plurimis

453 5225 749 5281 paucorum
805 5213 1120 5265 memoriam
1171 5212 1434 5281 replicare
1483 5216 1702 5269 curabo.
1759 5217 2026 5275 Lueianus

451 5317 583 5372 ergo
612 5303 695 5379 vir
719 5303 1128 5370 disertissimus,
1160 5302 1508 5356 Antiochena:
1538 5305 1779 5359 ecclesia:
1804 5309 2027 5379 presby-

452 5370 554 5455 ter,
591 5370 740 5446 tanto
771 5391 1173 5460 Scripturarum
1222 5392 1398 5446 studio
1429 5391 1714 5458 laboravit,
1758 5370 1820 5448 ut
1855 5370 2026 5465 usque

452 5497 596 5536 nunc
643 5482 884 5550 quasdam
941 5481 1271 5550 exemplaria
1320 5479 1723 5551 Scripturarum
1786 5482 2023 5540 Luciana

451 5581 843 5639 nuncupentur.
875 5571 1142 5626 Feruntur
1169 5571 1285 5640 ejus
1310 5571 1376 5624 de
1404 5569 1507 5624 fide
1537 5570 1720 5638 libelli,
1747 5583 1802 5628 et
1829 5574 2022 5633 breves

453 5657 522 5712 ad
563 5659 846 5716 nonnullos
891 5661 1145 5732 epistolm.
1190 5660 1385 5716 Passus
1415 5657 1738 5718 Nicomediae
1782 5663 1852 5719 ob
1894 5680 2023 5722 cou-

2134 4568 2376 4636 Augusto
2401 4570 2714 4639 pertulerat,
2731 4573 3024 4628 novissime
3050 4575 3106 4629 in
3132 4577 3394 4633 craticula
3413 4583 3615 4650 positus
3629 4597 3714 4637 su-

2135 4674 2230 4729 per
2269 4660 2490 4728 pruinas
2538 4661 2591 4714 in
2635 4662 2738 4716 fide
2778 4663 2932 4719 laetus
2979 4667 3196 4721 exhalat
3240 4686 3253 4721 :
3319 4677 3446 4725 tunc
3472 4673 3707 4741 przedicti

2135 4751 2286 4804 aiunt
2316 4769 2329 4803 :
2363 4750 2472 4805 Cur
2499 4752 2795 4822 imperator
2823 4756 2981 4824 punis
3011 4758 3063 4811 in
3087 4757 3247 4815 Petro
3275 4763 3472 4817 mentis
3497 4775 3707 4820 semen.

2136 4842 2290 4909 tiam,
2318 4858 2438 4912 quze
2481 4845 2534 4898 in
2583 4847 2738 4904 nobis
2761 4848 3018 4923 omnibus
3045 4851 3223 4920 viget?
3255 4852 3325 4908 Ut
3351 4855 3478 4923 quid
3520 4857 3575 4910 in
3617 4856 3707 4911 illo

2129 4935 2337 4990 crimen
2385 4936 2618 5002 ducitur,
2649 4937 2791 5007 quod
2831 4954 2862 4991 a
2913 4939 3070 4995 nobis
3107 4943 3359 4998 omnibus
3387 4944 3707 5000 conﬁtetur?

2131 5027 2257 5084 Hzec
2290 5029 2445 5106 nobis
2477 5029 2628 5093 fides,
2659 5031 2747 5085 hic
2795 5032 2990 5097 cultus,
3022 5043 3078 5088 et
3114 5035 3388 5090 unanimis
3413 5038 3706 5106 eademque

2130 5121 2420 5173 sententia.
2454 5121 2598 5187 Quos
2629 5122 2717 5176 ille
2752 5137 2875 5176 cum
2920 5123 2976 5177 in
3007 5125 3184 5179 medio
3215 5126 3563 5183 nihilominus
3614 5144 3704 5183 ve-

2130 5210 2247 5264 nire
2262 5211 2536 5280 jussisset,
2565 5213 2829 5267 similibus
2862 5229 3058 5284 poena),
3090 5224 3148 5269 ut
3176 5216 3411 5284 priores,
3430 5219 3705 5288 suppliciis

2130 5300 2375 5367 aﬂ'ectos,
2427 5304 2494 5356 ad
2523 5303 2761 5358 ultimam
2802 5305 2996 5374 laqueo
3025 5321 3291 5375 appensos
3318 5310 3499 5363 necari
3521 5309 3703 5378 jussit.

2129 5392 2280 5447 Tunc
2300 5401 2350 5448 et
2373 5393 2675 5464 Anthymus
2699 5396 2864 5464 ipsius
2893 5396 3043 5451 urbis
3070 5399 3377 5468 episcopus,
3408 5401 3463 5454 in
3491 5402 3704 5455 Domini

2128 5483 2300 5537 nostri
2328 5482 2456 5537 Jcsu
2477 5480 2684 5541 Christi
2723 5484 3061 5541 confessione
3087 5487 3410 5556 perdurans,
3457 5489 3707 5558 martyrii

2125 5573 2352 5642 gloriam
2381 5575 2575 5644 capitis
2603 5576 3008 5632 obtruncatione
3038 5581 3292 5648 suscepit.
3323 5581 3478 5642 Hunc
3519 5590 3711 5636 autem

2126 5673 2380 5736 tanquam
2411 5681 2536 5728 vere
2563 5667 2760 5730 bonum
2788 5677 3081 5740 pastorem,
3110 5672 3249 5730 viam
3281 5674 3529 5746 martyrii
3561 5685 3716 5745 pra-
