3962 6174
346 263 481 323 “9'5

1418 261 1828 323 CililONlCOii.
1859 294 1925 304 —
1962 258 2126 319 TOMI
2161 259 2202 315 li
2242 260 2367 316 UB.
2406 259 2489 316 lii.

3455 256 3589 317 “9‘

340 382 580 433 euntem,
626 367 877 423 universa
917 383 1051 439 pene
1077 369 1255 440 gregis
1301 370 1383 425 sui
1415 371 1701 425 multitudo
1730 383 1915 440 prose—
1944 378 1992 435 Α
2020 367 2318 423 Maxentius
2331 368 2517 423 Roma:
2540 367 2684 424 velut
2705 375 2969 440 tyrannus
2989 364 3308 435 habebatur,
3323 369 3590 427 adulteria

340 464 547 534 quitur.
578 459 760 528 itaque
788 458 1046 531 explicari
1091 474 1197 512 non
1233 458 1396 523 vaiEt,
1433 468 1635 530 quanta
1669 459 1762 513 Dei
1793 473 1917 513 ean-

338 554 443 609 ctis
491 552 824 625 martyribus
869 552 1321 622 excogitabantur
1362 561 1631 607 tormenta
1675 567 1739 607 ea
1785 561 1919 605 tein-

340 654 584 715 pestate;
617 659 714 698 seu
750 651 950 713 quanta
983 653 1292 699 sanctorum
1319 644 1481 699 millia
1512 644 1664 699 novis
1690 653 1746 699 et
1768 645 1920 698 inau-

339 737 467 795 ditis
493 735 827 791 cruciatuum
856 737 1138 790 tormentis
1184 736 1504 806 interempta
1541 736 1652 791 sint
1682 753 1694 788 :
1724 735 1919 805 quibus

342 818 604 881 Eusebius
630 824 979 881 Caesariensis
1025 825 1331 896 episcopus,
1362 824 1742 879 ecclesiastica
1784 825 1918 879 scri-

339 928 459 986 ptor
485 917 756 982 Historize,
786 917 913 971 dum
941 917 1246 982 interesset,
1280 933 1403 989 quae
1426 917 1481 972 in
1507 920 1737 973 veritate
1767 933 1916 973 com-

336 1009 477 1078 perit
503 1018 557 1062 et
583 1007 856 1063 cernendo
881 1007 1181 1075 conspexit,
1213 1017 1407 1062 octavo
1461 1006 1824 1064 Historiarum
1860 1018 1916 1065 et

338 1114 479 1153 nono
508 1098 659 1153 libris
684 1097 879 1171 partim
906 1097 1255 1153 manifestare
1283 1099 1506 1173 studuit.

929 1207 1157 1269 CAPUT
1195 1208 1330 1264 XVI.

338 1297 580 1369 Qualiter
622 1296 996 1353 Constantinus
1042 1298 1113 1354 ad
1159 1299 1433 1369 imperium
1479 1308 1682 1355 evectus
1723 1298 1815 1367 sit,
1862 1309 1910 1353 et

404 1384 532 1490 quo:
562 1367 899 1437 imperatores
941 1365 1303 1439 persequentes
1339 1365 1667 1424 Christianos
1699 1365 1910 1439 oppres-

401 1452 505 1491 sert
532 1473 548 1491 .

401 1547 790 1605 Constantinus
819 1548 1125 1605 tricesimus
1151 1557 1380 1621 quartus
1400 1548 1764 1622 gubernacula
1807 1549 1908 1604 im-

332 1638 468 1708 perii
516 1654 547 1694 a
592 1637 908 1694 Constantio
960 1647 1112 1709 patre
1154 1640 1413 1710 suscepit,
1441 1654 1562 1711 quae
1596 1655 1704 1695 uno
1730 1650 1785 1695 et
1812 1640 1907 1696 tri-

2020 458 2362 528 impudenter
2377 471 2660 522 exercens,
2682 470 2740 514 et
2754 473 2946 514 earum
2964 459 3115 515 viros
3127 459 3399 514 occidens.
3418 458 3592 528 Quem

2018 548 2205 604 volens
2230 545 2622 603 Constantinus
2648 550 2957 619 opprimere
2979 558 3036 606 et
3063 550 3342 608 iteme
3364 567 3396 607 a
3424 553 3594 609 elati-

2016 640 2117 695 bus
2152 639 2404 703 liberare,
2446 640 2719 711 rogitabat
2755 655 2917 711 quem
2940 641 2995 695 in
3017 641 3157 698 bello
3175 640 3343 698 Deum
3362 643 3594 701 inberet

2018 731 2237 796 auxilio,
2265 730 2445 786 sciens
2472 730 2608 785 nihil
2634 730 2889 801 prodesse
2908 733 3038 787 deos
3062 746 3201 802 quos
3230 734 3594 791 Diocletianus

2017 820 2400 886 venerabatur,
2443 829 2499 876 et
2545 822 2670 891 quia
2714 822 2895 892 potius
2932 822 3048 893 eius
3074 832 3233 893 pater
3259 832 3594 896 paganorum

2015 922 2325 983 contempta
2348 913 2609 986 religione
2636 910 2867 968 feliciter
2888 913 3204 970 adrisisset.
3234 914 3295 970 in
3318 917 3405 971 liis
3429 917 3596 989 igitur

2014 1001 2469 1058 sollicitudinibus
2501 1003 2829 1057 constitutus
2855 1042 2870 1067 ,
2901 1002 2955 1056 in
2988 1016 3178 1057 solum
3206 1003 3342 1058 vidit
3374 1005 3587 1075 signum

2011 1094 2191 1150 erucis
2217 1093 2356 1149 coelo
2378 1093 2657 1165 splendide
2677 1093 2999 1149 collocatum
3018 1130 3033 1157 ,
3068 1094 3396 1165 mirantique
3425 1094 3589 1151 visio—

2011 1198 2137 1239 nem
2160 1185 2448 1239 astiterunt
2459 1183 2635 1254 angeli
2656 1183 2932 1239 dicentes:
2955 1184 3004 1240 Ο
3022 1184 3394 1249 Constantine,
3412 1186 3466 1240 in
3488 1186 3593 1241 hoe

2011 1276 2185 1329 vince.
2235 1272 2432 1328 Fertur
2451 1280 2631 1328 autem
2676 1280 2733 1328 et
2760 1273 2934 1342 ipsum
2960 1272 3236 1329 Christum
3279 1258 3594 1345 appennino

2010 1363 2061 1418 ei
2080 1403 2096 1428 ,
2121 1362 2439 1433 signumque
2481 1370 2815 1421 monstrasse
2853 1364 3052 1424 erucis.
3095 1378 3160 1419 ac
3182 1363 3503 1432 pmorpisse
3531 1366 3592 1417 ut

2010 1451 2241 1524 ﬁgurant
2274 1452 2506 1509 similem
2546 1451 2775 1519 iaceret,
2810 1461 2866 1507 et
2904 1453 2957 1509 in
2981 1452 3182 1522 pmiiis
3201 1452 3464 1511 auxilium
3487 1453 3595 1511 hoc

2008 1544 2252 1610 haberet,
2277 1559 2385 1615 quo
2410 1543 2788 1614 victoria-jura
2812 1544 3181 1614 conquireret.
3205 1542 3471 1599 Eusebius
3487 1543 3595 1599 itas

2008 1650 2114 1707 que
2126 1633 2391 1707 Pamphili
2409 1650 2530 1691 cum
2540 1634 2894 1706 jurejurando
2908 1635 3029 1705 ipso
3039 1635 3367 1705 imperatore
3375 1634 3590 1690 discute

328 1730 476 1803 ginta
501 1731 658 1787 annis
682 1729 988 1788 felicissime
1021 1733 1207 1788 tenuit.
1232 1732 1399 1806 igitur
1428 1744 1662 1801 mortuo,
1691 1743 1750 1789 ut
1772 1736 1902 1802 dixi,
1937 1719 1979 1779 Β
2007 1728 2224 1785 audisse
2249 1726 2448 1792 refert,
2494 1726 2621 1798 quia
2654 1727 2799 1783 eirea
2824 1724 3105 1782 meridiem
3143 1726 3453 1782 deelimme
3470 1723 3588 1797 [an

326 1820 648 1875 Constantio
694 1821 749 1875 in
806 1819 1119 1886 Britannia,
1169 1821 1561 1879 Constantinus
1615 1824 1907 1895 imperator

324 1920 542 1965 creatus
577 1910 786 1980 primus
833 1910 1219 1982 impcratormn
1271 1909 1632 1976 Christianus,
1681 1923 1906 1984 excepto

325 2001 571 2075 Philippo
599 2002 692 2072 qui
733 2001 1075 2058 Christianus
1119 2004 1276 2059 annis
1304 2005 1590 2061 admodum
1637 2005 1903 2077 paucissi-

324 2091 449 2157 mis,
480 2091 551 2146 ad
573 2091 675 2147 hoc
704 2101 912 2145 tantum
934 2092 1258 2149 constitutus
1284 2090 1449 2149 fuisse
1477 2095 1610 2150 mihi
1635 2096 1779 2151 visus
1798 2106 1900 2160 est,

323 2192 383 2236 ut
410 2183 725 2238 millesimus
748 2181 933 2238 Roma
961 2198 1134 2238 annus
1156 2183 1375 2240 Christo
1398 2185 1579 2256 potius
1602 2202 1763 2259 quam
1790 2188 1904 2243 ido-

321 2273 388 2330 lis
417 2274 707 2331 dicaretur.
758 2274 805 2329 A
848 2275 1204 2333 Constantino
1256 2286 1435 2333 autem
1461 2293 1649 2336 omnes
1690 2293 1903 2350 semper

317 2365 614 2422 Christiani
662 2366 1016 2438 imperatores
1051 2383 1221 2437 usque
1281 2368 1337 2424 in
1390 2367 1709 2424 hodiernum
1759 2370 1900 2424 diem

317 2456 490 2510 creati
518 2463 663 2522 sunt,
693 2464 921 2527 excepto
954 2457 1188 2525 iuiiano,
1218 2472 1380 2528 quem
1413 2459 1597 2531 impia,
1629 2468 1689 2514 ut
1726 2458 1897 2526 aiunt,

318 2545 724 2603 machinantem
756 2547 1048 2605 exitiabilis
1077 2550 1187 2605 vita
1215 2543 1474 2606 deseruit.
1515 2550 1685 2622 igitur
1710 2549 1901 2623 Crispo

315 2646 375 2692 et
392 2635 749 2694 Constantino
774 2637 1078 2696 Ctesaribus
1102 2649 1264 2710 atque
1284 2639 1616 2707 censulibus,
1644 2639 1900 2697 Romana:

313 2731 532 2802 «tandem
572 2730 829 2788 Ecclesiae
887 2729 1216 2805 Sylvestrius
1268 2733 1620 2805 praesidebat,
1672 2732 1901 2788 Alexan-

312 2818 485 2875 driam
537 2820 857 2888 Alexander,
903 2829 959 2876 et
1009 2820 1502 2893 Hierosolymorum
1559 2823 1896 2891 Macharius;

308 2906 613 2964 Antiochiae
636 2921 783 2974 vero,
813 2923 933 2978 quae
958 2920 1041 2964 est
1073 2911 1212 2979 apud
1242 2909 1520 2975 Orontem,
1548 2919 1669 2983 post
1697 2911 1899 2968 Roma-

313 3014 444 3053 num
484 3000 720 3054 nondum
746 2998 1033 3072 quisquam
1082 2998 1257 3055 fuerat
1300 3002 1602 3068 ordinatus,
1636 3017 1892 3073 persecu-

313 3090 551 3147 tionibus
572 3066 782 3147 scilicei
807 3066 1241 3163 prohilentibns.
1274 3091 1388 3148 Non
1420 3066 1732 3164 longopost
1759 3103 1895 3151 tem-
1922 3066 1969 3131 θ

311 3193 446 3250 pore
468 3179 524 3235 iii
559 3180 651 3251 qui
692 3178 883 3237 Nicaeae
911 3180 1118 3237 collecti
1154 3191 1333 3248 erant,
1379 3184 1738 3254 eloquentiam
1776 3182 1896 3256 ejus

304 3266 664 3340 admirantes,
694 3272 1043 3330 Eustachium
1069 3275 1291 3345 dignum
1325 3278 1774 3347 approbaverunt,
1800 3278 1892 3349 qui

305 3363 426 3420 sedi
467 3363 772 3436 apostolicae
817 3365 1153 3436 pnesiderel,
1175 3377 1230 3420 et
1260 3381 1383 3421 cum
1430 3376 1576 3424 esset
1603 3364 1894 3440 episcopus

302 3457 500 3512 vicina:
527 3457 731 3523 Berea,
759 3471 881 3513 eum
912 3457 965 3512 in
988 3457 1331 3514 Antiochiam
1363 3462 1777 3518 transtulerunt.
1894 3452 1897 3455 ’

380 3547 532 3603 Tunc
564 3564 695 3621 ergo
723 3549 1016 3605 Christiani
1046 3550 1337 3609 orientales
1364 3553 1585 3622 quidem
1622 3570 1793 3627 usque
1824 3557 1891 3611 ad

308 3638 571 3695 terminos
603 3638 819 3713 λεωριί
853 3641 994 3696 circa
1030 3640 1279 3713 Lespiam
1315 3654 1748 3710 commorautes,
1782 3663 1889 3700 non

306 3730 707 3801 presumebant
752 3739 938 3802 aperte
990 3732 1042 3786 in
1091 3731 1350 3788 ecclesias
1389 3734 1714 3800 convenire,
1766 3752 1890 3790 cum

305 3822 548 3879 Licinius
575 3823 836 3890 favorem,
865 3839 1023 3895 quem
1057 3823 1110 3880 in
1138 3840 1231 3881 eos
1262 3826 1553 3890 habuerat,
1585 3837 1887 3897 pennutas-

307 3922 423 3979 set;
458 3913 551 3969 sed
580 3928 757 3985 neque
781 3929 878 3985 per
904 3914 1250 3971 Occidentem
1279 3913 1536 3970 lielladici
1556 3955 1571 3980 ,
1596 3914 1678 3969 vel
1712 3914 1887 3969 Mace-

304 4007 517 4069 dones,
568 4011 626 4058 et
667 4002 859 4076 illyrici
910 4004 1138 4059 licenter
1181 4004 1235 4059 in
1283 4004 1542 4075 religione
1582 4004 1887 4072 durabant,

304 4101 529 4163 propter
550 4093 960 4150 Constantinum
990 4095 1079 4164 qui
1103 4096 1356 4165 princeps
1378 4104 1497 4148 erat
1525 4095 1581 4149 in
1608 4094 1692 4149 his
1714 4098 1886 4165 parti-

304 4186 409 4241 bus
438 4184 823 4240 Romanorum.
864 4184 999 4241 iiuic
1041 4186 1183 4240 enim
1213 4189 1329 4238 viro
1358 4184 1512 4255 plura
1541 4196 1726 4254 postea
1758 4201 1886 4256 pro-

304 4276 521 4330 venisse
557 4275 896 4346 percepimus
922 4275 1115 4344 quibus
1148 4274 1317 4328 ilexus
1343 4282 1425 4328 est
1455 4272 1885 4328 Christianorum

302 4368 499 4436 dogma
551 4366 819 4431 venerari,
861 4367 1130 4436 praecipue
1183 4374 1359 4420 tamen
1409 4373 1630 4434 propter
1672 4364 1883 4436 signum

300 4459 451 4528 quod
477 4457 525 4511 ei
556 4456 813 4512 divinitus
838 4467 921 4512 est
941 4467 1234 4513 ostensum.
1270 4457 1333 4510 Et
1363 4456 1619 4526 quoniam
1665 4459 1731 4512 ad
1773 4462 1886 4512 inet:

299 4548 587 4613 venimus,
610 4547 770 4618 paulo
805 4547 966 4603 latius
992 4549 1195 4619 aliquid
1231 4547 1548 4603 referamus.
1582 4545 1717 4603 Cum
1765 4549 1887 4604 Dio-

301 4639 570 4693 cletianus
594 4646 649 4692 et
673 4637 1034 4693 Maximianus
1065 4638 1367 4706 iierculius,
1399 4639 1668 4710 privatam
1697 4639 1887 4713 elegi§-

300 4736 430 4784 sent
476 4728 676 4795 vitam,
728 4736 786 4782 et
828 4727 1150 4785 Maximinus
1193 4728 1472 4795 Galerius,
1522 4730 1613 4800 qui
1654 4745 1777 4785 cum
1806 4731 1886 4786 eis

301 4822 697 4889 imperaverat,
731 4829 918 4876 tenens
944 4821 1150 4877 italiam
1184 4822 1318 4879 duos
1354 4822 1598 4880 Caesares
1637 4823 1883 4891 iecisset,

301 4911 652 4967 Maximinum
695 4912 748 4967 in
782 4910 1028 4979 Oriente,
1070 4922 1125 4969 et
1169 4914 1223 4968 in
1252 4914 1403 4969 italia
1436 4914 1727 4981 Severum,
1754 4925 1884 4971 tunc

299 5006 692 5063 Constantinus
734 5007 787 5061 in
827 5006 1107 5061 Britannia
1155 5018 1308 5078 patre
1342 5021 1559 5066 mortuo
1607 5012 1884 5067 ordinatus

296 5100 599 5170 imperator
618 5099 795 5170 primo
820 5116 963 5155 anno
988 5100 1370 5157 ducentesima:
1394 5104 1581 5172 prima:
1606 5103 1882 5175 Olympia-

298 5192 391 5248 dis
412 5208 561 5246 xxvn
589 5192 675 5248 die
699 5191 829 5248 Julii
860 5193 1081 5257 mensis,
1110 5192 1297 5249 Romae
1323 5207 1452 5249 vero
1485 5210 1516 5248 a
1543 5196 1883 5265 praetorianis

298 5283 566 5339 militibus
621 5283 971 5351 Maxentius,
1033 5282 1342 5340 Maximiani
1398 5284 1634 5341 Herculii
1696 5285 1877 5352 ﬁlius,

298 5375 604 5430 instituitur
631 5375 943 5445 imperator.
976 5375 1073 5429 ilic
1101 5376 1216 5446 ejus
1255 5383 1412 5447 pater
1450 5376 1752 5446 imperandi
1781 5394 1877 5432 cu-

296 5464 526 5536 pzditate
571 5465 743 5520 noluit
792 5465 959 5520 lilium
1009 5482 1177 5538 regno
1216 5468 1463 5538 privare,
1512 5469 1655 5539 quod
1702 5468 1881 5525 facere

238 5580 247 5585 -
297 5559 562 5629 nequivit.
607 5555 779 5613 Porro
826 5556 1062 5616 Severus
1105 5559 1290 5616 Romae
1317 5570 1505 5617 contra
1553 5560 1878 5618 Maxentium

294 5654 549 5720 veniens,
580 5651 811 5708 militum
838 5653 1138 5724 proditione
1166 5666 1477 5727 peremptus
1504 5668 1605 5714 est.
1649 5656 1885 5714 Proinde

583 5749 746 5810 Px're
758 5765 854 5810 οι..
901 5744 1058 5811 CVi.

2005 1817 2140 1885 sole,
2164 1819 2344 1874 crucis
2362 1819 2575 1891 signum
2608 1832 2678 1873 ex
2708 1816 2913 1873 lumine
2942 1817 3162 1881 locum,
3185 1825 3241 1871 et
3261 1815 3586 1886 scriptun-ut

2003 1919 2311 1968 consertam
2341 1908 2389 1966 ei
2425 1909 2695 1966 dicentem
2728 1926 2744 1963 :
2774 1906 2840 1963 in
2867 1909 2964 1963 liae
2992 1907 3140 1963 vim
3162 1950 3177 1973 ,
3207 1908 3433 1963 vidisset
3471 1906 3590 1977 ipse

2002 2008 2058 2059 et
2083 2002 2281 2058 milites
2307 2001 2401 2074 qui
2430 2016 2552 2057 cum
2583 2017 2649 2057 eo
2680 2009 2808 2056 tunc
2836 2006 3035 2056 essent.
3067 1998 3320 2071 Pergenti
3350 2012 3586 2070 namque

2002 2090 2289 2164 aliquando
2316 2106 2439 2149 eum
2468 2092 2707 2149 exercitu
2732 2105 2832 2162 per
2855 2090 2962 2146 iter
2990 2109 3003 2145 :
3040 2091 3163 2157 hoc,
3192 2090 3383 2162 inquit,
3407 2087 3583 2146 eitmi‘

2003 2184 2243 2240 raculum
2272 2192 2356 2240 est
2382 2190 2680 2240 ostensum.
2705 2183 2951 2253 Dumque
2974 2182 3240 2255 cogitaret
3262 2181 3394 2252 quid
3416 2186 3586 2245 esset.

2001 2290 2107 2332 nox
2131 2275 2462 2346 supervenit,
2504 2282 2562 2330 et
2592 2274 2878 2329 dormienti
2899 2272 3150 2330 Christus
3176 2271 3429 2344 apparuit
3452 2284 3578 2327 metu

2000 2367 2156 2438 signo
2180 2366 2325 2436 quod
2347 2364 2482 2421 vidit
2502 2364 2557 2421 in
2578 2364 2740 2430 cutio,
2757 2363 3025 2434 iussitque
3046 2372 3107 2419 ut
3124 2364 3277 2420 ﬁeret
3299 2362 3418 2432 ejus
3439 2356 3583 2436 signi

2002 2455 2251 2528 ﬁguratio
2270 2469 2389 2526 qua
2411 2453 2552 2511 foret
2571 2446 2829 2510 auxiliarii
2851 2454 3234 2519 congressibus
3246 2450 3582 2525 pmiierunt.

2070 2546 2238 2618 igitur
2262 2556 2324 2602 ut
2343 2547 2621 2616 praemissa
2641 2548 2883 2617 quadam
2911 2562 2978 2601 ex
3026 2554 3187 2616 parte
3213 2556 3271 2601 et
3300 2546 3592 2617 aliquoties

2002 2648 2299 2694 memorata
2315 2638 2511 2694 iterum
2532 2648 2860 2711 repetamus,
2876 2636 3143 2699 Galerius,
3159 2638 3589 2703 occisum,

2001 2730 2268 2786 Licinium
2311 2728 2694 2804 imperatorem
2725 2730 2950 2785 creavit.
2982 2729 3229 2800 Cumque
3254 2729 3583 2800 persecutio-

2000 2832 2126 2875 nem
2146 2835 2177 2875 a
2204 2819 2542 2876 Diocletiano
2568 2828 2623 2875 et
2663 2818 2991 2874 Maximiano
3029 2819 3251 2873 missam
3291 2816 3409 2889 ipse
3442 2828 3580 2875 ειη)-

2000 2911 2240 2970 cloribus
2299 2911 2493 2967 edictis
2542 2909 2937 2965 accmnuiasset
2966 2948 2982 2975 ,
3035 2924 3101 2965 ac
3153 2918 3439 2981 postquam
3485 2916 3589 2980 per

2002 3013 2174 3058 annos
2218 3000 2405 3057 decem
2458 3015 2527 3057 ex
2570 2999 2721 3056 omni
2766 3011 2964 3070 genere
3018 2983 3298 3055 hominum
3332 2998 3588 3057 exhausit

1997 3092 2328 3164 provincias,
2378 3089 2686 3171 putrefacto
2715 3091 3007 3147 introrsum
3037 3101 3279 3163 pectore,
3326 3100 3382 3148 et
3409 3090 3587 3150 vitam

1996 3185 2099 3240 bus
2124 3183 2448 3250 dissolutus,
2485 3199 2610 3239 cum
2634 3181 2777 3238 ultra
2815 3180 3097 3239 horrorem
3134 3181 3388 3236 humanm
3416 3181 3584 3237 mise-

1996 3274 2092 3331 riae
2115 3276 2280 3331 etiam
2308 3288 2526 3331 vermes
2550 3281 2858 3341 eructaret,
2890 3281 3051 3346 atque
3079 3272 3274 3329 medici
3303 3273 3444 3329 ultra
3467 3272 3585 3345 iam

1995 3363 2226 3424 fetorem
2253 3379 2362 3422 non
2384 3364 2641 3432 ferentes,
2659 3365 3017 3437 erebrojussu
3040 3366 3157 3436 ejus
3174 3367 3574 3432 occiderentur,

1994 3472 2024 3512 a
2053 3459 2287 3530 quodam
2327 3458 2537 3514 medico
2562 3458 2937 3513 constantiam
2978 3471 3042 3513 ex
3074 3457 3454 3529 desperatione
3488 3474 3582 3516 sn-

1995 3558 2175 3604 mente
2197 3551 2514 3620 increpitus.
2541 3551 2676 3605 iram
2707 3549 2803 3605 Dei
2830 3566 2951 3606 esse
2972 3563 3185 3619 pinnam
3216 3566 3392 3619 suam,
3420 3564 3585 3625 atque

1995 3640 2113 3694 ideo
2144 3655 2174 3691 a
2203 3638 2426 3694 medicis
2462 3654 2567 3693 non
2603 3654 2759 3709 posse
2785 3639 2990 3705 curari,
3019 3639 3211 3695 edictis
3240 3638 3357 3697 late
3379 3642 3581 3708 missis,

1991 3726 2328 3782 Christianos
2350 3726 2415 3783 de
2432 3724 2634 3783 exsiliis
2652 3726 2954 3782 revocavit:
2974 3726 3086 3797 ipse
3103 3737 3283 3782 autem
3307 3729 3583 3788 cruciatus

1991 3833 2099 3874 non
2126 3819 2421 3885 sustinens,
2458 3817 2565 3873 vim
2609 3817 2735 3873 vita:
2779 3833 2890 3873 sure
2920 3817 3121 3873 intulit.
3155 3817 3233 3874 ita
3272 3821 3575 3890 respublica

1993 3924 2122 3972 tunc
2148 3919 2250 3973 sub
2277 3918 2429 3973 novis
2455 3926 2687 3988 quatuor
2704 3917 3039 3986 principibus
3069 3915 3189 3982 fuit,
3221 3914 3579 3973 Constantino

1990 4021 2045 4065 et
2070 4009 2339 4064 Maxentio
2362 4008 2484 4064 ﬁliis
2497 4008 2882 4080 Augustorum,
2908 4006 3113 4063 Licinio
3127 4014 3382 4062 autemet
3404 4007 3574 4062 Maxi-

1990 4104 2171 4160 miano
2198 4103 2507 4158 hominibus
2534 4101 2689 4158 novis
2725 4120 2738 4156 :
2768 4100 3157 4158 Constantinus
3180 4116 3368 4171 pacem
3395 4100 3580 4157 Eccie‘

1990 4198 2088 4255 siis
2143 4205 2267 4268 post
2320 4197 2504 4251 decem
2555 4211 2767 4260 annos,
2819 4194 3017 4265 quibus
3063 4210 3091 4247 a
3140 4193 3578 4265 persecutoribus

1988 4287 2348 4351 vexabantur,
2388 4284 2625 4341 indulsit.
2657 4284 2860 4339 Deinde
2891 4284 3033 4338 inter
3063 4283 3477 4339 Cotislautinutu
3520 4296 3577 4339 et

1994 4378 2318 4433 Maxentium
2349 4376 2543 4431 bellum
2590 4376 2745 4429 etviie
2773 4386 3019 4433 exortum
3052 4385 3154 4428 est.
3184 4379 3298 4441 Qua
3343 4374 3577 4430 necessi‘

1994 4479 2102 4525 tate
2128 4467 2434 4541 compulsus
2460 4467 2874 4531 Constantinus,
2905 4483 3061 4536 quem
3110 4467 3330 4521 haberet
3365 4466 3575 4537 adjuto-

1992 4578 2104 4616 rem
2134 4560 2301 4615 Deum
2334 4560 2388 4613 in
2430 4558 2629 4631 prmiiis
2654 4558 3094 4623 imminentilms,
3125 4566 3303 4613 mente
3344 4557 3572 4614 sollicita

1987 4654 2372 4725 pertractabat.
2404 4651 2557 4708 Unde
2583 4661 2637 4705 et
2665 4651 2817 4723 signa
2843 4651 3059 4705 casiitns
3088 4652 3136 4705 ei
3168 4660 3384 4706 ostensa
3410 4660 3573 4713 sunt,

1987 4760 2108 4815 qua:
2137 4743 2388 4813 superius
2418 4742 2861 4796 memoravimus.
2907 4740 3071 4809 igitur
3099 4739 3396 4801 Maxentius
3431 4754 3574 4810 saepe

1987 4835 2169 4891 multis
2215 4834 2413 4906 praeliis
2438 4832 2729 4903 fatigatus,
2756 4831 2947 4887 ultimo
2987 4832 3054 4886 ad
3085 4838 3301 4900 pontem
3329 4827 3568 4884 Milvium

1987 4930 2183 4993 victus,
2209 4938 2266 4983 et
2292 4928 2649 4996 interemptus
2677 4932 2779 4979 est.
2823 4923 3145 4978 Maximinus
3176 4922 3570 4997 persecutionis

1986 5019 2415 5076 Christianorum
2445 5018 2708 5083 incentor,
2740 5025 3134 5086 exsecutorque
3164 5014 3565 5079 infestissimus,

1986 5114 2129 5184 apud
2177 5112 2444 5167 Tharsum
2462 5149 2477 5175 ,
2505 5109 2632 5164 dum
2672 5104 2831 5164 civile
2857 5106 3052 5161 bellum
3082 5116 3269 5187 contra
3299 5104 3565 5160 Licinium

1984 5206 2312 5274 disponeret,
2340 5200 2564 5256 interiit.
2595 5200 2832 5255 Licinius
2861 5200 3136 5269 repentina
3168 5196 3315 5253 rabie
3335 5198 3564 5253 suscita-

1986 5304 2296 5360 tus,omnes
2310 5290 2645 5348 Christianos
2662 5306 2693 5346 e
2706 5289 2904 5361 palatio
2924 5286 3192 5358 suojussit
3207 5282 3417 5360 expelli.
3440 5287 3560 5342 Mox

1984 5383 2182 5439 bellmn
2213 5382 2357 5436 inter
2378 5382 2554 5451 ipsum
2587 5381 2852 5437 Licinium
2879 5389 2935 5436 et
2962 5378 3378 5436 Constantinum
3408 5379 3566 5435 clier‘

1986 5476 2120 5530 buit.
2150 5473 2258 5531 Sed
2287 5473 2679 5531 Constantinus
2702 5474 2966 5529 Licinium
2997 5472 3203 5528 sororis
3221 5487 3331 5526 suae
3360 5471 3565 5540 virum,

1985 5563 2039 5620 in
2064 5563 2359 5621 Pannoniis
2386 5564 2620 5636 primum
2649 5564 2798 5627 vicit,
2828 5562 3021 5618 deinde
3055 5562 3195 5631 apud
3223 5559 3436 5617 Cibalas
3459 5575 3563 5632 op-

1984 5658 2204 5731 pressit,
2226 5657 2588 5728 universaqne
2610 5655 2813 5713 Graecia
2833 5655 3055 5727 potitus,
3069 5648 3333 5709 Licinium
3354 5654 3569 5737 crebris

2965 5746 3045 5807 38
