3962 6174
408 178 426 234 l
445 174 543 237 ll)?
1492 173 1902 233 CHRONICON.

1943 206 2012 215 --
2046 170 2212 230 T03“
2249 174 2292 229 ιι
2329 175 2452 229 LIB.
2495 172 2579 230 ill.

3530 179 3549 230 t
3564 179 3583 231 ut
3597 170 3666 232 {.8

401 309 457 347 se
489 307 607 345 esse
642 290 888 355 exitium,
933 288 1035 344 nisi
1085 288 1457 343 commendata
1486 288 1780 356 reciperet,
1816 293 1977 340 testa-
2007 298 2053 354 Α
2083 281 2269 339 tudine
2311 283 2611 340 confectam
2652 284 2975 346 seminecem
2998 282 3202 353 jacere.
3244 284 3545 344 Macharius
3570 298 3667 361 per

402 386 581 437 lratur.
611 381 892 438 Permotus
921 381 1176 453 lacrymis
1221 378 1338 447 ejus
1379 395 1543 435 senex
1573 379 1641 433 ad
1675 378 1978 447 sepulcrum

405 474 525 526 tilia:
554 481 828 541 properat.
852 479 1014 540 atque
1042 486 1161 525 eam
1193 470 1408 524 nomine
1431 469 1690 523 clamitat.
1718 468 1867 521 Tunc
1892 466 1979 520 illa

403 564 469 617 de
502 561 770 631 sepulcro.
813 560 950 627 Quid
994 563 1108 627 vis,
1154 561 1260 625 ait,
1303 561 1489 630 pater?
1537 560 1979 615 Commendatum

402 655 596 725 inquit,
623 654 766 709 illius
793 655 884 708 ubi
914 655 1174 723 posuisti?
1206 655 1277 708 At
1304 654 1393 707 illa
1421 654 1595 707 locum
1631 653 1923 723 designans
1965 670 1976 705 :

401 746 533 807 lllic,
550 745 625 798 ait
643 744 882 799 invenies
893 743 1183 798 defossum.
1201 741 1578 814 RegressuSad
1589 743 1826 806 domum,
1844 758 1980 805 rem,

402 837 543 891 sicut
569 835 676 888 ﬁlia
697 835 762 889 de
787 833 1034 903 sepulcro
1064 836 1433 903 responderat,
1459 844 1730 903 repertam
1759 833 1982 887 tradidit

406 926 727 996 reposcenti.
761 924 867 980 Sed
896 933 950 980 et
995 926 1158 980 multa
1188 926 1291 980 alia
1341 925 1458 994 ejus
1483 932 1633 997 gesta
1672 923 1984 979 referuntur

405 1017 691 1083 mirabilia,
725 1032 844 1086 qua:
879 1019 1175 1072 recentium
1208 1027 1333 1072 tunc
1356 1033 1451 1072 ore
1476 1017 1714 1072 omnium
1738 1017 1980 1072 celebra-

401 1116 620 1170 bantur.
639 1114 785 1169 Talis
806 1115 971 1184 igitur
989 1115 1039 1168 in
1066 1114 1169 1169 illis
1186 1115 1361 1169 adhuc
1381 1113 1712 1182 temporibus
1728 1113 1979 1182 permulti

401 1207 502 1259 viri
546 1206 600 1259 in
630 1206 888 1260 Ecelesiis
918 1205 1126 1260 Domini
1156 1205 1523 1275 refulgebant.
1549 1219 1616 1259 ex
1646 1205 1842 1275 quibus
1865 1204 1982 1273 plu-

402 1297 524 1351 rimi
547 1296 601 1350 in
625 1296 714 1349 illo
734 1296 963 1350 concilio
986 1295 1221 1350 fuerunt.
1251 1295 1356 1351 Sed
1376 1305 1431 1351 et
1445 1297 1772 1351 Athanasius
1791 1297 1980 1351 eodem

360 1368 375 1384 ’
406 1404 647 1461 tempore
701 1389 990 1445 Alexandri
1038 1390 1295 1445 diaconus
1340 1389 1695 1445 Alexandrini
1743 1388 1978 1458 episcopi

402 1485 588 1538 aderat
631 1483 872 1538 consiliis
909 1498 1091 1538 senem
1135 1496 1297 1552 quam
1338 1482 1585 1553 plurimis
1628 1479 1843 1550 juvans.
1890 1480 1979 1535 in-

402 1573 589 1627 terfuit
602 1574 765 1628 etiam
783 1587 1008 1641 magnus
1025 1571 1367 1637 Eustachius,
1387 1572 1737 1626 Antiochenaa
1755 1571 1980 1625 sortitus
2008 1641 2017 1647 _

2082 373 2224 428 idem
2251 382 2460 442 tempus
2490 373 2631 428 illius
2653 375 2938 443 episcopus
2959 382 3093 429 erat.
3118 373 3169 429 ls
3190 376 3278 430 ubi
3315 387 3662 437 cunctantem

2083 463 2325 531 reginam
2345 503 2360 527 ,
2412 472 2575 533 atque
2597 480 2786 519 omnes
2816 466 3019 535 pariter
3044 465 3137 535 qui
3165 467 3431 535 aderant,
3472 471 3618 527 videt
3646 490 3664 528 :

2080 552 2282 607 Alferte
2310 554 2433 615 huc,
2460 554 2670 621 inquit,
2691 569 2880 608 omnes
2910 570 3029 624 qua:
3054 567 3280 626 reperue
3298 567 3425 615 sunt
3455 575 3665 628 cruces,

2081 653 2132 698 et
2158 660 2278 714 quae
2312 646 2384 700 sit
2410 660 2532 713 qua:
2567 646 2863 714 portaverit
2891 645 3176 700 Dominum
3199 645 3494 716 Christum,
3522 667 3668 709 nunc

2087 737 2243 791 nobis
2263 736 2542 805 adaperiet
2564 738 2725 791 Deus.
2750 738 2815 791 Et
2833 739 3105 809 ingressus
3118 755 3239 793 cum
3256 742 3440 812 regina
3460 744 3668 812 pariter

2085 835 2137 881 et
2162 826 2373 897 populis
2400 828 2469 882 ad
2510 841 2628 881 eam
2650 842 2769 897 qum
2796 829 3177 895 decumbebat,
3223 831 3414 887 deﬁxis
3438 833 3665 903 genibus

2084 918 2451 987 hujuscemodi
2478 920 2547 974 ad
2575 920 2743 974 Deum
2766 936 2980 990 precem
3004 922 3241 990 profudit
3264 944 3277 978 :
3308 925 3389 979 Tu
3413 925 3660 993 Domine,

2083 1028 2180 1082 per
2208 1013 2544 1083 unigenitum
2576 1014 2768 1071 Filium
2794 1024 2939 1068 tuum
2967 1017 3193 1072 salutem
3217 1021 3402 1088 generi
3426 1022 3663 1079 humano

2082 1118 2182 1174 per
2205 1104 2510 1173 passionem
2530 1105 2708 1160 crucis
2721 1105 2969 1162 conferre
2990 1108 3238 1177 dignatus
3262 1127 3321 1167 es
3336 1129 3351 1177 ;
3369 1122 3425 1166 et
3442 1128 3585 1169 nunc
3608 1115 3664 1169 in

2084 1196 2392 1252 novissimis
2418 1198 2752 1267 temporibus
2783 1201 3033 1270 aspirasti
3061 1204 3114 1257 in
3139 1206 3534 1263 cordeaneillas
3555 1217 3663 1265 tua:

2083 1289 2397 1357 perquirere
2426 1288 2627 1360 lignum
2656 1290 2897 1357 beatum,
2927 1292 2981 1347 in
3009 1308 3116 1362 quo
3156 1295 3303 1350 salus
3331 1306 3514 1352 nostra
3566 1314 3664 1369 pe‘

2082 1377 2297 1445 pendit;
2351 1378 2575 1432 ostende
2626 1378 2904 1435 evidenter
2933 1397 3000 1436 ex
3046 1382 3132 1437 his
3166 1385 3336 1440 tribus
3376 1400 3497 1455 qua:
3521 1402 3659 1442 crux

2083 1467 2248 1525 fuerit
2268 1470 2336 1525 ad
2366 1470 2700 1525 Dominicam
2729 1471 2975 1543 gloriam,
3008 1474 3091 1529 vel
3120 1491 3240 1546 qum
3260 1479 3568 1534 exstiterint
3592 1481 3661 1539 ad

2082 1558 2280 1613 servile
2305 1559 2654 1629 supplicium,
2682 1568 2743 1614 ut
2772 1562 2889 1616 hmc
2921 1563 3115 1618 mulier
3134 1581 3255 1633 qua:
3283 1569 3542 1624 semiviva
3569 1570 3666 1627 de-

401 1663 642 1719 ecclesia:
687 1640 1031 1732 praesulatum
1079 1662 1288 1717 meritis
1313 1677 1377 1716 ac
1409 1661 1700 1716 virtutibus
1729 1660 1974 1730 insignis.

2084 1649 2307 1714 cumbit,
2341 1650 2524 1704 statim
2549 1660 2607 1705 ut
2636 1666 2755 1706 eam
2779 1651 2980 1723 lignum
3013 1655 3247 1711 salutare
3274 1660 3582 1731 contigerit,
3630 1677 3664 1718 ι

399 1753 720 1822 Pariterque
764 1754 1028 1809 Eusebius
1072 1753 1334 1823 Pamphili
1365 1753 1715 1809 Ctesariensis
1739 1753 1981 1808 ecclesia:

399 1843 639 1912 pontifex
665 1886 680 1907 ,
706 1846 794 1913 qui
822 1855 1063 1913 tempore
1090 1844 1478 1915 persecutionis
1508 1844 1760 1907 nobiliter
1786 1845 1839 1898 in
1880 1843 1982 1899 ﬁde

399 1933 747 2001 perduravit,
801 1943 857 1988 et
905 1934 1193 1989 multorum
1249 1934 1543 1990 illustrium
1597 1935 1978 2005 opusculorum

400 2023 635 2092 scriptor
656 2023 755 2077 fuit
775 2024 1174 2094 sagacissimus.
1200 2024 1470 2080 Praeterea
1486 2034 1543 2080 et
1564 2026 1652 2080 alii
1676 2026 1858 2096 plures
1878 2028 1979 2081 viri

403 2114 770 2182 probatissimi
816 2115 884 2169 ibi
913 2114 1181 2170 affuerunt
1206 2131 1435 2186 quorum
1465 2118 1675 2189 ingenia
1704 2119 1982 2188 sapientia:

400 2210 454 2255 et
475 2202 779 2257 animorum
808 2203 1068 2269 virtutes,
1100 2212 1206 2258 tam
1239 2214 1294 2261 ct
1318 2206 1547 2277 principi
1578 2222 1738 2277 quam
1771 2208 1824 2261 in
1856 2208 1982 2262 reli—

399 2292 523 2362 quis
567 2292 920 2363 dignitatibus
969 2294 1295 2349 claruerunt.
1331 2296 1471 2368 Ergo
1511 2298 1599 2367 qui
1647 2312 1746 2366 per
1769 2298 1979 2368 singula

400 2381 539 2433 seire
574 2382 800 2435 voluerit
831 2397 950 2451 quae
978 2383 1028 2436 in
1067 2384 1169 2438 hoc
1204 2391 1353 2453 gesta
1377 2393 1499 2439 sunt
1529 2386 1775 2449 concilio,
1817 2388 1981 2441 omis-

401 2471 477 2524 sis
504 2471 733 2525 aliorum
782 2472 1054 2540 opusculis
1100 2473 1453 2528 ecclesiastici
1502 2488 1720 2529 causam
1763 2475 1978 2530 Eusebii

401 2560 751 2616 thsuricnsis
801 2561 1092 2618 Historiam
1140 2563 1409 2635 perlegat,
1459 2580 1580 2634 quae
1609 2581 1637 2619 a
1680 2564 1875 2619 Ruﬁno
1924 2567 1977 2619 in

401 2662 644 2708 nostrum
688 2654 1041 2726 interpretata
1087 2665 1172 2711 est
1193 2656 1497 2726 eloquium,
1534 2670 1635 2711 nec
1668 2670 1777 2710 non
1815 2656 1977 2710 trium

401 2743 640 2798 virorum
675 2745 963 2799 illustrium
1003 2745 1270 2801 Historias
1299 2746 1613 2811 Sozomeni,
1647 2744 1888 2800 Socratis
1924 2755 1979 2801 et

401 2833 744 2890 Theodorici.
796 2835 967 2890 Actus
1016 2851 1144 2890 vero
1195 2837 1456 2891 et‘vitam
1506 2834 1664 2904 hujus
1721 2836 1979 2906 principis

400 2924 737 2981 Constantini
764 2928 855 2995 qui
884 2927 1023 2981 scire
1043 2928 1253 2998 plenius
1272 2928 1561 2993 desiderat,
1590 2928 1808 2984 Eusebii
1833 2945 1973 2999 pra:-

2078 1739 2270 1793 mortis
2291 1739 2474 1809 januis
2507 1748 2788 1796 revocetur
2808 1743 2876 1797 ad
2900 1743 3086 1798 vitam.
3113 1746 3179 1800 Et
3202 1761 3324 1800 cum
3356 1748 3472 1803 huic
3494 1750 3663 1807 dixisd

2078 1834 2179 1892 set,
2210 1827 2455 1884 adhibuit
2480 1831 2658 1899 primo
2683 1847 2846 1886 unam
2874 1847 2939 1887 ex
2969 1835 3171 1901 tribus,
3197 1844 3249 1891 et
3282 1838 3414 1891 nihil
3438 1839 3659 1909 profuit,

2079 1917 2323 1973 adhibuit
2353 1921 2666 1985 secundam,
2689 1929 2744 1976 et
2768 1938 2868 1977 nec
2899 1924 2978 1978 sic
3005 1926 3221 1993 quidem
3252 1928 3452 1996 aliquid
3480 1941 3662 1985 actum

2079 2013 2181 2062 est.
2210 2007 2282 2063 Ut
2311 2023 2442 2064 vero
2470 2011 2682 2065 tertiam
2704 2012 2963 2077 admovit,
2991 2026 3212 2084 repente
3233 2018 3506 2087 adapertis
3531 2035 3662 2075 ocua-

2081 2096 2147 2152 lis
2172 2098 2365 2154 mulier
2385 2102 2748 2167 consurrexit,
2779 2111 2834 2158 et
2864 2106 3163 2162 stabilitate
3189 2108 3382 2163 virium
3419 2122 3659 2182 recepta,

2080 2184 2312 2242 alacrior
2333 2188 2503 2244 multo
2528 2205 2690 2260 quam
2718 2206 2843 2246 cum
2869 2208 2998 2247 sana
3029 2203 3194 2260 esset,
3227 2203 3339 2250 tota
3363 2198 3524 2253 domo
3552 2200 3689 2255 dis»

2079 2292 2301 2332 currere
2324 2287 2379 2332 et
2415 2282 2762 2351 magniﬁcare
2790 2281 3001 2338 Domini
3034 2287 3329 2355 potentiam
3356 2291 3538 2359 erepit.
3568 2291 3661 2346 Sic

2079 2368 2313 2423 evidenti
2340 2370 2539 2426 indicio
2570 2373 2755 2443 regina
2781 2376 2891 2429 voti
2916 2391 3137 2447 compos
3159 2377 3370 2445 effecta,
3402 2379 3667 2452 templum

2080 2459 2367 2515 miriﬁcum
2398 2462 2453 2516 in
2476 2478 2543 2518 eo
2574 2464 2715 2531 loco,
2740 2467 2794 2520 in
2819 2482 2928 2537 quo
2955 2484 3173 2525 crucem
3211 2485 3490 2542 repererat
3514 2475 3661 2544 regia

2079 2553 2375 2609 ambitione
2416 2558 2740 2613 construxit.
2771 2550 2963 2615 Clavos
2992 2576 3209 2631 quoque
3240 2565 3439 2633 quibus
3467 2581 3667 2638 corpus

2078 2643 2417 2700 Dominicam
2448 2645 2626 2702 fuerat
2653 2647 2889 2711 aﬂixum.
2920 2661 3098 2721 portat
3124 2655 3193 2709 ad
3222 2654 3420 2722 ﬁlium;
3451 2672 3520 2712 ex
3539 2659 3658 2728 qui-

2078 2733 2179 2790 bus
2208 2736 2296 2790 ille
2323 2736 2508 2794 frenos
2525 2741 2846 2810 composuit,
2870 2743 3066 2811 quibus
3082 2753 3331 2801 uteretur
3352 2749 3420 2801 ad
3435 2748 3663 2813 bellum;-

2080 2834 2135 2881 ct
2163 2840 2231 2880 ex
2275 2827 2397 2882 aliis
2423 2829 2629 2898 galeam
2682 2830 3034 2888 nihilominus
3076 2834 3198 2889 belli
3248 2837 3435 2893 usibus
3474 2847 3655 2908 aptam

2079 2912 2253 2971 fertur
2289 2929 2551 2973 armasse.
2596 2917 2749 2990 Ligni
2779 2935 2906 2975 vero
2946 2922 3115 2993 ipsius
3159 2924 3412 2981 salutaris
3448 2937 3658 2997 portent

399 3017 527 3071 dicti
555 2981 811 3086 opuscula
848 3018 914 3072 de
940 2981 1065 3072 hoc‘
1085 3025 1289 3072 tantum
1319 2981 1856 3089 negotio'perlegat.‘
1868 3018 1974 3074 Nos

2079 3006 2268 3062 detulit
2307 3008 2446 3075 lilio;
2475 2981 2691 3079 partem
2707 3025 2837 3067 vero
2877 2981 3048 3069 thecis
3076 3016 3345 3085 argenteis

399 3121 529 3160 vero
566 3108 631 3160 ad
666 3122 802 3176 opus
846 3107 1148 3177 compendii
1193 3115 1426 3177 emptum
1456 3108 1655 3179 stylum
1689 3109 1975 3165 scribendo

403 3215 734 3255 I‘CVOCCIHHS.

961 3313 1187 3371 CAPUT
1225 3314 1407 3371 XVIII.

400 3401 475 3456 De
503 3402 701 3458 Helena
727 3403 1064 3485 Constantini
1084 3417 1246 3487 matre
1273 3422 1291 3459 :
1312 3406 1612 3487 etqualiter
1637 3424 1841 3461 crucem
1863 3407 1972 3463 Do-

940 3491 1183 3528 mtmcam
1210 3487 1422 3529 invenit.

476 3562 575 3616 Per
595 3563 732 3618 idem
762 3563 1186 3634 tempusﬂelena
1207 3564 1546 3622 Constantini
1560 3578 1751 3634 mater,
1777 3570 1972 3623 femina

402 3653 834 3724 incoiuparabilis
862 3655 984 3719 ﬁde,
1011 3655 1270 3727 religione
1297 3657 1461 3712 animi
1487 3674 1551 3713 ac
1579 3658 1972 3730 magniﬁcentia

399 3746 688 3816 singulari,
735 3745 888 3816 cujus
916 3762 1048 3802 vero
1077 3746 1464 3805 Constantinus
1488 3758 1545 3805 et
1581 3759 1726 3806 esset
1755 3742 1971 3806 ﬁlius'et

399 3838 730 3903 crederetur,
745 3838 1220 3894 divinisadmonita
1234 3840 1532 3899 visionibus
1546 3841 1970 3914 Hierosolymam

398 3927 550 3995 petit,
578 3936 739 3997 atque
775 3929 846 3982 ibi
876 3929 1073 3993 locum,
1109 3930 1161 3983 in
1205 3945 1312 4000 quo
1342 3941 1746 3989 sacrosanctum
1776 3949 1973 4004 corpus

398 4014 599 4070 Christi
642 4017 881 4085 patibulo
908 4017 1122 4071 aliixuni
1152 4021 1500 4089 pependerat,
1530 4023 1598 4077 ab
1622 4023 1814 4078 incolis
1855 4039 1975 4095 per-

399 4106 582 4172 quirit.
634 4107 733 4175 Qui
778 4109 978 4163 idcirco
1021 4109 1086 4163 ad
1119 4109 1496 4164 inveniendum
1546 4110 1776 4167 diﬁ'icilis
1814 4122 1973 4179 erat,

399 4198 538 4265 quod
571 4198 640 4252 ab
671 4201 905 4269 antiquis
930 4201 1367 4270 persecutoribus
1409 4202 1757 4258 simulacrum
1806 4205 1857 4257 in
1908 4220 1975 4260 eo

2077 3098 2363 3168 dereliquit
2408 3101 2462 3154 in
2511 3101 2629 3156 loco
2662 3121 2674 3155 :
2719 3117 2840 3172 quae
2862 3104 3025 3165 etiam
3053 3122 3199 3162 nunc
3240 3109 3307 3162 ad
3336 3110 3660 3173 memoriam

2077 3190 2307 3245 sollicita
2362 3192 2708 3247 veneratione
2767 3205 3033 3250 servetur.
3099 3196 3269 3251 Filius
3335 3213 3464 3254 vero
3533 3200 3653 3272 ejus

1998 3290 2003 3295 ‘
2077 3282 2463 3339 Constantinus
2493 3283 2546 3338 in
2574 3284 2831 3341 honorem
2861 3288 3052 3347 matris
3079 3289 3351 3346 civitatem
3379 3292 3650 3359 condidit,

2077 3390 2239 3445 quam
2268 3390 2333 3430 ex
2358 3376 2575 3432 nomine
2600 3377 2741 3431 illius
2768 3377 3137 3450 Helenopolim
3160 3384 3510 3455 nuncupavit.

2652 3485 2878 3543 CAPUT
2924 3489 3063 3543 XIX.

2078 3573 2433 3645 Quotempore
2468 3575 2645 3645 populi
2686 3575 3015 3646 Hyberorum
3058 3590 3107 3633 et
3144 3585 3510 3639 Armeniorum
3533 3598 3658 3642 con-

2476 3647 2612 3699 versi
2634 3647 2738 3699 sint
2764 3650 2833 3699 ad
2864 3647 3021 3715 ﬁdem
3047 3647 3259 3704 Christi.

2146 3731 2262 3799 Qua
2297 3741 2617 3803 tempestate
2645 3735 2863 3804 quidam
2886 3735 3246 3807 Philosophus
3266 3740 3534 3798 Mcrooius
3555 3759 3652 3799 no.

2075 3825 2221 3881 mine
2259 3826 2582 3881 exteriorem
2613 3826 2816 3882 lndiam
2856 3828 2982 3882 dum
3030 3830 3308 3888 lustranda
3338 3843 3653 3906 peragraret

2077 3914 2219 3987 (qua:
2248 3917 2404 3989 longo
2451 3926 2628 3973 tractu
2657 3919 2726 3973 ab
2758 3919 3014 3975 interiore
3037 3922 3227 3989 distat,
3276 3924 3653 3995 quaea'ﬂiversis

2074 4006 2271 4079 linguis
2298 4016 2352 4062 et
2398 4009 2708 4064 nationibus
2741 4010 2979 4066 habitata
3003 4021 3105 4078 est,
3144 4016 3476 4084 quamvelut
3497 4019 3653 4088 longe

2076 4109 2339 4155 remotam
2359 4101 2537 4156 nullus
2577 4102 2887 4173 apostolica:
2909 4106 3308 4173 praedicationis
3335 4123 3522 4166 vomer
3547 4112 3648 4165 im-

2075 4189 2394 4262 presserat),
2417 4205 2445 4243 a
2475 4191 2730 4247 Barbaris
2768 4203 2955 4263 captus
2977 4204 3137 4265 atque
3161 4198 3514 4270 interemptus
3542 4212 3649 4256 est.

400 4287 627 4343 Veneris
661 4289 833 4344 fuerat
857 4290 1114 4355 deﬁxum,
1156 4299 1214 4344 ut
1241 4292 1285 4345 si
1316 4293 1434 4360 quis
1456 4291 1885 4348 Christianorum
1918 4296 1969 4349 in

2079 4281 2194 4337 Duo
2220 4283 2438 4353 quidam
2489 4284 2665 4354 pueri,
2702 4300 2835 4354 quos
2887 4288 2939 4339 in
2984 4286 3294 4346 liberalibus
3341 4292 3652 4349 instituerat

400 4376 517 4430 loco
546 4378 818 4432 Christum
848 4379 1075 4434 adorare
1108 4380 1384 4444 voluisset,
1411 4380 1674 4437 Venerem
1698 4384 1971 4437 videretur

399 4467 624 4520 adorare
649 4486 661 4520 :
687 4476 742 4521 et
760 4469 827 4521 ob
851 4469 954 4523 hoc
974 4467 1286 4539 infrequens
1302 4478 1350 4523 et
1374 4485 1509 4539 pene
1530 4471 1782 4525 oblivioni
1810 4472 1969 4527 datus

399 4552 574 4607 fuerat
618 4556 785 4609 locus.
820 4556 923 4611 Sed
964 4574 1115 4621 cum,
1148 4568 1206 4611 ut
1233 4574 1389 4626 supra
1423 4560 1676 4621 diximus,
1715 4560 1963 4629 religiosa

400 4643 594 4698 fezuiua
638 4656 981 4715 properasset
1018 4648 1083 4700 ad
1118 4648 1291 4702 locum
1335 4650 1539 4704 cmlesti
1578 4649 1784 4718 judicio
1826 4650 1969 4705 desi-

398 4744 641 4802 gnatum,
665 4745 855 4790 cuncta
878 4752 944 4790 ex
968 4752 1032 4791 eo
1052 4738 1273 4807 profana
1300 4748 1352 4794 et
1377 4740 1573 4809 polluta
1598 4742 1889 4796 deturlians
1912 4742 1964 4796 in

399 4825 564 4879 altum
593 4828 833 4895 purgatis
857 4828 1158 4893 ruderibus,
1186 4839 1296 4885 tres
1317 4831 1540 4887 confuso
1560 4834 1747 4888 ordine
1770 4834 1970 4904 reperit

399 4930 608 4969 Cruces.
664 4914 767 4969 Sed
822 4917 1143 4973 obturbabat
1194 4923 1385 4989 reperti
1441 4926 1679 4978 muneris
1727 4924 1966 4978 laetitiam

401 5004 817 5073 uniuscujusque
854 5007 1028 5060 crucis
1081 5007 1367 5062 indiscreta
1401 5012 1718 5080 proprietas.
1770 5012 1969 5067 Aderat

400 5094 616 5160 quidem
661 5102 715 5146 et
750 5094 934 5147 titulus
978 5095 1064 5147 ille
1096 5097 1184 5164 qui
1229 5096 1433 5151 Graecis
1473 5109 1528 5153 et
1572 5098 1777 5153 Latinis
1805 5108 1967 5169 atque

402 5183 678 5240 Hebraicis
703 5184 893 5237 litteris
917 5200 947 5236 a
979 5181 1150 5237 Pilato
1174 5185 1350 5240 fuerat
1374 5190 1741 5258 conscriptus;
1775 5192 1868 5245 sed
1900 5207 1967 5245 ne

403 5272 514 5338 ipse
547 5272 762 5340 quidem
792 5275 922 5327 satis
941 5266 1214 5327 evidenter
1240 5274 1500 5329 Dominici
1526 5277 1781 5346 prodebat
1809 5280 1965 5349 signa

399 5362 640 5427 patibuli.
670 5362 803 5416 Hinc
826 5363 940 5431 jam
978 5364 1028 5416 iu
1058 5364 1302 5418 humana:
1334 5366 1696 5436 ambiguitatis
1736 5368 1963 5435 incerto,

399 5451 636 5503 cinimuu
693 5449 897 5520 ﬂagitat
940 5453 1325 5507 testimonium.
1375 5455 1587 5508 Accidit
1640 5455 1689 5507 in
1736 5472 1798 5510 ea
1832 5459 1965 5513 urbe

400 5542 652 5606 primaria
681 5542 968 5610 quamdam
1018 5542 1118 5597 loci
1162 5542 1301 5595 illius
1334 5542 1588 5597 feminam
1630 5546 1779 5613 gravi
1808 5548 1965 5617 aegri-

2075 4372 2389 4442 disciplinis,
2418 4374 2777 4431 Barbarorum
2817 4378 3159 4436 miseratione
3196 4386 3453 4439 reservati
3495 4395 3550 4442 et
3579 4392 3647 4443 ad

2078 4481 2258 4535 regem
2288 4466 2552 4536 perducti,
2600 4483 2734 4537 quos
2763 4477 2821 4523 ut
2848 4473 3109 4541 comperit
3132 4473 3426 4531 industrios
3457 4491 3522 4532 ac
3549 4492 3650 4533 no-

2074 4555 2228 4619 biles,
2274 4557 2427 4612 valde
2474 4559 2680 4632 dileail,
2728 4575 2795 4614 ex
2844 4563 3039 4630 quibus
3102 4563 3435 4631 Frumentio,
3481 4583 3641 4638 quem

2072 4646 2525 4716 perspicaciorem
2548 4648 2988 4717 deprehenderat,
3018 4654 3257 4710 rationes
3279 4672 3403 4711 suas
3425 4659 3649 4713 scriniao

2072 4752 2175 4807 que
2205 4739 2475 4792 commisit
2508 4756 2520 4791 :
2548 4740 2795 4794 Edesium
2824 4757 2954 4796 vero
2984 4744 3099 4797 sibi'
3139 4745 3453 4813 pincernam
3498 4748 3647 4802 fecit.

2072 4827 2172 4893 Qui
2200 4829 2538 4896 postmodum
2561 4829 2613 4881 iu
2640 4832 3045 4897 magnolmnore
3069 4833 3234 4888 habiti
3261 4845 3406 4901 sunt,
3429 4837 3642 4891 vivente

2073 4935 2226 4990 rege;
2257 4929 2312 4975 et
2346 4921 2398 4972 in
2438 4919 2641 4986 majore
2665 4930 2784 4987 post
2814 4921 2956 4974 illius
2983 4923 3189 4977 obitum
3212 4939 3334 4980 eum
3360 4925 3469 4980 ﬁlio
3500 4925 3639 4995 “ejus.

2072 5025 2229 5079 quem
2275 5004 2538 5063 bmrcilem
2591 5008 2881 5076 reliquerat
2930 5013 3100 5079 regni.
3151 5012 3209 5065 In
3260 5021 3469 5078 tantum
3516 5030 3643 5070 vero

2072 5103 2341 5158 sublimati
2380 5110 2523 5164 sunt,
2564 5109 2622 5154 ut
2671 5101 2929 5155 ecclesias
2957 5102 3284 5158 fabricarent
3323 5104 3393 5159 ibi
3423 5115 3480 5159 et
3513 5121 3643 5161 cond

2072 5191 2336 5246 venticula
2377 5189 2805 5243 Christianorum
2835 5205 2930 5259 per
2977 5191 3093 5244 loca
3141 5192 3351 5246 diversa
3404 5193 3643 5249 celebras

2072 5289 2210 5335 rent.
2259 5280 2510 5345 Quicum
2558 5280 2624 5334 ad
2674 5279 2971 5333 ltomanum
3015 5280 3199 5335 orbem
3239 5288 3641 5338 reverterentur

2071 5378 2125 5425 et
2172 5385 2297 5424 suos
2341 5370 2623 5423 visitarent
2667 5369 3014 5438 propinquos,
3071 5380 3124 5423 et
3169 5386 3288 5439 qum
3334 5372 3644 5428 acciderant

2072 5461 2338 5531 episcopis
2396 5468 2678 5514 narrarent
2724 5460 2856 5521 suis,
2914 5469 3038 5514 tunc
3083 5461 3410 5518 Athanasius
3468 5476 3645 5532 nuper

2072 5550 2410 5604 Alexandria:
2456 5550 2737 5618 episcopus
2772 5551 3114 5616 constitutus,
3148 5552 3517 5609 Frumentiqu
3565 5552 3635 5607 ad
