  <div class='ocr_page' id='page_1' title='image "/cluster/home/n/w/nwhite01/storage/ocr_20150623/106/hvd.32044054759717/605.png"; bbox 0 0 3962 6174; ppageno 0'>
   <div class='ocr_carea' id='block_1_1' title="bbox 261 251 402 303">
    <p class='ocr_par' dir='ltr' id='par_1_1' title="bbox 261 251 402 303">
     <span class='ocr_line' id='line_1_1' title="bbox 261 251 402 303; baseline 0.014 -2"><span class='ocrx_word' id='word_1_1' title='bbox 261 256 286 301; x_wconf 75' lang='lat' dir='ltr'><strong>’l</strong></span> <span class='ocrx_word' id='word_1_2' title='bbox 306 251 402 303; x_wconf 79' lang='lat' dir='ltr'><strong>i99</strong></span> 
     </span>
    </p>
   </div>
   <div class='ocr_carea' id='block_1_2' title="bbox 1263 239 2482 302">
    <p class='ocr_par' dir='ltr' id='par_1_2' title="bbox 1263 239 2482 302">
     <span class='ocr_line' id='line_1_2' title="bbox 1263 239 2482 302; baseline -0.003 -4"><span class='ocrx_word' id='word_1_3' title='bbox 1263 242 1644 299; x_wconf 77' lang='lat' dir='ltr'><strong>FRECULPlII</strong></span> <span class='ocrx_word' id='word_1_4' title='bbox 1683 241 2141 302; x_wconf 75' lang='lat' dir='ltr'><strong>LEXOVIENSIS</strong></span> <span class='ocrx_word' id='word_1_5' title='bbox 2181 239 2482 296; x_wconf 78' lang='lat' dir='ltr'><strong>EPISCOPI</strong></span> 
     </span>
    </p>
   </div>
   <div class='ocr_carea' id='block_1_3' title="bbox 3375 236 3517 289">
    <p class='ocr_par' dir='ltr' id='par_1_3' title="bbox 3375 236 3517 289">
     <span class='ocr_line' id='line_1_3' title="bbox 3375 236 3517 289; baseline -0.021 0"><span class='ocrx_word' id='word_1_6' title='bbox 3375 236 3517 289; x_wconf 66' lang='lat'><strong>15.00</strong></span> 
     </span>
    </p>
   </div>
   <div class='ocr_carea' id='block_1_4' title="bbox 253 347 3518 428">
    <p class='ocr_par' dir='ltr' id='par_1_4' title="bbox 253 347 3518 428">
     <span class='ocr_line' id='line_1_4' title="bbox 253 347 3518 428; baseline -0.002 -18"><span class='ocrx_word' id='word_1_7' title='bbox 253 358 493 413; x_wconf 64' lang='lat' dir='ltr'><strong>«ilicium</strong></span> <span class='ocrx_word' id='word_1_8' title='bbox 529 356 919 428; x_wconf 64' lang='lat' dir='ltr'><strong>praedicationis</strong></span> <span class='ocrx_word' id='word_1_9' title='bbox 944 353 1161 422; x_wconf 83' lang='lat' dir='ltr'><strong>delegit,</strong></span> <span class='ocrx_word' id='word_1_10' title='bbox 1190 361 1244 407; x_wconf 92' lang='lat' dir='ltr'><strong>et</strong></span> <span class='ocrx_word' id='word_1_11' title='bbox 1273 352 1341 407; x_wconf 89' lang='lat' dir='ltr'><strong>ad</strong></span> <span class='ocrx_word' id='word_1_12' title='bbox 1366 352 1569 406; x_wconf 90' lang='lat' dir='ltr'><strong>lndiam</strong></span> <span class='ocrx_word' id='word_1_13' title='bbox 1597 353 1824 412; x_wconf 84' lang='lat' dir='ltr'><strong>remisit.</strong></span> <span class='ocrx_word' id='word_1_14' title='bbox 1861 357 1906 414; x_wconf 77' lang='grc' dir='ltr'><strong>Α</strong></span> <span class='ocrx_word' id='word_1_15' title='bbox 1938 368 2023 406; x_wconf 88' lang='lat' dir='ltr'><strong>res</strong></span> <span class='ocrx_word' id='word_1_16' title='bbox 2076 353 2305 406; x_wconf 82' lang='lat' dir='ltr'><strong>diversis</strong></span> <span class='ocrx_word' id='word_1_17' title='bbox 2337 352 2600 405; x_wconf 81' lang='lat' dir='ltr'><strong>mortibus</strong></span> <span class='ocrx_word' id='word_1_18' title='bbox 2633 350 2853 404; x_wconf 87' lang='lat' dir='ltr'><strong>tradidit</strong></span> <span class='ocrx_word' id='word_1_19' title='bbox 2892 364 2993 420; x_wconf 87' lang='lat' dir='ltr'><strong>pro</strong></span> <span class='ocrx_word' id='word_1_20' title='bbox 3043 347 3246 405; x_wconf 90' lang='lat' dir='ltr'><strong>Christi</strong></span> <span class='ocrx_word' id='word_1_21' title='bbox 3291 351 3518 420; x_wconf 85' lang='lat' dir='ltr'><strong>dogma-</strong></span> 
     </span>
    </p>
   </div>
   <div class='ocr_carea' id='block_1_5' title="bbox 264 440 1837 522">
    <p class='ocr_par' dir='ltr' id='par_1_5' title="bbox 264 440 1837 522">
     <span class='ocr_line' id='line_1_5' title="bbox 264 440 1837 522; baseline -0.006 -20"><span class='ocrx_word' id='word_1_22' title='bbox 264 465 359 517; x_wconf 84' lang='lat' dir='ltr'><strong>per</strong></span> <span class='ocrx_word' id='word_1_23' title='bbox 383 465 565 522; x_wconf 88' lang='lat' dir='ltr'><strong>quem,</strong></span> <span class='ocrx_word' id='word_1_24' title='bbox 588 448 757 518; x_wconf 90' lang='lat' dir='ltr'><strong>gratia</strong></span> <span class='ocrx_word' id='word_1_25' title='bbox 772 445 983 499; x_wconf 84' lang='lat' dir='ltr'><strong>Domini</strong></span> <span class='ocrx_word' id='word_1_26' title='bbox 1007 448 1349 504; x_wconf 84' lang='lat' dir='ltr'><strong>coruscante,</strong></span> <span class='ocrx_word' id='word_1_27' title='bbox 1366 440 1593 495; x_wconf 90' lang='lat' dir='ltr'><strong>virtutes</strong></span> <span class='ocrx_word' id='word_1_28' title='bbox 1622 450 1837 509; x_wconf 86' lang='lat' dir='ltr'><strong>aposto-</strong></span> 
     </span>
    </p>
   </div>
   <div class='ocr_carea' id='block_1_6' title="bbox 267 529 1840 608">
    <p class='ocr_par' dir='ltr' id='par_1_6' title="bbox 267 529 1840 608">
     <span class='ocr_line' id='line_1_6' title="bbox 267 529 1840 608; baseline -0.005 -16"><span class='ocrx_word' id='word_1_29' title='bbox 267 540 381 594; x_wconf 77' lang='lat' dir='ltr'><strong>licae</strong></span> <span class='ocrx_word' id='word_1_30' title='bbox 402 547 631 608; x_wconf 83' lang='lat' dir='ltr'><strong>patratae</strong></span> <span class='ocrx_word' id='word_1_31' title='bbox 654 543 779 592; x_wconf 88' lang='lat' dir='ltr'><strong>sunt</strong></span> <span class='ocrx_word' id='word_1_32' title='bbox 815 535 1083 604; x_wconf 66' lang='lat' dir='ltr'><strong>plurima),</strong></span> <span class='ocrx_word' id='word_1_33' title='bbox 1138 540 1193 586; x_wconf 89' lang='lat' dir='ltr'><strong>et</strong></span> <span class='ocrx_word' id='word_1_34' title='bbox 1218 531 1444 588; x_wconf 68' lang='lat' dir='ltr'><strong>inﬁnita:</strong></span> <span class='ocrx_word' id='word_1_35' title='bbox 1478 529 1840 585; x_wconf 82' lang='lat' dir='ltr'><strong>Barbarorum</strong></span> 
     </span>
    </p>
   </div>
   <div class='ocr_carea' id='block_1_7' title="bbox 268 622 1842 690">
    <p class='ocr_par' dir='ltr' id='par_1_7' title="bbox 268 622 1842 690">
     <span class='ocr_line' id='line_1_7' title="bbox 268 622 1842 690; baseline -0.004 -8"><span class='ocrx_word' id='word_1_36' title='bbox 268 627 638 682; x_wconf 76' lang='lat' dir='ltr'><strong>multitudines</strong></span> <span class='ocrx_word' id='word_1_37' title='bbox 679 625 745 678; x_wconf 93' lang='lat' dir='ltr'><strong>ad</strong></span> <span class='ocrx_word' id='word_1_38' title='bbox 787 622 1261 680; x_wconf 80' lang='lat' dir='ltr'><strong>Christianismum</strong></span> <span class='ocrx_word' id='word_1_39' title='bbox 1307 636 1607 685; x_wconf 56' lang='lat' dir='ltr'><strong>conversio,</strong></span> <span class='ocrx_word' id='word_1_40' title='bbox 1639 637 1704 675; x_wconf 80' lang='lat' dir='ltr'><strong>ex</strong></span> <span class='ocrx_word' id='word_1_41' title='bbox 1734 638 1842 690; x_wconf 89' lang='lat' dir='ltr'><strong>quo</strong></span> 
     </span>
    </p>
   </div>
   <div class='ocr_carea' id='block_1_8' title="bbox 273 712 1842 782">
    <p class='ocr_par' dir='ltr' id='par_1_8' title="bbox 273 712 1842 782">
     <span class='ocr_line' id='line_1_8' title="bbox 273 712 1842 782; baseline -0.004 -10"><span class='ocrx_word' id='word_1_42' title='bbox 273 723 324 773; x_wconf 79' lang='lat' dir='ltr'><strong>in</strong></span> <span class='ocrx_word' id='word_1_43' title='bbox 351 717 494 771; x_wconf 86' lang='lat' dir='ltr'><strong>ludia</strong></span> <span class='ocrx_word' id='word_1_44' title='bbox 539 716 812 770; x_wconf 75' lang='lat' dir='ltr'><strong>exteriore</strong></span> <span class='ocrx_word' id='word_1_45' title='bbox 838 714 960 768; x_wconf 90' lang='lat' dir='ltr'><strong>ﬁdei</strong></span> <span class='ocrx_word' id='word_1_46' title='bbox 996 713 1200 768; x_wconf 87' lang='lat' dir='ltr'><strong>semina</strong></span> <span class='ocrx_word' id='word_1_47' title='bbox 1233 712 1586 782; x_wconf 80' lang='lat' dir='ltr'><strong>pullularunt.</strong></span> <span class='ocrx_word' id='word_1_48' title='bbox 1640 712 1842 766; x_wconf 83' lang='lat' dir='ltr'><strong>Eodem</strong></span> 
     </span>
    </p>
   </div>
   <div class='ocr_carea' id='block_1_9' title="bbox 265 802 1843 875">
    <p class='ocr_par' dir='ltr' id='par_1_9' title="bbox 265 802 1843 875">
     <span class='ocr_line' id='line_1_9' title="bbox 265 802 1843 875; baseline -0.004 -15"><span class='ocrx_word' id='word_1_49' title='bbox 265 808 428 860; x_wconf 87' lang='lat' dir='ltr'><strong>etiam</strong></span> <span class='ocrx_word' id='word_1_50' title='bbox 460 813 704 874; x_wconf 85' lang='lat' dir='ltr'><strong>tempore</strong></span> <span class='ocrx_word' id='word_1_51' title='bbox 729 804 870 875; x_wconf 84' lang='lat' dir='ltr'><strong>apud</strong></span> <span class='ocrx_word' id='word_1_52' title='bbox 899 812 1111 872; x_wconf 87' lang='lat' dir='ltr'><strong>gentem</strong></span> <span class='ocrx_word' id='word_1_53' title='bbox 1158 802 1517 872; x_wconf 33' lang='lat' dir='ltr'><strong>l‘iyberorum.</strong></span> <span class='ocrx_word' id='word_1_54' title='bbox 1564 819 1684 872; x_wconf 77' lang='lat' dir='ltr'><strong>quae</strong></span> <span class='ocrx_word' id='word_1_55' title='bbox 1743 803 1843 855; x_wconf 83' lang='lat' dir='ltr'><strong>sub</strong></span> 
     </span>
    </p>
   </div>
   <div class='ocr_carea' id='block_1_10' title="bbox 268 893 1844 965">
    <p class='ocr_par' dir='ltr' id='par_1_10' title="bbox 268 893 1844 965">
     <span class='ocr_line' id='line_1_10' title="bbox 268 893 1844 965; baseline -0.002 -17"><span class='ocrx_word' id='word_1_56' title='bbox 268 912 369 951; x_wconf 76' lang='lat' dir='ltr'><strong>axe</strong></span> <span class='ocrx_word' id='word_1_57' title='bbox 426 896 733 965; x_wconf 85' lang='lat' dir='ltr'><strong>aquilonico</strong></span> <span class='ocrx_word' id='word_1_58' title='bbox 798 894 1046 964; x_wconf 79' lang='lat' dir='ltr'><strong>degebat,</strong></span> <span class='ocrx_word' id='word_1_59' title='bbox 1092 894 1336 960; x_wconf 69' lang='lat' dir='ltr'><strong>quredam</strong></span> <span class='ocrx_word' id='word_1_60' title='bbox 1384 893 1538 947; x_wconf 83' lang='lat' dir='ltr'><strong>valde</strong></span> <span class='ocrx_word' id='word_1_61' title='bbox 1598 893 1844 962; x_wconf 87' lang='lat' dir='ltr'><strong>religiosa</strong></span> 
     </span>
    </p>
   </div>
   <div class='ocr_carea' id='block_1_11' title="bbox 271 984 1847 1057">
    <p class='ocr_par' dir='ltr' id='par_1_11' title="bbox 271 984 1847 1057">
     <span class='ocr_line' id='line_1_11' title="bbox 271 984 1847 1057; baseline -0.005 -15"><span class='ocrx_word' id='word_1_62' title='bbox 271 991 579 1044; x_wconf 72' lang='lat' dir='ltr'><strong>Christiana</strong></span> <span class='ocrx_word' id='word_1_63' title='bbox 609 987 908 1042; x_wconf 81' lang='lat' dir='ltr'><strong>habebatur</strong></span> <span class='ocrx_word' id='word_1_64' title='bbox 952 989 1160 1057; x_wconf 84' lang='lat' dir='ltr'><strong>captiva</strong></span> <span class='ocrx_word' id='word_1_65' title='bbox 1188 999 1202 1038; x_wconf 93' lang='lat'><strong>:</strong></span> <span class='ocrx_word' id='word_1_66' title='bbox 1233 985 1384 1055; x_wconf 83' lang='lat' dir='ltr'><strong>cujus</strong></span> <span class='ocrx_word' id='word_1_67' title='bbox 1407 985 1612 1038; x_wconf 90' lang='lat' dir='ltr'><strong>meritis</strong></span> <span class='ocrx_word' id='word_1_68' title='bbox 1645 984 1847 1036; x_wconf 89' lang='lat' dir='ltr'><strong>instau-</strong></span> 
     </span>
    </p>
   </div>
   <div class='ocr_carea' id='block_1_12' title="bbox 274 1075 1845 1150">
    <p class='ocr_par' dir='ltr' id='par_1_12' title="bbox 274 1075 1845 1150">
     <span class='ocr_line' id='line_1_12' title="bbox 274 1075 1845 1150; baseline -0.004 -17"><span class='ocrx_word' id='word_1_69' title='bbox 274 1082 344 1132; x_wconf 80' lang='lat' dir='ltr'><strong>tia</strong></span> <span class='ocrx_word' id='word_1_70' title='bbox 379 1079 699 1150; x_wconf 69' lang='lat' dir='ltr'><strong>vigiliarum,</strong></span> <span class='ocrx_word' id='word_1_71' title='bbox 736 1076 1062 1146; x_wconf 88' lang='lat' dir='ltr'><strong>jejuniorum</strong></span> <span class='ocrx_word' id='word_1_72' title='bbox 1115 1087 1276 1144; x_wconf 88' lang='lat' dir='ltr'><strong>atque</strong></span> <span class='ocrx_word' id='word_1_73' title='bbox 1320 1075 1626 1128; x_wconf 85' lang='lat' dir='ltr'><strong>orationum</strong></span> <span class='ocrx_word' id='word_1_74' title='bbox 1684 1088 1845 1141; x_wconf 88' lang='lat' dir='ltr'><strong>quam</strong></span> 
     </span>
    </p>
   </div>
   <div class='ocr_carea' id='block_1_13' title="bbox 278 1164 1845 1236">
    <p class='ocr_par' dir='ltr' id='par_1_13' title="bbox 278 1164 1845 1236">
     <span class='ocr_line' id='line_1_13' title="bbox 278 1164 1845 1236; baseline -0.004 -14"><span class='ocrx_word' id='word_1_75' title='bbox 278 1168 458 1236; x_wconf 77' lang='lat' dir='ltr'><strong>plures</strong></span> <span class='ocrx_word' id='word_1_76' title='bbox 485 1167 796 1222; x_wconf 83' lang='lat' dir='ltr'><strong>enituerunt</strong></span> <span class='ocrx_word' id='word_1_77' title='bbox 835 1167 1089 1230; x_wconf 83' lang='lat' dir='ltr'><strong>virtutes;</strong></span> <span class='ocrx_word' id='word_1_78' title='bbox 1135 1168 1268 1219; x_wconf 88' lang='lat' dir='ltr'><strong>adeo</strong></span> <span class='ocrx_word' id='word_1_79' title='bbox 1315 1165 1544 1232; x_wconf 86' lang='lat' dir='ltr'><strong>denique</strong></span> <span class='ocrx_word' id='word_1_80' title='bbox 1573 1169 1630 1216; x_wconf 90' lang='lat' dir='ltr'><strong>ut</strong></span> <span class='ocrx_word' id='word_1_81' title='bbox 1663 1164 1845 1232; x_wconf 82' lang='lat' dir='ltr'><strong>regina</strong></span> 
     </span>
    </p>
   </div>
   <div class='ocr_carea' id='block_1_14' title="bbox 273 1254 1847 1330">
    <p class='ocr_par' dir='ltr' id='par_1_14' title="bbox 273 1254 1847 1330">
     <span class='ocr_line' id='line_1_14' title="bbox 273 1254 1847 1330; baseline -0.004 -16"><span class='ocrx_word' id='word_1_82' title='bbox 273 1260 514 1330; x_wconf 78' lang='lat' dir='ltr'><strong>ejusdem</strong></span> <span class='ocrx_word' id='word_1_83' title='bbox 568 1257 771 1328; x_wconf 85' lang='lat' dir='ltr'><strong>populi,</strong></span> <span class='ocrx_word' id='word_1_84' title='bbox 812 1272 932 1325; x_wconf 68' lang='lat' dir='ltr'><strong>qua:</strong></span> <span class='ocrx_word' id='word_1_85' title='bbox 979 1256 1128 1325; x_wconf 81' lang='lat' dir='ltr'><strong>gravi</strong></span> <span class='ocrx_word' id='word_1_86' title='bbox 1183 1255 1494 1309; x_wconf 88' lang='lat' dir='ltr'><strong>inﬁrmitate</strong></span> <span class='ocrx_word' id='word_1_87' title='bbox 1553 1254 1847 1308; x_wconf 78' lang='lat' dir='ltr'><strong>vexabatur</strong></span> 
     </span>
    </p>
   </div>
   <div class='ocr_carea' id='block_1_15' title="bbox 281 1343 1846 1416">
    <p class='ocr_par' dir='ltr' id='par_1_15' title="bbox 281 1343 1846 1416">
     <span class='ocr_line' id='line_1_15' title="bbox 281 1343 1846 1416; baseline -0.006 -11"><span class='ocrx_word' id='word_1_88' title='bbox 281 1361 337 1406; x_wconf 83' lang='lat' dir='ltr'><strong>et</strong></span> <span class='ocrx_word' id='word_1_89' title='bbox 386 1349 666 1405; x_wconf 72' lang='lat' dir='ltr'><strong>curatione</strong></span> <span class='ocrx_word' id='word_1_90' title='bbox 705 1348 1034 1402; x_wconf 83' lang='lat' dir='ltr'><strong>medicorum</strong></span> <span class='ocrx_word' id='word_1_91' title='bbox 1082 1348 1387 1416; x_wconf 86' lang='lat' dir='ltr'><strong>desperata,</strong></span> <span class='ocrx_word' id='word_1_92' title='bbox 1426 1344 1493 1398; x_wconf 90' lang='lat' dir='ltr'><strong>ad</strong></span> <span class='ocrx_word' id='word_1_93' title='bbox 1542 1343 1846 1399; x_wconf 87' lang='lat' dir='ltr'><strong>cubiculum</strong></span> 
     </span>
    </p>
   </div>
   <div class='ocr_carea' id='block_1_16' title="bbox 279 1433 1849 1510">
    <p class='ocr_par' dir='ltr' id='par_1_16' title="bbox 279 1433 1849 1510">
     <span class='ocr_line' id='line_1_16' title="bbox 279 1433 1849 1510; baseline -0.004 -16"><span class='ocrx_word' id='word_1_94' title='bbox 279 1440 520 1510; x_wconf 79' lang='lat' dir='ltr'><strong>ejusdem</strong></span> <span class='ocrx_word' id='word_1_95' title='bbox 548 1437 845 1507; x_wconf 70' lang='lat' dir='ltr'><strong>peregrina:</strong></span> <span class='ocrx_word' id='word_1_96' title='bbox 868 1437 1236 1499; x_wconf 76' lang='lat' dir='ltr'><strong>descenderet,</strong></span> <span class='ocrx_word' id='word_1_97' title='bbox 1257 1445 1313 1490; x_wconf 90' lang='lat' dir='ltr'><strong>et</strong></span> <span class='ocrx_word' id='word_1_98' title='bbox 1331 1435 1384 1489; x_wconf 91' lang='lat' dir='ltr'><strong>in</strong></span> <span class='ocrx_word' id='word_1_99' title='bbox 1409 1435 1586 1490; x_wconf 91' lang='lat' dir='ltr'><strong>cilicio</strong></span> <span class='ocrx_word' id='word_1_100' title='bbox 1609 1433 1849 1502; x_wconf 84' lang='lat' dir='ltr'><strong>ejusdem</strong></span> 
     </span>
    </p>
   </div>
   <div class='ocr_carea' id='block_1_17' title="bbox 277 1523 1849 1596">
    <p class='ocr_par' dir='ltr' id='par_1_17' title="bbox 277 1523 1849 1596">
     <span class='ocr_line' id='line_1_17' title="bbox 277 1523 1849 1596; baseline -0.005 -12"><span class='ocrx_word' id='word_1_101' title='bbox 277 1531 520 1584; x_wconf 81' lang='lat' dir='ltr'><strong>cubaret.</strong></span> <span class='ocrx_word' id='word_1_102' title='bbox 553 1527 715 1596; x_wconf 79' lang='lat' dir='ltr'><strong>Cujus</strong></span> <span class='ocrx_word' id='word_1_103' title='bbox 751 1527 1000 1595; x_wconf 81' lang='lat' dir='ltr'><strong>precibus</strong></span> <span class='ocrx_word' id='word_1_104' title='bbox 1033 1535 1284 1595; x_wconf 81' lang='lat' dir='ltr'><strong>percepta</strong></span> <span class='ocrx_word' id='word_1_105' title='bbox 1313 1525 1566 1589; x_wconf 80' lang='lat' dir='ltr'><strong>sanitate,</strong></span> <span class='ocrx_word' id='word_1_106' title='bbox 1619 1523 1686 1578; x_wconf 90' lang='lat' dir='ltr'><strong>ad</strong></span> <span class='ocrx_word' id='word_1_107' title='bbox 1720 1539 1849 1593; x_wconf 91' lang='lat' dir='ltr'><strong>pro-</strong></span> 
     </span>
    </p>
   </div>
   <div class='ocr_carea' id='block_1_18' title="bbox 279 1613 1850 1687">
    <p class='ocr_par' dir='ltr' id='par_1_18' title="bbox 279 1613 1850 1687">
     <span class='ocr_line' id='line_1_18' title="bbox 279 1613 1850 1687; baseline -0.004 -14"><span class='ocrx_word' id='word_1_108' title='bbox 279 1620 396 1687; x_wconf 83' lang='lat' dir='ltr'><strong>pria</strong></span> <span class='ocrx_word' id='word_1_109' title='bbox 427 1616 704 1671; x_wconf 73' lang='lat' dir='ltr'><strong>remeavit.</strong></span> <span class='ocrx_word' id='word_1_110' title='bbox 751 1615 867 1682; x_wconf 88' lang='lat' dir='ltr'><strong>Qua</strong></span> <span class='ocrx_word' id='word_1_111' title='bbox 891 1617 1177 1670; x_wconf 85' lang='lat' dir='ltr'><strong>occasione</strong></span> <span class='ocrx_word' id='word_1_112' title='bbox 1200 1631 1293 1670; x_wconf 82' lang='lat' dir='ltr'><strong>rex</strong></span> <span class='ocrx_word' id='word_1_113' title='bbox 1331 1614 1574 1685; x_wconf 82' lang='lat' dir='ltr'><strong>ejusdem</strong></span> <span class='ocrx_word' id='word_1_114' title='bbox 1595 1613 1773 1684; x_wconf 85' lang='lat' dir='ltr'><strong>gentis</strong></span> <span class='ocrx_word' id='word_1_115' title='bbox 1796 1613 1850 1668; x_wconf 91' lang='lat' dir='ltr'><strong>in</strong></span> 
     </span>
    </p>
   </div>
   <div class='ocr_carea' id='block_1_19' title="bbox 1943 443 3518 512">
    <p class='ocr_par' dir='ltr' id='par_1_19' title="bbox 1943 443 3518 512">
     <span class='ocr_line' id='line_1_19' title="bbox 1943 443 3518 512; baseline -0.002 -12"><span class='ocrx_word' id='word_1_116' title='bbox 1943 456 2013 508; x_wconf 92' lang='lat' dir='ltr'><strong>le,</strong></span> <span class='ocrx_word' id='word_1_117' title='bbox 2062 445 2188 498; x_wconf 89' lang='lat' dir='ltr'><strong>dum</strong></span> <span class='ocrx_word' id='word_1_118' title='bbox 2234 444 2433 498; x_wconf 81' lang='lat' dir='ltr'><strong>nollent</strong></span> <span class='ocrx_word' id='word_1_119' title='bbox 2458 444 2647 506; x_wconf 86' lang='lat' dir='ltr'><strong>solem,</strong></span> <span class='ocrx_word' id='word_1_120' title='bbox 2675 443 2767 496; x_wconf 81' lang='lat' dir='ltr'><strong>Dei</strong></span> <span class='ocrx_word' id='word_1_121' title='bbox 2792 451 3120 507; x_wconf 81' lang='lat' dir='ltr'><strong>creaturam,</strong></span> <span class='ocrx_word' id='word_1_122' title='bbox 3159 443 3387 497; x_wconf 87' lang='lat' dir='ltr'><strong>adorare</strong></span> <span class='ocrx_word' id='word_1_123' title='bbox 3415 458 3518 512; x_wconf 90' lang='lat' dir='ltr'><strong>pro</strong></span> 
     </span>
    </p>
   </div>
   <div class='ocr_carea' id='block_1_20' title="bbox 1941 532 3518 603">
    <p class='ocr_par' dir='ltr' id='par_1_20' title="bbox 1941 532 3518 603">
     <span class='ocr_line' id='line_1_20' title="bbox 1941 532 3518 603; baseline -0.001 -15"><span class='ocrx_word' id='word_1_124' title='bbox 1941 536 2069 588; x_wconf 88' lang='lat' dir='ltr'><strong>Deo.</strong></span> <span class='ocrx_word' id='word_1_125' title='bbox 2094 535 2288 588; x_wconf 84' lang='lat' dir='ltr'><strong>Fertur</strong></span> <span class='ocrx_word' id='word_1_126' title='bbox 2311 534 2454 588; x_wconf 88' lang='lat' dir='ltr'><strong>enim</strong></span> <span class='ocrx_word' id='word_1_127' title='bbox 2484 548 2669 587; x_wconf 89' lang='lat' dir='ltr'><strong>eorum</strong></span> <span class='ocrx_word' id='word_1_128' title='bbox 2701 532 2791 602; x_wconf 88' lang='lat' dir='ltr'><strong>qui</strong></span> <span class='ocrx_word' id='word_1_129' title='bbox 2828 541 2954 587; x_wconf 91' lang='lat' dir='ltr'><strong>tunc</strong></span> <span class='ocrx_word' id='word_1_130' title='bbox 2981 534 3246 603; x_wconf 81' lang='lat' dir='ltr'><strong>martyrio</strong></span> <span class='ocrx_word' id='word_1_131' title='bbox 3269 535 3518 588; x_wconf 84' lang='lat' dir='ltr'><strong>coronati</strong></span> 
     </span>
    </p>
   </div>
   <div class='ocr_carea' id='block_1_21' title="bbox 1942 622 3518 693">
    <p class='ocr_par' dir='ltr' id='par_1_21' title="bbox 1942 622 3518 693">
     <span class='ocr_line' id='line_1_21' title="bbox 1942 622 3518 693; baseline 0.001 -16"><span class='ocrx_word' id='word_1_132' title='bbox 1942 634 2068 677; x_wconf 88' lang='lat' dir='ltr'><strong>sunt</strong></span> <span class='ocrx_word' id='word_1_133' title='bbox 2118 626 2218 678; x_wconf 86' lang='lat' dir='ltr'><strong>sub</strong></span> <span class='ocrx_word' id='word_1_134' title='bbox 2244 625 2344 677; x_wconf 89' lang='lat' dir='ltr'><strong>hac</strong></span> <span class='ocrx_word' id='word_1_135' title='bbox 2373 622 2764 693; x_wconf 79' lang='lat' dir='ltr'><strong>persecutione,</strong></span> <span class='ocrx_word' id='word_1_136' title='bbox 2805 622 3044 677; x_wconf 88' lang='lat' dir='ltr'><strong>virorum</strong></span> <span class='ocrx_word' id='word_1_137' title='bbox 3087 637 3153 677; x_wconf 84' lang='lat' dir='ltr'><strong>ac</strong></span> <span class='ocrx_word' id='word_1_138' title='bbox 3189 622 3518 678; x_wconf 82' lang='lat' dir='ltr'><strong>feminarum</strong></span> 
     </span>
    </p>
   </div>
   <div class='ocr_carea' id='block_1_22' title="bbox 1943 709 3524 782">
    <p class='ocr_par' dir='ltr' id='par_1_22' title="bbox 1943 709 3524 782">
     <span class='ocr_line' id='line_1_22' title="bbox 1943 709 3524 782; baseline 0.003 -19"><span class='ocrx_word' id='word_1_139' title='bbox 1943 711 2106 765; x_wconf 78' lang='lat' dir='ltr'><strong>fuisse</strong></span> <span class='ocrx_word' id='word_1_140' title='bbox 2137 711 2300 764; x_wconf 88' lang='lat' dir='ltr'><strong>millia</strong></span> <span class='ocrx_word' id='word_1_141' title='bbox 2331 711 2486 779; x_wconf 89' lang='lat' dir='ltr'><strong>quasi</strong></span> <span class='ocrx_word' id='word_1_142' title='bbox 2535 710 2768 765; x_wconf 82' lang='lat' dir='ltr'><strong>sedecim</strong></span> <span class='ocrx_word' id='word_1_143' title='bbox 2793 711 2844 764; x_wconf 91' lang='lat' dir='ltr'><strong>in</strong></span> <span class='ocrx_word' id='word_1_144' title='bbox 2875 725 3041 778; x_wconf 85' lang='lat' dir='ltr'><strong>regno</strong></span> <span class='ocrx_word' id='word_1_145' title='bbox 3071 709 3314 781; x_wconf 81' lang='lat' dir='ltr'><strong>Saporis,</strong></span> <span class='ocrx_word' id='word_1_146' title='bbox 3346 713 3524 782; x_wconf 85' lang='lat' dir='ltr'><strong>magis</strong></span> 
     </span>
    </p>
   </div>
   <div class='ocr_carea' id='block_1_23' title="bbox 1941 799 3516 870">
    <p class='ocr_par' dir='ltr' id='par_1_23' title="bbox 1941 799 3516 870">
     <span class='ocr_line' id='line_1_23' title="bbox 1941 799 3516 870; baseline 0.002 -17"><span class='ocrx_word' id='word_1_147' title='bbox 1941 799 2244 870; x_wconf 70' lang='lat' dir='ltr'><strong>Judreisque</strong></span> <span class='ocrx_word' id='word_1_148' title='bbox 2294 802 2362 854; x_wconf 88' lang='lat' dir='ltr'><strong>ad</strong></span> <span class='ocrx_word' id='word_1_149' title='bbox 2408 803 2510 856; x_wconf 84' lang='lat' dir='ltr'><strong>hoc</strong></span> <span class='ocrx_word' id='word_1_150' title='bbox 2561 801 2831 870; x_wconf 88' lang='lat' dir='ltr'><strong>piaculum</strong></span> <span class='ocrx_word' id='word_1_151' title='bbox 2883 817 3064 869; x_wconf 90' lang='lat' dir='ltr'><strong>regem</strong></span> <span class='ocrx_word' id='word_1_152' title='bbox 3095 804 3516 857; x_wconf 79' lang='lat' dir='ltr'><strong>concitantibus.</strong></span> 
     </span>
    </p>
   </div>
   <div class='ocr_carea' id='block_1_24' title="bbox 1943 893 3519 962">
    <p class='ocr_par' dir='ltr' id='par_1_24' title="bbox 1943 893 3519 962">
     <span class='ocr_line' id='line_1_24' title="bbox 1943 893 3519 962; baseline 0.001 -16"><span class='ocrx_word' id='word_1_153' title='bbox 1943 893 2109 962; x_wconf 91' lang='lat' dir='ltr'><strong>igitur</strong></span> <span class='ocrx_word' id='word_1_154' title='bbox 2136 894 2261 946; x_wconf 90' lang='lat' dir='ltr'><strong>dum</strong></span> <span class='ocrx_word' id='word_1_155' title='bbox 2291 895 2407 948; x_wconf 75' lang='lat' dir='ltr'><strong>inec</strong></span> <span class='ocrx_word' id='word_1_156' title='bbox 2449 895 2590 962; x_wconf 89' lang='lat' dir='ltr'><strong>apud</strong></span> <span class='ocrx_word' id='word_1_157' title='bbox 2629 893 2905 948; x_wconf 88' lang='lat' dir='ltr'><strong>Persidam</strong></span> <span class='ocrx_word' id='word_1_158' title='bbox 2944 894 3224 949; x_wconf 85' lang='lat' dir='ltr'><strong>calamitas</strong></span> <span class='ocrx_word' id='word_1_159' title='bbox 3251 893 3519 949; x_wconf 78' lang='lat' dir='ltr'><strong>Christia-</strong></span> 
     </span>
    </p>
   </div>
   <div class='ocr_carea' id='block_1_25' title="bbox 1946 981 3520 1050">
    <p class='ocr_par' dir='ltr' id='par_1_25' title="bbox 1946 981 3520 1050">
     <span class='ocr_line' id='line_1_25' title="bbox 1946 981 3520 1050; baseline 0.003 -16"><span class='ocrx_word' id='word_1_160' title='bbox 1946 997 2132 1034; x_wconf 89' lang='lat' dir='ltr'><strong>norum</strong></span> <span class='ocrx_word' id='word_1_161' title='bbox 2161 981 2248 1050; x_wconf 80' lang='lat' dir='ltr'><strong>pio</strong></span> <span class='ocrx_word' id='word_1_162' title='bbox 2273 981 2497 1050; x_wconf 88' lang='lat' dir='ltr'><strong>principi</strong></span> <span class='ocrx_word' id='word_1_163' title='bbox 2541 991 2664 1034; x_wconf 90' lang='lat' dir='ltr'><strong>nota</strong></span> <span class='ocrx_word' id='word_1_164' title='bbox 2693 981 2845 1036; x_wconf 90' lang='lat' dir='ltr'><strong>ﬁeret</strong></span> <span class='ocrx_word' id='word_1_165' title='bbox 2870 981 3243 1047; x_wconf 88' lang='lat' dir='ltr'><strong>Constantino,</strong></span> <span class='ocrx_word' id='word_1_166' title='bbox 3275 984 3400 1037; x_wconf 91' lang='lat' dir='ltr'><strong>dum</strong></span> <span class='ocrx_word' id='word_1_167' title='bbox 3431 999 3520 1039; x_wconf 88' lang='lat' dir='ltr'><strong>es-</strong></span> 
     </span>
    </p>
   </div>
   <div class='ocr_carea' id='block_1_26' title="bbox 1945 1071 3517 1142">
    <p class='ocr_par' dir='ltr' id='par_1_26' title="bbox 1945 1071 3517 1142">
     <span class='ocr_line' id='line_1_26' title="bbox 1945 1071 3517 1142; baseline 0.002 -18"><span class='ocrx_word' id='word_1_168' title='bbox 1945 1081 2026 1126; x_wconf 88' lang='lat' dir='ltr'><strong>set</strong></span> <span class='ocrx_word' id='word_1_169' title='bbox 2059 1071 2317 1126; x_wconf 87' lang='lat' dir='ltr'><strong>sollicitus</strong></span> <span class='ocrx_word' id='word_1_170' title='bbox 2344 1087 2440 1141; x_wconf 89' lang='lat' dir='ltr'><strong>pro</strong></span> <span class='ocrx_word' id='word_1_171' title='bbox 2469 1087 2592 1125; x_wconf 90' lang='lat' dir='ltr'><strong>vera</strong></span> <span class='ocrx_word' id='word_1_172' title='bbox 2644 1071 2921 1141; x_wconf 77' lang='lat' dir='ltr'><strong>religione,</strong></span> <span class='ocrx_word' id='word_1_173' title='bbox 2981 1073 3200 1142; x_wconf 83' lang='lat' dir='ltr'><strong>scripsit</strong></span> <span class='ocrx_word' id='word_1_174' title='bbox 3229 1072 3295 1126; x_wconf 86' lang='lat' dir='ltr'><strong>ad</strong></span> <span class='ocrx_word' id='word_1_175' title='bbox 3333 1089 3517 1142; x_wconf 83' lang='lat' dir='ltr'><strong>regem</strong></span> 
     </span>
    </p>
   </div>
   <div class='ocr_carea' id='block_1_27' title="bbox 1946 1161 3519 1232">
    <p class='ocr_par' dir='ltr' id='par_1_27' title="bbox 1946 1161 3519 1232">
     <span class='ocr_line' id='line_1_27' title="bbox 1946 1161 3519 1232; baseline 0 -15"><span class='ocrx_word' id='word_1_176' title='bbox 1946 1163 2228 1217; x_wconf 88' lang='lat' dir='ltr'><strong>Persarum</strong></span> <span class='ocrx_word' id='word_1_177' title='bbox 2266 1177 2364 1230; x_wconf 88' lang='lat' dir='ltr'><strong>per</strong></span> <span class='ocrx_word' id='word_1_178' title='bbox 2391 1161 2594 1231; x_wconf 76' lang='lat' dir='ltr'><strong>legatos</strong></span> <span class='ocrx_word' id='word_1_179' title='bbox 2619 1162 2711 1230; x_wconf 90' lang='lat' dir='ltr'><strong>qui</strong></span> <span class='ocrx_word' id='word_1_180' title='bbox 2742 1171 2868 1217; x_wconf 91' lang='lat' dir='ltr'><strong>tunc</strong></span> <span class='ocrx_word' id='word_1_181' title='bbox 2893 1165 3138 1224; x_wconf 88' lang='lat' dir='ltr'><strong>aderant,</strong></span> <span class='ocrx_word' id='word_1_182' title='bbox 3167 1164 3370 1218; x_wconf 89' lang='lat' dir='ltr'><strong>monita</strong></span> <span class='ocrx_word' id='word_1_183' title='bbox 3399 1165 3519 1232; x_wconf 83' lang='lat' dir='ltr'><strong>pie-</strong></span> 
     </span>
    </p>
   </div>
   <div class='ocr_carea' id='block_1_28' title="bbox 1946 1252 3523 1323">
    <p class='ocr_par' dir='ltr' id='par_1_28' title="bbox 1946 1252 3523 1323">
     <span class='ocr_line' id='line_1_28' title="bbox 1946 1252 3523 1323; baseline 0 -17"><span class='ocrx_word' id='word_1_184' title='bbox 1946 1253 2072 1307; x_wconf 90' lang='lat' dir='ltr'><strong>tatis</strong></span> <span class='ocrx_word' id='word_1_185' title='bbox 2104 1268 2302 1322; x_wconf 88' lang='lat' dir='ltr'><strong>rogans</strong></span> <span class='ocrx_word' id='word_1_186' title='bbox 2326 1259 2386 1306; x_wconf 91' lang='lat' dir='ltr'><strong>ut</strong></span> <span class='ocrx_word' id='word_1_187' title='bbox 2429 1253 2664 1306; x_wconf 87' lang='lat' dir='ltr'><strong>cultores</strong></span> <span class='ocrx_word' id='word_1_188' title='bbox 2693 1252 2787 1307; x_wconf 89' lang='lat' dir='ltr'><strong>Dei</strong></span> <span class='ocrx_word' id='word_1_189' title='bbox 2815 1253 2954 1322; x_wconf 83' lang='lat' dir='ltr'><strong>apud</strong></span> <span class='ocrx_word' id='word_1_190' title='bbox 2982 1269 3104 1306; x_wconf 90' lang='lat' dir='ltr'><strong>eum</strong></span> <span class='ocrx_word' id='word_1_191' title='bbox 3135 1253 3294 1323; x_wconf 81' lang='lat' dir='ltr'><strong>digno</strong></span> <span class='ocrx_word' id='word_1_192' title='bbox 3314 1255 3523 1307; x_wconf 85' lang='lat' dir='ltr'><strong>honore</strong></span> 
     </span>
    </p>
   </div>
   <div class='ocr_carea' id='block_1_29' title="bbox 1945 1343 3517 1414">
    <p class='ocr_par' dir='ltr' id='par_1_29' title="bbox 1945 1343 3517 1414">
     <span class='ocr_line' id='line_1_29' title="bbox 1945 1343 3517 1414; baseline 0.001 -17"><span class='ocrx_word' id='word_1_193' title='bbox 1945 1343 2267 1412; x_wconf 90' lang='lat' dir='ltr'><strong>potirentur.</strong></span> <span class='ocrx_word' id='word_1_194' title='bbox 2298 1343 2481 1412; x_wconf 88' lang='lat' dir='ltr'><strong>itaque</strong></span> <span class='ocrx_word' id='word_1_195' title='bbox 2510 1353 2565 1396; x_wconf 89' lang='lat' dir='ltr'><strong>ut</strong></span> <span class='ocrx_word' id='word_1_196' title='bbox 2595 1343 2644 1396; x_wconf 91' lang='lat' dir='ltr'><strong>in</strong></span> <span class='ocrx_word' id='word_1_197' title='bbox 2664 1360 2726 1396; x_wconf 85' lang='lat' dir='ltr'><strong>ea</strong></span> <span class='ocrx_word' id='word_1_198' title='bbox 2753 1344 3060 1397; x_wconf 86' lang='lat' dir='ltr'><strong>continetur</strong></span> <span class='ocrx_word' id='word_1_199' title='bbox 3077 1345 3328 1413; x_wconf 88' lang='lat' dir='ltr'><strong>epistola,</strong></span> <span class='ocrx_word' id='word_1_200' title='bbox 3353 1361 3517 1414; x_wconf 90' lang='lat' dir='ltr'><strong>quam</strong></span> 
     </span>
    </p>
   </div>
   <div class='ocr_carea' id='block_1_30' title="bbox 1946 1431 3525 1502">
    <p class='ocr_par' dir='ltr' id='par_1_30' title="bbox 1946 1431 3525 1502">
     <span class='ocr_line' id='line_1_30' title="bbox 1946 1431 3525 1502; baseline 0 -16"><span class='ocrx_word' id='word_1_201' title='bbox 1946 1447 2044 1502; x_wconf 89' lang='lat' dir='ltr'><strong>pro</strong></span> <span class='ocrx_word' id='word_1_202' title='bbox 2070 1431 2174 1486; x_wconf 87' lang='lat' dir='ltr'><strong>ﬁde</strong></span> <span class='ocrx_word' id='word_1_203' title='bbox 2204 1440 2386 1486; x_wconf 89' lang='lat' dir='ltr'><strong>nostra</strong></span> <span class='ocrx_word' id='word_1_204' title='bbox 2413 1433 2477 1485; x_wconf 89' lang='lat' dir='ltr'><strong>ad</strong></span> <span class='ocrx_word' id='word_1_205' title='bbox 2520 1433 2767 1486; x_wconf 83' lang='lat' dir='ltr'><strong>eumdem</strong></span> <span class='ocrx_word' id='word_1_206' title='bbox 2811 1433 3028 1496; x_wconf 76' lang='lat' dir='ltr'><strong>direxit,</strong></span> <span class='ocrx_word' id='word_1_207' title='bbox 3075 1433 3236 1486; x_wconf 88' lang='lat' dir='ltr'><strong>multa</strong></span> <span class='ocrx_word' id='word_1_208' title='bbox 3268 1436 3525 1488; x_wconf 55' lang='lat' dir='ltr'><strong>terrenio</strong></span> 
     </span>
    </p>
   </div>
   <div class='ocr_carea' id='block_1_31' title="bbox 1947 1522 3526 1594">
    <p class='ocr_par' dir='ltr' id='par_1_31' title="bbox 1947 1522 3526 1594">
     <span class='ocr_line' id='line_1_31' title="bbox 1947 1522 3526 1594; baseline 0.001 -18"><span class='ocrx_word' id='word_1_209' title='bbox 1947 1523 2126 1594; x_wconf 88' lang='lat' dir='ltr'><strong>posuit</strong></span> <span class='ocrx_word' id='word_1_210' title='bbox 2172 1523 2407 1577; x_wconf 80' lang='lat' dir='ltr'><strong>infausta</strong></span> <span class='ocrx_word' id='word_1_211' title='bbox 2435 1523 2872 1592; x_wconf 84' lang='lat' dir='ltr'><strong>persecutoribus</strong></span> <span class='ocrx_word' id='word_1_212' title='bbox 2917 1522 3074 1592; x_wconf 88' lang='lat' dir='ltr'><strong>hujus</strong></span> <span class='ocrx_word' id='word_1_213' title='bbox 3101 1522 3366 1592; x_wconf 81' lang='lat' dir='ltr'><strong>dogmatis</strong></span> <span class='ocrx_word' id='word_1_214' title='bbox 3399 1540 3526 1578; x_wconf 85' lang='lat' dir='ltr'><strong>eve-</strong></span> 
     </span>
    </p>
   </div>
   <div class='ocr_carea' id='block_1_32' title="bbox 1949 1612 3525 1685">
    <p class='ocr_par' dir='ltr' id='par_1_32' title="bbox 1949 1612 3525 1685">
     <span class='ocr_line' id='line_1_32' title="bbox 1949 1612 3525 1685; baseline -0.003 -15"><span class='ocrx_word' id='word_1_215' title='bbox 1949 1616 2112 1679; x_wconf 89' lang='lat' dir='ltr'><strong>nisse,</strong></span> <span class='ocrx_word' id='word_1_216' title='bbox 2138 1631 2243 1685; x_wconf 87' lang='lat' dir='ltr'><strong>qua</strong></span> <span class='ocrx_word' id='word_1_217' title='bbox 2273 1614 2340 1669; x_wconf 88' lang='lat' dir='ltr'><strong>de</strong></span> <span class='ocrx_word' id='word_1_218' title='bbox 2374 1629 2434 1669; x_wconf 89' lang='lat' dir='ltr'><strong>re</strong></span> <span class='ocrx_word' id='word_1_219' title='bbox 2459 1623 2514 1668; x_wconf 92' lang='lat' dir='ltr'><strong>ct</strong></span> <span class='ocrx_word' id='word_1_220' title='bbox 2567 1614 2910 1667; x_wconf 73' lang='lat' dir='ltr'><strong>Valerianum</strong></span> <span class='ocrx_word' id='word_1_221' title='bbox 2943 1612 3309 1667; x_wconf 74' lang='lat' dir='ltr'><strong>Romanorum</strong></span> <span class='ocrx_word' id='word_1_222' title='bbox 3355 1614 3525 1684; x_wconf 79' lang='lat' dir='ltr'><strong>impe-</strong></span> 
     </span>
    </p>
   </div>
   <div class='ocr_carea' id='block_1_33' title="bbox 279 1695 3528 1776">
    <p class='ocr_par' dir='ltr' id='par_1_33' title="bbox 279 1695 3528 1776">
     <span class='ocr_line' id='line_1_33' title="bbox 279 1695 3528 1776; baseline -0.003 -13"><span class='ocrx_word' id='word_1_223' title='bbox 279 1710 555 1764; x_wconf 79' lang='lat' dir='ltr'><strong>Christum</strong></span> <span class='ocrx_word' id='word_1_224' title='bbox 606 1707 836 1762; x_wconf 88' lang='lat' dir='ltr'><strong>credidit</strong></span> <span class='ocrx_word' id='word_1_225' title='bbox 887 1715 944 1762; x_wconf 88' lang='lat' dir='ltr'><strong>et</strong></span> <span class='ocrx_word' id='word_1_226' title='bbox 983 1705 1238 1775; x_wconf 87' lang='lat' dir='ltr'><strong>templum</strong></span> <span class='ocrx_word' id='word_1_227' title='bbox 1281 1704 1526 1759; x_wconf 80' lang='lat' dir='ltr'><strong>mirabile</strong></span> <span class='ocrx_word' id='word_1_228' title='bbox 1569 1703 1848 1758; x_wconf 88' lang='lat' dir='ltr'><strong>condidit:</strong></span> <span class='ocrx_word' id='word_1_229' title='bbox 1881 1695 1928 1752; x_wconf 87' lang='grc' dir='ltr'><strong>Β</strong></span> <span class='ocrx_word' id='word_1_230' title='bbox 1956 1715 2190 1762; x_wconf 76' lang='lat' dir='ltr'><strong>ratorem</strong></span> <span class='ocrx_word' id='word_1_231' title='bbox 2235 1720 2392 1760; x_wconf 86' lang='lat' dir='ltr'><strong>suum</strong></span> <span class='ocrx_word' id='word_1_232' title='bbox 2447 1705 2663 1776; x_wconf 84' lang='lat' dir='ltr'><strong>quidem</strong></span> <span class='ocrx_word' id='word_1_233' title='bbox 2701 1713 3098 1758; x_wconf 81' lang='lat' dir='ltr'><strong>antecessorem</strong></span> <span class='ocrx_word' id='word_1_234' title='bbox 3126 1719 3155 1758; x_wconf 84' lang='lat' dir='ltr'><strong>a</strong></span> <span class='ocrx_word' id='word_1_235' title='bbox 3188 1703 3371 1760; x_wconf 80' lang='lat' dir='ltr'><strong>Persis</strong></span> <span class='ocrx_word' id='word_1_236' title='bbox 3400 1721 3528 1760; x_wconf 73' lang='lat' dir='ltr'><strong>esse</strong></span> 
     </span>
    </p>
   </div>
   <div class='ocr_carea' id='block_1_34' title="bbox 277 1795 1858 1869">
    <p class='ocr_par' dir='ltr' id='par_1_34' title="bbox 277 1795 1858 1869">
     <span class='ocr_line' id='line_1_34' title="bbox 277 1795 1858 1869; baseline -0.004 -17"><span class='ocrx_word' id='word_1_237' title='bbox 277 1801 367 1869; x_wconf 86' lang='lat' dir='ltr'><strong>qui</strong></span> <span class='ocrx_word' id='word_1_238' title='bbox 395 1799 559 1852; x_wconf 87' lang='lat' dir='ltr'><strong>etiam</strong></span> <span class='ocrx_word' id='word_1_239' title='bbox 597 1797 663 1851; x_wconf 89' lang='lat' dir='ltr'><strong>ad</strong></span> <span class='ocrx_word' id='word_1_240' title='bbox 692 1797 1098 1852; x_wconf 87' lang='lat' dir='ltr'><strong>Constantinum</strong></span> <span class='ocrx_word' id='word_1_241' title='bbox 1125 1797 1500 1865; x_wconf 87' lang='lat' dir='ltr'><strong>imperatorem</strong></span> <span class='ocrx_word' id='word_1_242' title='bbox 1547 1795 1750 1866; x_wconf 84' lang='lat' dir='ltr'><strong>legatos</strong></span> <span class='ocrx_word' id='word_1_243' title='bbox 1779 1795 1858 1847; x_wconf 79' lang='lat' dir='ltr'><strong>di-</strong></span> 
     </span>
    </p>
   </div>
   <div class='ocr_carea' id='block_1_35' title="bbox 285 1886 1857 1957">
    <p class='ocr_par' dir='ltr' id='par_1_35' title="bbox 285 1886 1857 1957">
     <span class='ocr_line' id='line_1_35' title="bbox 285 1886 1857 1957; baseline -0.004 -14"><span class='ocrx_word' id='word_1_244' title='bbox 285 1890 441 1949; x_wconf 64' lang='lat' dir='ltr'><strong>rexit.</strong></span> <span class='ocrx_word' id='word_1_245' title='bbox 479 1902 576 1957; x_wconf 85' lang='lat' dir='ltr'><strong>per</strong></span> <span class='ocrx_word' id='word_1_246' title='bbox 624 1887 1051 1941; x_wconf 79' lang='lat' dir='ltr'><strong>exhortationem</strong></span> <span class='ocrx_word' id='word_1_247' title='bbox 1117 1886 1416 1956; x_wconf 73' lang='lat' dir='ltr'><strong>peregrinm</strong></span> <span class='ocrx_word' id='word_1_248' title='bbox 1464 1886 1753 1954; x_wconf 65' lang='lat' dir='ltr'><strong>prauiictm,</strong></span> <span class='ocrx_word' id='word_1_249' title='bbox 1799 1893 1857 1936; x_wconf 91' lang='lat' dir='ltr'><strong>ut</strong></span> 
     </span>
    </p>
   </div>
   <div class='ocr_carea' id='block_1_36' title="bbox 280 1975 1853 2048">
    <p class='ocr_par' dir='ltr' id='par_1_36' title="bbox 280 1975 1853 2048">
     <span class='ocr_line' id='line_1_36' title="bbox 280 1975 1853 2048; baseline -0.001 -18"><span class='ocrx_word' id='word_1_250' title='bbox 280 1979 560 2048; x_wconf 84' lang='lat' dir='ltr'><strong>episcopos</strong></span> <span class='ocrx_word' id='word_1_251' title='bbox 591 1977 659 2030; x_wconf 85' lang='lat' dir='ltr'><strong>ad</strong></span> <span class='ocrx_word' id='word_1_252' title='bbox 697 1992 758 2030; x_wconf 90' lang='lat' dir='ltr'><strong>sc</strong></span> <span class='ocrx_word' id='word_1_253' title='bbox 783 1977 1057 2045; x_wconf 85' lang='lat' dir='ltr'><strong>dirigeret,</strong></span> <span class='ocrx_word' id='word_1_254' title='bbox 1089 1976 1181 2044; x_wconf 89' lang='lat' dir='ltr'><strong>qui</strong></span> <span class='ocrx_word' id='word_1_255' title='bbox 1207 1976 1410 2045; x_wconf 91' lang='lat' dir='ltr'><strong>pariter</strong></span> <span class='ocrx_word' id='word_1_256' title='bbox 1439 1990 1497 2030; x_wconf 91' lang='lat' dir='ltr'><strong>se</strong></span> <span class='ocrx_word' id='word_1_257' title='bbox 1521 1984 1577 2028; x_wconf 91' lang='lat' dir='ltr'><strong>et</strong></span> <span class='ocrx_word' id='word_1_258' title='bbox 1600 1975 1853 2044; x_wconf 90' lang='lat' dir='ltr'><strong>populum</strong></span> 
     </span>
    </p>
   </div>
   <div class='ocr_carea' id='block_1_37' title="bbox 282 2063 1856 2136">
    <p class='ocr_par' dir='ltr' id='par_1_37' title="bbox 282 2063 1856 2136">
     <span class='ocr_line' id='line_1_37' title="bbox 282 2063 1856 2136; baseline -0.001 -16"><span class='ocrx_word' id='word_1_259' title='bbox 282 2083 436 2121; x_wconf 89' lang='lat' dir='ltr'><strong>suum</strong></span> <span class='ocrx_word' id='word_1_260' title='bbox 489 2080 645 2120; x_wconf 80' lang='lat' dir='ltr'><strong>sacra</strong></span> <span class='ocrx_word' id='word_1_261' title='bbox 701 2064 955 2136; x_wconf 82' lang='lat' dir='ltr'><strong>religione</strong></span> <span class='ocrx_word' id='word_1_262' title='bbox 999 2063 1372 2119; x_wconf 80' lang='lat' dir='ltr'><strong>informarent.</strong></span> <span class='ocrx_word' id='word_1_263' title='bbox 1425 2064 1541 2130; x_wconf 89' lang='lat' dir='ltr'><strong>Qua</strong></span> <span class='ocrx_word' id='word_1_264' title='bbox 1592 2065 1856 2134; x_wconf 87' lang='lat' dir='ltr'><strong>petitione</strong></span> 
     </span>
    </p>
   </div>
   <div class='ocr_carea' id='block_1_38' title="bbox 278 2154 1856 2225">
    <p class='ocr_par' dir='ltr' id='par_1_38' title="bbox 278 2154 1856 2225">
     <span class='ocr_line' id='line_1_38' title="bbox 278 2154 1856 2225; baseline -0.002 -14"><span class='ocrx_word' id='word_1_265' title='bbox 278 2165 554 2225; x_wconf 87' lang='lat' dir='ltr'><strong>comperta</strong></span> <span class='ocrx_word' id='word_1_266' title='bbox 605 2155 899 2224; x_wconf 85' lang='lat' dir='ltr'><strong>imperator</strong></span> <span class='ocrx_word' id='word_1_267' title='bbox 933 2154 1149 2222; x_wconf 81' lang='lat' dir='ltr'><strong>gavisus</strong></span> <span class='ocrx_word' id='word_1_268' title='bbox 1198 2162 1305 2220; x_wconf 91' lang='lat' dir='ltr'><strong>est,</strong></span> <span class='ocrx_word' id='word_1_269' title='bbox 1341 2162 1397 2208; x_wconf 91' lang='lat' dir='ltr'><strong>et</strong></span> <span class='ocrx_word' id='word_1_270' title='bbox 1425 2156 1569 2224; x_wconf 90' lang='lat' dir='ltr'><strong>quod</strong></span> <span class='ocrx_word' id='word_1_271' title='bbox 1598 2169 1856 2224; x_wconf 83' lang='lat' dir='ltr'><strong>poposce-</strong></span> 
     </span>
    </p>
   </div>
   <div class='ocr_carea' id='block_1_39' title="bbox 286 2243 1854 2315">
    <p class='ocr_par' dir='ltr' id='par_1_39' title="bbox 286 2243 1854 2315">
     <span class='ocr_line' id='line_1_39' title="bbox 286 2243 1854 2315; baseline 0.001 -18"><span class='ocrx_word' id='word_1_272' title='bbox 286 2252 369 2298; x_wconf 91' lang='lat' dir='ltr'><strong>rat</strong></span> <span class='ocrx_word' id='word_1_273' title='bbox 410 2245 478 2300; x_wconf 86' lang='lat' dir='ltr'><strong>ab</strong></span> <span class='ocrx_word' id='word_1_274' title='bbox 526 2259 594 2300; x_wconf 88' lang='lat' dir='ltr'><strong>eo</strong></span> <span class='ocrx_word' id='word_1_275' title='bbox 623 2243 957 2315; x_wconf 86' lang='lat' dir='ltr'><strong>iiybcrorum</strong></span> <span class='ocrx_word' id='word_1_276' title='bbox 1001 2260 1097 2299; x_wconf 79' lang='lat' dir='ltr'><strong>rex</strong></span> <span class='ocrx_word' id='word_1_277' title='bbox 1127 2244 1449 2314; x_wconf 85' lang='lat' dir='ltr'><strong>impetravit.</strong></span> <span class='ocrx_word' id='word_1_278' title='bbox 1482 2243 1682 2298; x_wconf 84' lang='lat' dir='ltr'><strong>Eodem</strong></span> <span class='ocrx_word' id='word_1_279' title='bbox 1715 2252 1854 2298; x_wconf 86' lang='lat' dir='ltr'><strong>tem-</strong></span> 
     </span>
    </p>
   </div>
   <div class='ocr_carea' id='block_1_40' title="bbox 283 2335 1855 2408">
    <p class='ocr_par' dir='ltr' id='par_1_40' title="bbox 283 2335 1855 2408">
     <span class='ocr_line' id='line_1_40' title="bbox 283 2335 1855 2408; baseline -0.003 -15"><span class='ocrx_word' id='word_1_280' title='bbox 283 2351 433 2406; x_wconf 77' lang='lat' dir='ltr'><strong>pore,</strong></span> <span class='ocrx_word' id='word_1_281' title='bbox 459 2347 517 2393; x_wconf 89' lang='lat' dir='ltr'><strong>ut</strong></span> <span class='ocrx_word' id='word_1_282' title='bbox 552 2337 804 2408; x_wconf 81' lang='lat' dir='ltr'><strong>praanisi,</strong></span> <span class='ocrx_word' id='word_1_283' title='bbox 828 2345 884 2391; x_wconf 88' lang='lat' dir='ltr'><strong>et</strong></span> <span class='ocrx_word' id='word_1_284' title='bbox 909 2336 1162 2390; x_wconf 89' lang='lat' dir='ltr'><strong>ludorum</strong></span> <span class='ocrx_word' id='word_1_285' title='bbox 1196 2344 1402 2407; x_wconf 84' lang='lat' dir='ltr'><strong>gentes,</strong></span> <span class='ocrx_word' id='word_1_286' title='bbox 1429 2343 1486 2390; x_wconf 85' lang='lat' dir='ltr'><strong>et</strong></span> <span class='ocrx_word' id='word_1_287' title='bbox 1515 2335 1855 2406; x_wconf 83' lang='lat' dir='ltr'><strong>Hyberorum</strong></span> 
     </span>
    </p>
   </div>
   <div class='ocr_carea' id='block_1_41' title="bbox 289 2425 1857 2498">
    <p class='ocr_par' dir='ltr' id='par_1_41' title="bbox 289 2425 1857 2498">
     <span class='ocr_line' id='line_1_41' title="bbox 289 2425 1857 2498; baseline -0.002 -15"><span class='ocrx_word' id='word_1_288' title='bbox 289 2428 585 2483; x_wconf 79' lang='lat' dir='ltr'><strong>Christiani</strong></span> <span class='ocrx_word' id='word_1_289' title='bbox 639 2427 906 2498; x_wconf 79' lang='lat' dir='ltr'><strong>dogmatis</strong></span> <span class='ocrx_word' id='word_1_290' title='bbox 970 2427 1274 2481; x_wconf 88' lang='lat' dir='ltr'><strong>rudimenta</strong></span> <span class='ocrx_word' id='word_1_291' title='bbox 1334 2433 1708 2494; x_wconf 82' lang='lat' dir='ltr'><strong>susceperunt,</strong></span> <span class='ocrx_word' id='word_1_292' title='bbox 1762 2425 1857 2480; x_wconf 83' lang='lat' dir='ltr'><strong>sed</strong></span> 
     </span>
    </p>
   </div>
   <div class='ocr_carea' id='block_1_42' title="bbox 286 2514 1858 2588">
    <p class='ocr_par' dir='ltr' id='par_1_42' title="bbox 286 2514 1858 2588">
     <span class='ocr_line' id='line_1_42' title="bbox 286 2514 1858 2588; baseline -0.002 -17"><span class='ocrx_word' id='word_1_293' title='bbox 286 2519 452 2574; x_wconf 87' lang='lat' dir='ltr'><strong>etiam</strong></span> <span class='ocrx_word' id='word_1_294' title='bbox 487 2518 772 2573; x_wconf 79' lang='lat' dir='ltr'><strong>Armenios</strong></span> <span class='ocrx_word' id='word_1_295' title='bbox 814 2526 938 2571; x_wconf 90' lang='lat' dir='ltr'><strong>tunc</strong></span> <span class='ocrx_word' id='word_1_296' title='bbox 959 2517 1190 2588; x_wconf 89' lang='lat' dir='ltr'><strong>primum</strong></span> <span class='ocrx_word' id='word_1_297' title='bbox 1217 2515 1578 2584; x_wconf 89' lang='lat' dir='ltr'><strong>comperimus</strong></span> <span class='ocrx_word' id='word_1_298' title='bbox 1595 2514 1858 2570; x_wconf 87' lang='lat' dir='ltr'><strong>Christia-</strong></span> 
     </span>
    </p>
   </div>
   <div class='ocr_carea' id='block_1_43' title="bbox 290 2605 1858 2676">
    <p class='ocr_par' dir='ltr' id='par_1_43' title="bbox 290 2605 1858 2676">
     <span class='ocr_line' id='line_1_43' title="bbox 290 2605 1858 2676; baseline -0.001 -16"><span class='ocrx_word' id='word_1_299' title='bbox 290 2623 388 2664; x_wconf 75' lang='lat' dir='ltr'><strong>nos</strong></span> <span class='ocrx_word' id='word_1_300' title='bbox 410 2605 649 2662; x_wconf 62' lang='lat' dir='ltr'><strong>electos.</strong></span> <span class='ocrx_word' id='word_1_301' title='bbox 673 2606 838 2660; x_wconf 83' lang='lat' dir='ltr'><strong>Aiunt</strong></span> <span class='ocrx_word' id='word_1_302' title='bbox 862 2606 1007 2660; x_wconf 90' lang='lat' dir='ltr'><strong>enim</strong></span> <span class='ocrx_word' id='word_1_303' title='bbox 1043 2605 1296 2676; x_wconf 76' lang='lat' dir='ltr'><strong>Tyridate</strong></span> <span class='ocrx_word' id='word_1_304' title='bbox 1325 2617 1504 2675; x_wconf 87' lang='lat' dir='ltr'><strong>regem</strong></span> <span class='ocrx_word' id='word_1_305' title='bbox 1533 2613 1660 2658; x_wconf 90' lang='lat' dir='ltr'><strong>tunc</strong></span> <span class='ocrx_word' id='word_1_306' title='bbox 1683 2605 1858 2674; x_wconf 84' lang='lat' dir='ltr'><strong>gentis</strong></span> 
     </span>
    </p>
   </div>
   <div class='ocr_carea' id='block_1_44' title="bbox 287 2695 1856 2768">
    <p class='ocr_par' dir='ltr' id='par_1_44' title="bbox 287 2695 1856 2768">
     <span class='ocr_line' id='line_1_44' title="bbox 287 2695 1856 2768; baseline -0.001 -16"><span class='ocrx_word' id='word_1_307' title='bbox 287 2698 430 2753; x_wconf 85' lang='lat' dir='ltr'><strong>illius</strong></span> <span class='ocrx_word' id='word_1_308' title='bbox 457 2712 522 2753; x_wconf 78' lang='lat' dir='ltr'><strong>ex</strong></span> <span class='ocrx_word' id='word_1_309' title='bbox 546 2697 778 2767; x_wconf 85' lang='lat' dir='ltr'><strong>quodam</strong></span> <span class='ocrx_word' id='word_1_310' title='bbox 808 2696 1040 2752; x_wconf 90' lang='lat' dir='ltr'><strong>mirabili</strong></span> <span class='ocrx_word' id='word_1_311' title='bbox 1067 2697 1220 2768; x_wconf 84' lang='lat' dir='ltr'><strong>signo</strong></span> <span class='ocrx_word' id='word_1_312' title='bbox 1243 2695 1360 2759; x_wconf 89' lang='lat' dir='ltr'><strong>Dei,</strong></span> <span class='ocrx_word' id='word_1_313' title='bbox 1389 2695 1532 2766; x_wconf 90' lang='lat' dir='ltr'><strong>quod</strong></span> <span class='ocrx_word' id='word_1_314' title='bbox 1556 2695 1704 2750; x_wconf 87' lang='lat' dir='ltr'><strong>circa</strong></span> <span class='ocrx_word' id='word_1_315' title='bbox 1739 2695 1856 2765; x_wconf 82' lang='lat' dir='ltr'><strong>ejus</strong></span> 
     </span>
    </p>
   </div>
   <div class='ocr_carea' id='block_1_45' title="bbox 287 2784 1858 2852">
    <p class='ocr_par' dir='ltr' id='par_1_45' title="bbox 287 2784 1858 2852">
     <span class='ocr_line' id='line_1_45' title="bbox 287 2784 1858 2852; baseline -0.001 -10"><span class='ocrx_word' id='word_1_316' title='bbox 287 2790 504 2844; x_wconf 89' lang='lat' dir='ltr'><strong>domum</strong></span> <span class='ocrx_word' id='word_1_317' title='bbox 526 2787 728 2852; x_wconf 83' lang='lat' dir='ltr'><strong>evenit,</strong></span> <span class='ocrx_word' id='word_1_318' title='bbox 753 2785 1122 2842; x_wconf 85' lang='lat' dir='ltr'><strong>Christianum</strong></span> <span class='ocrx_word' id='word_1_319' title='bbox 1144 2785 1309 2842; x_wconf 82' lang='lat' dir='ltr'><strong>fuisse</strong></span> <span class='ocrx_word' id='word_1_320' title='bbox 1349 2784 1572 2850; x_wconf 81' lang='lat' dir='ltr'><strong>factum,</strong></span> <span class='ocrx_word' id='word_1_321' title='bbox 1595 2792 1650 2839; x_wconf 90' lang='lat' dir='ltr'><strong>et</strong></span> <span class='ocrx_word' id='word_1_322' title='bbox 1671 2799 1858 2840; x_wconf 80' lang='lat' dir='ltr'><strong>omnes</strong></span> 
     </span>
    </p>
   </div>
   <div class='ocr_carea' id='block_1_46' title="bbox 285 2873 1855 2948">
    <p class='ocr_par' dir='ltr' id='par_1_46' title="bbox 285 2873 1855 2948">
     <span class='ocr_line' id='line_1_46' title="bbox 285 2873 1855 2948; baseline -0.003 -15"><span class='ocrx_word' id='word_1_323' title='bbox 285 2876 445 2933; x_wconf 85' lang='lat' dir='ltr'><strong>simul</strong></span> <span class='ocrx_word' id='word_1_324' title='bbox 478 2875 594 2945; x_wconf 79' lang='lat' dir='ltr'><strong>ejus</strong></span> <span class='ocrx_word' id='word_1_325' title='bbox 611 2877 799 2933; x_wconf 79' lang='lat' dir='ltr'><strong>ditioai</strong></span> <span class='ocrx_word' id='word_1_326' title='bbox 814 2877 1104 2948; x_wconf 85' lang='lat' dir='ltr'><strong>subjectos,</strong></span> <span class='ocrx_word' id='word_1_327' title='bbox 1123 2892 1228 2931; x_wconf 89' lang='lat' dir='ltr'><strong>una</strong></span> <span class='ocrx_word' id='word_1_328' title='bbox 1243 2873 1855 2947; x_wconf 61' lang='lat' dir='ltr'><strong>praiceptionejussisse,</strong></span> 
     </span>
    </p>
   </div>
   <div class='ocr_carea' id='block_1_47' title="bbox 285 2967 1855 3026">
    <p class='ocr_par' dir='ltr' id='par_1_47' title="bbox 285 2967 1855 3026">
     <span class='ocr_line' id='line_1_47' title="bbox 285 2967 1855 3026; baseline -0.001 -1"><span class='ocrx_word' id='word_1_329' title='bbox 285 2979 344 3025; x_wconf 85' lang='lat' dir='ltr'><strong>ut</strong></span> <span class='ocrx_word' id='word_1_330' title='bbox 365 2967 613 3024; x_wconf 82' lang='lat' dir='ltr'><strong>similiter</strong></span> <span class='ocrx_word' id='word_1_331' title='bbox 639 2968 748 3024; x_wconf 91' lang='lat' dir='ltr'><strong>Deo</strong></span> <span class='ocrx_word' id='word_1_332' title='bbox 769 2968 904 3024; x_wconf 71' lang='lat' dir='ltr'><strong>mila</strong></span> <span class='ocrx_word' id='word_1_333' title='bbox 935 2968 1330 3026; x_wconf 81' lang='lat' dir='ltr'><strong>submitterent.</strong></span> <span class='ocrx_word' id='word_1_334' title='bbox 1357 2968 1508 3024; x_wconf 90' lang='lat' dir='ltr'><strong>Unde</strong></span> <span class='ocrx_word' id='word_1_335' title='bbox 1527 2975 1584 3022; x_wconf 87' lang='lat' dir='ltr'><strong>et</strong></span> <span class='ocrx_word' id='word_1_336' title='bbox 1601 2968 1666 3021; x_wconf 88' lang='lat' dir='ltr'><strong>ad</strong></span> <span class='ocrx_word' id='word_1_337' title='bbox 1690 2975 1855 3023; x_wconf 63' lang='lat' dir='ltr'><strong>caete-</strong></span> 
     </span>
    </p>
   </div>
   <div class='ocr_carea' id='block_1_48' title="bbox 285 3033 1931 3126">
    <p class='ocr_par' dir='ltr' id='par_1_48' title="bbox 285 3033 1931 3126">
     <span class='ocr_line' id='line_1_48' title="bbox 285 3033 1931 3126; baseline -0.001 -14"><span class='ocrx_word' id='word_1_338' title='bbox 285 3071 374 3112; x_wconf 78' lang='lat' dir='ltr'><strong>ros</strong></span> <span class='ocrx_word' id='word_1_339' title='bbox 419 3053 658 3110; x_wconf 80' lang='lat' dir='ltr'><strong>conﬁnes</strong></span> <span class='ocrx_word' id='word_1_340' title='bbox 680 3056 1046 3112; x_wconf 85' lang='lat' dir='ltr'><strong>Christianum</strong></span> <span class='ocrx_word' id='word_1_341' title='bbox 1071 3057 1262 3126; x_wconf 85' lang='lat' dir='ltr'><strong>dogma</strong></span> <span class='ocrx_word' id='word_1_342' title='bbox 1298 3057 1567 3118; x_wconf 80' lang='lat' dir='ltr'><strong>transivit,</strong></span> <span class='ocrx_word' id='word_1_343' title='bbox 1592 3064 1644 3110; x_wconf 90' lang='lat' dir='ltr'><strong>et</strong></span> <span class='ocrx_word' id='word_1_344' title='bbox 1671 3055 1859 3110; x_wconf 84' lang='lat' dir='ltr'><strong>multi—</strong></span> <span class='ocrx_word' id='word_1_345' title='bbox 1887 3033 1931 3096; x_wconf 70' lang='grc' dir='ltr'>Ο</span> 
     </span>
    </p>
   </div>
   <div class='ocr_carea' id='block_1_49' title="bbox 286 3143 896 3200">
    <p class='ocr_par' dir='ltr' id='par_1_49' title="bbox 286 3143 896 3200">
     <span class='ocr_line' id='line_1_49' title="bbox 286 3143 896 3200; baseline -0.007 0"><span class='ocrx_word' id='word_1_346' title='bbox 286 3144 471 3200; x_wconf 81' lang='lat' dir='ltr'><strong>tudine</strong></span> <span class='ocrx_word' id='word_1_347' title='bbox 493 3143 772 3198; x_wconf 74' lang='lat' dir='ltr'><strong>dilatatam</strong></span> <span class='ocrx_word' id='word_1_348' title='bbox 795 3154 896 3199; x_wconf 86' lang='lat' dir='ltr'><strong>est.</strong></span> 
     </span>
    </p>
   </div>
   <div class='ocr_carea' id='block_1_50' title="bbox 896 3259 1277 3316">
    <p class='ocr_par' dir='ltr' id='par_1_50' title="bbox 896 3259 1277 3316">
     <span class='ocr_line' id='line_1_50' title="bbox 896 3259 1277 3316; baseline -0.005 0"><span class='ocrx_word' id='word_1_349' title='bbox 896 3259 1123 3316; x_wconf 74' lang='lat' dir='ltr'><strong>CAPUT</strong></span> <span class='ocrx_word' id='word_1_350' title='bbox 1161 3260 1277 3316; x_wconf 72' lang='lat' dir='ltr'><strong>XX.</strong></span> 
     </span>
    </p>
   </div>
   <div class='ocr_carea' id='block_1_51' title="bbox 292 3347 1863 3421">
    <p class='ocr_par' dir='ltr' id='par_1_51' title="bbox 292 3347 1863 3421">
     <span class='ocr_line' id='line_1_51' title="bbox 292 3347 1863 3421; baseline 0 -14"><span class='ocrx_word' id='word_1_351' title='bbox 292 3354 366 3407; x_wconf 82' lang='lat' dir='ltr'><strong>De</strong></span> <span class='ocrx_word' id='word_1_352' title='bbox 407 3351 761 3407; x_wconf 67' lang='lat' dir='ltr'><strong>sollicitudine</strong></span> <span class='ocrx_word' id='word_1_353' title='bbox 782 3351 854 3421; x_wconf 80' lang='lat' dir='ltr'><strong>pii</strong></span> <span class='ocrx_word' id='word_1_354' title='bbox 881 3351 1137 3421; x_wconf 75' lang='lat' dir='ltr'><strong>principis</strong></span> <span class='ocrx_word' id='word_1_355' title='bbox 1171 3347 1502 3421; x_wconf 66' lang='lat' dir='ltr'><strong>Constantini</strong></span> <span class='ocrx_word' id='word_1_356' title='bbox 1537 3366 1694 3421; x_wconf 75' lang='lat' dir='ltr'><strong>quam</strong></span> <span class='ocrx_word' id='word_1_357' title='bbox 1760 3368 1863 3407; x_wconf 73' lang='lat' dir='ltr'><strong>non</strong></span> 
     </span>
    </p>
   </div>
   <div class='ocr_carea' id='block_1_52' title="bbox 361 3419 1862 3490">
    <p class='ocr_par' dir='ltr' id='par_1_52' title="bbox 361 3419 1862 3490">
     <span class='ocr_line' id='line_1_52' title="bbox 361 3419 1862 3490; baseline -0.001 -14"><span class='ocrx_word' id='word_1_358' title='bbox 361 3423 526 3477; x_wconf 79' lang='lat' dir='ltr'><strong>solum</strong></span> <span class='ocrx_word' id='word_1_359' title='bbox 547 3423 611 3476; x_wconf 81' lang='lat' dir='ltr'><strong>de</strong></span> <span class='ocrx_word' id='word_1_360' title='bbox 631 3421 730 3475; x_wconf 82' lang='lat' dir='ltr'><strong>sibi</strong></span> <span class='ocrx_word' id='word_1_361' title='bbox 755 3419 1024 3490; x_wconf 73' lang='lat' dir='ltr'><strong>subjectis,</strong></span> <span class='ocrx_word' id='word_1_362' title='bbox 1048 3419 1138 3473; x_wconf 83' lang='lat' dir='ltr'><strong>sed</strong></span> <span class='ocrx_word' id='word_1_363' title='bbox 1157 3421 1314 3473; x_wconf 80' lang='lat' dir='ltr'><strong>etiam</strong></span> <span class='ocrx_word' id='word_1_364' title='bbox 1336 3419 1399 3472; x_wconf 82' lang='lat' dir='ltr'><strong>de</strong></span> <span class='ocrx_word' id='word_1_365' title='bbox 1421 3420 1650 3473; x_wconf 74' lang='lat' dir='ltr'><strong>externis</strong></span> <span class='ocrx_word' id='word_1_366' title='bbox 1678 3421 1862 3475; x_wconf 83' lang='lat' dir='ltr'><strong>habuit</strong></span> 
     </span>
    </p>
   </div>
   <div class='ocr_carea' id='block_1_53' title="bbox 361 3490 828 3561">
    <p class='ocr_par' dir='ltr' id='par_1_53' title="bbox 361 3490 828 3561">
     <span class='ocr_line' id='line_1_53' title="bbox 361 3490 828 3561; baseline -0.004 -17"><span class='ocrx_word' id='word_1_367' title='bbox 361 3510 452 3561; x_wconf 83' lang='lat' dir='ltr'><strong>pro</strong></span> <span class='ocrx_word' id='word_1_368' title='bbox 473 3492 576 3560; x_wconf 76' lang='lat' dir='ltr'><strong>[ide</strong></span> <span class='ocrx_word' id='word_1_369' title='bbox 614 3490 828 3545; x_wconf 81' lang='lat' dir='ltr'><strong>Christi.</strong></span> 
     </span>
    </p>
   </div>
   <div class='ocr_carea' id='block_1_54' title="bbox 355 3595 1864 3675">
    <p class='ocr_par' dir='ltr' id='par_1_54' title="bbox 355 3595 1864 3675">
     <span class='ocr_line' id='line_1_54' title="bbox 355 3595 1864 3675; baseline -0.001 -17"><span class='ocrx_word' id='word_1_370' title='bbox 355 3595 511 3675; x_wconf 34' lang='lat' dir='ltr'><strong>‘Apud</strong></span> <span class='ocrx_word' id='word_1_371' title='bbox 555 3603 750 3658; x_wconf 87' lang='lat' dir='ltr'><strong>Persas</strong></span> <span class='ocrx_word' id='word_1_372' title='bbox 796 3611 976 3658; x_wconf 85' lang='lat' dir='ltr'><strong>autem</strong></span> <span class='ocrx_word' id='word_1_373' title='bbox 1012 3601 1224 3656; x_wconf 75' lang='lat' dir='ltr'><strong>initium</strong></span> <span class='ocrx_word' id='word_1_374' title='bbox 1277 3599 1701 3656; x_wconf 83' lang='lat' dir='ltr'><strong>Christianitatis</strong></span> <span class='ocrx_word' id='word_1_375' title='bbox 1738 3610 1864 3657; x_wconf 93' lang='lat' dir='ltr'><strong>tunc</strong></span> 
     </span>
    </p>
   </div>
   <div class='ocr_carea' id='block_1_55' title="bbox 292 3693 1863 3764">
    <p class='ocr_par' dir='ltr' id='par_1_55' title="bbox 292 3693 1863 3764">
     <span class='ocr_line' id='line_1_55' title="bbox 292 3693 1863 3764; baseline -0.001 -13"><span class='ocrx_word' id='word_1_376' title='bbox 292 3698 499 3752; x_wconf 73' lang='lat' dir='ltr'><strong>aestimo</strong></span> <span class='ocrx_word' id='word_1_377' title='bbox 540 3695 892 3758; x_wconf 87' lang='lat' dir='ltr'><strong>celebratum,</strong></span> <span class='ocrx_word' id='word_1_378' title='bbox 937 3695 1066 3750; x_wconf 86' lang='lat' dir='ltr'><strong>dum</strong></span> <span class='ocrx_word' id='word_1_379' title='bbox 1095 3693 1312 3764; x_wconf 83' lang='lat' dir='ltr'><strong>quidam</strong></span> <span class='ocrx_word' id='word_1_380' title='bbox 1359 3709 1548 3749; x_wconf 88' lang='lat' dir='ltr'><strong>eorum</strong></span> <span class='ocrx_word' id='word_1_381' title='bbox 1577 3695 1863 3751; x_wconf 87' lang='lat' dir='ltr'><strong>occasione</strong></span> 
     </span>
    </p>
   </div>
   <div class='ocr_carea' id='block_1_56' title="bbox 285 3783 1865 3863">
    <p class='ocr_par' dir='ltr' id='par_1_56' title="bbox 285 3783 1865 3863">
     <span class='ocr_line' id='line_1_56' title="bbox 285 3783 1865 3863; baseline -0.001 -23"><span class='ocrx_word' id='word_1_382' title='bbox 285 3788 599 3843; x_wconf 65' lang='lat' dir='ltr'><strong>commercii</strong></span> <span class='ocrx_word' id='word_1_383' title='bbox 629 3787 696 3842; x_wconf 91' lang='lat' dir='ltr'><strong>ad</strong></span> <span class='ocrx_word' id='word_1_384' title='bbox 721 3785 974 3843; x_wconf 67' lang='lat' dir='ltr'><strong>Osraznos</strong></span> <span class='ocrx_word' id='word_1_385' title='bbox 996 3793 1053 3840; x_wconf 91' lang='lat' dir='ltr'><strong>et</strong></span> <span class='ocrx_word' id='word_1_386' title='bbox 1073 3783 1142 3838; x_wconf 90' lang='lat' dir='ltr'><strong>ad</strong></span> <span class='ocrx_word' id='word_1_387' title='bbox 1162 3783 1445 3863; x_wconf 82' lang='lat' dir='ltr'><strong>Armenios</strong></span> <span class='ocrx_word' id='word_1_388' title='bbox 1472 3785 1774 3849; x_wconf 87' lang='lat' dir='ltr'><strong>venientes,</strong></span> <span class='ocrx_word' id='word_1_389' title='bbox 1805 3795 1865 3839; x_wconf 91' lang='lat' dir='ltr'><strong>ut</strong></span> 
     </span>
    </p>
   </div>
   <div class='ocr_carea' id='block_1_57' title="bbox 289 3875 1866 3954">
    <p class='ocr_par' dir='ltr' id='par_1_57' title="bbox 289 3875 1866 3954">
     <span class='ocr_line' id='line_1_57' title="bbox 289 3875 1866 3954; baseline -0.003 -21"><span class='ocrx_word' id='word_1_390' title='bbox 289 3879 548 3954; x_wconf 77' lang='lat' dir='ltr'><strong>assolent,</strong></span> <span class='ocrx_word' id='word_1_391' title='bbox 573 3877 780 3932; x_wconf 81' lang='lat' dir='ltr'><strong>sanctis</strong></span> <span class='ocrx_word' id='word_1_392' title='bbox 810 3877 916 3931; x_wconf 90' lang='lat' dir='ltr'><strong>illic</strong></span> <span class='ocrx_word' id='word_1_393' title='bbox 959 3875 1391 3945; x_wconf 88' lang='lat' dir='ltr'><strong>colloquerentur</strong></span> <span class='ocrx_word' id='word_1_394' title='bbox 1416 3875 1565 3938; x_wconf 89' lang='lat' dir='ltr'><strong>viris,</strong></span> <span class='ocrx_word' id='word_1_395' title='bbox 1619 3883 1675 3930; x_wconf 90' lang='lat' dir='ltr'><strong>et</strong></span> <span class='ocrx_word' id='word_1_396' title='bbox 1699 3876 1866 3930; x_wconf 88' lang='lat' dir='ltr'><strong>virtu-</strong></span> 
     </span>
    </p>
   </div>
   <div class='ocr_carea' id='block_1_58' title="bbox 287 3963 1865 4036">
    <p class='ocr_par' dir='ltr' id='par_1_58' title="bbox 287 3963 1865 4036">
     <span class='ocr_line' id='line_1_58' title="bbox 287 3963 1865 4036; baseline -0.001 -14"><span class='ocrx_word' id='word_1_397' title='bbox 287 3977 372 4023; x_wconf 74' lang='lat' dir='ltr'><strong>tes</strong></span> <span class='ocrx_word' id='word_1_398' title='bbox 398 3983 585 4024; x_wconf 85' lang='lat' dir='ltr'><strong>eorum</strong></span> <span class='ocrx_word' id='word_1_399' title='bbox 607 3967 1004 4036; x_wconf 73' lang='lat' dir='ltr'><strong>esperirentur.</strong></span> <span class='ocrx_word' id='word_1_400' title='bbox 1028 3963 1268 4034; x_wconf 82' lang='lat' dir='ltr'><strong>Cumque</strong></span> <span class='ocrx_word' id='word_1_401' title='bbox 1282 3973 1522 4034; x_wconf 89' lang='lat' dir='ltr'><strong>tempore</strong></span> <span class='ocrx_word' id='word_1_402' title='bbox 1537 3964 1865 4034; x_wconf 87' lang='lat' dir='ltr'><strong>procedente</strong></span> 
     </span>
    </p>
   </div>
   <div class='ocr_carea' id='block_1_59' title="bbox 293 4055 1866 4125">
    <p class='ocr_par' dir='ltr' id='par_1_59' title="bbox 293 4055 1866 4125">
     <span class='ocr_line' id='line_1_59' title="bbox 293 4055 1866 4125; baseline -0.001 -15"><span class='ocrx_word' id='word_1_403' title='bbox 293 4066 620 4122; x_wconf 62' lang='lat' dir='ltr'><strong>noscerent,</strong></span> <span class='ocrx_word' id='word_1_404' title='bbox 671 4065 724 4112; x_wconf 91' lang='lat' dir='ltr'><strong>et</strong></span> <span class='ocrx_word' id='word_1_405' title='bbox 768 4056 1028 4112; x_wconf 85' lang='lat' dir='ltr'><strong>ecclesias</strong></span> <span class='ocrx_word' id='word_1_406' title='bbox 1053 4063 1107 4110; x_wconf 89' lang='lat' dir='ltr'><strong>et</strong></span> <span class='ocrx_word' id='word_1_407' title='bbox 1132 4055 1437 4110; x_wconf 87' lang='lat' dir='ltr'><strong>sacerdotes</strong></span> <span class='ocrx_word' id='word_1_408' title='bbox 1460 4055 1666 4125; x_wconf 89' lang='lat' dir='ltr'><strong>pariter</strong></span> <span class='ocrx_word' id='word_1_409' title='bbox 1707 4064 1866 4109; x_wconf 80' lang='lat' dir='ltr'><strong>caete-</strong></span> 
     </span>
    </p>
   </div>
   <div class='ocr_carea' id='block_1_60' title="bbox 290 4143 1866 4217">
    <p class='ocr_par' dir='ltr' id='par_1_60' title="bbox 290 4143 1866 4217">
     <span class='ocr_line' id='line_1_60' title="bbox 290 4143 1866 4217; baseline 0 -18"><span class='ocrx_word' id='word_1_410' title='bbox 290 4163 488 4216; x_wconf 75' lang='lat' dir='ltr'><strong>rosque</strong></span> <span class='ocrx_word' id='word_1_411' title='bbox 513 4147 790 4202; x_wconf 82' lang='lat' dir='ltr'><strong>ministros</strong></span> <span class='ocrx_word' id='word_1_412' title='bbox 812 4146 926 4217; x_wconf 85' lang='lat' dir='ltr'><strong>jam</strong></span> <span class='ocrx_word' id='word_1_413' title='bbox 957 4144 1237 4209; x_wconf 87' lang='lat' dir='ltr'><strong>haberent,</strong></span> <span class='ocrx_word' id='word_1_414' title='bbox 1267 4145 1370 4198; x_wconf 84' lang='lat' dir='ltr'><strong>hoc</strong></span> <span class='ocrx_word' id='word_1_415' title='bbox 1389 4143 1588 4200; x_wconf 81' lang='lat' dir='ltr'><strong>factum</strong></span> <span class='ocrx_word' id='word_1_416' title='bbox 1613 4160 1718 4199; x_wconf 92' lang='lat' dir='ltr'><strong>non</strong></span> <span class='ocrx_word' id='word_1_417' title='bbox 1753 4159 1866 4199; x_wconf 85' lang='lat' dir='ltr'><strong>me-</strong></span> 
     </span>
    </p>
   </div>
   <div class='ocr_carea' id='block_1_61' title="bbox 292 4234 1866 4306">
    <p class='ocr_par' dir='ltr' id='par_1_61' title="bbox 292 4234 1866 4306">
     <span class='ocr_line' id='line_1_61' title="bbox 292 4234 1866 4306; baseline -0.003 -14"><span class='ocrx_word' id='word_1_418' title='bbox 292 4239 546 4293; x_wconf 86' lang='lat' dir='ltr'><strong>diocriter</strong></span> <span class='ocrx_word' id='word_1_419' title='bbox 575 4237 932 4292; x_wconf 83' lang='lat' dir='ltr'><strong>contristabat</strong></span> <span class='ocrx_word' id='word_1_420' title='bbox 959 4251 1162 4306; x_wconf 89' lang='lat' dir='ltr'><strong>magos,</strong></span> <span class='ocrx_word' id='word_1_421' title='bbox 1197 4234 1289 4304; x_wconf 89' lang='lat' dir='ltr'><strong>qui</strong></span> <span class='ocrx_word' id='word_1_422' title='bbox 1337 4235 1645 4306; x_wconf 86' lang='lat' dir='ltr'><strong>religionem</strong></span> <span class='ocrx_word' id='word_1_423' title='bbox 1674 4234 1866 4288; x_wconf 82' lang='lat' dir='ltr'><strong>Persa-</strong></span> 
     </span>
    </p>
   </div>
   <div class='ocr_carea' id='block_1_62' title="bbox 289 4326 1862 4399">
    <p class='ocr_par' dir='ltr' id='par_1_62' title="bbox 289 4326 1862 4399">
     <span class='ocr_line' id='line_1_62' title="bbox 289 4326 1862 4399; baseline -0.003 -14"><span class='ocrx_word' id='word_1_424' title='bbox 289 4347 429 4393; x_wconf 89' lang='lat' dir='ltr'><strong>rum,</strong></span> <span class='ocrx_word' id='word_1_425' title='bbox 475 4329 637 4385; x_wconf 86' lang='lat' dir='ltr'><strong>veluti</strong></span> <span class='ocrx_word' id='word_1_426' title='bbox 665 4331 906 4399; x_wconf 69' lang='lat' dir='ltr'><strong>quzedam</strong></span> <span class='ocrx_word' id='word_1_427' title='bbox 936 4327 1288 4388; x_wconf 83' lang='lat' dir='ltr'><strong>sacerdotalis</strong></span> <span class='ocrx_word' id='word_1_428' title='bbox 1309 4326 1502 4390; x_wconf 90' lang='lat' dir='ltr'><strong>tribus,</strong></span> <span class='ocrx_word' id='word_1_429' title='bbox 1527 4342 1624 4396; x_wconf 91' lang='lat' dir='ltr'><strong>per</strong></span> <span class='ocrx_word' id='word_1_430' title='bbox 1649 4341 1862 4380; x_wconf 86' lang='lat' dir='ltr'><strong>succes-</strong></span> 
     </span>
    </p>
   </div>
   <div class='ocr_carea' id='block_1_63' title="bbox 288 4419 1865 4492">
    <p class='ocr_par' dir='ltr' id='par_1_63' title="bbox 288 4419 1865 4492">
     <span class='ocr_line' id='line_1_63' title="bbox 288 4419 1865 4492; baseline -0.004 -15"><span class='ocrx_word' id='word_1_431' title='bbox 288 4425 498 4478; x_wconf 82' lang='lat' dir='ltr'><strong>sionem</strong></span> <span class='ocrx_word' id='word_1_432' title='bbox 523 4421 736 4492; x_wconf 74' lang='lat' dir='ltr'><strong>generis</strong></span> <span class='ocrx_word' id='word_1_433' title='bbox 763 4422 832 4475; x_wconf 88' lang='lat' dir='ltr'><strong>ab</strong></span> <span class='ocrx_word' id='word_1_434' title='bbox 857 4419 1010 4473; x_wconf 91' lang='lat' dir='ltr'><strong>initio</strong></span> <span class='ocrx_word' id='word_1_435' title='bbox 1035 4419 1376 4472; x_wconf 89' lang='lat' dir='ltr'><strong>commissam</strong></span> <span class='ocrx_word' id='word_1_436' title='bbox 1400 4419 1599 4473; x_wconf 89' lang='lat' dir='ltr'><strong>habere</strong></span> <span class='ocrx_word' id='word_1_437' title='bbox 1632 4433 1865 4470; x_wconf 82' lang='lat' dir='ltr'><strong>noscun-</strong></span> 
     </span>
    </p>
   </div>
   <div class='ocr_carea' id='block_1_64' title="bbox 294 4502 1868 4575">
    <p class='ocr_par' dir='ltr' id='par_1_64' title="bbox 294 4502 1868 4575">
     <span class='ocr_line' id='line_1_64' title="bbox 294 4502 1868 4575; baseline -0.001 -12"><span class='ocrx_word' id='word_1_438' title='bbox 294 4519 400 4563; x_wconf 80' lang='lat' dir='ltr'><strong>tur.</strong></span> <span class='ocrx_word' id='word_1_439' title='bbox 453 4502 734 4562; x_wconf 69' lang='lat' dir='ltr'><strong>Adiciebat</strong></span> <span class='ocrx_word' id='word_1_440' title='bbox 761 4507 1084 4561; x_wconf 87' lang='lat' dir='ltr'><strong>enimetiam</strong></span> <span class='ocrx_word' id='word_1_441' title='bbox 1118 4505 1352 4568; x_wconf 81' lang='lat' dir='ltr'><strong>Judacos,</strong></span> <span class='ocrx_word' id='word_1_442' title='bbox 1383 4507 1699 4560; x_wconf 89' lang='lat' dir='ltr'><strong>naturaliter</strong></span> <span class='ocrx_word' id='word_1_443' title='bbox 1737 4523 1868 4575; x_wconf 86' lang='lat' dir='ltr'><strong>quo-</strong></span> 
     </span>
    </p>
   </div>
   <div class='ocr_carea' id='block_1_65' title="bbox 293 4595 1871 4665">
    <p class='ocr_par' dir='ltr' id='par_1_65' title="bbox 293 4595 1871 4665">
     <span class='ocr_line' id='line_1_65' title="bbox 293 4595 1871 4665; baseline -0.001 -13"><span class='ocrx_word' id='word_1_444' title='bbox 293 4597 586 4652; x_wconf 86' lang='lat' dir='ltr'><strong>dammodo</strong></span> <span class='ocrx_word' id='word_1_445' title='bbox 605 4597 898 4652; x_wconf 85' lang='lat' dir='ltr'><strong>Christiani</strong></span> <span class='ocrx_word' id='word_1_446' title='bbox 932 4595 1194 4665; x_wconf 84' lang='lat' dir='ltr'><strong>dogmatis</strong></span> <span class='ocrx_word' id='word_1_447' title='bbox 1219 4595 1483 4648; x_wconf 88' lang='lat' dir='ltr'><strong>inimicos.</strong></span> <span class='ocrx_word' id='word_1_448' title='bbox 1533 4595 1871 4665; x_wconf 87' lang='lat' dir='ltr'><strong>Quapropter</strong></span> 
     </span>
    </p>
   </div>
   <div class='ocr_carea' id='block_1_66' title="bbox 294 4686 1868 4758">
    <p class='ocr_par' dir='ltr' id='par_1_66' title="bbox 294 4686 1868 4758">
     <span class='ocr_line' id='line_1_66' title="bbox 294 4686 1868 4758; baseline -0.005 -9"><span class='ocrx_word' id='word_1_449' title='bbox 294 4697 689 4748; x_wconf 83' lang='lat' dir='ltr'><strong>accusaverunt</strong></span> <span class='ocrx_word' id='word_1_450' title='bbox 717 4689 859 4758; x_wconf 87' lang='lat' dir='ltr'><strong>apud</strong></span> <span class='ocrx_word' id='word_1_451' title='bbox 891 4689 1149 4758; x_wconf 89' lang='lat' dir='ltr'><strong>Saporem</strong></span> <span class='ocrx_word' id='word_1_452' title='bbox 1189 4694 1318 4740; x_wconf 88' lang='lat' dir='ltr'><strong>tunc</strong></span> <span class='ocrx_word' id='word_1_453' title='bbox 1363 4701 1540 4756; x_wconf 88' lang='lat' dir='ltr'><strong>regem</strong></span> <span class='ocrx_word' id='word_1_454' title='bbox 1591 4686 1868 4742; x_wconf 88' lang='lat' dir='ltr'><strong>Simonem</strong></span> 
     </span>
    </p>
   </div>
   <div class='ocr_carea' id='block_1_67' title="bbox 294 4775 1868 4852">
    <p class='ocr_par' dir='ltr' id='par_1_67' title="bbox 294 4775 1868 4852">
     <span class='ocr_line' id='line_1_67' title="bbox 294 4775 1868 4852; baseline -0.004 -15"><span class='ocrx_word' id='word_1_455' title='bbox 294 4781 760 4852; x_wconf 65' lang='lat' dir='ltr'><strong>archiemscopum</strong></span> <span class='ocrx_word' id='word_1_456' title='bbox 788 4778 1050 4835; x_wconf 79' lang='lat' dir='ltr'><strong>Seleuciae</strong></span> <span class='ocrx_word' id='word_1_457' title='bbox 1084 4786 1138 4832; x_wconf 91' lang='lat' dir='ltr'><strong>et</strong></span> <span class='ocrx_word' id='word_1_458' title='bbox 1165 4775 1546 4846; x_wconf 87' lang='lat' dir='ltr'><strong>Thesiphontis</strong></span> <span class='ocrx_word' id='word_1_459' title='bbox 1588 4775 1868 4830; x_wconf 88' lang='lat' dir='ltr'><strong>civitatum</strong></span> 
     </span>
    </p>
   </div>
   <div class='ocr_carea' id='block_1_68' title="bbox 297 4864 1869 4942">
    <p class='ocr_par' dir='ltr' id='par_1_68' title="bbox 297 4864 1869 4942">
     <span class='ocr_line' id='line_1_68' title="bbox 297 4864 1869 4942; baseline -0.004 -16"><span class='ocrx_word' id='word_1_460' title='bbox 297 4879 350 4929; x_wconf 81' lang='lat' dir='ltr'><strong>in</strong></span> <span class='ocrx_word' id='word_1_461' title='bbox 395 4872 614 4930; x_wconf 82' lang='lat' dir='ltr'><strong>Persida</strong></span> <span class='ocrx_word' id='word_1_462' title='bbox 645 4871 927 4942; x_wconf 74' lang='lat' dir='ltr'><strong>regalium,</strong></span> <span class='ocrx_word' id='word_1_463' title='bbox 966 4879 1219 4938; x_wconf 88' lang='lat' dir='ltr'><strong>tanquam</strong></span> <span class='ocrx_word' id='word_1_464' title='bbox 1251 4867 1408 4922; x_wconf 89' lang='lat' dir='ltr'><strong>amici</strong></span> <span class='ocrx_word' id='word_1_465' title='bbox 1446 4876 1631 4922; x_wconf 84' lang='lat' dir='ltr'><strong>essent</strong></span> <span class='ocrx_word' id='word_1_466' title='bbox 1673 4864 1869 4920; x_wconf 68' lang='lat' dir='ltr'><strong>Cazsari</strong></span> 
     </span>
    </p>
   </div>
   <div class='ocr_carea' id='block_1_69' title="bbox 298 4953 1870 5030">
    <p class='ocr_par' dir='ltr' id='par_1_69' title="bbox 298 4953 1870 5030">
     <span class='ocr_line' id='line_1_69' title="bbox 298 4953 1870 5030; baseline -0.006 -12"><span class='ocrx_word' id='word_1_467' title='bbox 298 4964 682 5024; x_wconf 72' lang='lat' dir='ltr'><strong>Romanorum,</strong></span> <span class='ocrx_word' id='word_1_468' title='bbox 746 4961 905 5030; x_wconf 89' lang='lat' dir='ltr'><strong>eique</strong></span> <span class='ocrx_word' id='word_1_469' title='bbox 958 4959 1245 5013; x_wconf 82' lang='lat' dir='ltr'><strong>Persarum</strong></span> <span class='ocrx_word' id='word_1_470' title='bbox 1300 4955 1510 5027; x_wconf 82' lang='lat' dir='ltr'><strong>negotia</strong></span> <span class='ocrx_word' id='word_1_471' title='bbox 1573 4953 1870 5024; x_wconf 89' lang='lat' dir='ltr'><strong>depalarct.</strong></span> 
     </span>
    </p>
   </div>
   <div class='ocr_carea' id='block_1_70' title="bbox 297 5045 1876 5121">
    <p class='ocr_par' dir='ltr' id='par_1_70' title="bbox 297 5045 1876 5121">
     <span class='ocr_line' id='line_1_70' title="bbox 297 5045 1876 5121; baseline -0.006 -13"><span class='ocrx_word' id='word_1_472' title='bbox 297 5053 658 5121; x_wconf 81' lang='lat' dir='ltr'><strong>Quamobrem</strong></span> <span class='ocrx_word' id='word_1_473' title='bbox 690 5050 977 5105; x_wconf 85' lang='lat' dir='ltr'><strong>Persarum</strong></span> <span class='ocrx_word' id='word_1_474' title='bbox 1004 5065 1096 5102; x_wconf 79' lang='lat' dir='ltr'><strong>rex</strong></span> <span class='ocrx_word' id='word_1_475' title='bbox 1133 5063 1236 5102; x_wconf 91' lang='lat' dir='ltr'><strong>non</strong></span> <span class='ocrx_word' id='word_1_476' title='bbox 1269 5047 1441 5102; x_wconf 91' lang='lat' dir='ltr'><strong>solum</strong></span> <span class='ocrx_word' id='word_1_477' title='bbox 1465 5045 1772 5102; x_wconf 85' lang='lat' dir='ltr'><strong>Simeonem</strong></span> <span class='ocrx_word' id='word_1_478' title='bbox 1795 5053 1876 5099; x_wconf 86' lang='lat' dir='ltr'><strong>te-</strong></span> 
     </span>
    </p>
   </div>
   <div class='ocr_carea' id='block_1_71' title="bbox 299 5135 1872 5208">
    <p class='ocr_par' dir='ltr' id='par_1_71' title="bbox 299 5135 1872 5208">
     <span class='ocr_line' id='line_1_71' title="bbox 299 5135 1872 5208; baseline -0.006 -6"><span class='ocrx_word' id='word_1_479' title='bbox 299 5145 416 5202; x_wconf 82' lang='lat' dir='ltr'><strong>neri</strong></span> <span class='ocrx_word' id='word_1_480' title='bbox 460 5143 610 5208; x_wconf 78' lang='lat' dir='ltr'><strong>fecit,</strong></span> <span class='ocrx_word' id='word_1_481' title='bbox 662 5141 756 5196; x_wconf 84' lang='lat' dir='ltr'><strong>sed</strong></span> <span class='ocrx_word' id='word_1_482' title='bbox 785 5151 838 5194; x_wconf 86' lang='lat' dir='ltr'><strong>et</strong></span> <span class='ocrx_word' id='word_1_483' title='bbox 867 5139 1102 5208; x_wconf 89' lang='lat' dir='ltr'><strong>reliquos</strong></span> <span class='ocrx_word' id='word_1_484' title='bbox 1136 5139 1218 5192; x_wconf 89' lang='lat' dir='ltr'><strong>sui</strong></span> <span class='ocrx_word' id='word_1_485' title='bbox 1245 5137 1394 5208; x_wconf 86' lang='lat' dir='ltr'><strong>regni</strong></span> <span class='ocrx_word' id='word_1_486' title='bbox 1428 5137 1705 5206; x_wconf 87' lang='lat' dir='ltr'><strong>episcopos</strong></span> <span class='ocrx_word' id='word_1_487' title='bbox 1729 5135 1872 5192; x_wconf 84' lang='lat' dir='ltr'><strong>viros</strong></span> 
     </span>
    </p>
   </div>
   <div class='ocr_carea' id='block_1_72' title="bbox 302 5227 1873 5304">
    <p class='ocr_par' dir='ltr' id='par_1_72' title="bbox 302 5227 1873 5304">
     <span class='ocr_line' id='line_1_72' title="bbox 302 5227 1873 5304; baseline -0.006 -16"><span class='ocrx_word' id='word_1_488' title='bbox 302 5233 411 5289; x_wconf 83' lang='lat' dir='ltr'><strong>Deo</strong></span> <span class='ocrx_word' id='word_1_489' title='bbox 428 5232 637 5304; x_wconf 78' lang='lat' dir='ltr'><strong>dignos,</strong></span> <span class='ocrx_word' id='word_1_490' title='bbox 667 5239 720 5286; x_wconf 89' lang='lat' dir='ltr'><strong>et</strong></span> <span class='ocrx_word' id='word_1_491' title='bbox 758 5231 810 5284; x_wconf 91' lang='lat' dir='ltr'><strong>in</strong></span> <span class='ocrx_word' id='word_1_492' title='bbox 856 5229 1068 5284; x_wconf 82' lang='lat' dir='ltr'><strong>vincula</strong></span> <span class='ocrx_word' id='word_1_493' title='bbox 1100 5227 1312 5296; x_wconf 87' lang='lat' dir='ltr'><strong>conjici,</strong></span> <span class='ocrx_word' id='word_1_494' title='bbox 1357 5235 1411 5281; x_wconf 88' lang='lat' dir='ltr'><strong>et</strong></span> <span class='ocrx_word' id='word_1_495' title='bbox 1461 5235 1690 5281; x_wconf 74' lang='lat' dir='ltr'><strong>caeteros</strong></span> <span class='ocrx_word' id='word_1_496' title='bbox 1717 5227 1873 5280; x_wconf 83' lang='lat' dir='ltr'><strong>bonae</strong></span> 
     </span>
    </p>
   </div>
   <div class='ocr_carea' id='block_1_73' title="bbox 303 5317 1869 5391">
    <p class='ocr_par' dir='ltr' id='par_1_73' title="bbox 303 5317 1869 5391">
     <span class='ocr_line' id='line_1_73' title="bbox 303 5317 1869 5391; baseline -0.005 -13"><span class='ocrx_word' id='word_1_497' title='bbox 303 5324 425 5378; x_wconf 69' lang='lat' dir='ltr'><strong>vitae</strong></span> <span class='ocrx_word' id='word_1_498' title='bbox 477 5321 784 5377; x_wconf 85' lang='lat' dir='ltr'><strong>testimonio</strong></span> <span class='ocrx_word' id='word_1_499' title='bbox 826 5321 1194 5391; x_wconf 58' lang='lat' dir='ltr'><strong>presbyteros,</strong></span> <span class='ocrx_word' id='word_1_500' title='bbox 1239 5319 1512 5382; x_wconf 90' lang='lat' dir='ltr'><strong>diaconos,</strong></span> <span class='ocrx_word' id='word_1_501' title='bbox 1555 5317 1869 5380; x_wconf 90' lang='lat' dir='ltr'><strong>monachos,</strong></span> 
     </span>
    </p>
   </div>
   <div class='ocr_carea' id='block_1_74' title="bbox 301 5408 1872 5484">
    <p class='ocr_par' dir='ltr' id='par_1_74' title="bbox 301 5408 1872 5484">
     <span class='ocr_line' id='line_1_74' title="bbox 301 5408 1872 5484; baseline -0.005 -15"><span class='ocrx_word' id='word_1_502' title='bbox 301 5427 591 5484; x_wconf 74' lang='lat' dir='ltr'><strong>sacrasque</strong></span> <span class='ocrx_word' id='word_1_503' title='bbox 618 5413 850 5482; x_wconf 81' lang='lat' dir='ltr'><strong>virgines</strong></span> <span class='ocrx_word' id='word_1_504' title='bbox 881 5421 935 5466; x_wconf 92' lang='lat' dir='ltr'><strong>et</strong></span> <span class='ocrx_word' id='word_1_505' title='bbox 961 5411 1149 5480; x_wconf 86' lang='lat' dir='ltr'><strong>reliqui</strong></span> <span class='ocrx_word' id='word_1_506' title='bbox 1183 5409 1324 5479; x_wconf 83' lang='lat' dir='ltr'><strong>vulgi</strong></span> <span class='ocrx_word' id='word_1_507' title='bbox 1352 5410 1662 5463; x_wconf 89' lang='lat' dir='ltr'><strong>innumeras</strong></span> <span class='ocrx_word' id='word_1_508' title='bbox 1691 5408 1872 5461; x_wconf 91' lang='lat' dir='ltr'><strong>multi-</strong></span> 
     </span>
    </p>
   </div>
   <div class='ocr_carea' id='block_1_75' title="bbox 306 5500 1873 5572">
    <p class='ocr_par' dir='ltr' id='par_1_75' title="bbox 306 5500 1873 5572">
     <span class='ocr_line' id='line_1_75' title="bbox 306 5500 1873 5572; baseline -0.003 -14"><span class='ocrx_word' id='word_1_509' title='bbox 306 5502 542 5568; x_wconf 87' lang='lat' dir='ltr'><strong>tudines,</strong></span> <span class='ocrx_word' id='word_1_510' title='bbox 581 5513 637 5557; x_wconf 89' lang='lat' dir='ltr'><strong>et</strong></span> <span class='ocrx_word' id='word_1_511' title='bbox 679 5518 744 5558; x_wconf 79' lang='lat' dir='ltr'><strong>ex</strong></span> <span class='ocrx_word' id='word_1_512' title='bbox 801 5518 900 5558; x_wconf 87' lang='lat' dir='ltr'><strong>suo</strong></span> <span class='ocrx_word' id='word_1_513' title='bbox 921 5502 1118 5572; x_wconf 89' lang='lat' dir='ltr'><strong>palatio</strong></span> <span class='ocrx_word' id='word_1_514' title='bbox 1145 5516 1250 5554; x_wconf 88' lang='lat' dir='ltr'><strong>una</strong></span> <span class='ocrx_word' id='word_1_515' title='bbox 1299 5515 1422 5554; x_wconf 89' lang='lat' dir='ltr'><strong>cum</strong></span> <span class='ocrx_word' id='word_1_516' title='bbox 1469 5500 1757 5570; x_wconf 77' lang='lat' dir='ltr'><strong>pzndagogo</strong></span> <span class='ocrx_word' id='word_1_517' title='bbox 1809 5514 1873 5553; x_wconf 86' lang='lat' dir='ltr'><strong>ac</strong></span> 
     </span>
    </p>
   </div>
   <div class='ocr_carea' id='block_1_76' title="bbox 309 5589 1870 5663">
    <p class='ocr_par' dir='ltr' id='par_1_76' title="bbox 309 5589 1870 5663">
     <span class='ocr_line' id='line_1_76' title="bbox 309 5589 1870 5663; baseline -0.001 -20"><span class='ocrx_word' id='word_1_518' title='bbox 309 5590 571 5653; x_wconf 82' lang='lat' dir='ltr'><strong>nutritorc</strong></span> <span class='ocrx_word' id='word_1_519' title='bbox 597 5606 695 5646; x_wconf 88' lang='lat' dir='ltr'><strong>suo</strong></span> <span class='ocrx_word' id='word_1_520' title='bbox 722 5593 1068 5663; x_wconf 82' lang='lat' dir='ltr'><strong>quamplures</strong></span> <span class='ocrx_word' id='word_1_521' title='bbox 1102 5592 1208 5646; x_wconf 87' lang='lat' dir='ltr'><strong>sibi</strong></span> <span class='ocrx_word' id='word_1_522' title='bbox 1235 5591 1426 5645; x_wconf 89' lang='lat' dir='ltr'><strong>charos</strong></span> <span class='ocrx_word' id='word_1_523' title='bbox 1456 5598 1616 5659; x_wconf 87' lang='lat' dir='ltr'><strong>atque</strong></span> <span class='ocrx_word' id='word_1_524' title='bbox 1643 5589 1870 5643; x_wconf 84' lang='lat' dir='ltr'><strong>familia-</strong></span> 
     </span>
    </p>
   </div>
   <div class='ocr_carea' id='block_1_77' title="bbox 1954 1795 3529 1878">
    <p class='ocr_par' dir='ltr' id='par_1_77' title="bbox 1954 1795 3529 1878">
     <span class='ocr_line' id='line_1_77' title="bbox 1954 1795 3529 1878; baseline 0.001 -26"><span class='ocrx_word' id='word_1_525' title='bbox 1954 1804 2190 1866; x_wconf 90' lang='lat' dir='ltr'><strong>captum,</strong></span> <span class='ocrx_word' id='word_1_526' title='bbox 2207 1805 2261 1851; x_wconf 84' lang='lat' dir='ltr'><strong>et</strong></span> <span class='ocrx_word' id='word_1_527' title='bbox 2289 1811 2410 1878; x_wconf 43' lang='lat' dir='ltr'><strong>enim</strong></span> <span class='ocrx_word' id='word_1_528' title='bbox 2434 1797 2669 1850; x_wconf 84' lang='lat' dir='ltr'><strong>maximo</strong></span> <span class='ocrx_word' id='word_1_529' title='bbox 2694 1795 2954 1850; x_wconf 88' lang='lat' dir='ltr'><strong>dedecore</strong></span> <span class='ocrx_word' id='word_1_530' title='bbox 2977 1795 3115 1850; x_wconf 89' lang='lat' dir='ltr'><strong>inter</strong></span> <span class='ocrx_word' id='word_1_531' title='bbox 3138 1810 3233 1850; x_wconf 84' lang='lat' dir='ltr'><strong>eos</strong></span> <span class='ocrx_word' id='word_1_532' title='bbox 3257 1797 3529 1854; x_wconf 79' lang='lat' dir='ltr'><strong>senuisse.</strong></span> 
     </span>
    </p>
   </div>
   <div class='ocr_carea' id='block_1_78' title="bbox 1955 1884 3531 1958">
    <p class='ocr_par' dir='ltr' id='par_1_78' title="bbox 1955 1884 3531 1958">
     <span class='ocr_line' id='line_1_78' title="bbox 1955 1884 3531 1958; baseline -0.001 -16"><span class='ocrx_word' id='word_1_533' title='bbox 1955 1889 2078 1958; x_wconf 88' lang='lat' dir='ltr'><strong>quia</strong></span> <span class='ocrx_word' id='word_1_534' title='bbox 2106 1887 2444 1943; x_wconf 88' lang='lat' dir='ltr'><strong>Christianos</strong></span> <span class='ocrx_word' id='word_1_535' title='bbox 2473 1887 2700 1940; x_wconf 84' lang='lat' dir='ltr'><strong>diversis</strong></span> <span class='ocrx_word' id='word_1_536' title='bbox 2724 1885 2988 1940; x_wconf 87' lang='lat' dir='ltr'><strong>mortibus</strong></span> <span class='ocrx_word' id='word_1_537' title='bbox 3021 1884 3156 1941; x_wconf 76' lang='lat' dir='ltr'><strong>allici</strong></span> <span class='ocrx_word' id='word_1_538' title='bbox 3189 1887 3531 1943; x_wconf 79' lang='lat' dir='ltr'><strong>decreverat.</strong></span> 
     </span>
    </p>
   </div>
   <div class='ocr_carea' id='block_1_79' title="bbox 1956 1977 3533 2051">
    <p class='ocr_par' dir='ltr' id='par_1_79' title="bbox 1956 1977 3533 2051">
     <span class='ocr_line' id='line_1_79' title="bbox 1956 1977 3533 2051; baseline 0.001 -18"><span class='ocrx_word' id='word_1_539' title='bbox 1956 1980 2080 2036; x_wconf 79' lang='lat' dir='ltr'><strong>llaec</strong></span> <span class='ocrx_word' id='word_1_540' title='bbox 2102 1981 2264 2049; x_wconf 84' lang='lat' dir='ltr'><strong>igitur</strong></span> <span class='ocrx_word' id='word_1_541' title='bbox 2289 1979 2525 2048; x_wconf 86' lang='lat' dir='ltr'><strong>optimus</strong></span> <span class='ocrx_word' id='word_1_542' title='bbox 2547 1978 2840 2046; x_wconf 89' lang='lat' dir='ltr'><strong>imperator</strong></span> <span class='ocrx_word' id='word_1_543' title='bbox 2868 1978 3066 2046; x_wconf 87' lang='lat' dir='ltr'><strong>pietate</strong></span> <span class='ocrx_word' id='word_1_544' title='bbox 3083 1977 3368 2034; x_wconf 86' lang='lat' dir='ltr'><strong>decoratus</strong></span> <span class='ocrx_word' id='word_1_545' title='bbox 3391 1981 3533 2051; x_wconf 80' lang='lat' dir='ltr'><strong>egit.</strong></span> 
     </span>
    </p>
   </div>
   <div class='ocr_carea' id='block_1_80' title="bbox 1955 2066 3534 2135">
    <p class='ocr_par' dir='ltr' id='par_1_80' title="bbox 1955 2066 3534 2135">
     <span class='ocr_line' id='line_1_80' title="bbox 1955 2066 3534 2135; baseline -0.001 -10"><span class='ocrx_word' id='word_1_546' title='bbox 1955 2085 2138 2125; x_wconf 89' lang='lat' dir='ltr'><strong>curam</strong></span> <span class='ocrx_word' id='word_1_547' title='bbox 2152 2085 2259 2124; x_wconf 91' lang='lat' dir='ltr'><strong>non</strong></span> <span class='ocrx_word' id='word_1_548' title='bbox 2289 2068 2459 2124; x_wconf 91' lang='lat' dir='ltr'><strong>solum</strong></span> <span class='ocrx_word' id='word_1_549' title='bbox 2485 2066 2846 2135; x_wconf 73' lang='lat' dir='ltr'><strong>subiectorum</strong></span> <span class='ocrx_word' id='word_1_550' title='bbox 2874 2068 3099 2132; x_wconf 88' lang='lat' dir='ltr'><strong>habens,</strong></span> <span class='ocrx_word' id='word_1_551' title='bbox 3127 2069 3218 2123; x_wconf 89' lang='lat' dir='ltr'><strong>sed</strong></span> <span class='ocrx_word' id='word_1_552' title='bbox 3244 2070 3407 2124; x_wconf 86' lang='lat' dir='ltr'><strong>etiam</strong></span> <span class='ocrx_word' id='word_1_553' title='bbox 3438 2087 3534 2125; x_wconf 91' lang='lat' dir='ltr'><strong>eo-</strong></span> 
     </span>
    </p>
   </div>
   <div class='ocr_carea' id='block_1_81' title="bbox 1957 2157 3530 2230">
    <p class='ocr_par' dir='ltr' id='par_1_81' title="bbox 1957 2157 3530 2230">
     <span class='ocr_line' id='line_1_81' title="bbox 1957 2157 3530 2230; baseline 0 -16"><span class='ocrx_word' id='word_1_554' title='bbox 1957 2176 2077 2215; x_wconf 88' lang='lat' dir='ltr'><strong>rum</strong></span> <span class='ocrx_word' id='word_1_555' title='bbox 2107 2163 2198 2230; x_wconf 89' lang='lat' dir='ltr'><strong>qui</strong></span> <span class='ocrx_word' id='word_1_556' title='bbox 2232 2159 2330 2214; x_wconf 90' lang='lat' dir='ltr'><strong>sub</strong></span> <span class='ocrx_word' id='word_1_557' title='bbox 2346 2159 2522 2213; x_wconf 90' lang='lat' dir='ltr'><strong>alieno</strong></span> <span class='ocrx_word' id='word_1_558' title='bbox 2549 2157 2912 2227; x_wconf 85' lang='lat' dir='ltr'><strong>gubernaculo</strong></span> <span class='ocrx_word' id='word_1_559' title='bbox 2927 2159 3269 2229; x_wconf 82' lang='lat' dir='ltr'><strong>regebantur.</strong></span> <span class='ocrx_word' id='word_1_560' title='bbox 3285 2158 3530 2229; x_wconf 87' lang='lat' dir='ltr'><strong>Quapro-</strong></span> 
     </span>
    </p>
   </div>
   <div class='ocr_carea' id='block_1_82' title="bbox 1955 2248 3535 2320">
    <p class='ocr_par' dir='ltr' id='par_1_82' title="bbox 1955 2248 3535 2320">
     <span class='ocr_line' id='line_1_82' title="bbox 1955 2248 3535 2320; baseline -0.001 -15"><span class='ocrx_word' id='word_1_561' title='bbox 1955 2261 2075 2320; x_wconf 90' lang='lat' dir='ltr'><strong>pter</strong></span> <span class='ocrx_word' id='word_1_562' title='bbox 2095 2258 2150 2305; x_wconf 91' lang='lat' dir='ltr'><strong>et</strong></span> <span class='ocrx_word' id='word_1_563' title='bbox 2172 2251 2285 2319; x_wconf 90' lang='lat' dir='ltr'><strong>ipse</strong></span> <span class='ocrx_word' id='word_1_564' title='bbox 2306 2249 2483 2303; x_wconf 89' lang='lat' dir='ltr'><strong>divina</strong></span> <span class='ocrx_word' id='word_1_565' title='bbox 2509 2248 2840 2316; x_wconf 89' lang='lat' dir='ltr'><strong>protectione</strong></span> <span class='ocrx_word' id='word_1_566' title='bbox 2861 2249 3062 2318; x_wconf 89' lang='lat' dir='ltr'><strong>potitus</strong></span> <span class='ocrx_word' id='word_1_567' title='bbox 3083 2257 3166 2302; x_wconf 86' lang='lat' dir='ltr'><strong>est</strong></span> <span class='ocrx_word' id='word_1_568' title='bbox 3183 2258 3239 2302; x_wconf 90' lang='lat' dir='ltr'><strong>et</strong></span> <span class='ocrx_word' id='word_1_569' title='bbox 3260 2249 3535 2319; x_wconf 84' lang='lat' dir='ltr'><strong>Eumpam</strong></span> 
     </span>
    </p>
   </div>
   <div class='ocr_carea' id='block_1_83' title="bbox 1957 2339 3536 2410">
    <p class='ocr_par' dir='ltr' id='par_1_83' title="bbox 1957 2339 3536 2410">
     <span class='ocr_line' id='line_1_83' title="bbox 1957 2339 3536 2410; baseline -0.001 -14"><span class='ocrx_word' id='word_1_570' title='bbox 1957 2343 2282 2406; x_wconf 85' lang='lat' dir='ltr'><strong>universam,</strong></span> <span class='ocrx_word' id='word_1_571' title='bbox 2299 2348 2457 2410; x_wconf 90' lang='lat' dir='ltr'><strong>atque</strong></span> <span class='ocrx_word' id='word_1_572' title='bbox 2471 2339 2718 2410; x_wconf 85' lang='lat' dir='ltr'><strong>Libyam,</strong></span> <span class='ocrx_word' id='word_1_573' title='bbox 2744 2353 2904 2410; x_wconf 91' lang='lat' dir='ltr'><strong>super</strong></span> <span class='ocrx_word' id='word_1_574' title='bbox 2922 2341 3020 2394; x_wconf 83' lang='lat' dir='ltr'><strong>bas</strong></span> <span class='ocrx_word' id='word_1_575' title='bbox 3045 2340 3205 2394; x_wconf 91' lang='lat' dir='ltr'><strong>etiam</strong></span> <span class='ocrx_word' id='word_1_576' title='bbox 3235 2340 3536 2394; x_wconf 80' lang='lat' dir='ltr'><strong>maximam</strong></span> 
     </span>
    </p>
   </div>
   <div class='ocr_carea' id='block_1_84' title="bbox 1956 2428 3540 2502">
    <p class='ocr_par' dir='ltr' id='par_1_84' title="bbox 1956 2428 3540 2502">
     <span class='ocr_line' id='line_1_84' title="bbox 1956 2428 3540 2502; baseline -0.001 -16"><span class='ocrx_word' id='word_1_577' title='bbox 1956 2433 2334 2502; x_wconf 67' lang='lat' dir='ltr'><strong>Asiaa&#39;partem</strong></span> <span class='ocrx_word' id='word_1_578' title='bbox 2369 2439 2575 2494; x_wconf 86' lang='lat' dir='ltr'><strong>tenens,</strong></span> <span class='ocrx_word' id='word_1_579' title='bbox 2625 2445 2732 2482; x_wconf 92' lang='lat' dir='ltr'><strong>non</strong></span> <span class='ocrx_word' id='word_1_580' title='bbox 2779 2429 2947 2483; x_wconf 90' lang='lat' dir='ltr'><strong>solum</strong></span> <span class='ocrx_word' id='word_1_581' title='bbox 2973 2428 3242 2497; x_wconf 81' lang='lat' dir='ltr'><strong>subjectos</strong></span> <span class='ocrx_word' id='word_1_582' title='bbox 3295 2429 3540 2484; x_wconf 85' lang='lat' dir='ltr'><strong>habebat</strong></span> 
     </span>
    </p>
   </div>
   <div class='ocr_carea' id='block_1_85' title="bbox 1957 2521 3540 2592">
    <p class='ocr_par' dir='ltr' id='par_1_85' title="bbox 1957 2521 3540 2592">
     <span class='ocr_line' id='line_1_85' title="bbox 1957 2521 3540 2592; baseline -0.001 -14"><span class='ocrx_word' id='word_1_583' title='bbox 1957 2526 2198 2588; x_wconf 84' lang='lat' dir='ltr'><strong>devotos,</strong></span> <span class='ocrx_word' id='word_1_584' title='bbox 2234 2523 2326 2579; x_wconf 90' lang='lat' dir='ltr'><strong>sed</strong></span> <span class='ocrx_word' id='word_1_585' title='bbox 2376 2523 2539 2577; x_wconf 89' lang='lat' dir='ltr'><strong>etiam</strong></span> <span class='ocrx_word' id='word_1_586' title='bbox 2569 2521 2922 2576; x_wconf 88' lang='lat' dir='ltr'><strong>barbarorum</strong></span> <span class='ocrx_word' id='word_1_587' title='bbox 2953 2523 3042 2575; x_wconf 89' lang='lat' dir='ltr'><strong>alii</strong></span> <span class='ocrx_word' id='word_1_588' title='bbox 3073 2523 3290 2591; x_wconf 80' lang='lat' dir='ltr'><strong>quidem</strong></span> <span class='ocrx_word' id='word_1_589' title='bbox 3339 2534 3540 2592; x_wconf 87' lang='lat' dir='ltr'><strong>sponte</strong></span> 
     </span>
    </p>
   </div>
   <div class='ocr_carea' id='block_1_86' title="bbox 1957 2613 3538 2682">
    <p class='ocr_par' dir='ltr' id='par_1_86' title="bbox 1957 2613 3538 2682">
     <span class='ocr_line' id='line_1_86' title="bbox 1957 2613 3538 2682; baseline -0.003 -12"><span class='ocrx_word' id='word_1_590' title='bbox 1957 2617 2283 2679; x_wconf 86' lang='lat' dir='ltr'><strong>serviebant,</strong></span> <span class='ocrx_word' id='word_1_591' title='bbox 2311 2614 2401 2668; x_wconf 90' lang='lat' dir='ltr'><strong>alii</strong></span> <span class='ocrx_word' id='word_1_592' title='bbox 2436 2614 2655 2677; x_wconf 88' lang='lat' dir='ltr'><strong>devicti,</strong></span> <span class='ocrx_word' id='word_1_593' title='bbox 2681 2613 2877 2682; x_wconf 86' lang='lat' dir='ltr'><strong>ubique</strong></span> <span class='ocrx_word' id='word_1_594' title='bbox 2905 2614 3162 2682; x_wconf 90' lang='lat' dir='ltr'><strong>triumphi</strong></span> <span class='ocrx_word' id='word_1_595' title='bbox 3187 2613 3538 2680; x_wconf 84' lang='lat' dir='ltr'><strong>videbantur,</strong></span> 
     </span>
    </p>
   </div>
   <div class='ocr_carea' id='block_1_87' title="bbox 1957 2703 3538 2772">
    <p class='ocr_par' dir='ltr' id='par_1_87' title="bbox 1957 2703 3538 2772">
     <span class='ocr_line' id='line_1_87' title="bbox 1957 2703 3538 2772; baseline -0.001 -12"><span class='ocrx_word' id='word_1_596' title='bbox 1957 2715 2013 2760; x_wconf 89' lang='lat' dir='ltr'><strong>et</strong></span> <span class='ocrx_word' id='word_1_597' title='bbox 2033 2706 2208 2760; x_wconf 86' lang='lat' dir='ltr'><strong>victor</strong></span> <span class='ocrx_word' id='word_1_598' title='bbox 2237 2706 2559 2760; x_wconf 86' lang='lat' dir='ltr'><strong>cernebatur</strong></span> <span class='ocrx_word' id='word_1_599' title='bbox 2585 2703 2894 2758; x_wconf 88' lang='lat' dir='ltr'><strong>hominibus</strong></span> <span class='ocrx_word' id='word_1_600' title='bbox 2927 2705 3237 2772; x_wconf 82' lang='lat' dir='ltr'><strong>imperator.</strong></span> <span class='ocrx_word' id='word_1_601' title='bbox 3273 2704 3371 2770; x_wconf 85' lang='lat' dir='ltr'><strong>Qui</strong></span> <span class='ocrx_word' id='word_1_602' title='bbox 3402 2720 3538 2759; x_wconf 88' lang='lat' dir='ltr'><strong>cum</strong></span> 
     </span>
    </p>
   </div>
   <div class='ocr_carea' id='block_1_88' title="bbox 1959 2792 3542 2864">
    <p class='ocr_par' dir='ltr' id='par_1_88' title="bbox 1959 2792 3542 2864">
     <span class='ocr_line' id='line_1_88' title="bbox 1959 2792 3542 2864; baseline 0 -14"><span class='ocrx_word' id='word_1_603' title='bbox 1959 2804 2072 2850; x_wconf 85' lang='lat' dir='ltr'><strong>tres</strong></span> <span class='ocrx_word' id='word_1_604' title='bbox 2100 2795 2381 2850; x_wconf 88' lang='lat' dir='ltr'><strong>habuisset</strong></span> <span class='ocrx_word' id='word_1_605' title='bbox 2419 2794 2580 2860; x_wconf 88' lang='lat' dir='ltr'><strong>ﬁlios,</strong></span> <span class='ocrx_word' id='word_1_606' title='bbox 2605 2809 2698 2848; x_wconf 89' lang='lat' dir='ltr'><strong>eos</strong></span> <span class='ocrx_word' id='word_1_607' title='bbox 2731 2792 2971 2848; x_wconf 63' lang='lat' dir='ltr'><strong>Caesares</strong></span> <span class='ocrx_word' id='word_1_608' title='bbox 2991 2797 3315 2864; x_wconf 85' lang='lat' dir='ltr'><strong>nuncupavit</strong></span> <span class='ocrx_word' id='word_1_609' title='bbox 3339 2803 3390 2849; x_wconf 88' lang='lat' dir='ltr'><strong>et</strong></span> <span class='ocrx_word' id='word_1_610' title='bbox 3414 2796 3542 2850; x_wconf 55' lang='lat' dir='ltr'><strong>sin-</strong></span> 
     </span>
    </p>
   </div>
   <div class='ocr_carea' id='block_1_89' title="bbox 1960 2883 3538 2956">
    <p class='ocr_par' dir='ltr' id='par_1_89' title="bbox 1960 2883 3538 2956">
     <span class='ocr_line' id='line_1_89' title="bbox 1960 2883 3538 2956; baseline 0.001 -18"><span class='ocrx_word' id='word_1_611' title='bbox 1960 2884 2110 2956; x_wconf 85' lang='lat' dir='ltr'><strong>gulos</strong></span> <span class='ocrx_word' id='word_1_612' title='bbox 2149 2899 2334 2939; x_wconf 88' lang='lat' dir='ltr'><strong>eorum</strong></span> <span class='ocrx_word' id='word_1_613' title='bbox 2363 2899 2461 2954; x_wconf 84' lang='lat' dir='ltr'><strong>per</strong></span> <span class='ocrx_word' id='word_1_614' title='bbox 2485 2883 2754 2938; x_wconf 88' lang='lat' dir='ltr'><strong>decennos</strong></span> <span class='ocrx_word' id='word_1_615' title='bbox 2793 2898 2967 2938; x_wconf 88' lang='lat' dir='ltr'><strong>annos</strong></span> <span class='ocrx_word' id='word_1_616' title='bbox 3018 2883 3229 2954; x_wconf 86' lang='lat' dir='ltr'><strong>imperii</strong></span> <span class='ocrx_word' id='word_1_617' title='bbox 3260 2885 3341 2940; x_wconf 90' lang='lat' dir='ltr'><strong>sui</strong></span> <span class='ocrx_word' id='word_1_618' title='bbox 3378 2885 3538 2953; x_wconf 80' lang='lat' dir='ltr'><strong>prin-</strong></span> 
     </span>
    </p>
   </div>
   <div class='ocr_carea' id='block_1_90' title="bbox 1963 2973 3540 3046">
    <p class='ocr_par' dir='ltr' id='par_1_90' title="bbox 1963 2973 3540 3046">
     <span class='ocr_line' id='line_1_90' title="bbox 1963 2973 3540 3046; baseline 0 -15"><span class='ocrx_word' id='word_1_619' title='bbox 1963 2976 2108 3046; x_wconf 90' lang='lat' dir='ltr'><strong>cipes</strong></span> <span class='ocrx_word' id='word_1_620' title='bbox 2130 2991 2249 3030; x_wconf 90' lang='lat' dir='ltr'><strong>esse</strong></span> <span class='ocrx_word' id='word_1_621' title='bbox 2287 2975 2586 3040; x_wconf 87' lang='lat' dir='ltr'><strong>constituit,</strong></span> <span class='ocrx_word' id='word_1_622' title='bbox 2616 2975 2669 3029; x_wconf 90' lang='lat' dir='ltr'><strong>id</strong></span> <span class='ocrx_word' id='word_1_623' title='bbox 2703 2983 2803 3037; x_wconf 87' lang='lat' dir='ltr'><strong>est,</strong></span> <span class='ocrx_word' id='word_1_624' title='bbox 2837 2973 3070 3044; x_wconf 89' lang='lat' dir='ltr'><strong>primum</strong></span> <span class='ocrx_word' id='word_1_625' title='bbox 3113 2975 3326 3043; x_wconf 88' lang='lat' dir='ltr'><strong>quidem</strong></span> <span class='ocrx_word' id='word_1_626' title='bbox 3360 2976 3540 3031; x_wconf 89' lang='lat' dir='ltr'><strong>lilium</strong></span> 
     </span>
    </p>
   </div>
   <div class='ocr_carea' id='block_1_91' title="bbox 1966 3067 3537 3137">
    <p class='ocr_par' dir='ltr' id='par_1_91' title="bbox 1966 3067 3537 3137">
     <span class='ocr_line' id='line_1_91' title="bbox 1966 3067 3537 3137; baseline 0 -13"><span class='ocrx_word' id='word_1_627' title='bbox 1966 3069 2048 3124; x_wconf 90' lang='lat' dir='ltr'><strong>sui</strong></span> <span class='ocrx_word' id='word_1_628' title='bbox 2097 3069 2327 3123; x_wconf 89' lang='lat' dir='ltr'><strong>nominis</strong></span> <span class='ocrx_word' id='word_1_629' title='bbox 2360 3068 2769 3122; x_wconf 89' lang='lat' dir='ltr'><strong>Constantinum</strong></span> <span class='ocrx_word' id='word_1_630' title='bbox 2794 3067 3177 3136; x_wconf 79' lang='lat' dir='ltr'><strong>Hesperiarqu</strong></span> <span class='ocrx_word' id='word_1_631' title='bbox 3204 3069 3438 3137; x_wconf 88' lang='lat' dir='ltr'><strong>partium</strong></span> <span class='ocrx_word' id='word_1_632' title='bbox 3477 3071 3537 3124; x_wconf 91' lang='lat' dir='ltr'><strong>in</strong></span> 
     </span>
    </p>
   </div>
   <div class='ocr_carea' id='block_1_92' title="bbox 1966 3157 3542 3228">
    <p class='ocr_par' dir='ltr' id='par_1_92' title="bbox 1966 3157 3542 3228">
     <span class='ocr_line' id='line_1_92' title="bbox 1966 3157 3542 3228; baseline -0.001 -14"><span class='ocrx_word' id='word_1_633' title='bbox 1966 3158 2242 3214; x_wconf 89' lang='lat' dir='ltr'><strong>decennali</strong></span> <span class='ocrx_word' id='word_1_634' title='bbox 2283 3173 2378 3213; x_wconf 92' lang='lat' dir='ltr'><strong>suo</strong></span> <span class='ocrx_word' id='word_1_635' title='bbox 2414 3157 2542 3213; x_wconf 82' lang='lat' dir='ltr'><strong>iecit</strong></span> <span class='ocrx_word' id='word_1_636' title='bbox 2568 3159 2764 3212; x_wconf 87' lang='lat' dir='ltr'><strong>habere</strong></span> <span class='ocrx_word' id='word_1_637' title='bbox 2808 3159 3201 3228; x_wconf 86' lang='lat' dir='ltr'><strong>principatum;</strong></span> <span class='ocrx_word' id='word_1_638' title='bbox 3237 3159 3542 3213; x_wconf 89' lang='lat' dir='ltr'><strong>secundum</strong></span> 
     </span>
    </p>
   </div>
   <div class='ocr_carea' id='block_1_93' title="bbox 1971 3245 3547 3316">
    <p class='ocr_par' dir='ltr' id='par_1_93' title="bbox 1971 3245 3547 3316">
     <span class='ocr_line' id='line_1_93' title="bbox 1971 3245 3547 3316; baseline 0.001 -14"><span class='ocrx_word' id='word_1_639' title='bbox 1971 3263 2094 3303; x_wconf 90' lang='lat' dir='ltr'><strong>vero</strong></span> <span class='ocrx_word' id='word_1_640' title='bbox 2118 3249 2202 3303; x_wconf 89' lang='lat' dir='ltr'><strong>avi</strong></span> <span class='ocrx_word' id='word_1_641' title='bbox 2225 3247 2440 3303; x_wconf 90' lang='lat' dir='ltr'><strong>nomine</strong></span> <span class='ocrx_word' id='word_1_642' title='bbox 2467 3255 2833 3316; x_wconf 90' lang='lat' dir='ltr'><strong>nuncupatum</strong></span> <span class='ocrx_word' id='word_1_643' title='bbox 2859 3245 3255 3312; x_wconf 88' lang='lat' dir='ltr'><strong>Constantium,</strong></span> <span class='ocrx_word' id='word_1_644' title='bbox 3314 3248 3367 3301; x_wconf 89' lang='lat' dir='ltr'><strong>in</strong></span> <span class='ocrx_word' id='word_1_645' title='bbox 3393 3249 3547 3304; x_wconf 83' lang='lat' dir='ltr'><strong>vice-</strong></span> 
     </span>
    </p>
   </div>
   <div class='ocr_carea' id='block_1_94' title="bbox 1967 3337 3608 3409">
    <p class='ocr_par' dir='ltr' id='par_1_94' title="bbox 1967 3337 3608 3409">
     <span class='ocr_line' id='line_1_94' title="bbox 1967 3337 3608 3409; baseline 0.002 -18"><span class='ocrx_word' id='word_1_646' title='bbox 1967 3339 2176 3394; x_wconf 89' lang='lat' dir='ltr'><strong>naiibus</strong></span> <span class='ocrx_word' id='word_1_647' title='bbox 2198 3340 2309 3394; x_wconf 86' lang='lat' dir='ltr'><strong>suis</strong></span> <span class='ocrx_word' id='word_1_648' title='bbox 2335 3339 2596 3394; x_wconf 67' lang='lat' dir='ltr'><strong>Cmsarem</strong></span> <span class='ocrx_word' id='word_1_649' title='bbox 2623 3339 2674 3392; x_wconf 91' lang='lat' dir='ltr'><strong>in</strong></span> <span class='ocrx_word' id='word_1_650' title='bbox 2701 3337 2920 3393; x_wconf 89' lang='lat' dir='ltr'><strong>Oriente</strong></span> <span class='ocrx_word' id='word_1_651' title='bbox 2939 3339 3248 3403; x_wconf 88' lang='lat' dir='ltr'><strong>constituit;</strong></span> <span class='ocrx_word' id='word_1_652' title='bbox 3264 3339 3546 3409; x_wconf 86' lang='lat' dir='ltr'><strong>juniorem</strong></span> <span class='ocrx_word' id='word_1_653' title='bbox 3601 3373 3608 3384; x_wconf 94' lang='lat'><strong><em>-</em></strong></span> 
     </span>
    </p>
   </div>
   <div class='ocr_carea' id='block_1_95' title="bbox 1964 3431 3549 3498">
    <p class='ocr_par' dir='ltr' id='par_1_95' title="bbox 1964 3431 3549 3498">
     <span class='ocr_line' id='line_1_95' title="bbox 1964 3431 3549 3498; baseline 0.002 -14"><span class='ocrx_word' id='word_1_654' title='bbox 1964 3447 2094 3487; x_wconf 87' lang='lat' dir='ltr'><strong>vero</strong></span> <span class='ocrx_word' id='word_1_655' title='bbox 2121 3432 2464 3487; x_wconf 87' lang='lat' dir='ltr'><strong>Constantem</strong></span> <span class='ocrx_word' id='word_1_656' title='bbox 2500 3433 2550 3485; x_wconf 93' lang='lat' dir='ltr'><strong>in</strong></span> <span class='ocrx_word' id='word_1_657' title='bbox 2577 3433 2690 3486; x_wconf 88' lang='lat' dir='ltr'><strong>suis</strong></span> <span class='ocrx_word' id='word_1_658' title='bbox 2718 3431 3064 3486; x_wconf 89' lang='lat' dir='ltr'><strong>tricenalibus</strong></span> <span class='ocrx_word' id='word_1_659' title='bbox 3115 3432 3401 3486; x_wconf 84' lang='lat' dir='ltr'><strong>ordinavit.</strong></span> <span class='ocrx_word' id='word_1_660' title='bbox 3433 3432 3549 3498; x_wconf 89' lang='lat' dir='ltr'><strong>Qui</strong></span> 
     </span>
    </p>
   </div>
   <div class='ocr_carea' id='block_1_96' title="bbox 1970 3519 3552 3590">
    <p class='ocr_par' dir='ltr' id='par_1_96' title="bbox 1970 3519 3552 3590">
     <span class='ocr_line' id='line_1_96' title="bbox 1970 3519 3552 3590; baseline -0.001 -14"><span class='ocrx_word' id='word_1_661' title='bbox 1970 3536 2092 3576; x_wconf 90' lang='lat' dir='ltr'><strong>cum</strong></span> <span class='ocrx_word' id='word_1_662' title='bbox 2118 3521 2172 3576; x_wconf 93' lang='lat' dir='ltr'><strong>in</strong></span> <span class='ocrx_word' id='word_1_663' title='bbox 2197 3519 2503 3576; x_wconf 85' lang='lat' dir='ltr'><strong>Nicomedia</strong></span> <span class='ocrx_word' id='word_1_664' title='bbox 2543 3520 2780 3590; x_wconf 83' lang='lat' dir='ltr'><strong>degeret,</strong></span> <span class='ocrx_word' id='word_1_665' title='bbox 2808 3519 3067 3589; x_wconf 85' lang='lat' dir='ltr'><strong>languore</strong></span> <span class='ocrx_word' id='word_1_666' title='bbox 3102 3528 3379 3588; x_wconf 87' lang='lat' dir='ltr'><strong>gravatus,</strong></span> <span class='ocrx_word' id='word_1_667' title='bbox 3435 3535 3552 3574; x_wconf 85' lang='lat' dir='ltr'><strong>nec</strong></span> 
     </span>
    </p>
   </div>
   <div class='ocr_carea' id='block_1_97' title="bbox 1976 3608 3550 3681">
    <p class='ocr_par' dir='ltr' id='par_1_97' title="bbox 1976 3608 3550 3681">
     <span class='ocr_line' id='line_1_97' title="bbox 1976 3608 3550 3681; baseline 0.001 -19"><span class='ocrx_word' id='word_1_668' title='bbox 1976 3610 2230 3681; x_wconf 89' lang='lat' dir='ltr'><strong>ignorans</strong></span> <span class='ocrx_word' id='word_1_669' title='bbox 2259 3608 2418 3677; x_wconf 88' lang='lat' dir='ltr'><strong>hujus</strong></span> <span class='ocrx_word' id='word_1_670' title='bbox 2441 3609 2566 3662; x_wconf 63' lang='lat' dir='ltr'><strong>vita:</strong></span> <span class='ocrx_word' id='word_1_671' title='bbox 2595 3608 2880 3672; x_wconf 89' lang='lat' dir='ltr'><strong>incertum,</strong></span> <span class='ocrx_word' id='word_1_672' title='bbox 2907 3608 3137 3678; x_wconf 88' lang='lat' dir='ltr'><strong>gratiam</strong></span> <span class='ocrx_word' id='word_1_673' title='bbox 3167 3608 3307 3662; x_wconf 90' lang='lat' dir='ltr'><strong>sacri</strong></span> <span class='ocrx_word' id='word_1_674' title='bbox 3336 3609 3550 3677; x_wconf 87' lang='lat' dir='ltr'><strong>baptis-</strong></span> 
     </span>
    </p>
   </div>
   <div class='ocr_carea' id='block_1_98' title="bbox 1967 3697 3553 3768">
    <p class='ocr_par' dir='ltr' id='par_1_98' title="bbox 1967 3697 3553 3768">
     <span class='ocr_line' id='line_1_98' title="bbox 1967 3697 3553 3768; baseline -0.001 -14"><span class='ocrx_word' id='word_1_675' title='bbox 1967 3701 2127 3756; x_wconf 87' lang='lat' dir='ltr'><strong>matis</strong></span> <span class='ocrx_word' id='word_1_676' title='bbox 2171 3709 2257 3755; x_wconf 92' lang='lat' dir='ltr'><strong>est</strong></span> <span class='ocrx_word' id='word_1_677' title='bbox 2289 3700 2532 3768; x_wconf 90' lang='lat' dir='ltr'><strong>adeptus.</strong></span> <span class='ocrx_word' id='word_1_678' title='bbox 2585 3698 2875 3753; x_wconf 88' lang='lat' dir='ltr'><strong>Distulerat</strong></span> <span class='ocrx_word' id='word_1_679' title='bbox 2911 3698 3055 3752; x_wconf 89' lang='lat' dir='ltr'><strong>enim</strong></span> <span class='ocrx_word' id='word_1_680' title='bbox 3086 3713 3253 3767; x_wconf 90' lang='lat' dir='ltr'><strong>usque</strong></span> <span class='ocrx_word' id='word_1_681' title='bbox 3292 3698 3361 3752; x_wconf 91' lang='lat' dir='ltr'><strong>ad</strong></span> <span class='ocrx_word' id='word_1_682' title='bbox 3409 3697 3553 3752; x_wconf 83' lang='lat' dir='ltr'><strong>illud</strong></span> 
     </span>
    </p>
   </div>
   <div class='ocr_carea' id='block_1_99' title="bbox 1969 3780 3546 3861">
    <p class='ocr_par' dir='ltr' id='par_1_99' title="bbox 1969 3780 3546 3861">
     <span class='ocr_line' id='line_1_99' title="bbox 1969 3780 3546 3861; baseline -0.002 -14"><span class='ocrx_word' id='word_1_683' title='bbox 1969 3802 2204 3861; x_wconf 85' lang='lat' dir='ltr'><strong>tempus,</strong></span> <span class='ocrx_word' id='word_1_684' title='bbox 2236 3793 2287 3845; x_wconf 92' lang='lat' dir='ltr'><strong>in</strong></span> <span class='ocrx_word' id='word_1_685' title='bbox 2317 3791 2549 3845; x_wconf 71' lang='lat' dir='ltr'><strong>Iordane</strong></span> <span class='ocrx_word' id='word_1_686' title='bbox 2569 3791 2726 3843; x_wconf 86' lang='lat' dir='ltr'><strong>ﬂuvio</strong></span> <span class='ocrx_word' id='word_1_687' title='bbox 2747 3791 2846 3844; x_wconf 89' lang='lat' dir='ltr'><strong>hoc</strong></span> <span class='ocrx_word' id='word_1_688' title='bbox 2874 3780 3170 3857; x_wconf 77' lang='lat' dir='ltr'><strong>premereri</strong></span> <span class='ocrx_word' id='word_1_689' title='bbox 3197 3789 3546 3845; x_wconf 78' lang='lat' dir='ltr'><strong>desiderans.</strong></span> 
     </span>
    </p>
   </div>
   <div class='ocr_carea' id='block_1_100' title="bbox 1966 3880 3557 3950">
    <p class='ocr_par' dir='ltr' id='par_1_100' title="bbox 1966 3880 3557 3950">
     <span class='ocr_line' id='line_1_100' title="bbox 1966 3880 3557 3950; baseline 0.001 -15"><span class='ocrx_word' id='word_1_690' title='bbox 1966 3884 2133 3938; x_wconf 82' lang='lat' dir='ltr'><strong>Porro</strong></span> <span class='ocrx_word' id='word_1_691' title='bbox 2170 3890 2347 3935; x_wconf 87' lang='lat' dir='ltr'><strong>autem</strong></span> <span class='ocrx_word' id='word_1_692' title='bbox 2383 3891 2491 3935; x_wconf 91' lang='lat' dir='ltr'><strong>tres</strong></span> <span class='ocrx_word' id='word_1_693' title='bbox 2520 3881 2658 3934; x_wconf 88' lang='lat' dir='ltr'><strong>ﬁlios</strong></span> <span class='ocrx_word' id='word_1_694' title='bbox 2708 3881 2913 3950; x_wconf 87' lang='lat' dir='ltr'><strong>imperii</strong></span> <span class='ocrx_word' id='word_1_695' title='bbox 2955 3880 3168 3949; x_wconf 88' lang='lat' dir='ltr'><strong>reliquit</strong></span> <span class='ocrx_word' id='word_1_696' title='bbox 3192 3881 3461 3946; x_wconf 64' lang='lat' dir='ltr'><strong>hasredes,</strong></span> <span class='ocrx_word' id='word_1_697' title='bbox 3490 3890 3557 3936; x_wconf 80' lang='lat' dir='ltr'><strong>et.</strong></span> 
     </span>
    </p>
   </div>
   <div class='ocr_carea' id='block_1_101' title="bbox 1964 3969 3558 4040">
    <p class='ocr_par' dir='ltr' id='par_1_101' title="bbox 1964 3969 3558 4040">
     <span class='ocr_line' id='line_1_101' title="bbox 1964 3969 3558 4040; baseline 0.001 -16"><span class='ocrx_word' id='word_1_698' title='bbox 1964 3971 2317 4025; x_wconf 81' lang='lat' dir='ltr'><strong>Athanasium</strong></span> <span class='ocrx_word' id='word_1_699' title='bbox 2368 3985 2622 4040; x_wconf 88' lang='lat' dir='ltr'><strong>magnum</strong></span> <span class='ocrx_word' id='word_1_700' title='bbox 2670 3970 2863 4024; x_wconf 85' lang='lat' dir='ltr'><strong>reverti</strong></span> <span class='ocrx_word' id='word_1_701' title='bbox 2900 3970 3154 4039; x_wconf 63' lang='lat' dir='ltr'><strong>praecepit</strong></span> <span class='ocrx_word' id='word_1_702' title='bbox 3203 3970 3256 4023; x_wconf 92' lang='lat' dir='ltr'><strong>in</strong></span> <span class='ocrx_word' id='word_1_703' title='bbox 3310 3969 3558 4026; x_wconf 75' lang='lat' dir='ltr'><strong>Alexan-</strong></span> 
     </span>
    </p>
   </div>
   <div class='ocr_carea' id='block_1_102' title="bbox 1967 4060 3561 4128">
    <p class='ocr_par' dir='ltr' id='par_1_102' title="bbox 1967 4060 3561 4128">
     <span class='ocr_line' id='line_1_102' title="bbox 1967 4060 3561 4128; baseline -0.001 -11"><span class='ocrx_word' id='word_1_704' title='bbox 1967 4063 2162 4127; x_wconf 82' lang='lat' dir='ltr'><strong>driam,</strong></span> <span class='ocrx_word' id='word_1_705' title='bbox 2211 4061 2336 4116; x_wconf 89' lang='lat' dir='ltr'><strong>licet</strong></span> <span class='ocrx_word' id='word_1_706' title='bbox 2382 4061 2644 4114; x_wconf 87' lang='lat' dir='ltr'><strong>Eusebius</strong></span> <span class='ocrx_word' id='word_1_707' title='bbox 2676 4075 2912 4128; x_wconf 64' lang='lat' dir='ltr'><strong>praesens</strong></span> <span class='ocrx_word' id='word_1_708' title='bbox 2972 4069 3137 4123; x_wconf 86' lang='lat' dir='ltr'><strong>esset,</strong></span> <span class='ocrx_word' id='word_1_709' title='bbox 3175 4067 3231 4114; x_wconf 86' lang='lat' dir='ltr'><strong>et</strong></span> <span class='ocrx_word' id='word_1_710' title='bbox 3281 4060 3561 4115; x_wconf 80' lang='lat' dir='ltr'><strong>niteretur</strong></span> 
     </span>
    </p>
   </div>
   <div class='ocr_carea' id='block_1_103' title="bbox 1965 4149 3556 4214">
    <p class='ocr_par' dir='ltr' id='par_1_103' title="bbox 1965 4149 3556 4214">
     <span class='ocr_line' id='line_1_103' title="bbox 1965 4149 3556 4214; baseline -0.002 -6"><span class='ocrx_word' id='word_1_711' title='bbox 1965 4153 2234 4208; x_wconf 89' lang='lat' dir='ltr'><strong>contraria</strong></span> <span class='ocrx_word' id='word_1_712' title='bbox 2265 4152 2509 4206; x_wconf 91' lang='lat' dir='ltr'><strong>suadere.</strong></span> <span class='ocrx_word' id='word_1_713' title='bbox 2538 4151 2614 4205; x_wconf 90' lang='lat' dir='ltr'><strong>ita</strong></span> <span class='ocrx_word' id='word_1_714' title='bbox 2647 4150 2790 4205; x_wconf 82' lang='lat' dir='ltr'><strong>facto</strong></span> <span class='ocrx_word' id='word_1_715' title='bbox 2835 4157 3179 4214; x_wconf 86' lang='lat' dir='ltr'><strong>testamento,</strong></span> <span class='ocrx_word' id='word_1_716' title='bbox 3219 4150 3389 4204; x_wconf 89' lang='lat' dir='ltr'><strong>tribus</strong></span> <span class='ocrx_word' id='word_1_717' title='bbox 3415 4149 3556 4206; x_wconf 85' lang='lat' dir='ltr'><strong>ﬁliis</strong></span> 
     </span>
    </p>
   </div>
   <div class='ocr_carea' id='block_1_104' title="bbox 1966 4240 3560 4308">
    <p class='ocr_par' dir='ltr' id='par_1_104' title="bbox 1966 4240 3560 4308">
     <span class='ocr_line' id='line_1_104' title="bbox 1966 4240 3560 4308; baseline -0.002 -10"><span class='ocrx_word' id='word_1_718' title='bbox 1966 4243 2272 4298; x_wconf 87' lang='lat' dir='ltr'><strong>constitutis</strong></span> <span class='ocrx_word' id='word_1_719' title='bbox 2296 4241 2599 4296; x_wconf 69' lang='lat' dir='ltr'><strong>hmredibus</strong></span> <span class='ocrx_word' id='word_1_720' title='bbox 2628 4240 2909 4295; x_wconf 79' lang='lat' dir='ltr'><strong>defunctus</strong></span> <span class='ocrx_word' id='word_1_721' title='bbox 2935 4247 3038 4294; x_wconf 91' lang='lat' dir='ltr'><strong>est.</strong></span> <span class='ocrx_word' id='word_1_722' title='bbox 3074 4240 3222 4293; x_wconf 76' lang='lat' dir='ltr'><strong>Vixit</strong></span> <span class='ocrx_word' id='word_1_723' title='bbox 3243 4241 3420 4308; x_wconf 88' lang='lat' dir='ltr'><strong>itaque</strong></span> <span class='ocrx_word' id='word_1_724' title='bbox 3450 4257 3560 4295; x_wconf 83' lang='lat' dir='ltr'><strong>an—</strong></span> 
     </span>
    </p>
   </div>
   <div class='ocr_carea' id='block_1_105' title="bbox 1974 4332 3549 4404">
    <p class='ocr_par' dir='ltr' id='par_1_105' title="bbox 1974 4332 3549 4404">
     <span class='ocr_line' id='line_1_105' title="bbox 1974 4332 3549 4404; baseline 0 -16"><span class='ocrx_word' id='word_1_725' title='bbox 1974 4334 2058 4389; x_wconf 92' lang='lat' dir='ltr'><strong>nis</strong></span> <span class='ocrx_word' id='word_1_726' title='bbox 2083 4333 2417 4404; x_wconf 87' lang='lat' dir='ltr'><strong>septuaginta</strong></span> <span class='ocrx_word' id='word_1_727' title='bbox 2451 4332 2710 4401; x_wconf 89' lang='lat' dir='ltr'><strong>quinque,</strong></span> <span class='ocrx_word' id='word_1_728' title='bbox 2749 4332 2988 4402; x_wconf 88' lang='lat' dir='ltr'><strong>regnavit</strong></span> <span class='ocrx_word' id='word_1_729' title='bbox 3018 4332 3237 4402; x_wconf 89' lang='lat' dir='ltr'><strong>triginta</strong></span> <span class='ocrx_word' id='word_1_730' title='bbox 3264 4341 3321 4386; x_wconf 91' lang='lat' dir='ltr'><strong>et</strong></span> <span class='ocrx_word' id='word_1_731' title='bbox 3346 4349 3549 4388; x_wconf 90' lang='lat' dir='ltr'><strong>unum.</strong></span> 
     </span>
    </p>
   </div>
   <div class='ocr_carea' id='block_1_106' title="bbox 1972 4425 3562 4497">
    <p class='ocr_par' dir='ltr' id='par_1_106' title="bbox 1972 4425 3562 4497">
     <span class='ocr_line' id='line_1_106' title="bbox 1972 4425 3562 4497; baseline 0.001 -17"><span class='ocrx_word' id='word_1_732' title='bbox 1972 4427 2140 4497; x_wconf 86' lang='lat' dir='ltr'><strong>igitur</strong></span> <span class='ocrx_word' id='word_1_733' title='bbox 2169 4427 2308 4481; x_wconf 89' lang='lat' dir='ltr'><strong>inter</strong></span> <span class='ocrx_word' id='word_1_734' title='bbox 2336 4427 2450 4480; x_wconf 58' lang='lat' dir='ltr'><strong>hare</strong></span> <span class='ocrx_word' id='word_1_735' title='bbox 2478 4425 2645 4480; x_wconf 88' lang='lat' dir='ltr'><strong>latent</strong></span> <span class='ocrx_word' id='word_1_736' title='bbox 2671 4441 2846 4479; x_wconf 72' lang='lat' dir='ltr'><strong>causze</strong></span> <span class='ocrx_word' id='word_1_737' title='bbox 2884 4440 2980 4479; x_wconf 88' lang='lat' dir='ltr'><strong>cur</strong></span> <span class='ocrx_word' id='word_1_738' title='bbox 3027 4433 3211 4478; x_wconf 87' lang='lat' dir='ltr'><strong>tantus</strong></span> <span class='ocrx_word' id='word_1_739' title='bbox 3259 4425 3340 4478; x_wconf 90' lang='lat' dir='ltr'><strong>vir</strong></span> <span class='ocrx_word' id='word_1_740' title='bbox 3375 4425 3562 4481; x_wconf 85' lang='lat' dir='ltr'><strong>vindi-</strong></span> 
     </span>
    </p>
   </div>
   <div class='ocr_carea' id='block_1_107' title="bbox 1972 4513 3558 4586">
    <p class='ocr_par' dir='ltr' id='par_1_107' title="bbox 1972 4513 3558 4586">
     <span class='ocr_line' id='line_1_107' title="bbox 1972 4513 3558 4586; baseline -0.001 -14"><span class='ocrx_word' id='word_1_741' title='bbox 1972 4531 2088 4572; x_wconf 91' lang='lat' dir='ltr'><strong>cem</strong></span> <span class='ocrx_word' id='word_1_742' title='bbox 2153 4515 2407 4586; x_wconf 88' lang='lat' dir='ltr'><strong>gladium,</strong></span> <span class='ocrx_word' id='word_1_743' title='bbox 2458 4525 2514 4570; x_wconf 90' lang='lat' dir='ltr'><strong>et</strong></span> <span class='ocrx_word' id='word_1_744' title='bbox 2537 4516 2854 4570; x_wconf 87' lang='lat' dir='ltr'><strong>destinatam</strong></span> <span class='ocrx_word' id='word_1_745' title='bbox 2887 4515 2938 4568; x_wconf 93' lang='lat' dir='ltr'><strong>in</strong></span> <span class='ocrx_word' id='word_1_746' title='bbox 2962 4513 3154 4582; x_wconf 90' lang='lat' dir='ltr'><strong>impios</strong></span> <span class='ocrx_word' id='word_1_747' title='bbox 3182 4515 3558 4582; x_wconf 77' lang='lat' dir='ltr'><strong>punitionem,</strong></span> 
     </span>
    </p>
   </div>
   <div class='ocr_carea' id='block_1_108' title="bbox 1971 4603 3557 4676">
    <p class='ocr_par' dir='ltr' id='par_1_108' title="bbox 1971 4603 3557 4676">
     <span class='ocr_line' id='line_1_108' title="bbox 1971 4603 3557 4676; baseline -0.001 -16"><span class='ocrx_word' id='word_1_748' title='bbox 1971 4606 2133 4660; x_wconf 88' lang='lat' dir='ltr'><strong>etiam</strong></span> <span class='ocrx_word' id='word_1_749' title='bbox 2165 4607 2218 4660; x_wconf 90' lang='lat' dir='ltr'><strong>in</strong></span> <span class='ocrx_word' id='word_1_750' title='bbox 2249 4608 2496 4676; x_wconf 83' lang='lat' dir='ltr'><strong>pmprios</strong></span> <span class='ocrx_word' id='word_1_751' title='bbox 2515 4606 2624 4674; x_wconf 78' lang='lat' dir='ltr'><strong>egit</strong></span> <span class='ocrx_word' id='word_1_752' title='bbox 2647 4605 2884 4660; x_wconf 75' lang='lat' dir='ltr'><strong>allectus.</strong></span> <span class='ocrx_word' id='word_1_753' title='bbox 2915 4605 3045 4658; x_wconf 89' lang='lat' dir='ltr'><strong>Nam</strong></span> <span class='ocrx_word' id='word_1_754' title='bbox 3091 4603 3340 4672; x_wconf 81' lang='lat' dir='ltr'><strong>Crispum</strong></span> <span class='ocrx_word' id='word_1_755' title='bbox 3373 4603 3557 4659; x_wconf 87' lang='lat' dir='ltr'><strong>ﬁlium</strong></span> 
     </span>
    </p>
   </div>
   <div class='ocr_carea' id='block_1_109' title="bbox 1973 4694 3557 4751">
    <p class='ocr_par' dir='ltr' id='par_1_109' title="bbox 1973 4694 3557 4751">
     <span class='ocr_line' id='line_1_109' title="bbox 1973 4694 3557 4751; baseline -0.001 -1"><span class='ocrx_word' id='word_1_756' title='bbox 1973 4713 2129 4750; x_wconf 91' lang='lat' dir='ltr'><strong>suum</strong></span> <span class='ocrx_word' id='word_1_757' title='bbox 2159 4705 2213 4750; x_wconf 90' lang='lat' dir='ltr'><strong>et</strong></span> <span class='ocrx_word' id='word_1_758' title='bbox 2261 4697 2524 4751; x_wconf 88' lang='lat' dir='ltr'><strong>Licinium</strong></span> <span class='ocrx_word' id='word_1_759' title='bbox 2550 4697 2753 4751; x_wconf 88' lang='lat' dir='ltr'><strong>sororis</strong></span> <span class='ocrx_word' id='word_1_760' title='bbox 2776 4696 2941 4749; x_wconf 87' lang='lat' dir='ltr'><strong>ﬁlium</strong></span> <span class='ocrx_word' id='word_1_761' title='bbox 2968 4694 3239 4749; x_wconf 82' lang='lat' dir='ltr'><strong>interfecit</strong></span> <span class='ocrx_word' id='word_1_762' title='bbox 3267 4702 3324 4747; x_wconf 91' lang='lat' dir='ltr'><strong>ut</strong></span> <span class='ocrx_word' id='word_1_763' title='bbox 3371 4694 3557 4749; x_wconf 88' lang='lat' dir='ltr'><strong>aiunt.</strong></span> 
     </span>
    </p>
   </div>
   <div class='ocr_carea' id='block_1_110' title="bbox 1976 4784 3559 4854">
    <p class='ocr_par' dir='ltr' id='par_1_110' title="bbox 1976 4784 3559 4854">
     <span class='ocr_line' id='line_1_110' title="bbox 1976 4784 3559 4854; baseline -0.001 -16"><span class='ocrx_word' id='word_1_764' title='bbox 1976 4785 2052 4839; x_wconf 90' lang='lat' dir='ltr'><strong>De</strong></span> <span class='ocrx_word' id='word_1_765' title='bbox 2076 4785 2160 4839; x_wconf 92' lang='lat' dir='ltr'><strong>his</strong></span> <span class='ocrx_word' id='word_1_766' title='bbox 2180 4785 2362 4849; x_wconf 88' lang='lat' dir='ltr'><strong>etiam,</strong></span> <span class='ocrx_word' id='word_1_767' title='bbox 2385 4786 2475 4854; x_wconf 92' lang='lat' dir='ltr'><strong>qui</strong></span> <span class='ocrx_word' id='word_1_768' title='bbox 2493 4785 2592 4839; x_wconf 85' lang='lat' dir='ltr'><strong>sub</strong></span> <span class='ocrx_word' id='word_1_769' title='bbox 2615 4801 2678 4840; x_wconf 92' lang='lat' dir='ltr'><strong>co</strong></span> <span class='ocrx_word' id='word_1_770' title='bbox 2699 4784 2984 4839; x_wconf 89' lang='lat' dir='ltr'><strong>scribendo</strong></span> <span class='ocrx_word' id='word_1_771' title='bbox 3001 4793 3346 4838; x_wconf 88' lang='lat' dir='ltr'><strong>monumenta</strong></span> <span class='ocrx_word' id='word_1_772' title='bbox 3369 4795 3559 4852; x_wconf 50' lang='lat' dir='ltr'><strong>posse</strong></span> 
     </span>
    </p>
   </div>
   <div class='ocr_carea' id='block_1_111' title="bbox 1976 4873 2804 4943">
    <p class='ocr_par' dir='ltr' id='par_1_111' title="bbox 1976 4873 2804 4943">
     <span class='ocr_line' id='line_1_111' title="bbox 1976 4873 2804 4943; baseline -0.001 -17"><span class='ocrx_word' id='word_1_773' title='bbox 1976 4873 2052 4928; x_wconf 89' lang='lat' dir='ltr'><strong>ris</strong></span> <span class='ocrx_word' id='word_1_774' title='bbox 2083 4873 2437 4943; x_wconf 89' lang='lat' dir='ltr'><strong>reliquerunt,</strong></span> <span class='ocrx_word' id='word_1_775' title='bbox 2469 4891 2575 4929; x_wconf 94' lang='lat' dir='ltr'><strong>non</strong></span> <span class='ocrx_word' id='word_1_776' title='bbox 2618 4874 2804 4927; x_wconf 87' lang='lat' dir='ltr'><strong>silebo.</strong></span> 
     </span>
    </p>
   </div>
   <div class='ocr_carea' id='block_1_112' title="bbox 2573 4984 2981 5039">
    <p class='ocr_par' dir='ltr' id='par_1_112' title="bbox 2573 4984 2981 5039">
     <span class='ocr_line' id='line_1_112' title="bbox 2573 4984 2981 5039; baseline -0.002 0"><span class='ocrx_word' id='word_1_777' title='bbox 2573 4984 2798 5039; x_wconf 82' lang='lat' dir='ltr'><strong>CAPUT</strong></span> <span class='ocrx_word' id='word_1_778' title='bbox 2840 4984 2981 5038; x_wconf 73' lang='lat' dir='ltr'><strong>XXI.</strong></span> 
     </span>
    </p>
   </div>
   <div class='ocr_carea' id='block_1_113' title="bbox 1976 5072 3563 5212">
    <p class='ocr_par' dir='ltr' id='par_1_113' title="bbox 1976 5072 3563 5212">
     <span class='ocr_line' id='line_1_113' title="bbox 1976 5072 3563 5212; baseline -0.001 -84"><span class='ocrx_word' id='word_1_779' title='bbox 1976 5074 2053 5128; x_wconf 85' lang='lat' dir='ltr'><strong>De</strong></span> <span class='ocrx_word' id='word_1_780' title='bbox 2090 5075 2305 5129; x_wconf 83' lang='lat' dir='ltr'><strong>diversis</strong></span> <span class='ocrx_word' id='word_1_781' title='bbox 2352 5075 2654 5212; x_wconf 58' lang='lat' dir='ltr'><strong>doctoribu’sz</strong></span> <span class='ocrx_word' id='word_1_782' title='bbox 2689 5074 2783 5127; x_wconf 87' lang='lat' dir='ltr'><strong>sub</strong></span> <span class='ocrx_word' id='word_1_783' title='bbox 2811 5072 3171 5196; x_wconf 51' lang='lat' dir='ltr'><strong>foustantino</strong></span> <span class='ocrx_word' id='word_1_784' title='bbox 3233 5074 3563 5139; x_wconf 69' lang='lat' dir='ltr'><strong>imperatore</strong></span> 
     </span>
     <span class='ocr_line' id='line_1_114' title="bbox 2658 5153 2937 5197; baseline -0.004 0"><span class='ocrx_word' id='word_1_785' title='bbox 2658 5153 2820 5197; x_wconf 78' lang='lat' dir='ltr'><strong>arenti</strong></span> <span class='ocrx_word' id='word_1_786' title='bbox 2860 5160 2937 5196; x_wconf 84' lang='lat' dir='ltr'><strong>us.</strong></span> 
     </span>
    </p>
   </div>
   <div class='ocr_carea' id='block_1_114' title="bbox 2658 5153 2937 5197">
    <p class='ocr_par' dir='ltr' id='par_1_114' title="bbox 2658 5153 2937 5197">
     <span class='ocr_line' id='line_1_115' title="bbox 2658 5153 2937 5197; baseline -0.004 0"><span class='ocrx_word' id='word_1_787' title='bbox 2658 5153 2937 5197; x_wconf 78' lang='lat' dir='ltr'><strong>arentibus.</strong></span> 
     </span>
    </p>
   </div>
   <div class='ocr_carea' id='block_1_115' title="bbox 2048 5233 3565 5302">
    <p class='ocr_par' dir='ltr' id='par_1_115' title="bbox 2048 5233 3565 5302">
     <span class='ocr_line' id='line_1_116' title="bbox 2048 5233 3565 5302; baseline -0.002 -12"><span class='ocrx_word' id='word_1_788' title='bbox 2048 5235 2318 5291; x_wconf 81' lang='lat' dir='ltr'><strong>Arnobius</strong></span> <span class='ocrx_word' id='word_1_789' title='bbox 2339 5236 2522 5290; x_wconf 89' lang='lat' dir='ltr'><strong>rhetor</strong></span> <span class='ocrx_word' id='word_1_790' title='bbox 2545 5235 2596 5289; x_wconf 91' lang='lat' dir='ltr'><strong>in</strong></span> <span class='ocrx_word' id='word_1_791' title='bbox 2614 5233 2794 5288; x_wconf 69' lang='lat' dir='ltr'><strong>Africa</strong></span> <span class='ocrx_word' id='word_1_792' title='bbox 2819 5234 2998 5289; x_wconf 88' lang='lat' dir='ltr'><strong>clarus</strong></span> <span class='ocrx_word' id='word_1_793' title='bbox 3026 5233 3346 5297; x_wconf 88' lang='lat' dir='ltr'><strong>habebatur,</strong></span> <span class='ocrx_word' id='word_1_794' title='bbox 3361 5247 3565 5302; x_wconf 88' lang='lat' dir='ltr'><strong>quam-</strong></span> 
     </span>
    </p>
   </div>
   <div class='ocr_carea' id='block_1_116' title="bbox 1978 5321 3566 5396">
    <p class='ocr_par' dir='ltr' id='par_1_116' title="bbox 1978 5321 3566 5396">
     <span class='ocr_line' id='line_1_117' title="bbox 1978 5321 3566 5396; baseline -0.002 -16"><span class='ocrx_word' id='word_1_795' title='bbox 1978 5327 2060 5381; x_wconf 88' lang='lat' dir='ltr'><strong>vis</strong></span> <span class='ocrx_word' id='word_1_796' title='bbox 2080 5335 2134 5381; x_wconf 89' lang='lat' dir='ltr'><strong>et</strong></span> <span class='ocrx_word' id='word_1_797' title='bbox 2155 5327 2304 5396; x_wconf 89' lang='lat' dir='ltr'><strong>prius</strong></span> <span class='ocrx_word' id='word_1_798' title='bbox 2330 5327 2428 5380; x_wconf 90' lang='lat' dir='ltr'><strong>sub</strong></span> <span class='ocrx_word' id='word_1_799' title='bbox 2457 5325 2786 5380; x_wconf 88' lang='lat' dir='ltr'><strong>Diocletiano</strong></span> <span class='ocrx_word' id='word_1_800' title='bbox 2811 5325 3050 5394; x_wconf 78' lang='lat' dir='ltr'><strong>principe</strong></span> <span class='ocrx_word' id='word_1_801' title='bbox 3084 5342 3097 5377; x_wconf 90' lang='lat'>:</span> <span class='ocrx_word' id='word_1_802' title='bbox 3137 5324 3228 5393; x_wconf 91' lang='lat' dir='ltr'><strong>qui</strong></span> <span class='ocrx_word' id='word_1_803' title='bbox 3263 5338 3386 5377; x_wconf 89' lang='lat' dir='ltr'><strong>cum</strong></span> <span class='ocrx_word' id='word_1_804' title='bbox 3425 5321 3566 5377; x_wconf 85' lang='lat' dir='ltr'><strong>Sic-</strong></span> 
     </span>
    </p>
   </div>
   <div class='ocr_carea' id='block_1_117' title="bbox 1979 5409 3566 5482">
    <p class='ocr_par' dir='ltr' id='par_1_117' title="bbox 1979 5409 3566 5482">
     <span class='ocr_line' id='line_1_118' title="bbox 1979 5409 3566 5482; baseline -0.004 -13"><span class='ocrx_word' id='word_1_805' title='bbox 1979 5430 2055 5469; x_wconf 73' lang='lat' dir='ltr'><strong>cae</strong></span> <span class='ocrx_word' id='word_1_806' title='bbox 2075 5415 2140 5468; x_wconf 89' lang='lat' dir='ltr'><strong>ad</strong></span> <span class='ocrx_word' id='word_1_807' title='bbox 2157 5413 2802 5482; x_wconf 76' lang='lat' dir='ltr'><strong>dedamandumjuvenes</strong></span> <span class='ocrx_word' id='word_1_808' title='bbox 2827 5413 3087 5476; x_wconf 89' lang='lat' dir='ltr'><strong>erudiret,</strong></span> <span class='ocrx_word' id='word_1_809' title='bbox 3109 5411 3351 5468; x_wconf 87' lang='lat' dir='ltr'><strong>etadhuc</strong></span> <span class='ocrx_word' id='word_1_810' title='bbox 3371 5409 3566 5463; x_wconf 83' lang='lat' dir='ltr'><strong>etimi-</strong></span> 
     </span>
    </p>
   </div>
   <div class='ocr_carea' id='block_1_118' title="bbox 1979 5499 3563 5574">
    <p class='ocr_par' dir='ltr' id='par_1_118' title="bbox 1979 5499 3563 5574">
     <span class='ocr_line' id='line_1_119' title="bbox 1979 5499 3563 5574; baseline -0.004 -16"><span class='ocrx_word' id='word_1_811' title='bbox 1979 5519 2074 5558; x_wconf 90' lang='lat' dir='ltr'><strong>cus</strong></span> <span class='ocrx_word' id='word_1_812' title='bbox 2123 5503 2189 5558; x_wconf 89' lang='lat' dir='ltr'><strong>ad</strong></span> <span class='ocrx_word' id='word_1_813' title='bbox 2238 5502 2611 5558; x_wconf 89' lang='lat' dir='ltr'><strong>crudelitatem</strong></span> <span class='ocrx_word' id='word_1_814' title='bbox 2647 5501 2872 5556; x_wconf 90' lang='lat' dir='ltr'><strong>somniis</strong></span> <span class='ocrx_word' id='word_1_815' title='bbox 2905 5499 3336 5574; x_wconf 84' lang='lat' dir='ltr'><strong>compelleretur,</strong></span> <span class='ocrx_word' id='word_1_816' title='bbox 3372 5512 3563 5566; x_wconf 82' lang='lat' dir='ltr'><strong>neque</strong></span> 
     </span>
    </p>
   </div>
   <div class='ocr_carea' id='block_1_119' title="bbox 1979 5581 3561 5664">
    <p class='ocr_par' dir='ltr' id='par_1_119' title="bbox 1979 5581 3561 5664">
     <span class='ocr_line' id='line_1_120' title="bbox 1979 5581 3561 5664; baseline -0.004 -17"><span class='ocrx_word' id='word_1_817' title='bbox 1979 5593 2045 5648; x_wconf 84' lang='lat' dir='ltr'><strong>ab</strong></span> <span class='ocrx_word' id='word_1_818' title='bbox 2061 5593 2310 5664; x_wconf 84' lang='lat' dir='ltr'><strong>episcopo</strong></span> <span class='ocrx_word' id='word_1_819' title='bbox 2331 5591 2836 5662; x_wconf 88' lang='lat' dir='ltr'><strong>impctraretﬁdcm,</strong></span> <span class='ocrx_word' id='word_1_820' title='bbox 2852 5581 3250 5660; x_wconf 73' lang='lat' dir='ltr'><strong>quamscmper</strong></span> <span class='ocrx_word' id='word_1_821' title='bbox 3271 5588 3561 5657; x_wconf 77' lang='lat' dir='ltr'><strong>impugna-</strong></span> 
     </span>
    </p>
   </div>
   <div class='ocr_carea' id='block_1_120' title="bbox 3882 4839 3890 5519">
    <p class='ocr_par' dir='ltr' id='par_1_120' title="bbox 3882 4839 3889 5519">
     <span class='ocr_line' id='line_1_121' title="bbox 3887 4839 3889 4963; baseline 0 0"><span class='ocrx_word' id='word_1_822' title='bbox 3887 4839 3889 4963; x_wconf 69' lang='lat' dir='ltr'><strong>l</strong></span> 
     </span>
     <span class='ocr_line' id='line_1_122' title="bbox 3882 5331 3885 5519; baseline 0 -179"><span class='ocrx_word' id='word_1_823' title='bbox 3882 5355 3885 5519; x_wconf 68' lang='grc' dir='ltr'><strong>Ι</strong></span> 
     </span>
    </p>
   </div>
  </div>
