3962 6174
476 314 607 374 1201
786 332 789 333 ⁷
1531 317 1945 377 CIIRONICON.
1987 348 2057 358 —
2096 317 2263 375 TOMI
2300 317 2344 374 ll
2381 318 2511 388 LIB.
2553 319 2637 377 lli.
3597 316 3739 374 σέθεν

471 438 646 495 verat,
695 430 1028 492 elucubravit
1074 431 1362 488 adversum
1398 430 1687 502 pristinam
1726 429 2044 500 religionem
2071 428 2125 489 Α
2145 427 2304 488 siam.
2342 436 2405 485 et
2430 428 2690 487 adversus
2723 428 2986 485 Arianum
3013 430 3207 502 dogma
3244 429 3474 503 multum
3513 438 3733 500 mio-

462 519 923 577 luculentissimos
950 521 1136 586 libros,
1182 529 1239 576 et
1267 522 1487 578 tandem
1506 518 2048 591 quibusdamobsidi-

472 608 575 663 bus
598 609 817 678 pietatis
837 608 1015 666 ftedus
1052 611 1383 680 impetravit.

544 702 872 767 Firmianus,
903 704 992 773 qui
1017 711 1071 757 et
1098 702 1435 769 Lactantius,
1475 702 1698 757 Arnobii
1729 701 2050 773 discipulus,

473 797 574 850 sub
616 796 943 850 Diocletiano
966 796 1212 867 principe
1259 796 1468 852 accitus
1514 810 1640 851 cum
1670 794 1839 850 Flabo
1871 809 2056 867 gram-

474 887 694 950 matico,
728 887 880 957 cujus
910 890 975 943 de
1001 889 1264 946 Medicina
1294 889 1419 944 libri
1447 905 1609 945 versu
1643 889 1927 960 compositi
1960 905 2055 945 ex-

475 988 641 1035 stant.
689 979 1016 1035 Nicomcdiis
1077 981 1404 1036 rhetoricam
1456 981 1657 1043 docuit,
1710 996 1776 1036 ac
1826 981 2053 1052 penuria

476 1070 858 1139 discipulorum
890 1071 1037 1127 illinc
1080 1073 1136 1127 in
1182 1072 1470 1136 Graeciam,
1519 1071 1769 1127 videlicet
1810 1072 1877 1126 ad
1917 1072 2054 1126 scri-

475 1160 710 1216 bendum
740 1176 798 1216 sc
821 1163 1066 1216 contulit.
1098 1162 1372 1218 Habemus
1390 1160 1505 1229 ejus
1531 1170 1861 1217 commatum
1889 1160 2052 1233 Sym-

474 1251 704 1324 posium,
737 1254 879 1322 quod
902 1252 1332 1309 adolescentulus
1359 1252 1560 1308 scholis
1592 1252 1811 1321 scripsit
1856 1250 2055 1322 Aphri-

474 1355 573 1404 cae,
597 1352 647 1396 et
675 1341 1088 1411 Hodmporicum
1118 1342 1186 1397 de
1219 1342 1455 1411 Apbrica
1501 1355 1672 1410 usque
1703 1340 1771 1394 ad
1800 1339 2051 1394 Nicome-

480 1432 624 1489 diatn
648 1433 981 1489 hexametris
1004 1432 1264 1501 scriptum
1294 1432 1559 1496 versibus,
1589 1440 1645 1485 et
1669 1430 1832 1493 alium
1857 1429 2052 1485 librum

474 1522 569 1591 qui
608 1521 925 1581 inscribitur
978 1521 1402 1587 Grammaticus,
1460 1528 1517 1576 et
1566 1520 1966 1590 pulcherrimus
1987 1519 2054 1574 de

477 1611 557 1665 Ira
603 1612 720 1676 Dei,
752 1624 806 1667 ct
831 1612 1236 1671 institutionum
1273 1612 1577 1669 divinarum
1612 1613 1900 1668 adversum
1926 1627 2053 1683 gen-

480 1709 561 1755 tes
586 1701 677 1754 lib.
710 1718 822 1766 vn;
879 1712 936 1756 et
960 1704 1241 1772 Epitomen
1276 1701 1518 1771 ejusdem
1564 1702 1746 1771 operis
1771 1701 1866 1756 lib.
1894 1717 1946 1767 1;
1997 1708 2056 1755 et

476 1790 545 1843 ad
594 1790 965 1860 Asclepiadem
1017 1793 1108 1848 lib.
1143 1809 1213 1857 u;
1253 1793 1318 1848 de
1343 1792 1732 1850 Persecutione
1762 1792 1861 1848 lib.
1899 1809 1950 1860 ις
1984 1792 2054 1847 ad
2082 1775 2128 1833 Β

478 1878 713 1937 Probum
760 1881 1108 1949 epistularum
1152 1882 1244 1937 lib.
1276 1898 1364 1948 IV;
1411 1883 1480 1936 ad
1508 1880 1770 1938 Severum
1797 1882 2057 1953 cpistola-

478 1983 601 2023 rum
636 1968 759 2024 libri
800 1970 937 2037 duo;
989 1972 1054 2027 ad
1097 1973 1501 2027 Demetrianum
1551 1972 1852 2027 auditorem
1902 1988 2060 2027 suum

476 2057 828 2127 epistolarum
858 2059 980 2115 libri
1010 2069 1147 2125 tres;
1180 2070 1235 2114 et
1262 2061 1332 2115 ad
1351 2062 1600 2115 eumdem
1623 2063 1688 2116 de
1713 2060 1939 2131 Opiﬁcio
1966 2062 2061 2117 Dei

480 2148 564 2203 vel
595 2148 915 2205 formatione
971 2151 1203 2206 hominis
1244 2152 1378 2207 liber
1403 2167 1559 2206 unus.
1591 2150 1689 2207 llic
1727 2152 1782 2207 in
1819 2161 2061 2209 extrema

483 2246 761 2293 senectute
782 2241 1041 2309 magister
1073 2240 1304 2296 (Σωδεπίε
1332 2241 1532 2313 Crispi,
1567 2242 1662 2297 filii
1692 2242 2056 2310 Constantini,

480 2328 734 2385 inGallia
762 2330 882 2396 fuit,
911 2332 1004 2402 qui
1041 2343 1228 2403 postea
1285 2349 1315 2388 a
1385 2344 1540 2405 patre
1589 2334 1905 2391 interfectus
1950 2343 2053 2391 est.

481 2418 746 2478 Eusebius
760 2422 1021 2478 Caesarea:
1044 2423 1341 2480 Pal-.estinae
1367 2426 1649 2496 episcopus
1676 2426 1732 2481 in
1760 2426 2062 2497 Scripturis

483 2511 682 2566 divinis
736 2514 1182 2579 studiosissimus,
1232 2526 1287 2571 et
1324 2515 1661 2573 bibliotheca:
1695 2518 1889 2573 divina:
1928 2533 2052 2573 cum

484 2602 782 2674 Pamphylo
839 2604 1075 2675 martyre'
1146 2605 1591 2677 diligentissimus
1640 2608 2062 2679 pervestigator,

481 2694 649 2750 edilit
678 2693 888 2748 inﬁnita
916 2695 1207 2762 volumina,
1237 2696 1305 2751 de
1328 2697 1524 2766 quibus
1548 2697 1664 2751 bazc
1698 2706 1826 2753 sunt
1844 2698 1965 2752 libri
1995 2714 2067 2753 xx

483 2784 851 2839 consonantiae
876 2785 1216 2855 diaphonias,
1263 2786 1645 2843 ecclesiastica:
1669 2788 1920 2845 Historiae
1944 2789 2066 2845 libri

483 2892 550 2940 ις
597 2875 992 2933 Chronicon
1042 2893 1310 2934 canonum
1371 2879 1737 2935 omnimodam
1784 2880 2068 2937 historiam

482 2977 539 3022 et
571 2969 637 3022 dc
662 2968 972 3023 auctoribus
995 2985 1214 3036 eorum;
1244 2980 1299 3025 et
1324 2969 1392 3025 de
1420 2970 1831 3042 Evangeliorum
1859 2982 2065 3030 tracta-

486 3069 575 3124 tu;
605 3069 662 3116 et
706 3061 761 3115 in
786 3061 978 3117 Isaiam
1007 3061 1132 3117 libri
1160 3078 1228 3127 ις
1255 3071 1311 3117 et
1346 3071 1535 3118 contra
1576 3064 1938 3136 Porphyrium
1963 3067 2058 3136 qui

481 3150 669 3206 eodem
680 3159 928 3221 tempore
944 3153 1280 3208 seribebatin
1298 3152 1502 3221 Sicilia,
1522 3163 1582 3208 ut
1606 3156 1824 3224 quidam
1848 3164 2061 3226 putant,

483 3238 607 3294 libri
647 3256 783 3308 xxv,
820 3256 921 3310 pro
956 3242 1277 3300 Adamantio
1306 3244 1427 3300 libri
1479 3260 1606 3311 sex;
1652 3246 1719 3303 de
1751 3247 1868 3303 Vita
1899 3247 2063 3303 Pam-

480 3330 612 3400 pbili
661 3330 779 3386 libri
829 3341 981 3399 tres;
1034 3334 1101 3389 de
1130 3333 1476 3406 Martyribus,
1531 3344 1588 3391 et
1632 3337 1738 3392 alia
1785 3338 2063 3407 opuscula,

481 3426 538 3474 et
588 3419 647 3473 in
694 3434 759 3475 ct.
806 3418 1051 3476 Psalmos
1119 3423 1512 3480 eruditissimos
1554 3427 1971 3482 commentarios
2011 3436 2067 3481 et

485 3507 653 3562 multa
676 3508 804 3563 alia.
839 3508 1044 3565 Floruit
1066 3511 1301 3566 maxime
1325 3511 1428 3567 sub
1450 3512 1808 3568 Constantino
1833 3515 2066 3587 impera-

388 3616 391 3619 ·
486 3607 601 3654 tore
635 3607 692 3652 et
730 3597 1067 3665 Constantio,
1097 3609 1152 3654 et
1185 3599 1256 3655 ob
1277 3600 1571 3656 amicitiam
1610 3600 1893 3673 Pamphyli
1919 3620 2064 3661 mar-

487 3690 624 3760 tyris
663 3689 735 3747 ab
796 3705 865 3747 eo
890 3701 1304 3763 cognomentum
1357 3696 1581 3749 sortitus
1625 3703 1730 3750 est.
1787 3693 2062 3752 Rhetitius

485 3778 821 3845 lleduorum,
852 3780 907 3835 id
952 3788 1055 3844 est,
1084 3780 1588 3852 Augustodunensis
1615 3783 1921 3853 episcopus,
1965 3787 2066 3841 sub

482 3866 841 3925 Constantino
856 3869 1225 3927 celeberrima:
1246 3870 1404 3928 famas
1433 3874 1651 3930 habitus
1672 3882 1758 3931 est
1786 3875 1840 3930 in
1863 3874 2057 3931 Gallia.

487 3955 763 4027 Leguutur
814 3958 930 4030 ejus
967 3962 1355 4017 commentaria
1405 3963 1457 4017 in
1494 3962 1778 4020 Canticum
1826 3966 2067 4022 cantico-

487 4067 629 4116 rum,
697 4060 758 4108 et
810 4053 955 4107 aliud
1027 4054 1231 4124 grande
1276 4054 1524 4109 volumen
1580 4057 1839 4110 adversus
1886 4055 2064 4111 Nova-

490 4146 695 4201 tianum
724 4163 737 4200 :
771 4161 873 4205 nec
890 4156 1088 4217 praeter
1130 4148 1246 4202 haec
1282 4146 1574 4217 quidquam
1614 4148 1795 4218 operis
1824 4149 1941 4220 ejus
1975 4165 2063 4205 rc-

490 4237 626 4306 peri.
690 4298 699 4305 ο

562 4328 858 4384 Methodius
881 4329 1010 4385 olim
1036 4329 1232 4401 Lyciae,
1267 4337 1454 4400 postea
1480 4329 1608 4401 Tyri
1647 4332 1949 4403 episcopus,
1984 4334 2065 4389 ni-

487 4418 583 4473 tidi
627 4419 1017 4489 coiupositique
1066 4420 1350 4485 sermonis,
1395 4419 1656 4475 adversus
1695 4419 2052 4492 Porphyrium

488 4508 722 4564 confecit
767 4510 961 4566 librum
1011 4519 1337 4566 commatum
1377 4518 1433 4565 et
1485 4509 1830 4582 Symposium
1878 4513 2062 4568 decem

485 4597 776 4668 virginum,
799 4608 856 4655 et
879 4600 945 4655 de
981 4599 1395 4656 Besnrrectione
1420 4615 1557 4670 opus
1579 4601 1852 4672 egregium
1873 4611 2062 4658 contra

489 4691 890 4756 Adamantium,
914 4700 968 4748 et
988 4693 1248 4748 adversus
1272 4693 1519 4748 eumdem
1547 4693 1613 4749 de
1640 4692 1979 4765 Pythonissa,
2009 4704 2062 4749 et

491 4779 547 4834 in
572 4778 826 4847 Cenesim
861 4795 1114 4851 quoque,
1169 4789 1223 4837 et
1274 4781 1330 4836 in
1379 4779 1661 4836 Canticum
1723 4783 2062 4838 canticorum

489 4870 928 4936 commentarios,
984 4880 1039 4925 et
1093 4871 1262 4925 multa
1314 4871 1415 4926 alia
1461 4887 1580 4941 qua:
1617 4872 1776 4943 vulgo
1810 4873 2059 4927 lectitati-

494 4970 600 5017 tur.
639 4961 721 5017 Ad
750 4971 1050 5017 extremum
1071 4962 1375 5016 novissimae
1401 4963 1810 5031 persecutionis,
1839 4963 1973 5029 sive,
2006 4974 2065 5017 ut

491 5054 585 5111 alii
616 5053 907 5120 aiﬁrmant,
956 5055 1056 5110 sub
1100 5054 1263 5109 Decio
1289 5062 1347 5109 et
1376 5054 1662 5109 Valeriano
1708 5055 1764 5109 in
1807 5055 2067 5111 Calchide

491 5139 714 5198 Graeciae
742 5141 1004 5213 martyrio
1031 5150 1319 5197 coronatus
1347 5150 1450 5197 est.
1489 5142 1760 5198 Iuvencus
1794 5144 2071 5198 nobilissi-

494 5232 567 5285 mi
597 5233 810 5302 generis
856 5230 1122 5301 llispanus
1153 5233 1452 5302 presbyter,
1504 5242 1737 5304 quatuor
1776 5233 2069 5304 Evangelia

495 5322 822 5379 hexametris
872 5322 1116 5378 versibus
1155 5335 1295 5393 pene
1322 5321 1390 5375 ad
1444 5323 1667 5377 verbum
1712 5321 2067 5388 transferens,

494 5420 728 5480 quatuor
762 5411 927 5467 libros
956 5411 1274 5480 composuit,
1305 5419 1360 5466 et
1380 5410 1638 5466 nonnulla
1677 5411 1866 5466 eodem
1892 5420 2070 5468 metro

495 5500 563 5554 ad
592 5509 1051 5555 sacramentorum
1078 5500 1322 5557 ordinem
1348 5502 1692 5571 pertinentia.
1730 5500 1943 5557 Floruit
1968 5502 2068 5557 sub

497 5590 848 5647 Constantino
874 5592 1131 5662 principe.
1162 5591 1466 5655 Eustatius,
1512 5608 1708 5662 genere
1735 5593 2068 5665 Pamphilus,

388 5750 407 5757 ﬁ
499 5679 729 5749 primum
758 5680 923 5735 Beroe
957 5680 1146 5751 Syria),
1177 5681 1368 5736 deinde
1398 5681 1693 5737 Autiorhim
1732 5682 1869 5736 rexit
1899 5682 2068 5735 ocule-

2153 534 2311 585 nens,
2353 518 2453 576 sub
2479 518 2836 578 Constantino
2858 522 3102 593 principe
3128 522 3318 594 pulsus
3360 530 3444 579 est
3466 519 3735 593 Traiano-

2151 611 2317 682 polim
2338 612 2392 667 in
2428 612 2677 668 exsilium
2724 613 3105 681 Thraciarum,
3138 616 3230 671 ubi
3257 624 3312 673 et
3348 615 3603 673 conditus
3622 621 3733 670 est.

2155 703 2382 761 Exstant
2407 702 2524 773 ejus
2550 704 2822 760 volumina
2848 705 2931 761 ‘de
2953 705 3147 761 Anima
3173 707 3430 763 adversus
3456 706 3732 763 Adaman-

2153 797 2311 862 tium,
2343 803 2399 850 et
2417 795 2640 851 infinitae
2678 797 2936 867 epistolm,
2979 812 3114 866 quas
3142 812 3461 854 enumerare
3511 797 3732 868 longum

2155 895 2259 941 est.
2280 885 2570 942 Marcellus
2596 886 2897 942 Anciranus
2917 889 3203 959 episcopus
3231 889 3333 944 sub
3374 888 3739 945 Constantino

2154 986 2209 1031 et
2256 976 2574 1033 Constantio
2624 979 2957 1049 principibus
2995 978 3196 1044 ﬂoruit,
3244 980 3522 1049 multaque
3556 980 3736 1036 diver-

2154 1082 2336 1122 sarum
2393 1068 2744 1122 materiarum
2788 1068 3034 1139 scripsit,
3087 1069 3355 1125 volumina
3392 1078 3448 1125 et
3499 1069 3737 1125 maxime

2154 1157 2441 1212 adversum
2493 1156 2742 1213 Arianos.
2803 1157 3075 1214 Feruntur
3121 1169 3313 1215 contra
3350 1160 3495 1216 hunc
3532 1159 3731 1214 Aristei

2153 1257 2209 1302 et
2241 1247 2567 1318 Apollinaris
2615 1247 2763 1315 libri,
2806 1247 3125 1306 Sabelliana:
3176 1265 3300 1306 eum
3346 1249 3621 1307 haereseos
3651 1265 3741 1305 ar-

2155 1349 2398 1412 gucntes.

2228 1429 2335 1486 Sed
2358 1441 2411 1486 et
2446 1430 2682 1487 Hilarius
2706 1432 2763 1488 in
2812 1432 3041 1504 scptlmo
3066 1434 3354 1490 adversum
3381 1433 3567 1490 Arium
3596 1431 3756 1488 libro.

2156 1522 2393 1576 nominis
2417 1521 2535 1593 ejus
2574 1523 2727 1593 quasi
2751 1523 2991 1579 haeretici
3022 1524 3286 1579 meminit.
3309 1524 3480 1581 Porro
3523 1524 3611 1580 ille
3636 1525 3732 1578 dc-

2155 1610 2330 1668 fendit
2383 1628 2442 1668 se
2470 1629 2576 1668 non
2607 1628 2727 1670 esse
2771 1615 3038 1685 dogmatis
3064 1612 3219 1682 cujus
3246 1623 3555 1679 accusatur,
3593 1630 3739 1671 eom-

2158 1701 2465 1758 munionem
2502 1702 2627 1757 Julii
2665 1713 2719 1759 et
2742 1705 3024 1759 Athanasii
3067 1705 3321 1760 Romana:
3352 1704 3503 1760 urbis
3528 1714 3585 1761 et
3619 1704 3743 1759 Aie-

2161 1794 2400 1848 xandriaa
2466 1794 2782 1864 pontiﬁcum
2824 1797 3042 1851 meruit.
3094 1796 3362 1854 Eusebius
3423 1796 3745 1852 Emissenus

2160 1884 2426 1952 elegantis
2464 1893 2522 1939 et
2546 1886 2802 1941 rhetorici
2825 1886 3025 1958 ingenii
3062 1886 3507 1950 innumerabiles,
3559 1887 3649 1958 qui
3674 1889 3741 1940 ad

2163 1972 2409 2041 plausum
2444 1973 2624 2043 populi
2669 1975 2991 2044 pertineant,
3028 1973 3265 2032 confecit
3315 1975 3506 2041 libros,
3544 1976 3744 2047 magis-

2163 2080 2269 2133 que
2313 2064 2593 2120 historiam
2620 2074 2854 2121 secutus.
2885 2065 2969 2122 Ab
3015 2066 3100 2121 bis
3126 2067 3216 2136 qui
3248 2065 3631 2121 declamatoria
3652 2082 3746 2121 vo-

2166 2154 2283 2208 lunt
2332 2154 2725 2211 studiosissime
2750 2155 3020 2227 leguntur.
3052 2156 3095 2213 E
3121 2157 3319 2227 quibus
3359 2157 3443 2213 vel
3488 2157 3746 2229 praecipui

2166 2252 2293 2299 sunt
2317 2245 2578 2301 adversus
2603 2242 2818 2302 Iudaeos
2834 2252 2889 2303 et
2914 2255 3103 2317 gentes
3122 2255 3179 2302 et
3212 2244 3559 2313 Novatianos,
3590 2256 3644 2303 et
3679 2248 3747 2300 ad

2165 2333 2385 2391 Galatas
2400 2334 2494 2401 lib.
2526 2351 2585 2403 χ,
2615 2344 2672 2392 et
2702 2336 2754 2391 in
2807 2337 3151 2409 Evangelium
3183 2337 3419 2395 homiiiae
3467 2337 3663 2395 breves
3695 2347 3753 2391 et

2167 2424 2434 2495 plurimae.
2463 2424 2675 2481 Floruit
2704 2437 2885 2482 autem
2926 2427 3262 2500 temporibus
3283 2426 3622 2484 Constantini
3648 2428 3755 2482 im-

2168 2515 2454 2586 peratoris,
2488 2515 2589 2573 sub
2634 2533 2743 2587 quo
2770 2525 2824 2572 et
2850 2525 3118 2585 mortuus,
3175 2517 3477 2574 Antiochiae
3504 2515 3749 2588 sepultus

2167 2614 2272 2661 est.
2314 2604 2432 2673 Quo
2450 2594 2619 2662 etiam
2647 2615 2892 2677 tempore
2916 2604 3274 2678 Porphyrius,
3315 2606 3485 2665 misso
3510 2607 3576 2661 ad
3606 2604 3745 2661 Con—

2168 2697 2429 2752 stantium
2445 2696 2643 2768 insigni
2665 2697 2959 2763 volumine,
2989 2697 3055 2753 de
3067 2696 3258 2753 exsilio
3284 2695 3565 2753 liberatur.
3596 2692 3746 2751 'l‘unc

2168 2788 2334 2845 etiam
2355 2787 2702 2843 Alexandria:
2728 2787 2970 2843 decimus
3005 2801 3178 2843 novus
3221 2786 3504 2842 ordinatur
3546 2784 3753 2857 episco-

2167 2893 2268 2948 pus
2300 2877 2651 2934 Athanasius.
2699 2877 2806 2933 lllis
2855 2877 3104 2947 equidem
3151 2878 3339 2934 diebus
3360 2874 3750 2935 Constantinus

2170 2985 2293 3023 cum
2340 2968 2522 3035 liberis
2583 2970 2695 3025 suis
2735 2968 3063 3025 honoriﬁcas
3085 2970 3151 3025 ad
3199 2968 3495 3026 Antonium
3541 2968 3752 3039 litteras

2171 3060 2357 3126 mittit,
2390 3061 2455 3115 de
2477 3060 2671 3129 quibus
2700 3059 2755 3114 in
2789 3061 3261 3139 subsequentibus,
3296 3062 3592 3135 Opitulaute
3617 3062 3751 3127 Deo,

2172 3154 2334 3208 latius
2354 3154 2613 3209 dicemus.
2663 3153 2814 3209 Tunc
2844 3153 3010 3211 etiam
3045 3152 3273 3210 Nazarci
3304 3152 3539 3211 rhetoris
3565 3152 3674 3210 filia
3698 3154 3752 3209 in

2168 3245 2474 3315 eloquentia
2501 3246 2643 3315 patri
2682 3255 3009 3316 coaequatur,
3034 3255 3088 3302 et
3110 3245 3443 3317 Tyberianus
3467 3242 3551 3300 vir
3575 3244 3750 3301 diser-

2169 3344 2274 3399 tus,
2315 3336 2600 3405 przefcctus
2630 3337 2885 3407 pnetorio
2912 3335 3114 3392 Gallias
3142 3337 3297 3407 regit.

2237 3426 2515 3483 Eustatius
2562 3435 2743 3480 autem
2798 3425 3429 3498 Constantinopolitauus
3468 3425 3753 3497 presbyter

2168 3516 2501 3582 agnoscitur,
2550 3511 2705 3581 cujus
2755 3514 3020 3577 industria
3048 3513 3102 3568 in
3130 3512 3518 3586 HieroSulymis
3547 3523 3747 3586 marty-

2169 3606 2307 3659 rium
2346 3613 2717 3660 constructum
2773 3614 2876 3661 est.
2927 3606 3193 3661 Prmterea
3253 3606 3355 3660 sub
3391 3603 3748 3661 Constantino

2168 3710 2275 3750 non
2302 3693 2476 3750 solum
2505 3695 2557 3749 hi
2582 3709 2810 3765 quorum
2845 3695 3160 3750 memoriam
3198 3694 3447 3759 fecimus,
3476 3695 3741 3764 sapientia

2165 3794 2222 3840 et
2272 3785 2565 3842 virtutibus
2620 3785 2948 3851 claruerunt,
2992 3784 3088 3840 sed
3144 3793 3202 3839 et
3250 3784 3433 3857 plures
3466 3784 3556 3840 alii
3608 3798 3747 3854 quos

2168 3877 2270 3933 sub
2294 3877 2509 3935 silentio
2543 3877 2903 3949 praeterimus.
2948 3878 3117 3949 Igitur
3143 3876 3533 3933 Constantinus
3556 3873 3746 3945 Traja—

2165 3983 2294 4022 num
2316 3967 2530 4022 herbam
2559 3968 2893 4038 parietur-iam
2919 3969 2987 4023 ob
3014 3967 3192 4023 titulos
3217 3966 3399 4023 multis
3422 3966 3628 4022 aedibus
3672 3968 3751 4021 iu-

2165 4058 2398 4129 scriptos
2427 4056 2696 4128 appellare
2720 4057 2909 4113 solitus
2932 4065 3035 4113 est.
3064 4057 3165 4112 llic
3182 4065 3400 4127 pontem
3425 4055 3479 4111 in
3504 4054 3749 4111 Danubio

2166 4146 2487 4212 construxit,
2522 4145 2766 4202 habitum
2800 4146 3006 4218 regium
3044 4147 3292 4219 gemmis,
3320 4153 3375 4201 et
3397 4153 3561 4217 caput
3581 4159 3741 4200 exor-

2166 4253 2304 4294 nans
2354 4246 2619 4308 perpetuo
2662 4237 2985 4293 diademate.
3026 4237 3509 4293 Commodissimus
3564 4244 3751 4291 tamen

2166 4325 2349 4380 multis
2388 4327 2549 4381 rebus
2570 4324 2672 4380 fuit
2700 4325 2998 4382 calumnias
3024 4328 3237 4392 sedare,
3288 4326 3496 4401 legibus
3523 4326 3750 4381 severise

2166 4416 2350 4475 simus,
2396 4417 2605 4471 nutrire
2625 4425 2772 4473 artes
2796 4416 2965 4472 bonas
2991 4432 3006 4482 ;
3032 4418 3306 4488 praecipue
3333 4416 3508 4471 studia
3538 4415 3747 4470 littera-

2168 4521 2313 4568 rum,
2350 4506 2551 4575 legere,
2579 4504 2695 4576 ipse
2728 4506 3089 4566 conscribere.
3140 4506 3414 4572 meditari,
3463 4506 3651 4561 audire
3672 4505 3752 4560 le-

2165 4596 2408 4663 gationes
2429 4603 2486 4651 et
2510 4595 2875 4666 querimonias
2902 4597 3301 4668 provinciarum
3346 4598 3614 4669 sagaciter
3635 4606 3750 4652 stu-

2164 4685 2300 4741 duit.
2319 4687 2388 4741 Et
2404 4686 2531 4741 dum
2546 4686 2739 4741 multas
2753 4695 2941 4757 gentes
2962 4688 3190 4743 diversis
3205 4688 3403 4757 prteliis
3427 4689 3747 4761 subegisset,

2165 4781 2355 4833 urbem
2400 4777 2634 4833 nominis
2675 4778 2757 4832 sui
2795 4778 3160 4833 Romanorum
3205 4796 3391 4851 regum
3440 4781 3525 4835 vel
3573 4780 3745 4847 solus,

2164 4869 2247 4923 vel
2297 4868 2504 4938 primus
2536 4866 2784 4921 instituit.
2824 4866 2956 4933 Quae
2992 4867 3104 4922 sola
3134 4883 3329 4939 expers
3374 4868 3637 4923 idolorum
3677 4869 3745 4923 ad

2168 4960 2270 5014 hoc
2294 4958 2615 5014 brevissimo
2661 4966 2902 5027 tempore
2929 4959 3146 5013 condita
3184 4974 3215 5013 a
3247 4957 3557 5013 Christiano
3579 4958 3741 5030 impe-

2170 5061 2353 5104 razore
2398 5055 2652 5119 provecta
2686 5058 2791 5112 est,
2825 5055 2884 5101 ut
2917 5047 3029 5102 sola
3063 5047 3245 5103 Romae
3284 5055 3363 5101 tot
3396 5047 3607 5104 saeculis
3646 5049 3745 5105 mi-

2169 5138 2433 5208 seriisque
2464 5146 2731 5207 provectas
2778 5135 2949 5192 forma
2988 5145 3044 5193 et
3078 5137 3319 5208 potentia
3349 5136 3544 5193 merito
3577 5138 3749 5209 possit

2170 5227 2394 5298 aequari.
2419 5227 2556 5282 Tum
2587 5227 2782 5284 deinde
2814 5228 3023 5297 primus
3052 5228 3436 5284 Constantinus
3473 5226 3623 5297 lusu)
3660 5242 3748 5284 or-

2171 5318 2296 5373 dine
2323 5326 2378 5372 et
2401 5318 2491 5388 pio
2516 5316 2682 5372 vertit
2702 5318 2963 5385 edictum,
2994 5318 3259 5388 siquidem
3285 5319 3474 5375 statuit
3500 5320 3640 5376 citra
3662 5320 3745 5375 ul-

2170 5408 2277 5463 lam
2309 5407 2589 5464 hominum
2615 5409 2814 5464 caadem
2844 5424 3175 5480 paganorum
3213 5410 3412 5480 templa
3437 5410 3634 5467 claudi.
3674 5410 3742 5465 Et

2172 5499 2225 5552 in
2259 5498 2363 5554 hoc
2416 5498 2630 5554 Domini
2671 5501 2841 5555 nostri
2874 5497 3001 5555 Iesu
3036 5497 3240 5555 Christi
3281 5499 3545 5556 laudanda
3583 5508 3747 5571 atque

2172 5591 2414 5645 miranda
2445 5597 2530 5646 est
2566 5590 2977 5661 omnipotentia,
3028 5599 3087 5644 ut
3127 5591 3343 5661 quando
3375 5591 3567 5655 voluit,
3618 5608 3742 5646 mox

2172 5680 2331 5736 unius
2353 5680 2589 5751 religiosi
2612 5681 2869 5751 principis
2902 5682 3075 5737 edicto
3092 5683 3330 5737 omnium
3356 5698 3540 5751 regum
3567 5690 3621 5734 et
3646 5682 3744 5734 im-
