3976 6180
323 481 464 535 ms
977 475 984 482 '
1205 473 1214 480 '
1271 471 1278 485 '
1318 478 1708 536 ramentum
1745 477 2206 536 LEXOVIENSIS
2223 480 2546 537 'EPlSCOPl
3443 460 3577 543 iam

317 602 628 668 pes-alonim
653 579 1172 662 potentissimorum,
1201 599 1257 645 et
1281 598 1426 646 retro
1443 591 1655 647 smculls
1680 590 1901 647 fortium
1927 596 1978 656 Α
2003 606 2140 662 pene
2161 606 2258 661 per
2282 607 2499 647 omnem
2527 593 2734 660 orbem,
2757 602 2813 649 et
2837 595 2903 649 ad
2929 595 3155 650 nihilum
3195 605 3318 651 sunt
3346 600 3581 654 redacta.

317 683 700 750 acsapicntum
738 681 1000 737 industria
1041 681 1162 735 fana
1187 697 1250 736 ac
1286 681 1606 736 mirabiliter
1628 681 1894 736 idolorum
1999 682 2096 738 llis
2125 684 2307 753 itaque
2327 683 2494 752 gestis
2509 700 2768 755 prospere
2788 687 2949 745 tertio
2984 687 3148 743 finem
3173 689 3385 744 decrevi
3409 691 3576 760 impn-

319 773 578 829 fabricala
626 774 844 844 templa,
892 776 1072 831 clausa
1130 773 1279 830 nullo
1341 775 1628 830 resistente
1685 775 1894 830 cultore
1999 788 2130 828 nere
2159 774 2314 830 libro.

318 929 1030 959 mw;

3079 936 3580 958 ._._.—____

1497 1075 1595 1154 LI
1615 1074 1794 1149 BER
1869 1072 2373 1166 QUARTUS.

832 1320 1058 1376 CAPUT
1098 1320 1384 1377 PRIMUM.

318 1433 592 1516 Quom'od'o
620 1441 734 1502 post
777 1443 993 1486 mortem
1029 1430 1358 1516 Goitstantmi
1385 1434 1453 1487 ad
1490 1444 1592 1488 tres
1616 1435 1728 1503 ejus
1751 1433 1894 1516 ﬁlios

386 1503 524 1576 orbis
545 1501 808 1576 Romanus
821 1502 1128 1571 pervenerit,
1145 1513 1192 1557 et
1208 1519 1337 1573 quas
1353 1515 1523 1566 partes
1539 1501 1894 1576 unusquisque

386 1571 685 1626 obtinuerit.

385 1683 590 1742 [nterea
612 1683 912 1753 respublica
936 1683 1171 1739 fortuitis
1202 1688 1421 1742 casibus
1445 1690 1758 1758 urgebatur.
1778 1688 1892 1746 Un-

313 1775 378 1828 de
407 1774 650 1844 quaedam
683 1774 990 1828 summatim
1015 1791 1078 1830 ac
1105 1777 1340 1831 breviter
1369 1780 1751 1849 perstringere,
1781 1796 1888 1836 non

311 1881 432 1920 esse
458 1855 810 1936 incongruum
835 1867 1180 1921 arbitramur.
1214 1867 1379 1937 igitur
1403 1869 1526 1937 quia
1559 1870 1890 1926 :ediiicatore

313 1955 924 2028 Constantinopolitanze
953 1955 1187 2012 civitatis
1213 1959 1496 2022 moriente,
1529 1969 1638 2014 tres
1661 1959 1778 2028 ejus
1794 1961 1888 2024 ﬁlii

311 2047 597 2116 imperium
634 2054 1007 2116 susceperunt,
1066 2047 1118 2101 in
1151 2049 1579 2117 prmcedentibus
1617 2062 1699 2107 est
1737 2067 1895 2107 enar-

315 2148 508 2194 ratum.
559 2137 847 2200 Sciendum
882 2149 1061 2193 autem
1117 2141 1239 2210 quia
1273 2157 1394 2196 cum
1435 2142 1553 2199 istis
1608 2143 1897 2215 imperavit

309 2230 666 2286 consobrinus
705 2243 892 2284 eorum
945 2229 1160 2286 nomine
1195 2233 1511 2293 Dalmatius.
1561 2237 1888 2290 vocabulum

308 2318 481 2393 patris
529 2317 755 2382 habens,
813 2317 905 2387 qui
954 2319 1079 2372 dum
1141 2320 1416 2388 paululum
1469 2323 1804 2393 imperasset,
1860 2341 1890 2380 a

311 2409 570 2468 militibus
617 2411 972 2481 interemptus
1016 2424 1118 2478 est,
1167 2429 1272 2470 non
1305 2413 1527 2485 iubente
1576 2417 1893 2474 Constantio

310 2509 368 2554 ut
384 2501 742 2566 occideretur,
766 2517 865 2558 nec
889 2512 1068 2558 tamen
1096 2507 1437 2578 prohibente.
1461 2507 1537 2562 lta
1560 2509 1611 2562 in
1634 2518 1742 2564 tres
1765 2526 1893 2579 par-

307 2598 390 2644 tas
411 2587 557 2644 orbis
589 2589 816 2650 llomani
853 2593 1071 2650 redacta
1111 2595 1412 2652 dominatio
1441 2605 1542 2664 est,
1575 2596 1889 2654 Constanti-

307 2695 432 2742 num
477 2688 534 2734 et
571 2677 948 2754 Constantium
979 2699 1042 2740 ac
1071 2683 1416 2741 Constantem
1445 2687 1585 2743 filios
1631 2689 1893 2746 Constan-

307 2768 430 2828 tini.
480 2767 548 2823 Hi
604 2769 798 2840 singuli
851 2771 952 2827 has
983 2782 1168 2843 partes
1225 2775 1490 2846 regendas
1537 2778 1886 2834 habuerunt:

305 2861 698 2920 Constantinus
714 2863 899 2934 junior
921 2875 1114 2922 cuncta
1143 2877 1295 2923 trans
1319 2869 1502 2941 Alpes,
1541 2870 1890 2928 Constantius

305 2972 336 3008 a
356 2953 496 3012 freto
518 2955 864 3032 Propontidis
881 2958 1064 3020 Asiam
1105 2969 1268 3032 atque
1289 2962 1586 3029 Orientem,
1619 2963 1888 3022 Constans

304 3047 573 3120 Illyricum
623 3049 940 3120 ltaliamque
969 3059 1025 3106 et
1047 3052 1360 3123 Apbricam,
1393 3053 1692 3110 Dalmatius
1720 3056 1888 3110 Thra-

303 3138 441 3192 ciam
475 3136 950 3208 Macedoniamque
975 3150 1030 3194 et
1066 3140 1346 3196 Achaiam.
1372 3142 1593 3198 Interim
1619 3145 1689 3199 ob
1720 3143 1886 3200 Italia:

299 3225 655 3306 Aphricreque
665 3226 755 3298 jus
767 3229 1070 3296 dissentire,
1089 3231 1272 3290 statim
1286 3230 1668 3288 Constantinus
1689 3242 1743 3289 et
1754 3233 1890 3290 Con-

1997 1323 2308 1392 cpiscopum
2338 1337 2493 1377 suum
2528 1336 2640 1376 rem
2680 1321 3018 1376 contentiose
3054 1322 3387 1392 exagitasse,
3417 1340 3576 1379 annuo

1996 1411 2210 1467 lationis
2249 1413 2466 1467 stimulo
2501 1413 2805 1478 conﬁxum,
2833 1413 2978 1482 quod
3007 1413 3172 1468 Arius
3201 1417 3339 1484 apud
3370 1415 3582 1486 plebem

1993 1502 2126 1556 satis
2154 1502 2352 1556 charus
2383 1501 2692 1556 haberetur.
2727 1501 2854 1556 litec
2879 1509 3041 1570 atque
3069 1500 3440 1570 hujuscemodi
3478 1502 3584 1559 alia

1997 1592 2331 1662 frequentius
2358 1607 2674 1660 suggerens,
2699 1591 2910 1646 animos
2936 1590 3269 1647 Constantia:
3292 1608 3418 1648 suos
3449 1593 3586 1649 επεσ-

1996 1682 2088 1736 cit.
2130 1681 2259 1748 Quae
2290 1697 2412 1735 cum
2457 1681 2596 1736 diem
2625 1681 2836 1736 obitura
2865 1681 3182 1736 visitaretur
3208 1697 3238 1736 a
3266 1681 3584 1739 Constantio

1996 1777 2164 1830 fratre
2183 1815 2196 1838 ,
2228 1783 2390 1844 atque
2418 1773 2486 1828 ab
2523 1788 2589 1828 eo
2615 1774 2808 1828 blande
2841 1773 3199 1844 religioseque
3227 1775 3578 1844 compellare-

1997 1874 2110 1928 tnr,
2135 1873 2430 1918 extremam
2463 1864 2660 1918 dicitur
2700 1863 2768 1918 ab
2805 1878 2872 1918 eo
2908 1863 3139 1934 gratiam
3174 1865 3486 1934 poposcisse
3522 1876 3576 1918 ut

1995 1956 2369 2026 presbyterum
2399 1956 2451 2009 in
2483 1954 2906 2010 familiaritatem
2929 1954 3228 2025 reciperet,
3257 1963 3312 2010 et
3335 1971 3453 2026 quae
3477 1959 3580 2013 siii

1997 2049 2064 2100 ab
2092 2063 2157 2102 eo
2188 2063 2286 2116 pro
2325 2063 2419 2116 spe
2457 2058 2510 2100 et
2551 2046 2726 2102 salute
2767 2055 3186 2118 suggererentur
3227 2049 3458 2105 audiret.
3507 2050 3581 2106 Se

1996 2137 2210 2206 quidem
2237 2137 2350 2206 jam
2389 2152 2454 2191 ex
2494 2135 2614 2191 luce
2647 2135 3010 2192 discedentem
3044 2137 3179 2193 nihil
3217 2153 3441 2202 curare,
3482 2155 3585 2208 pro

1995 2228 2184 2283 fratris
2210 2243 2340 2282 vero
2369 2236 2511 2282 statu
2541 2241 2659 2282 esse
2689 2228 2996 2294 sollicitam,
3033 2245 3102 2284 ne
3128 2228 3268 2286 forte
3295 2247 3394 2302 pro
3419 2231 3578 2286 inno-

1993 2329 2208 2376 centum
2232 2320 2408 2390 poenis
2439 2320 2591 2390 regni
2623 2320 2704 2374 sui
2734 2328 3012 2390 pateretur
3039 2322 3332 2376 excidium.
3371 2321 3580 2389 Quibus

1993 2411 2084 2466 ille
2110 2411 2334 2466 monitis
2371 2427 2400 2466 a
2436 2425 2624 2467 sorore
2653 2412 2948 2481 susceptis,
2983 2411 3194 2467 fidelem
3228 2428 3328 2482 pro
3365 2429 3423 2468 se
3451 2429 3573 2484 ger-

1991 2516 2167 2556 mana:
2191 2501 2609 2556 sollicitudinem
2642 2500 2870 2556 credens
2891 2541 2906 2563 ,
2935 2502 3361 2556 accommodavit
3390 2516 3575 2556 aurem

1991 2593 2325 2662 presbytero.
2357 2589 2675 2647 Constantio
2707 2605 2839 2646 vero
2865 2589 2934 2645 de
2962 2591 3062 2645 hac
3101 2590 3220 2646 luce
3249 2591 3576 2653 discedente,

1990 2683 2176 2738 liberis
2193 2683 2259 2738 de
2283 2683 2625 2738 successione
2643 2681 2874 2737 Romani
2901 2682 3048 2736 orbis
3074 2691 3453 2737 testamentum
3467 2682 3568 2736 lue-

1991 2773 2210 2829 redibus
2244 2773 2502 2842 scriptum
2541 2773 2666 2827 dum
2705 2787 2812 2826 non
2839 2773 3105 2837 ades-seat,
3143 2772 3341 2836 dicitur
3366 2781 3576 2826 secreto

1989 2863 2395 2934 presbyterum,
2443 2876 2607 2931 quem
2644 2876 2674 2916 a
2711 2875 2900 2916 sorore
2939 2862 3374 2914 commen’atum
3413 2877 3570 2930 srpra

1991 2955 2246 3018 diximus,
2275 2969 2552 3018 evocasse,
2583 2962 2744 3022 atque
2777 2954 2878 3010 sub
2905 2961 3254 3008 sacramento
3278 2953 3568 3008 tradidisse

1990 3047 2134 3116 quod
2161 3045 2476 3116 scripserat,
2506 3046 2631 3100 dum
2662 3060 2728 3100 ex
2754 3045 3038 3102 occasione
3064 3044 3322 3114 praedicta
3350 3043 3468 3114 ejus
3493 3042 3574 3098 fa-

1989 3137 2302 3192 miliaritate
2336 3137 2624 3208 potiretur,
2661 3145 2972 3192 contestans
3009 3151 3078 3191 ne
3111 3134 3238 3202 ulli,
3281 3136 3386 3190 nisi
3429 3134 3570 3190 Con-

1990 3227 2192 3281 stantio
2216 3243 2338 3281 cum
2372 3228 2639 3292 venisset,
2673 3227 2726 3281 in
2769 3242 2961 3283 manus
2985 3226 3242 3282 traderet.
3275 3225 3373 3281 Cui
3406 3227 3568 3281 etiam

303 3293 456 3378 stans
478 3293 780 3388 coeperunt.
836 3293 1224 3378 Constantinus
1243 3322 1513 3378 latrocinii
1541 3325 1720 3396 specie
1754 3326 1881 3381 dum
1913 3293 1958 3354 (ἶ
1989 3319 2130 3386 quod
2161 3320 2390 3374 eunuchi
2419 3320 2512 3389 qui
2539 3320 2774 3376 erantin
2804 3319 3004 3389 palatio
3038 3317 3311 3385 favebant.
3344 3327 3458 3374 arte
3487 3318 3573 3374 in.

302 3407 553 3473 incautus
575 3407 826 3482 fmdeque
857 3411 1182 3476 temulentus
1223 3414 1276 3468 in
1299 3415 1474 3470 aliena
1505 3417 1686 3482 irruit,
1725 3433 1756 3472 a
1782 3417 1882 3471 du-

303 3503 458 3566 cibus
499 3502 813 3559 Constantis
851 3505 1206 3563 obtruncatus
1239 3516 1341 3571 est,
1396 3506 1774 3579 proiectusque
1827 3511 1881 3565 in

302 3589 558 3658 fluvium,
619 3595 707 3657 cui
776 3610 970 3650 nomen
1050 3594 1177 3654 Alsa
1236 3605 1350 3664 est,
1427 3614 1535 3654 non
1600 3599 1757 3680 longe
1817 3600 1885 3656 ab

301 3683 570 3755 Aquileia.

924 3779 1150 3836 CAPUT
1184 3781 1248 3837 Il.

306 3865 546 3943 Qualiter
563 3871 950 3943 perquemdam
971 3876 1328 3943 presbyterum
1350 3875 1581 3930 hwretici
1607 3877 1793 3932 Ariani
1813 3877 1882 3932 ad

516 3937 927 4007 familiaritatem
953 3937 1282 3998 Constantini
1313 3956 1670 4014 pervenerunt.

369 4047 577 4104 Interea
626 4051 859 4122 maligna
903 4068 1117 4126 semper
1155 4055 1440 4111 adversum
1485 4055 1655 4112 Deum
1695 4073 1882 4112 verum

300 4139 496 4205 diaboli
534 4142 848 4208 insectatio,
881 4159 1000 4213 qua:
1037 4145 1104 4199 ab
1135 4145 1288 4201 initio
1324 4148 1508 4202 mundi
1541 4162 1711 4217 usque
1741 4162 1884 4202 nunc

300 4247 332 4292 β
380 4230 590 4314 sincero
631 4232 754 4290 fidei
797 4233 1176 4312 religionisque
1217 4238 1461 4303 tramite,
1503 4237 1688 4294 effusis
1732 4253 1884 4294 erro-

305 4337 423 4385 rum
453 4322 682 4392 nebulis,
709 4324 914 4384 lubrica
937 4327 1212 4383 hominum
1237 4329 1396 4384 corda
1419 4331 1715 4400 perturbat,
1742 4341 1886 4402 post-

303 4425 488 4482 quam,
518 4412 839 4473 Christianis
864 4416 1282 4485 imperatoribus
1307 4433 1572 4496 summam
1601 4421 1762 4490 regize
1789 4437 1886 4490 po-

301 4508 513 4562 testatis
560 4507 614 4562 in
665 4508 886 4570 meliora
927 4511 1300 4577 vertentibus,
1343 4511 1639 4573 Ecclesiam
1681 4515 1882 4572 Christi

297 4593 418 4658 zelo
437 4595 753 4652 idololatriae
776 4601 1023 4670 persequi
1053 4600 1280 4666 destitit,
1307 4601 1448 4656 aliud
1479 4605 1880 4666 machinamen-

301 4696 446 4752 tum,
489 4700 596 4756 quo
635 4701 730 4756 per
765 4689 981 4743 eosdem
1017 4688 1355 4748 Christianos
1389 4691 1744 4769 imperatores
1775 4696 1878 4753 Ec-

297 4777 518 4835 clesium
544 4787 784 4843 vexaret,
815 4779 1036 4840 invenit.
1067 4779 1155 4842 Fit
1181 4781 1344 4852 igitur
1374 4780 1504 4836 Ario
1533 4785 1653 4837 novi
1679 4787 1880 4841 erroris

299 4874 506 4929 auctori
529 4871 1144 4942 t'mtet'isque'disciplilis
1171 4873 1340 4943 ipsius
1369 4873 1432 4927 ad
1461 4871 1876 4930 familiaritatem

296 4964 600 5026 Constantii
629 4961 974 5042 imperatoris
995 4973 1273 5036 promptus
1291 4963 1468 5020 aditus
1487 4973 1543 5019 et
1572 4965 1739 5018 facilis
1770 4966 1876 5032 via,

297 5055 490 5113 ethoc
532 5054 603 5120 ita
652 5055 895 5118 evenisse
942 5057 1185 5128 contigit.
1239 5057 1592 5127 Posteaquam
1639 5059 1874 5128 religiosi

297 5145 557 5226 principis
584 5157 756 5207 mater
783 5145 1016 5212 Helena,
1048 5149 1272 5205 summis
1306 5148 1532 5202 Romani
1581 5151 1727 5220 regni
1772 5151 1872 5204 lio-

295 5235 520 5296 noribus
559 5236 780 5302 affecta,
821 5253 884 5292 ex
935 5237 1038 5292 hac
1077 5237 1194 5292 luce
1232 5239 1508 5304 discessit,
1561 5241 1868 5294 Constantia

296 5333 428 5382 tunc
461 5327 647 5391 Licinii
677 5328 932 5383 derelicta
963 5327 1146 5384 fratris
1179 5328 1404 5398 AuguSIi
1445 5331 1650 5384 solariis
1679 5333 1866 5385 uteba-

299 5424 404 5468 tur.
447 5415 579 5475 lluic
605 5419 800 5477 acciiit
839 5421 1221 5494 preslyternm
1266 5420 1550 5488 quemdam
1585 5421 1766 5475 venire
1813 5420 1865 5474 in

296 5505 572 5570 notitiam,
608 5507 839 5572 latenter
872 5509 1112 5578 partibus
1146 5507 1330 5564 Ariani
1373 5507 1672 5574 faventem,
1702 5509 1796 5563 sed
1824 5509 1870 5564 is

296 5595 472 5670 primo
507 5599 636 5653 nihil
661 5601 882 5654 omnino
919 5600 986 5655 de
1024 5601 1110 5656 his
1152 5601 1291 5674 apud
1339 5591 1576 5656 sororem
1613 5601 1868 5672 principis

295 5686 555 5757 aperiret.
587 5688 686 5747 Ubi
716 5705 843 5745 vero
869 5691 1036 5748 multa
1067 5690 1404 5753 familiaritas
1425 5694 1634 5763 cepiam
1661 5693 1867 5757 tribuit,

295 5775 552 5854 paulatim
593 5780 756 5846 cmpit
795 5795 1097 5836 sermonem
1138 5799 1453 5856 aspergere,
1491 5784 1744 5838 invidiam
1784 5784 1869 5838 di-

295 5883 430 5932 Ct'lls
459 5867 589 5931 Δι’ἰο
622 5881 972 5938 generatam,
996 5886 1050 5929 et
1085 5882 1183 5942 pro
1227 5875 1584 5936 simultatibus
1623 5875 1866 5950 privatis,

1983 3411 2124 3466 dicio
2149 3411 2216 3466 de
2244 3411 2588 3480 imperatoris
2638 3420 2812 3466 morte
2845 3411 3104 3481 impresso
3129 3425 3302 3480 usque
3329 3410 3398 3466 ad
3422 3409 3569 3465 Con-

1985 3501 2171 3557 stantii
2195 3501 2538 3572 prmsentiam
2560 3543 2575 3568 ,
2605 3501 2788 3557 multis
2811 3517 2951 3556 nova
2985 3501 3322 3556 tentantibu's
3346 3515 3564 3570 oppres—

1984 3591 2090 3656 sis,
2117 3592 2380 3646 restitutae
2416 3591 2748 3660 integrosque
2783 3605 3052 3645 mansere.
3086 3590 3220 3645 Cum
3261 3605 3390 3646 vero
3425 3589 3570 3646 Con-

1987 3682 2217 3736 stantius
2247 3681 2526 3744 adfuisset,
2558 3681 2859 3751 depositum
2894 3681 3178 3752 presbyter
3206 3680 3278 3735 illi
3309 3681 3573 3736 restituit.

1986 3770 2150 3840 Cujus
2176 3770 2425 3826 beneficii
2454 3771 2630 3842 gratia
2659 3771 2958 3842 imperator
2985 3771 3138 3840 regni
3169 3771 3495 3841 cupidus'ita
3518 3773 3567 3826 ei

1987 3861 2266 3916 devinctus
2291 3867 2406 3926 est,
2433 3868 2492 3914 ut
2520 3860 2612 3930 qui
2651 3861 2920 3932 imperare
2950 3863 3162 3916 cunctis
3185 3863 3438 3916 ambierit
3455 3904 3471 3927 ,
3499 3864 3568 3917 ab

1984 3949 2074 4004 illo
2100 3949 2200 4004 sibi
2231 3949 2484 4019 imperari
2512 3951 2889 4020 aequanimiter
2914 3955 3210 4022 pateretur.
3238 3952 3320 4007 Ex
3341 3967 3447 4023 quo
3472 3953 3570 4008 de-

1984 4041 2164 4095 vincto
2209 4039 2310 4094 sibi
2351 4040 2710 4110 imperatore,
2756 4041 2922 4112 erepit
2963 4042 3029 4097 de
3072 4041 3186 4096 Arii
3227 4041 3568 4097 restitutione

1985 4146 2290 4202 suggerere,
2324 4139 2379 4184 et
2406 4131 2650 4186 nolentes
2677 4132 3022 4200 acquiescere
3046 4132 3355 4186 sacerdotes
3381 4141 3440 4186 ut
3473 4145 3566 4186 co-

1984 4229 2136 4292 geret
2171 4221 2514 4291 persuadere.
2556 4221 2706 4276 Tunc
2751 4221 3041 4276 Eusebium
3081 4221 3409 4278 Nicomediae
3445 4221 3563 4291 epi—

1983 4327 2204 4381 scopum
2230 4311 2476 4381 partibus
2497 4311 2610 4366 Arii
2643 4310 2912 4368 faventem
2929 4353 2942 4377 ,
2974 4311 3308 4382 crateresque
3335 4311 3452 4380 ejus
3475 4327 3562 4367 so-

1984 4405 2096 4460 cios
2123 4404 2436 4474 imperatori
2466 4403 2914 4460 familiarissimos
2948 4403 3156 4471 effecit,
3197 4405 3560 4460 annitentibus

1984 4497 2084 4552 sibi
2129 4494 2400 4550 Eunuchis
2441 4494 2724 4564 palatinis,
2767 4509 2998 4565 quorum
3045 4495 3254 4552 animos
3301 4494 3555 4550 diabolica

1983 4588 2171 4644 fraude
2209 4590 2312 4646 sibi
2346 4590 2680 4644 devinxerat.
2721 4589 3076 4644 Athanasium
3117 4604 3248 4644 vero
3286 4589 3557 4644 catholicae

1907 4638 1958 4697 D
1984 4677 2239 4734 Ecclesiae
2265 4679 2602 4734 defensorem
2633 4678 2781 4735 falsis
2803 4679 3272 4734 criminationibus
3298 4681 3552 4740 insectan-

1981 4777 2084 4836 tes,
2115 4769 2248 4824 adeo
2277 4779 2336 4824 ut
2368 4771 2622 4840 princeps
2647 4769 2996 4826 Constantius
3023 4769 3185 4824 vellet
3214 4785 3339 4824 eum
3365 4767 3549 4836 srepius

1979 4859 2290 4915 interimere
2312 4901 2326 4926 ,
2363 4860 2466 4916 nisi
2495 4861 2584 4930 pia
2612 4861 2705 4914 Dei
2733 4846 3076 4914 Providentia
3115 4860 3182 4914 ad
3209 4860 3547 4914 restauratioo

1979 4966 2102 5004 nem
2125 4950 2380 5005 Ecclesiae
2407 4965 2518 5005 suae
2540 4950 2790 5005 eumdem
2815 4959 3122 5021 protegeret
3144 4966 3209 5004 ac
3233 4955 3541 5004 reservaret.

1977 5041 2146 5112 Igitur
2167 5040 2362 5110 quibus
2387 5041 2704 5095 mirabiliter
2735 5040 2908 5096 modis
2930 5041 3125 5110 smpius
3152 5041 3225 5096 sit
3252 5047 3464 5110 ereptus
3484 5036 3544 5089 de

1981 5129 2229 5185 manibus
2249 5130 2483 5184 animam
2503 5130 2645 5184 illius
2657 5131 3034 5200 quzerentium,
3051 5129 3424 5184 Eeclesiastica
3435 5139 3544 5196 qua:

1979 5223 2176 5276 dicitur
2219 5220 2512 5290 Tripartita
2553 5229 2744 5274 narrat
2787 5219 3036 5274 historia.
3089 5219 3208 5288 Ipse
3256 5219 3416 5273 etiam
3457 5220 3542 5284 qui

1975 5327 2184 5382 passus,
2201 5310 2489 5364 ordinatim
2515 5309 2568 5363 in
2599 5310 2711 5364 suis
2737 5309 2903 5364 refert
2929 5307 3226 5378 opusculis,
3255 5323 3353 5362 nec
3373 5320 3474 5360 non
3495 5314 3546 5360 et

1976 5401 2204 5456 Ruﬁnus
2255 5401 2500 5471 praedicti
2561 5401 2818 5470 temporis
2875 5400 3267 5455 Eeclcsiasticae
3306 5396 3542 5454 Historia:

1975 5491 2223 5580 scriptor.

2586 5581 2813 5638 CAPUT
2849 5581 2934 5637 111.

1977 5691 2052 5746 De
2081 5691 2298 5762 diversis
2325 5691 2538 5761 synodis
2563 5693 2616 5744 in
2645 5691 2830 5762 quibus
2855 5691 3108 5762 catholico
3130 5689 3347 5762 ΔΝίειιιιιὶ
3369 5688 3540 5743 ωηείε

2199 5759 2256 5814 lii
2283 5759 2488 5814 decreta
2514 5759 2700 5815 Ariani
2725 5762 3015 5815 subvertere
3039 5759 3140 5813 nisi
3172 5768 3314 5814 sunt.

2043 5872 2229 5942 Itaque
2255 5875 2492 5942 perversi
2525 5874 2790 5945 dogmatis
2810 5874 3067 5940 fautores,
3099 5871 3360 5928 Eusebius
3384 5867 3538 5929 Nic»
