3962 6174
429 267 568 323 (ξοδ

1487 252 1899 314 ΕΗΚΟΝΙΟΟΝ.
1940 281 2011 293 --
2048 250 2213 306 TOMl
2246 250 2290 305 ll
2328 250 2458 306 LIB.
2501 247 2587 305 IV.

3540 234 3687 291 ιεοιῑ

429 386 741 450 medicusis,
772 399 891 439 eum
922 381 1134 437 caeteris
1157 376 1482 435 satellitibus
1506 371 1759 429 Ecclesiae
1785 368 1879 424 Dei
1901 367 1997 420 bo-
2024 369 2075 427 Α
2100 368 2381 434 suspectus
2420 361 2555 425 fuit,
2590 359 2764 429 quod,
2799 355 2956 411 tmdio
2991 351 3485 450 exsiliiﬁsuperatus
3506 390 3523 413 ,
3554 350 3694 413 sub—-

427 478 632 540 stibus,
668 473 811 528 nacti
851 479 1058 540 tempus
1095 475 1489 538 Opportunum,
1525 462 1781 533 paulatim
1811 458 2003 516 callide

430 570 645 625 decreta
684 563 885 619 Niemni
925 560 1135 616 concilii
1169 557 1432 614 catholica
1476 555 1792 610 subvertere
1828 551 2006 606 niten-

430 669 532 721 tes,
564 655 706 726 apud
733 651 1073 707 Antiochiam
1099 651 1332 719 primum
1355 648 1455 701 sub
1475 646 1761 701 occasione
1789 643 2005 697 dedica-

432 746 594 802 tionis
616 742 819 811 templi,
846 741 1044 795 ibidem
1069 756 1099 793 a
1124 748 1275 809 patre
1299 740 1662 808 Angusorum
1690 732 2009 787 mirabiliter

433 831 690 898 inchoati,
721 839 776 885 et
807 846 839 883 a
863 828 1179 884 Constantio
1208 825 1561 882 consummati
1587 863 1601 887 ,
1643 827 2012 876 convenerunt

433 924 588 992 quasi
632 919 920 988 nonaginta
965 915 1318 971 Orientalium
1369 912 1628 983 episcOpi.
1677 908 1779 963 Ubi
1823 916 2011 962 contra

437 1015 596 1068 tidem
621 1009 941 1067 catholicam
970 1006 1173 1062 Nicmni
1199 1005 1414 1061 concilii
1441 1018 1546 1058 non
1573 1011 1678 1055 tam
1707 998 2012 1060 manifeste,

438 1106 578 1158 sicut
609 1103 664 1157 in
691 1099 940 1169 reliquis,
972 1106 1267 1153 sanxerunt
1295 1094 1560 1150 conciliis.
1598 1092 1801 1146 Deinde
1828 1103 2015 1159 proce-

441 1194 598 1247 dente
613 1199 853 1257 tempore
880 1187 1095 1241 diversa
1121 1185 1458 1240 celebrantes
1480 1182 1728 1246 concilia,
1746 1178 1903 1233 tidem
1921 1176 2015 1230 Ni-

441 1280 574 1335 enini
611 1277 822 1333 concilii
864 1277 934 1340 de
970 1290 1079 1330 una
1113 1275 1209 1330 Dei
1250 1272 1432 1328 Patris
1471 1280 1526 1327 et
1560 1271 1681 1326 Filii
1719 1268 2020 1325 substantia

442 1368 659 1423 abolere
708 1366 1018 1435 cupientes,
1068 1363 1186 1433 ipso
1231 1363 1558 1432 imperatore
1595 1361 1673 1416 eis
1711 1358 2020 1423 annitente,

444 1458 597 1527 cujus
618 1465 667 1513 et
696 1457 982 1527 praesentia
1007 1455 1423 1518 debacchantes,
1447 1454 1562 1507 haec
1582 1450 1869 1520 aliquoties
1896 1464 2024 1520 age-

445 1551 596 1604 bant.
648 1546 754 1602 Sed
802 1546 928 1599 dum
969 1551 1091 1614 post
1132 1554 1361 1599 mortem
1405 1542 1718 1598 Constantis
1759 1538 2023 1610 synodum
2068 1576 2071 1581 -

447 1638 732 1693 Mediolani
752 1635 1095 1692 Constantius
1119 1634 1234 1689 ﬁeri
1257 1633 1601 1697 decrevisset,
1629 1631 1684 1685 in
1704 1645 1809 1700 qua
1828 1627 2022 1684 Orien-

448 1731 583 1787 tales
610 1738 772 1800 atque
793 1727 1165 1784 Occidentales
1191 1725 1471 1796 episcopos
1495 1724 1550 1778 in
1577 1721 1796 1778 vesania
1826 1719 2026 1774 Ariana
2053 1712 2102 1771 B

448 1821 746 1877 concordes
784 1819 1016 1883 faceret,
1055 1818 1120 1873 ad
1150 1816 1398 1872 effectum
1436 1815 1730 1886 perducere
1764 1811 2023 1881 nequivit.

449 1911 604 1971 Unde
640 1922 694 1968 et
735 1912 874 1982 apud
916 1912 1233 1965 Arimcnum
1270 1909 1557 1964 convenire
1589 1905 1846 1976 praecepit
1874 1903 2030 1960 Occi-

449 2002 728 2066 dentales,
777 2003 915 2071 apud
963 2000 1167 2073 Tyrum
1203 2015 1332 2054 vero
1376 1997 1697 2055 Orientales.
1739 1997 1795 2050 In
1834 1994 2030 2066 quibus

451 2096 671 2166 synodis
715 2093 1063 2148 llomousiani
1098 2106 1440 2160 nequaquam
1474 2089 1694 2144 Arianis
1731 2087 2031 2144 communi-

451 2197 672 2251 cantes,
702 2202 765 2241 ea
795 2185 860 2239 de
889 2201 946 2239 re
974 2185 1183 2239 caeteris
1211 2184 1265 2237 in
1297 2184 1429 2238 locis
1459 2183 1671 2238 diversa
1701 2180 2034 2235 celebrantes

453 2275 712 2340 concilia,
749 2274 1196 2330 turbulentiorem
1239 2281 1443 2328 contra
1467 2270 1774 2327 Catholieos
1816 2283 2035 2340 genera-

458 2377 584 2421 runt
610 2375 1005 2436 tempestatem.
1031 2365 1379 2421 Constantius
1406 2379 1535 2421 vero
1563 2365 1779 2418 hortatu
1804 2362 2034 2431 perfido—

459 2475 598 2522 rum,
634 2474 775 2513 nunc
803 2457 1101 2522 blanditiis,
1129 2472 1270 2511 nunc
1299 2457 1458 2511 minis
1482 2456 1711 2520 instans,
1732 2470 1833 2509 nec
1860 2454 1939 2509 sic
1967 2453 2037 2508 ad

460 2550 872 2603 unanimitatem
908 2564 1001 2604 eos
1044 2549 1343 2618 perducere
1383 2547 1560 2617 potuit
1594 2546 1907 2617 episcopos,
1943 2545 2040 2601 sed

460 2640 752 2695 frustratus
777 2648 859 2695 est
886 2640 997 2694 suis
1023 2638 1327 2705 conatibus,
1347 2648 1402 2693 et
1431 2637 1662 2707 majores
1688 2639 1815 2693 hinc
1838 2638 1962 2692 inde
1983 2638 2038 2691 in

459 2729 717 2785 Ecclesiis
744 2729 1094 2800 emergebant
1121 2729 1425 2784 discordiae.
1452 2729 1827 2784 lnsisteutibus
1854 2738 2037 2784 autem

459 2820 677 2874 Ariauis
706 2821 773 2872 ad
806 2826 1010 2873 tantam
1040 2819 1289 2887 pervenit
1318 2819 1642 2874 dementiam
1669 2819 2035 2881 Constantius,

463 2918 521 2962 ut
549 2904 812 2978 quosdam
848 2909 900 2962 in
932 2906 1041 2963 Deo
1076 2909 1274 2978 gradus
1316 2909 1594 2974 crederet;
1639 2916 1694 2963 ct
1720 2909 1809 2978 qui
1842 2924 1938 2978 per
1957 2906 2044 2975 ja-

462 3006 627 3056 nna’m
660 3002 729 3056 ab
765 3016 949 3056 errore
979 3000 1295 3056 idololatriae
1336 2999 1512 3054 fuerat
1543 3015 1791 3069 egressus
1812 3039 1827 3065 ,
1856 3016 2042 3054 rursus

2104 453 2402 524 scripserit.
2426 451 2764 522 Cognoverat
2789 447 2973 511 etiam,
2998 444 3139 513 quod
3169 440 3365 499 Felicis
3395 440 3534 497 illius
3559 457 3685 497 suc-

2104 546 2373 612 cessoris,
2401 543 2581 600 clerus
2612 549 2666 595 et
2701 538 2929 611 populus
2960 535 3109 591 urbis
3136 532 3567 590 communionem
3596 548 3686 585 ve-

2105 636 2187 691 lut
2222 634 2462 691 haeretici
2498 632 2862 694 declinarent,
2907 625 3128 695 ejusque
3166 623 3444 694 solemniis
3487 637 3684 689 nequa~

2108 741 2269 796 quam
2317 726 2659 780 interessent.
2707 721 2782 775 Ea
2821 732 3032 789 quoque
3076 723 3393 785 teu‘ipestate
3427 706 3689 769 Eusebius

2111 816 2466 872 Vercellcnsis
2495 824 2551 868 et
2579 812 2813 867 Hilarius
2840 808 3218 872 Pictaviensis,
3249 805 3540 876 czeteriquc
3568 802 3689 857 rell-

2112 906 2249 978 giosi
2288 921 2352 960 ac
2381 902 2627 959 catholici
2657 900 2893 971 episcopi
2935 908 2989 954 et
3024 897 3321 969 presbyteri
3351 910 3451 965 per
3479 895 3691 948 diversa

2114 1005 2404 1058 mittuntur
2427 999 2635 1055 eXsilia.
2668 997 2804 1052 Hinc
2828 995 2993 1049 variis
3018 992 3359 1048 atllictionum
3384 989 3558 1046 modis
3589 1004 3691 1042 non

2117 1111 2228 1151 suae
2274 1092 2445 1164 partis
2491 1090 2678 1144 Ariani
2718 1102 2906 1143 omnes
2952 1091 3347 1156 persequuntur
3394 1080 3692 1149 eplSCOptts,

2122 1198 2402 1240 assensum
2430 1180 2705 1252 praebente
2731 1176 2810 1231 eis
2835 1175 3098 1245 principe.
3128 1171 3290 1226 Fiunt
3316 1169 3567 1224 intestina
3590 1166 3695 1221 bel-

2118 1274 2194 1340 la,
2220 1274 2572 1328 ecclesiarum
2613 1267 3042 1339 depraidationes
3059 1304 3073 1331 ,
3105 1265 3328 1319 diversa:
3351 1259 3697 1317 conditionis.

2121 1369 2299 1423 aetatis
2324 1376 2381 1420 et
2404 1379 2566 1420 sexus
2597 1361 2875 1420 hominum
2895 1400 2909 1424 ,
2940 1357 3122 1414 multis
3152 1356 3206 1409 in
3246 1353 3409 1418 locis,
3442 1350 3621 1407 clades
3645 1359 3701 1402 et

2123 1467 2348 1516 mortes.
2372 1456 2518 1523 Quas
2539 1450 2943 1523 persecutiones
2968 1446 3226 1502 nefandas
3251 1443 3492 1513 sequitur
3516 1449 3701 1494 teme-

2126 1558 2307 1604 motus
2342 1542 2648 1605 horribilis,
2690 1540 2784 1611 qui
2820 1538 3079 1609 plurimas
3119 1533 3356 1591 Orientis
3390 1532 3551 1585 urbes
3587 1528 3704 1583 suln

2126 1636 2338 1702 stravit,
2361 1634 2456 1691 sed
2481 1633 2582 1687 ista
2604 1631 2659 1685 in
2684 1630 2788 1684 hoe
2812 1624 3193 1696 compendiose
3221 1620 3489 1677 subiciant
3518 1633 3698 1689 opere.

2753 1732 2980 1792 CAPUT
3016 1734 3080 1787 Υ.

2128 1838 2205 1892 De
2235 1834 2430 1907 proeliis
2459 1830 2973 1907 constanti-{comm
3006 1825 3323 1907 earthos‘ct‘
3343 1822 3614 1906 raucos,
3644 1838 3705 1873 uc

2235 1892 2300 1961 'de
2325 1912 2487 1959 morte
2509 1902 2693 1973 ipsius.
2726 1897 2825 1953 Ubi
2858 1907 2981 1952 tunc
3011 1894 3209 1950 Franci
3235 1892 3598 1948 habitaverint.

2202 1995 2356 2051 Nune
2388 2000 2571 2047 autem
2611 1990 2679 2045 ad
2718 1996 2953 2058 emptam
2988 1985 3227 2041 historia:
3266 1991 3600 2038 revertamur
3628 1995 3705 2039 se-

2132 2089 2288 2144 riem.
2333 2083 2502 2155 Igitur
2529 2081 2794 2137 Constans
2821 2076 3080 2133 adversus
3108 2073 3302 2129 Persas
3338 2080 3395 2128 et
3430 2071 3708 2140 Saporem,

2133 2179 2226 2250 qui
2254 2173 2694 2246 Mesopotamiam
2719 2176 3048 2232 vastaverat,
3080 2180 3270 2221 novem
3296 2162 3493 2234 praliis
3518 2177 3710 2233 parum

2135 2281 2392 2339 prospere
2434 2262 2732 2319 decertavit
2760 2279 2773 2314 :
2800 2259 3090 2314 novissime
3130 2255 3396 2310 seditione
3431 2262 3593 2321 atque
3634 2251 3714 2304 in-

2139 2357 2495 2428 temperantia
2525 2354 2753 2409 militum
2795 2358 2955 2406 noctu
2986 2347 3186 2404 adoriri
3215 2359 3446 2417 pugnam
3473 2351 3713 2403 coaetus,

2137 2460 2408 2524 patratatn
2444 2462 2581 2518 pene
2620 2445 2904 2500 victoriam
2936 2443 3154 2512 insuper
3181 2439 3352 2493 victus
3387 2435 3587 2509 amisit.
3619 2434 3718 2507 lgi-

2140 2553 2227 2599 tur
2252 2542 2403 2597 vario
2428 2547 2622 2595 eventu
2657 2537 2943 2591 adversum
2981 2531 3220 2586 Francos
3249 2545 3278 2584 a
3305 2526 3598 2583 Constante
3623 2540 3721 2594 pu-

2140 2642 2354 2705 gnatur.
2403 2631 2629 2685 Demum
2673 2625 2867 2680 Franci
2913 2640 2943 2677 a
2989 2622 3283 2677 Constante
3319 2617 3639 2689 perdomiti,
3669 2623 3722 2667 et

2142 2738 2246 2793 pax
2271 2737 2395 2776 cum
2429 2720 2509 2775 eis
2546 2718 2691 2772 facta
2722 2724 2821 2771 est.
2858 2710 3026 2768 Porro
3061 2712 3253 2766 beatus
3280 2709 3640 2776 llicrouymus
3665 2705 3718 2757 iu

2146 2814 2264 2869 Vita
2292 2807 2587 2865 Hilarionis
2614 2806 2744 2861 facit
2771 2802 3086 2858 memoriam
3111 2800 3176 2855 de
3197 2797 3449 2860 Francis,
3476 2795 3564 2849 ubi
3586 2802 3719 2857 tunc

2145 2902 2475 2959 habitarent.
2516 2896 2658 2952 Dicit
2701 2894 2847 2949 enim
2883 2909 2897 2945 :
2938 2889 3180 2959 Namque
3225 2886 3550 2941 candidatus
3585 2884 3724 2939 Coxi-

2145 2990 2327 3047 stantii
2355 2985 2698 3058 imperatoris
2718 3024 2735 3049 ,
2764 2981 2959 3037 rutilus
2985 2994 3139 3053 coma
3158 3018 3174 3043 ,
3200 2987 3256 3032 et
3278 2975 3511 3035 candoee
3536 2988 3725 3042 corpo-

465 3091 521 3147 iu
564 3092 740 3146 sinum
782 3092 929 3163 ejus,
970 3092 1094 3147 dum
1134 3093 1190 3146 in
1231 3090 1341 3146 Deo
1376 3093 1504 3145 deos
1530 3092 1757 3161 quaerit,
1789 3099 2042 3161 tanquam
2070 3052 2115 3116 Ε
2148 3084 2227 3138 ris
2275 3081 2520 3136 indicans
2558 3075 2890 3147 provinciam
2927 3071 3100 3144 (inter
3147 3068 3390 3133 Saxones
3434 3066 3629 3137 quippe
3672 3073 3727 3116 et

464 3198 566 3255 per
604 3183 1026 3254 pseudothyrum
1073 3182 1366 3237 inducitur.
1416 3182 1677 3237 Perverso
1724 3181 1887 3251 igitur
1929 3181 2046 3236 zelo

466 3283 706 3347 potestas
746 3284 986 3330 armatur
1025 3275 1211 3340 illusa,
1251 3283 1307 3329 et
1330 3276 1430 3330 sub
1467 3275 1686 3329 nomine
1716 3274 1935 3344 pietatis
1967 3274 2049 3329 vis

467 3367 861 3439 persecutionis
903 3368 1170 3438 agitatur,
1214 3366 1281 3421 de
1323 3381 1462 3420 nova
1502 3365 1738 3420 nominis
1785 3365 2049 3421 electione

468 3458 829 3520 contenditur,
874 3468 933 3511 ut
968 3457 1292 3511 Arianorum
1332 3456 1512 3525 potius
1554 3456 1838 3522 Ecclesiae,
1886 3470 2049 3525 quam

470 3548 864 3604 catholicorum
894 3548 1024 3603 sint.

1081 3658 1308 3715 CAPUT
1344 3657 1432 3713 Ν.

473 3754 551 3809 De
597 3754 950 3825 persecutione
992 3753 1270 3834 Athanasii
1315 3762 1362 3805 et
1406 3750 1633 3805 aliorum
1677 3749 2052 3804 catholicorum

1072 3838 1452 3893 episcoporum.

548 3916 689 3986 Ergo
717 3914 971 3970 efferatus
1001 3930 1095 3969 rex
1136 3914 1393 3968 instinctu
1427 3912 1751 3966 Arianorum
1772 3951 1787 3976 ,
1818 3910 2053 3981 primum

477 4004 830 4058 Athanasium
879 4004 1239 4073 persequitur.
1296 4002 1398 4069 Qui
1443 4018 1564 4057 cum
1613 4010 1947 4071 quaereretur
1986 4000 2055 4054 ad

478 4108 714 4163 poenam,
746 4110 775 4147 a
812 4094 1101 4148 Maximino
1131 4092 1476 4148 Trevirorum
1504 4093 1773 4161 episcopo,
1806 4091 1897 4160 qui
1930 4099 2058 4145 tunc

479 4183 613 4237 satis
664 4183 844 4238 clarus
899 4184 1230 4247 habebatur,
1282 4181 1578 4237 honorifice
1625 4189 1907 4250 susceptus
1951 4189 2055 4236 est.

481 4273 703 4327 Paulum
732 4289 861 4328 vero
895 4287 1260 4328 successorem
1288 4272 1578 4327 Alexandri
1607 4270 2060 4340 Constantinopo-

2146 3171 2510 3233 Alamannos,
2549 3181 2681 3237 gens
2715 3164 2832 3231 ejus
2859 3161 2991 3235 μί..
3031 3160 3135 3232 est]
3167 3174 3272 3216 non
3302 3166 3410 3215 tam
3435 3156 3543 3223 lata
3568 3169 3726 3224 quam

2143 3265 2360 3329 valida;
2391 3261 2534 3331 apud
2561 3256 2872 3320 historicos,
2900 3250 3188 3308 Germania
3215 3263 3365 3304 nunc
3384 3245 3617 3317 Francia
3646 3243 3726 3297 di—

2145 3355 2331 3426 citur),
2360 3352 2650 3420 antiquo...
2682 3360 2961 3419 possessus
2983 3345 3385 3404 daamone,etc.
3419 3337 3585 3408 igitur
3609 3342 3729 3411 past

2148 3463 2271 3505 cum
2300 3462 2360 3500 se
2389 3438 2739 3498 intolerandis
2761 3436 2910 3491 vitiis
2927 3434 3164 3491 dedisset
3193 3429 3482 3509 Constans,
3504 3438 3729 3509 acﬁpcinc

2150 3530 2560 3605 provincialium
2605 3526 2848 3579 favorem
2894 3522 3125 3575 militum
3174 3500 3559 3585 compararet,
3616 3496 3730 3565 bla-

2151 3623 2356 3697 gnentii
2384 3621 2519 3677 dolis
2547 3620 2599 3673 in
2630 3615 2859 3687 oppido,
2892 3614 2978 3667 cui
3004 3610 3203 3667 Helena
3230 3623 3428 3664 nomen
3456 3614 3572 3672 est,
3606 3618 3730 3674 pro-

2154 3716 2301 3771 ximo
2327 3709 2620 3782 Hispanus,
2650 3704 2968 3762 interfectus
2995 3709 3098 3757 est.

2155 3921 2234 3976 De
2267 3916 2542 3991 tyrannide
2561 3911 2853 3991 Magnenti?
2872 3920 3043 3991 atque.
3054 3907 3365 3991 spoliati,
3391 3913 3453 3960 οι·
3467 3903 3533 3959 de
3552 3917 3734 3959 eorum

2726 3978 3163 4049 interfectoribus.
3492 4020 3495 4023 λ

2228 4085 2566 4159 Magnentius
2615 4081 2760 4136 enim
2813 4078 2953 4147 apud
3010 4076 3456 4147 Augustodunum
3506 4072 3738 4143 arripuit

2157 4176 2478 4248 imperium,
2521 4172 2666 4242 quod
2704 4168 2959 4226 continuo
3000 4182 3097 4236 per
3123 4165 3384 4229 Galliam,
3422 4163 3730 4234 Aphricain,

2157 4268 2473 4335 Italiamque
2510 4261 2777 4333 porrexit.
2815 4260 2871 4313 ln
2904 4257 3102 4312 lllirieo
3140 4264 3320 4315 autem
3354 4256 3736 4315 Vetmnioncm

483 4365 596 4419 leos
631 4365 973 4432 episcopum,
1014 4364 1186 4417 virum
1228 4363 1384 4418 laude
1420 4362 1673 4429 dignum,
1717 4362 1770 4417 in
1806 4362 2055 4417 exsilium
2083 4394 2139 4454 Β
2160 4365 2321 4413 {etate
2343 4355 2721 4426 grandaevum,
2751 4350 3133 4419 imperatorem
3162 4346 3266 4401 sibi
3292 4345 3491 4403 milites
3520 4358 3739 4401 creave-

480 4457 693 4510 detrudi
716 4454 911 4525 jussit,
943 4465 997 4510 et
1022 4456 1075 4510 in
1103 4454 1279 4510 locum
1309 4455 1426 4524 ejus
1461 4454 1833 4510 Macedonium
1864 4457 2059 4512 crude-

481 4545 588 4603 lem
639 4547 947 4601 haereticum
992 4546 1321 4614 subrogavit.
1370 4544 1475 4600 Sed
1523 4546 1648 4600 dum
1695 4545 2059 4617 Hermogenes

484 4637 745 4709 magister
766 4637 970 4691 militia:
991 4632 1132 4709 regis
1155 4638 1381 4707 imperio
1406 4647 1460 4691 et
1482 4638 1801 4693 Arianorum
1827 4638 2061 4694 factione

486 4728 711 4784 Paulmn
743 4728 1027 4797 deportare
1057 4737 1346 4782 conaretur
1377 4728 1429 4781 in
1456 4728 1729 4793 exsilium,
1754 4729 2063 4783 Constanti-

489 4820 724 4890 nopolim
751 4836 781 4873 a
804 4818 1001 4889 populo
1032 4826 1235 4875 tractus
1255 4818 1519 4893 catholico
1535 4858 1551 4880 ,
1581 4819 1937 4888 interemptus
1958 4827 2059 4875 est.

488 4911 686 4966 Paulus
710 4919 888 4965 autem
910 4908 1146 4978 praefecti
1168 4908 1398 4978 Philippi
1428 4908 1614 4963 fraude
1639 4910 2060 4976 circumventus,

489 5002 831 5072 postmodum
861 5001 916 5055 in
951 4999 1197 5055 exsilium
1225 5007 1309 5053 est
1338 5008 1520 5054 trusus
1540 5040 1556 5065 ,
1590 5009 1645 5054 et
1676 5001 1746 5056 ibi
1780 5002 1847 5055 ab
1875 5002 2065 5057 eodem

490 5092 878 5162 strangulatus,
896 5090 1021 5160 quia
1046 5088 1225 5143 fautor
1246 5088 1540 5144 Macedonii
1561 5100 1722 5159 atque
1741 5090 2065 5144 Arianorum

488 5194 628 5238 erat.
656 5183 794 5238 Hinc
819 5179 932 5249 jam
963 5178 1210 5234 Liberius
1238 5178 1492 5233 Romana:
1525 5178 1667 5234 sedis
1698 5178 1986 5248 episcopus
2010 5180 2067 5235 in

492 5274 682 5329 exsilio
709 5274 1016 5335 damnatur,
1040 5269 1131 5338 qui
1160 5268 1331 5323 noluit
1355 5269 1623 5323 haereticis
1646 5271 2063 5333 communicare,

492 5373 550 5420 et
576 5362 973 5418 damnationem
997 5356 1276 5413 Athanasii
1299 5357 1658 5412 subscribere.
1687 5357 1793 5413 Sed
1815 5359 1942 5413 dum
1966 5359 2069 5412 Ro-

497 5469 637 5510 mam
663 5450 1011 5507 Constantius
1029 5447 1256 5510 veniret,
1280 5453 1648 5501 matronarum
1678 5448 1936 5503 nobilium
1960 5447 2069 5504 Ro-

494 5559 778 5600 manormn
812 5557 910 5611 pro
943 5556 1007 5595 eo
1046 5536 1440 5594 satifaetionem
1483 5538 1815 5607 suscipiens,
1852 5540 1919 5593 ad
1944 5555 2065 5608 pro-

497 5635 670 5705 priam
728 5648 850 5688 eum
905 5632 1177 5687 revocavit
1235 5627 1437 5682 sedem.
1495 5626 1696 5684 Tamen
1744 5630 2063 5698 quibusdam

2162 4455 2289 4502 runt
2329 4463 2342 4499 :
2384 4443 2563 4499 virum
2606 4449 2797 4496 natura
2831 4438 3165 4507 simplicem,
3201 4435 3742 4506 cunctisqiiqjumn-

2163 4537 2290 4592 dum
2309 4576 2326 4601 ,
2356 4535 2453 4590 sed
2481 4533 2574 4603 qui
2610 4546 2678 4587 ne
2715 4530 2890 4601 prima
2926 4528 3143 4597 quidem
3170 4541 3407 4597 unquam
3437 4525 3738 4581 litterarum

2163 4632 2430 4695 elementa
2460 4627 2761 4682 didicisset.
2788 4624 2974 4692 itaque
3003 4636 3126 4677 eum
3152 4621 3355 4691 primas
3377 4620 3623 4686 litteras,
3648 4619 3733 4673 iit-

2166 4730 2515 4788 terarumque
2537 4716 2773 4789 syllabas
2800 4715 3093 4784 imperator
3115 4728 3277 4771 senex
3304 4712 3577 4769 interdum
3598 4713 3742 4767 invi-

2167 4820 2253 4866 tus
2282 4809 2653 4871 meditaretur,
2679 4820 2710 4858 a
2737 4802 3053 4859 Constantio
3071 4842 3086 4866 ,
3118 4803 3209 4870 qni
3246 4811 3375 4861 tunc
3411 4804 3467 4858 in
3490 4801 3744 4871 Magnen—

2167 4904 2302 4959 tium
2330 4901 2532 4954 ultione
2558 4895 2743 4950 fratris
2768 4908 3029 4948 aceensns
3066 4893 3262 4946 bellum
3291 4894 3547 4961 parabat,
3579 4893 3743 4962 depo-

2165 5005 2295 5045 nere
2311 4989 2494 5056 jussus
2514 4983 2819 5054 imperium,
2836 4981 3094 5051 abjiciens
3105 4996 3225 5035 cum
3239 4981 3434 5037 litteris
3454 4993 3741 5050 νωθείας,

2166 5086 2559 5144 contentusque
2597 5074 2853 5144 privatis,
2898 5072 3158 5141 palatium
3202 5069 3360 5125 simul
3396 5070 3743 5139 scholamque

2168 5168 2391 5223 dimisit.
2426 5163 2755 5234 Nepotianus
2780 5162 2975 5217 deinde
3011 5159 3194 5215 Roma:
3225 5159 3566 5216 Constantini
3592 5175 3744 5215 soro-

2170 5260 2244 5312 ris
2267 5258 2407 5313 tilius
2435 5253 2790 5325 gladiatorum
2818 5267 2981 5306 manu
3013 5249 3181 5305 fretus
3210 5249 3409 5304 invasit
3436 5249 3741 5320 imperium,

2168 5348 2261 5418 qui
2291 5346 2482 5402 deinde
2508 5359 2630 5399 cum
2662 5342 2937 5412 improbus
2963 5356 3029 5395 ac
3053 5355 3148 5409 per
3176 5340 3279 5395 hoc
3302 5340 3515 5399 invisus
3535 5342 3749 5399 cunctis

2170 5447 2334 5503 esset,
2365 5453 2396 5491 a
2428 5435 2817 5507 Magnentianis
2840 5434 3066 5489 ducibus
3093 5445 3384 5500 oppressus
3412 5442 3515 5487 est.
3550 5431 3744 5501 Sequi-

2172 5546 2259 5591 tur
2295 5534 2494 5590 bellum
2535 5532 2665 5586 illud
2701 5530 2959 5587 horribile
3000 5528 3142 5580 inter
3185 5525 3556 5581 Constantium
3580 5563 3598 5588 ,
3639 5524 3744 5576 Ma-

2170 5625 2556 5696 gnentiumque
2596 5621 2737 5691 apud
2776 5620 3007 5675 Marsum
3048 5616 3236 5670 urbem
3276 5625 3516 5687 gestum,
3557 5614 3610 5666 in
3639 5628 3745 5680 quo
