  <div class='ocr_page' id='page_1' title='image "/cluster/home/n/w/nwhite01/storage/ocr_20150623/106/hvd.32044054759717/609.png"; bbox 0 0 3962 6174; ppageno 0'>
   <div class='ocr_carea' id='block_1_1' title="bbox 366 297 498 360">
    <p class='ocr_par' dir='ltr' id='par_1_1' title="bbox 366 297 498 360">
     <span class='ocr_line' id='line_1_1' title="bbox 366 297 498 360; baseline -0.03 -1"><span class='ocrx_word' id='word_1_1' title='bbox 366 297 498 360; x_wconf 68' lang='grc' dir='ltr'><strong>ίευτ</strong></span> 
     </span>
    </p>
   </div>
   <div class='ocr_carea' id='block_1_2' title="bbox 1341 293 2567 358">
    <p class='ocr_par' dir='ltr' id='par_1_2' title="bbox 1341 293 2567 358">
     <span class='ocr_line' id='line_1_2' title="bbox 1341 293 2567 358; baseline 0.002 -5"><span class='ocrx_word' id='word_1_2' title='bbox 1341 296 1727 358; x_wconf 78' lang='lat' dir='ltr'><strong>FRECULPHI</strong></span> <span class='ocrx_word' id='word_1_3' title='bbox 1764 297 2222 357; x_wconf 75' lang='lat' dir='ltr'><strong>LEXOVIENSIS</strong></span> <span class='ocrx_word' id='word_1_4' title='bbox 2265 293 2567 358; x_wconf 69' lang='lat' dir='ltr'><strong>EPISCOPI</strong></span> 
     </span>
    </p>
   </div>
   <div class='ocr_carea' id='block_1_3' title="bbox 3486 305 3622 359">
    <p class='ocr_par' dir='ltr' id='par_1_3' title="bbox 3486 305 3622 359">
     <span class='ocr_line' id='line_1_3' title="bbox 3486 305 3622 359; baseline 0.007 -1"><span class='ocrx_word' id='word_1_5' title='bbox 3486 305 3504 358; x_wconf 84' lang='grc' dir='ltr'><strong>Ι</strong></span> <span class='ocrx_word' id='word_1_6' title='bbox 3514 305 3622 359; x_wconf 64' lang='grc' dir='ltr'><strong>Ξυῧ</strong></span> 
     </span>
    </p>
   </div>
   <div class='ocr_carea' id='block_1_4' title="bbox 363 409 3623 496">
    <p class='ocr_par' dir='ltr' id='par_1_4' title="bbox 363 409 3623 496">
     <span class='ocr_line' id='line_1_4' title="bbox 363 409 3623 496; baseline 0.003 -27"><span class='ocrx_word' id='word_1_7' title='bbox 363 411 528 469; x_wconf 86' lang='lat' dir='ltr'><strong>multa</strong></span> <span class='ocrx_word' id='word_1_8' title='bbox 572 409 939 468; x_wconf 78' lang='lat' dir='ltr'><strong>Romanorum</strong></span> <span class='ocrx_word' id='word_1_9' title='bbox 974 410 1166 464; x_wconf 83' lang='lat' dir='ltr'><strong>virium</strong></span> <span class='ocrx_word' id='word_1_10' title='bbox 1195 409 1530 483; x_wconf 74' lang='lat' dir='ltr'><strong>proﬂigatio,</strong></span> <span class='ocrx_word' id='word_1_11' title='bbox 1561 415 1723 469; x_wconf 84' lang='lat' dir='ltr'><strong>etiam</strong></span> <span class='ocrx_word' id='word_1_12' title='bbox 1763 413 1817 468; x_wconf 93' lang='lat' dir='ltr'><strong>in</strong></span> <span class='ocrx_word' id='word_1_13' title='bbox 1851 429 1939 485; x_wconf 87' lang='lat' dir='ltr'><strong>po-</strong></span> <span class='ocrx_word' id='word_1_14' title='bbox 1967 417 2014 473; x_wconf 84' lang='lat' dir='ltr'><strong>A</strong></span> <span class='ocrx_word' id='word_1_15' title='bbox 2045 412 2318 470; x_wconf 69' lang='lat' dir='ltr'><strong>translata:</strong></span> <span class='ocrx_word' id='word_1_16' title='bbox 2355 425 2480 469; x_wconf 89' lang='lat' dir='ltr'><strong>sunt</strong></span> <span class='ocrx_word' id='word_1_17' title='bbox 2524 431 2538 469; x_wconf 89' lang='lat'><strong>:</strong></span> <span class='ocrx_word' id='word_1_18' title='bbox 2574 431 2799 485; x_wconf 87' lang='lat' dir='ltr'><strong>quarum</strong></span> <span class='ocrx_word' id='word_1_19' title='bbox 2845 417 3112 488; x_wconf 61' lang='lat' dir='ltr'><strong>praeipua</strong></span> <span class='ocrx_word' id='word_1_20' title='bbox 3147 426 3240 496; x_wconf 8' lang='lat' dir='ltr'><strong>est}</strong></span> <span class='ocrx_word' id='word_1_21' title='bbox 3269 419 3335 475; x_wconf 81' lang='lat' dir='ltr'><strong>ad</strong></span> <span class='ocrx_word' id='word_1_22' title='bbox 3373 422 3623 479; x_wconf 70' lang='lat' dir='ltr'><strong>Ancus.</strong></span> 
     </span>
    </p>
   </div>
   <div class='ocr_carea' id='block_1_5' title="bbox 349 500 1937 576">
    <p class='ocr_par' dir='ltr' id='par_1_5' title="bbox 349 500 1937 576">
     <span class='ocr_line' id='line_1_5' title="bbox 349 500 1937 576; baseline 0.001 -17"><span class='ocrx_word' id='word_1_23' title='bbox 349 514 568 560; x_wconf 66' lang='lat' dir='ltr'><strong>uterum</strong></span> <span class='ocrx_word' id='word_1_24' title='bbox 598 501 800 558; x_wconf 99' lang='lat' dir='ltr'><strong>nocuit.</strong></span> <span class='ocrx_word' id='word_1_25' title='bbox 839 500 895 555; x_wconf 92' lang='lat' dir='ltr'><strong>in</strong></span> <span class='ocrx_word' id='word_1_26' title='bbox 928 516 1035 571; x_wconf 88' lang='lat' dir='ltr'><strong>quo</strong></span> <span class='ocrx_word' id='word_1_27' title='bbox 1060 500 1199 555; x_wconf 86' lang='lat' dir='ltr'><strong>belin</strong></span> <span class='ocrx_word' id='word_1_28' title='bbox 1223 515 1360 571; x_wconf 88' lang='lat' dir='ltr'><strong>pene</strong></span> <span class='ocrx_word' id='word_1_29' title='bbox 1397 519 1671 573; x_wconf 85' lang='lat' dir='ltr'><strong>nunquam</strong></span> <span class='ocrx_word' id='word_1_30' title='bbox 1705 505 1937 576; x_wconf 79' lang='lat' dir='ltr'><strong>amplius</strong></span> 
     </span>
    </p>
   </div>
   <div class='ocr_carea' id='block_1_6' title="bbox 367 591 1936 665">
    <p class='ocr_par' dir='ltr' id='par_1_6' title="bbox 367 591 1936 665">
     <span class='ocr_line' id='line_1_6' title="bbox 367 591 1936 665; baseline 0 -15"><span class='ocrx_word' id='word_1_31' title='bbox 367 599 618 650; x_wconf 74' lang='lat' dir='ltr'><strong>Romana:</strong></span> <span class='ocrx_word' id='word_1_32' title='bbox 653 598 987 662; x_wconf 63' lang='lat' dir='ltr'><strong>consumpta:</strong></span> <span class='ocrx_word' id='word_1_33' title='bbox 1029 601 1155 646; x_wconf 89' lang='lat' dir='ltr'><strong>sunt</strong></span> <span class='ocrx_word' id='word_1_34' title='bbox 1197 591 1371 658; x_wconf 67' lang='lat' dir='ltr'><strong>vires,</strong></span> <span class='ocrx_word' id='word_1_35' title='bbox 1417 595 1688 664; x_wconf 88' lang='lat' dir='ltr'><strong>totiusque</strong></span> <span class='ocrx_word' id='word_1_36' title='bbox 1725 596 1936 665; x_wconf 89' lang='lat' dir='ltr'><strong>imperii</strong></span> 
     </span>
    </p>
   </div>
   <div class='ocr_carea' id='block_1_7' title="bbox 363 681 1936 751">
    <p class='ocr_par' dir='ltr' id='par_1_7' title="bbox 363 681 1936 751">
     <span class='ocr_line' id='line_1_7' title="bbox 363 681 1936 751; baseline -0.002 -11"><span class='ocrx_word' id='word_1_37' title='bbox 363 684 574 740; x_wconf 89' lang='lat' dir='ltr'><strong>fortuna</strong></span> <span class='ocrx_word' id='word_1_38' title='bbox 600 682 964 751; x_wconf 82' lang='lat' dir='ltr'><strong>pessumdata.</strong></span> <span class='ocrx_word' id='word_1_39' title='bbox 1005 681 1339 751; x_wconf 79' lang='lat' dir='ltr'><strong>Magnentius</strong></span> <span class='ocrx_word' id='word_1_40' title='bbox 1368 691 1548 736; x_wconf 87' lang='lat' dir='ltr'><strong>tamen</strong></span> <span class='ocrx_word' id='word_1_41' title='bbox 1581 683 1756 738; x_wconf 80' lang='lat' dir='ltr'><strong>victus</strong></span> <span class='ocrx_word' id='word_1_42' title='bbox 1780 684 1936 737; x_wconf 82' lang='lat' dir='ltr'><strong>aufu-</strong></span> 
     </span>
    </p>
   </div>
   <div class='ocr_carea' id='block_1_8' title="bbox 363 771 1936 846">
    <p class='ocr_par' dir='ltr' id='par_1_8' title="bbox 363 771 1936 846">
     <span class='ocr_line' id='line_1_8' title="bbox 363 771 1936 846; baseline 0.001 -19"><span class='ocrx_word' id='word_1_43' title='bbox 363 775 473 846; x_wconf 87' lang='lat' dir='ltr'><strong>git,</strong></span> <span class='ocrx_word' id='word_1_44' title='bbox 503 789 566 827; x_wconf 84' lang='lat' dir='ltr'><strong>ac</strong></span> <span class='ocrx_word' id='word_1_45' title='bbox 607 787 709 826; x_wconf 91' lang='lat' dir='ltr'><strong>non</strong></span> <span class='ocrx_word' id='word_1_46' title='bbox 750 773 918 828; x_wconf 88' lang='lat' dir='ltr'><strong>multo</strong></span> <span class='ocrx_word' id='word_1_47' title='bbox 950 780 1073 842; x_wconf 87' lang='lat' dir='ltr'><strong>post</strong></span> <span class='ocrx_word' id='word_1_48' title='bbox 1110 773 1249 841; x_wconf 87' lang='lat' dir='ltr'><strong>apud</strong></span> <span class='ocrx_word' id='word_1_49' title='bbox 1285 771 1596 844; x_wconf 77' lang='lat' dir='ltr'><strong>Lugdunum</strong></span> <span class='ocrx_word' id='word_1_50' title='bbox 1627 775 1840 844; x_wconf 84' lang='lat' dir='ltr'><strong>propria</strong></span> <span class='ocrx_word' id='word_1_51' title='bbox 1879 789 1936 829; x_wconf 89' lang='lat' dir='ltr'><strong>se</strong></span> 
     </span>
    </p>
   </div>
   <div class='ocr_carea' id='block_1_9' title="bbox 363 862 1934 934">
    <p class='ocr_par' dir='ltr' id='par_1_9' title="bbox 363 862 1934 934">
     <span class='ocr_line' id='line_1_9' title="bbox 363 862 1934 934; baseline 0 -16"><span class='ocrx_word' id='word_1_52' title='bbox 363 880 523 918; x_wconf 84' lang='lat' dir='ltr'><strong>manu</strong></span> <span class='ocrx_word' id='word_1_53' title='bbox 561 862 850 919; x_wconf 79' lang='lat' dir='ltr'><strong>interfecit.</strong></span> <span class='ocrx_word' id='word_1_54' title='bbox 900 863 1184 917; x_wconf 79' lang='lat' dir='ltr'><strong>Decentius</strong></span> <span class='ocrx_word' id='word_1_55' title='bbox 1221 878 1436 932; x_wconf 88' lang='lat' dir='ltr'><strong>quoque</strong></span> <span class='ocrx_word' id='word_1_56' title='bbox 1470 863 1640 918; x_wconf 80' lang='lat' dir='ltr'><strong>frater</strong></span> <span class='ocrx_word' id='word_1_57' title='bbox 1671 863 1934 934; x_wconf 87' lang='lat' dir='ltr'><strong>ejusdem,</strong></span> 
     </span>
    </p>
   </div>
   <div class='ocr_carea' id='block_1_10' title="bbox 360 950 1936 1024">
    <p class='ocr_par' dir='ltr' id='par_1_10' title="bbox 360 950 1936 1024">
     <span class='ocr_line' id='line_1_10' title="bbox 360 950 1936 1024; baseline 0.001 -18"><span class='ocrx_word' id='word_1_58' title='bbox 360 968 519 1024; x_wconf 88' lang='lat' dir='ltr'><strong>quem</strong></span> <span class='ocrx_word' id='word_1_59' title='bbox 549 953 816 1008; x_wconf 71' lang='lat' dir='ltr'><strong>Ctesarem</strong></span> <span class='ocrx_word' id='word_1_60' title='bbox 845 951 1015 1007; x_wconf 83' lang='lat' dir='ltr'><strong>Gallis</strong></span> <span class='ocrx_word' id='word_1_61' title='bbox 1047 950 1391 1024; x_wconf 68' lang='lat' dir='ltr'><strong>prmfccerat,</strong></span> <span class='ocrx_word' id='word_1_62' title='bbox 1421 953 1561 1022; x_wconf 86' lang='lat' dir='ltr'><strong>apud</strong></span> <span class='ocrx_word' id='word_1_63' title='bbox 1589 951 1831 1008; x_wconf 82' lang='lat' dir='ltr'><strong>Senonas</strong></span> <span class='ocrx_word' id='word_1_64' title='bbox 1860 953 1936 1007; x_wconf 88' lang='lat' dir='ltr'><strong>la-</strong></span> 
     </span>
    </p>
   </div>
   <div class='ocr_carea' id='block_1_11' title="bbox 361 1045 908 1120">
    <p class='ocr_par' dir='ltr' id='par_1_11' title="bbox 361 1045 908 1120">
     <span class='ocr_line' id='line_1_11' title="bbox 361 1045 908 1120; baseline 0 -21"><span class='ocrx_word' id='word_1_65' title='bbox 361 1063 499 1120; x_wconf 83' lang='lat' dir='ltr'><strong>queo</strong></span> <span class='ocrx_word' id='word_1_66' title='bbox 527 1047 690 1101; x_wconf 81' lang='lat' dir='ltr'><strong>vitum</strong></span> <span class='ocrx_word' id='word_1_67' title='bbox 718 1045 908 1103; x_wconf 85' lang='lat' dir='ltr'><strong>ﬁnivit.</strong></span> 
     </span>
    </p>
   </div>
   <div class='ocr_carea' id='block_1_12' title="bbox 965 1155 1336 1214">
    <p class='ocr_par' dir='ltr' id='par_1_12' title="bbox 965 1155 1336 1214">
     <span class='ocr_line' id='line_1_12' title="bbox 965 1155 1336 1214; baseline 0.003 -3"><span class='ocrx_word' id='word_1_68' title='bbox 965 1155 1192 1214; x_wconf 81' lang='lat' dir='ltr'><strong>CAPUT</strong></span> <span class='ocrx_word' id='word_1_69' title='bbox 1227 1155 1336 1213; x_wconf 84' lang='lat' dir='ltr'><strong>Vll.</strong></span> 
     </span>
    </p>
   </div>
   <div class='ocr_carea' id='block_1_13' title="bbox 365 1264 1930 1336">
    <p class='ocr_par' dir='ltr' id='par_1_13' title="bbox 365 1264 1930 1336">
     <span class='ocr_line' id='line_1_13' title="bbox 365 1264 1930 1336; baseline -0.006 -8"><span class='ocrx_word' id='word_1_70' title='bbox 365 1271 438 1328; x_wconf 74' lang='lat' dir='ltr'><strong>De</strong></span> <span class='ocrx_word' id='word_1_71' title='bbox 467 1271 622 1326; x_wconf 80' lang='lat' dir='ltr'><strong>Collo</strong></span> <span class='ocrx_word' id='word_1_72' title='bbox 650 1269 856 1326; x_wconf 60' lang='lat' dir='ltr'><strong>(fruare</strong></span> <span class='ocrx_word' id='word_1_73' title='bbox 879 1269 1016 1336; x_wconf 77' lang='lat' dir='ltr'><strong>facta</strong></span> <span class='ocrx_word' id='word_1_74' title='bbox 1045 1287 1076 1323; x_wconf 90' lang='lat' dir='ltr'><strong>a</strong></span> <span class='ocrx_word' id='word_1_75' title='bbox 1107 1267 1411 1322; x_wconf 83' lang='lat' dir='ltr'><strong>Constantio</strong></span> <span class='ocrx_word' id='word_1_76' title='bbox 1430 1308 1444 1327; x_wconf 88' lang='lat'><strong>,</strong></span> <span class='ocrx_word' id='word_1_77' title='bbox 1472 1283 1532 1320; x_wconf 82' lang='lat' dir='ltr'><strong>ac</strong></span> <span class='ocrx_word' id='word_1_78' title='bbox 1564 1264 1822 1336; x_wconf 60' lang='lat' dir='ltr'><strong>maturius</strong></span> <span class='ocrx_word' id='word_1_79' title='bbox 1847 1265 1930 1319; x_wconf 87' lang='lat' dir='ltr'><strong>in-</strong></span> 
     </span>
    </p>
   </div>
   <div class='ocr_carea' id='block_1_14' title="bbox 434 1335 1930 1410">
    <p class='ocr_par' dir='ltr' id='par_1_14' title="bbox 434 1335 1930 1410">
     <span class='ocr_line' id='line_1_14' title="bbox 434 1335 1930 1410; baseline -0.003 -18"><span class='ocrx_word' id='word_1_80' title='bbox 434 1341 665 1410; x_wconf 63' lang='lat' dir='ltr'><strong>terfecto.</strong></span> <span class='ocrx_word' id='word_1_81' title='bbox 701 1337 768 1392; x_wconf 85' lang='lat' dir='ltr'><strong>Et</strong></span> <span class='ocrx_word' id='word_1_82' title='bbox 803 1335 1097 1410; x_wconf 41' lang='lat' dir='ltr'><strong>deglulimti</strong></span> <span class='ocrx_word' id='word_1_83' title='bbox 1129 1335 1268 1410; x_wconf 75' lang='lat' dir='ltr'><strong>G_r_tlli</strong></span> <span class='ocrx_word' id='word_1_84' title='bbox 1302 1336 1484 1410; x_wconf 67' lang='lat' dir='ltr'><strong>fratris</strong></span> <span class='ocrx_word' id='word_1_85' title='bbox 1521 1335 1714 1410; x_wconf 70' lang='lat' dir='ltr'><strong>prmfiis</strong></span> <span class='ocrx_word' id='word_1_86' title='bbox 1751 1351 1930 1410; x_wconf 73' lang='lat' dir='ltr'><strong>comm</strong></span> 
     </span>
    </p>
   </div>
   <div class='ocr_carea' id='block_1_15' title="bbox 432 1405 1933 1492">
    <p class='ocr_par' dir='ltr' id='par_1_15' title="bbox 432 1405 1933 1492">
     <span class='ocr_line' id='line_1_15' title="bbox 432 1405 1933 1492; baseline -0.004 -28"><span class='ocrx_word' id='word_1_87' title='bbox 432 1405 716 1492; x_wconf 50' lang='lat' dir='ltr'><strong>(ieivnanos</strong></span> <span class='ocrx_word' id='word_1_88' title='bbox 757 1419 804 1463; x_wconf 82' lang='lat' dir='ltr'><strong>et</strong></span> <span class='ocrx_word' id='word_1_89' title='bbox 846 1407 1104 1462; x_wconf 81' lang='lat' dir='ltr'><strong>Francos.</strong></span> <span class='ocrx_word' id='word_1_90' title='bbox 1156 1406 1221 1459; x_wconf 78' lang='lat' dir='ltr'><strong>Et</strong></span> <span class='ocrx_word' id='word_1_91' title='bbox 1267 1406 1492 1476; x_wconf 78' lang='lat' dir='ltr'><strong>qualiter</strong></span> <span class='ocrx_word' id='word_1_92' title='bbox 1536 1405 1723 1458; x_wconf 74' lang='lat' dir='ltr'><strong>invasit</strong></span> <span class='ocrx_word' id='word_1_93' title='bbox 1772 1405 1933 1474; x_wconf 77' lang='lat' dir='ltr'><strong>imps-</strong></span> 
     </span>
    </p>
   </div>
   <div class='ocr_carea' id='block_1_16' title="bbox 433 1493 588 1533">
    <p class='ocr_par' dir='ltr' id='par_1_16' title="bbox 433 1493 588 1533">
     <span class='ocr_line' id='line_1_16' title="bbox 433 1493 588 1533; baseline 0.006 -1"><span class='ocrx_word' id='word_1_94' title='bbox 433 1493 588 1533; x_wconf 73' lang='grc' dir='ltr'><strong>ηιηι.</strong></span> 
     </span>
    </p>
   </div>
   <div class='ocr_carea' id='block_1_17' title="bbox 430 1583 1929 1654">
    <p class='ocr_par' dir='ltr' id='par_1_17' title="bbox 430 1583 1929 1654">
     <span class='ocr_line' id='line_1_17' title="bbox 430 1583 1929 1654; baseline -0.003 -10"><span class='ocrx_word' id='word_1_95' title='bbox 430 1587 695 1644; x_wconf 85' lang='lat' dir='ltr'><strong>Continuo</strong></span> <span class='ocrx_word' id='word_1_96' title='bbox 708 1587 1054 1642; x_wconf 81' lang='lat' dir='ltr'><strong>Constantius</strong></span> <span class='ocrx_word' id='word_1_97' title='bbox 1069 1585 1276 1641; x_wconf 86' lang='lat' dir='ltr'><strong>Gallum</strong></span> <span class='ocrx_word' id='word_1_98' title='bbox 1292 1586 1468 1654; x_wconf 82' lang='lat' dir='ltr'><strong>patrui</strong></span> <span class='ocrx_word' id='word_1_99' title='bbox 1483 1585 1648 1639; x_wconf 84' lang='lat' dir='ltr'><strong>ﬁlium</strong></span> <span class='ocrx_word' id='word_1_100' title='bbox 1661 1583 1929 1640; x_wconf 57' lang='lat' dir='ltr'><strong>Caesarem</strong></span> 
     </span>
    </p>
   </div>
   <div class='ocr_carea' id='block_1_18' title="bbox 362 1675 1929 1746">
    <p class='ocr_par' dir='ltr' id='par_1_18' title="bbox 362 1675 1929 1746">
     <span class='ocr_line' id='line_1_18' title="bbox 362 1675 1929 1746; baseline -0.001 -15"><span class='ocrx_word' id='word_1_101' title='bbox 362 1677 519 1746; x_wconf 75' lang='lat' dir='ltr'><strong>legit,</strong></span> <span class='ocrx_word' id='word_1_102' title='bbox 549 1690 706 1746; x_wconf 83' lang='lat' dir='ltr'><strong>quem</strong></span> <span class='ocrx_word' id='word_1_103' title='bbox 742 1691 931 1732; x_wconf 85' lang='lat' dir='ltr'><strong>rursus</strong></span> <span class='ocrx_word' id='word_1_104' title='bbox 961 1675 1250 1732; x_wconf 79' lang='lat' dir='ltr'><strong>crudeliter</strong></span> <span class='ocrx_word' id='word_1_105' title='bbox 1287 1689 1351 1729; x_wconf 90' lang='lat' dir='ltr'><strong>ac</strong></span> <span class='ocrx_word' id='word_1_106' title='bbox 1378 1677 1654 1746; x_wconf 85' lang='lat' dir='ltr'><strong>tyranuiee</strong></span> <span class='ocrx_word' id='word_1_107' title='bbox 1683 1684 1929 1745; x_wconf 81' lang='lat' dir='ltr'><strong>agentem</strong></span> 
     </span>
    </p>
   </div>
   <div class='ocr_carea' id='block_1_19' title="bbox 2039 505 3622 584">
    <p class='ocr_par' dir='ltr' id='par_1_19' title="bbox 2039 505 3622 584">
     <span class='ocr_line' id='line_1_19' title="bbox 2039 505 3622 584; baseline 0.009 -26"><span class='ocrx_word' id='word_1_108' title='bbox 2039 505 2246 560; x_wconf 82' lang='lat' dir='ltr'><strong>Floruit</strong></span> <span class='ocrx_word' id='word_1_109' title='bbox 2277 509 2544 576; x_wconf 63' lang='lat' dir='ltr'><strong>prtccipue</strong></span> <span class='ocrx_word' id='word_1_110' title='bbox 2569 507 2925 562; x_wconf 86' lang='lat' dir='ltr'><strong>Constantino</strong></span> <span class='ocrx_word' id='word_1_111' title='bbox 2949 520 3006 565; x_wconf 91' lang='lat' dir='ltr'><strong>et</strong></span> <span class='ocrx_word' id='word_1_112' title='bbox 3041 511 3168 566; x_wconf 79' lang='lat' dir='ltr'><strong>ﬁliis</strong></span> <span class='ocrx_word' id='word_1_113' title='bbox 3193 511 3309 582; x_wconf 73' lang='lat' dir='ltr'><strong>eius</strong></span> <span class='ocrx_word' id='word_1_114' title='bbox 3336 520 3622 584; x_wconf 74' lang='lat' dir='ltr'><strong>regnanti-</strong></span> 
     </span>
    </p>
   </div>
   <div class='ocr_carea' id='block_1_20' title="bbox 2038 598 3622 669">
    <p class='ocr_par' dir='ltr' id='par_1_20' title="bbox 2038 598 3622 669">
     <span class='ocr_line' id='line_1_20' title="bbox 2038 598 3622 669; baseline 0.01 -19"><span class='ocrx_word' id='word_1_115' title='bbox 2038 598 2156 650; x_wconf 86' lang='lat' dir='ltr'><strong>bus.</strong></span> <span class='ocrx_word' id='word_1_116' title='bbox 2184 598 2286 664; x_wconf 84' lang='lat' dir='ltr'><strong>Qui</strong></span> <span class='ocrx_word' id='word_1_117' title='bbox 2312 598 2380 654; x_wconf 88' lang='lat' dir='ltr'><strong>de</strong></span> <span class='ocrx_word' id='word_1_118' title='bbox 2416 599 2580 654; x_wconf 75' lang='lat' dir='ltr'><strong>Patrio</strong></span> <span class='ocrx_word' id='word_1_119' title='bbox 2607 602 2836 668; x_wconf 86' lang='lat' dir='ltr'><strong>quodam</strong></span> <span class='ocrx_word' id='word_1_120' title='bbox 2871 602 3114 669; x_wconf 81' lang='lat' dir='ltr'><strong>Theben,</strong></span> <span class='ocrx_word' id='word_1_121' title='bbox 3143 605 3295 660; x_wconf 67' lang='lat' dir='ltr'><strong>mirae</strong></span> <span class='ocrx_word' id='word_1_122' title='bbox 3317 604 3622 665; x_wconf 72' lang='lat' dir='ltr'><strong>beatitudi-</strong></span> 
     </span>
    </p>
   </div>
   <div class='ocr_carea' id='block_1_21' title="bbox 2035 687 3630 768">
    <p class='ocr_par' dir='ltr' id='par_1_21' title="bbox 2035 687 3630 768">
     <span class='ocr_line' id='line_1_21' title="bbox 2035 687 3630 768; baseline 0.009 -29"><span class='ocrx_word' id='word_1_123' title='bbox 2035 687 2122 740; x_wconf 89' lang='lat' dir='ltr'><strong>nis</strong></span> <span class='ocrx_word' id='word_1_124' title='bbox 2151 688 2301 750; x_wconf 86' lang='lat' dir='ltr'><strong>vlro,</strong></span> <span class='ocrx_word' id='word_1_125' title='bbox 2329 689 2395 742; x_wconf 92' lang='lat' dir='ltr'><strong>ad</strong></span> <span class='ocrx_word' id='word_1_126' title='bbox 2421 705 2479 743; x_wconf 90' lang='lat' dir='ltr'><strong>se</strong></span> <span class='ocrx_word' id='word_1_127' title='bbox 2507 691 2845 744; x_wconf 82' lang='lat' dir='ltr'><strong>venientibus</strong></span> <span class='ocrx_word' id='word_1_128' title='bbox 2872 691 3101 759; x_wconf 85' lang='lat' dir='ltr'><strong>plurima</strong></span> <span class='ocrx_word' id='word_1_129' title='bbox 3132 692 3434 761; x_wconf 80' lang='lat' dir='ltr'><strong>referebat,</strong></span> <span class='ocrx_word' id='word_1_130' title='bbox 3466 701 3630 768; x_wconf 85' lang='lat' dir='ltr'><strong>cujus</strong></span> 
     </span>
    </p>
   </div>
   <div class='ocr_carea' id='block_1_22' title="bbox 2036 779 3626 854">
    <p class='ocr_par' dir='ltr' id='par_1_22' title="bbox 2036 779 3626 854">
     <span class='ocr_line' id='line_1_22' title="bbox 2036 779 3626 854; baseline 0.009 -24"><span class='ocrx_word' id='word_1_131' title='bbox 2036 779 2238 832; x_wconf 86' lang='lat' dir='ltr'><strong>exitum</strong></span> <span class='ocrx_word' id='word_1_132' title='bbox 2281 779 2638 851; x_wconf 84' lang='lat' dir='ltr'><strong>Hieronymus</strong></span> <span class='ocrx_word' id='word_1_133' title='bbox 2674 782 2822 835; x_wconf 79' lang='lat' dir='ltr'><strong>brevi</strong></span> <span class='ocrx_word' id='word_1_134' title='bbox 2866 783 3044 838; x_wconf 90' lang='lat' dir='ltr'><strong>libello</strong></span> <span class='ocrx_word' id='word_1_135' title='bbox 3079 785 3353 854; x_wconf 79' lang='lat' dir='ltr'><strong>explicuit.</strong></span> <span class='ocrx_word' id='word_1_136' title='bbox 3383 787 3626 846; x_wconf 86' lang='lat' dir='ltr'><strong>Basilius</strong></span> 
     </span>
    </p>
   </div>
   <div class='ocr_carea' id='block_1_23' title="bbox 2035 867 3620 946">
    <p class='ocr_par' dir='ltr' id='par_1_23' title="bbox 2035 867 3620 946">
     <span class='ocr_line' id='line_1_23' title="bbox 2035 867 3620 946; baseline 0.01 -28"><span class='ocrx_word' id='word_1_137' title='bbox 2035 867 2351 937; x_wconf 84' lang='lat' dir='ltr'><strong>Aucyranus</strong></span> <span class='ocrx_word' id='word_1_138' title='bbox 2373 871 2676 938; x_wconf 89' lang='lat' dir='ltr'><strong>episcopus,</strong></span> <span class='ocrx_word' id='word_1_139' title='bbox 2695 871 2830 925; x_wconf 82' lang='lat' dir='ltr'><strong>artis</strong></span> <span class='ocrx_word' id='word_1_140' title='bbox 2855 872 3157 937; x_wconf 66' lang='lat' dir='ltr'><strong>medicinte,</strong></span> <span class='ocrx_word' id='word_1_141' title='bbox 3183 876 3399 946; x_wconf 84' lang='lat' dir='ltr'><strong>scripsit</strong></span> <span class='ocrx_word' id='word_1_142' title='bbox 3424 889 3620 934; x_wconf 80' lang='lat' dir='ltr'><strong>contra</strong></span> 
     </span>
    </p>
   </div>
   <div class='ocr_carea' id='block_1_24' title="bbox 2036 955 3624 1030">
    <p class='ocr_par' dir='ltr' id='par_1_24' title="bbox 2036 955 3624 1030">
     <span class='ocr_line' id='line_1_24' title="bbox 2036 955 3624 1030; baseline 0.008 -20"><span class='ocrx_word' id='word_1_143' title='bbox 2036 955 2343 1012; x_wconf 81' lang='lat' dir='ltr'><strong>Marcellum</strong></span> <span class='ocrx_word' id='word_1_144' title='bbox 2373 961 2438 1014; x_wconf 86' lang='lat' dir='ltr'><strong>de</strong></span> <span class='ocrx_word' id='word_1_145' title='bbox 2461 960 2772 1030; x_wconf 79' lang='lat' dir='ltr'><strong>virginitate</strong></span> <span class='ocrx_word' id='word_1_146' title='bbox 2800 961 3016 1023; x_wconf 89' lang='lat' dir='ltr'><strong>librum,</strong></span> <span class='ocrx_word' id='word_1_147' title='bbox 3045 973 3100 1017; x_wconf 90' lang='lat' dir='ltr'><strong>et</strong></span> <span class='ocrx_word' id='word_1_148' title='bbox 3125 967 3376 1018; x_wconf 89' lang='lat' dir='ltr'><strong>nonnulla</strong></span> <span class='ocrx_word' id='word_1_149' title='bbox 3408 968 3536 1029; x_wconf 87' lang='lat' dir='ltr'><strong>alia,</strong></span> <span class='ocrx_word' id='word_1_150' title='bbox 3567 982 3624 1024; x_wconf 81' lang='lat' dir='ltr'><strong>ct</strong></span> 
     </span>
    </p>
   </div>
   <div class='ocr_carea' id='block_1_25' title="bbox 2034 1047 3622 1122">
    <p class='ocr_par' dir='ltr' id='par_1_25' title="bbox 2034 1047 3622 1122">
     <span class='ocr_line' id='line_1_25' title="bbox 2034 1047 3622 1122; baseline 0.006 -21"><span class='ocrx_word' id='word_1_151' title='bbox 2034 1047 2134 1102; x_wconf 91' lang='lat' dir='ltr'><strong>snb</strong></span> <span class='ocrx_word' id='word_1_152' title='bbox 2157 1062 2284 1119; x_wconf 90' lang='lat' dir='ltr'><strong>rege</strong></span> <span class='ocrx_word' id='word_1_153' title='bbox 2311 1048 2630 1105; x_wconf 89' lang='lat' dir='ltr'><strong>Constantio</strong></span> <span class='ocrx_word' id='word_1_154' title='bbox 2655 1049 2980 1106; x_wconf 74' lang='lat' dir='ltr'><strong>Macedoniae</strong></span> <span class='ocrx_word' id='word_1_155' title='bbox 3009 1055 3177 1122; x_wconf 86' lang='lat' dir='ltr'><strong>partis</strong></span> <span class='ocrx_word' id='word_1_156' title='bbox 3201 1070 3321 1109; x_wconf 87' lang='lat' dir='ltr'><strong>cum</strong></span> <span class='ocrx_word' id='word_1_157' title='bbox 3361 1057 3622 1111; x_wconf 75' lang='lat' dir='ltr'><strong>Eustasio</strong></span> 
     </span>
    </p>
   </div>
   <div class='ocr_carea' id='block_1_26' title="bbox 2037 1135 3620 1218">
    <p class='ocr_par' dir='ltr' id='par_1_26' title="bbox 2037 1135 3620 1218">
     <span class='ocr_line' id='line_1_26' title="bbox 2037 1135 3620 1218; baseline 0.008 -27"><span class='ocrx_word' id='word_1_158' title='bbox 2037 1135 2331 1194; x_wconf 79' lang='lat' dir='ltr'><strong>Sebasteno</strong></span> <span class='ocrx_word' id='word_1_159' title='bbox 2356 1139 2475 1194; x_wconf 79' lang='lat' dir='ltr'><strong>fuit.</strong></span> <span class='ocrx_word' id='word_1_160' title='bbox 2503 1141 2823 1196; x_wconf 80' lang='lat' dir='ltr'><strong>Theodorus</strong></span> <span class='ocrx_word' id='word_1_161' title='bbox 2845 1141 3105 1198; x_wconf 74' lang='lat' dir='ltr'><strong>iieracliae</strong></span> <span class='ocrx_word' id='word_1_162' title='bbox 3123 1145 3476 1202; x_wconf 82' lang='lat' dir='ltr'><strong>Thraciarum</strong></span> <span class='ocrx_word' id='word_1_163' title='bbox 3505 1153 3620 1218; x_wconf 84' lang='lat' dir='ltr'><strong>epi-</strong></span> 
     </span>
    </p>
   </div>
   <div class='ocr_carea' id='block_1_27' title="bbox 2033 1222 3622 1309">
    <p class='ocr_par' dir='ltr' id='par_1_27' title="bbox 2033 1222 3622 1309">
     <span class='ocr_line' id='line_1_27' title="bbox 2033 1222 3622 1309; baseline 0.006 -26"><span class='ocrx_word' id='word_1_164' title='bbox 2033 1245 2227 1299; x_wconf 81' lang='lat' dir='ltr'><strong>scopus</strong></span> <span class='ocrx_word' id='word_1_165' title='bbox 2251 1229 2382 1295; x_wconf 80' lang='lat' dir='ltr'><strong>fuit,</strong></span> <span class='ocrx_word' id='word_1_166' title='bbox 2407 1222 2667 1302; x_wconf 81' lang='lat' dir='ltr'><strong>elegantis</strong></span> <span class='ocrx_word' id='word_1_167' title='bbox 2686 1274 2699 1298; x_wconf 92' lang='lat'><strong>,</strong></span> <span class='ocrx_word' id='word_1_168' title='bbox 2730 1233 3006 1303; x_wconf 85' lang='lat' dir='ltr'><strong>apertiquc</strong></span> <span class='ocrx_word' id='word_1_169' title='bbox 3036 1236 3323 1300; x_wconf 88' lang='lat' dir='ltr'><strong>sermonis,</strong></span> <span class='ocrx_word' id='word_1_170' title='bbox 3349 1245 3405 1291; x_wconf 87' lang='lat' dir='ltr'><strong>et</strong></span> <span class='ocrx_word' id='word_1_171' title='bbox 3441 1241 3622 1309; x_wconf 71' lang='lat' dir='ltr'><strong>magis</strong></span> 
     </span>
    </p>
   </div>
   <div class='ocr_carea' id='block_1_28' title="bbox 2033 1321 3619 1391">
    <p class='ocr_par' dir='ltr' id='par_1_28' title="bbox 2033 1321 3619 1391">
     <span class='ocr_line' id='line_1_28' title="bbox 2033 1321 3619 1391; baseline 0.004 -15"><span class='ocrx_word' id='word_1_172' title='bbox 2033 1321 2302 1376; x_wconf 75' lang='lat' dir='ltr'><strong>historica:</strong></span> <span class='ocrx_word' id='word_1_173' title='bbox 2329 1322 2694 1391; x_wconf 67' lang='lat' dir='ltr'><strong>intelligentiae</strong></span> <span class='ocrx_word' id='word_1_174' title='bbox 2712 1365 2726 1387; x_wconf 93' lang='lat'><strong>,</strong></span> <span class='ocrx_word' id='word_1_175' title='bbox 2755 1324 2921 1378; x_wconf 76' lang='lat' dir='ltr'><strong>edidit</strong></span> <span class='ocrx_word' id='word_1_176' title='bbox 2953 1324 3145 1380; x_wconf 77' lang='lat' dir='ltr'><strong>librum</strong></span> <span class='ocrx_word' id='word_1_177' title='bbox 3171 1328 3269 1381; x_wconf 87' lang='lat' dir='ltr'><strong>sub</strong></span> <span class='ocrx_word' id='word_1_178' title='bbox 3293 1327 3619 1383; x_wconf 80' lang='lat' dir='ltr'><strong>Constantio</strong></span> 
     </span>
    </p>
   </div>
   <div class='ocr_carea' id='block_1_29' title="bbox 2032 1412 3618 1484">
    <p class='ocr_par' dir='ltr' id='par_1_29' title="bbox 2032 1412 3618 1484">
     <span class='ocr_line' id='line_1_29' title="bbox 2032 1412 3618 1484; baseline 0.006 -19"><span class='ocrx_word' id='word_1_179' title='bbox 2032 1412 2302 1483; x_wconf 86' lang='lat' dir='ltr'><strong>principe,</strong></span> <span class='ocrx_word' id='word_1_180' title='bbox 2332 1419 2385 1468; x_wconf 89' lang='lat' dir='ltr'><strong>et</strong></span> <span class='ocrx_word' id='word_1_181' title='bbox 2409 1416 2828 1470; x_wconf 87' lang='lat' dir='ltr'><strong>commentarios</strong></span> <span class='ocrx_word' id='word_1_182' title='bbox 2853 1417 2906 1470; x_wconf 89' lang='lat' dir='ltr'><strong>in</strong></span> <span class='ocrx_word' id='word_1_183' title='bbox 2933 1417 3263 1484; x_wconf 71' lang='lat' dir='ltr'><strong>Matthzeum,</strong></span> <span class='ocrx_word' id='word_1_184' title='bbox 3292 1429 3346 1474; x_wconf 89' lang='lat' dir='ltr'><strong>et</strong></span> <span class='ocrx_word' id='word_1_185' title='bbox 3375 1421 3431 1474; x_wconf 91' lang='lat' dir='ltr'><strong>in</strong></span> <span class='ocrx_word' id='word_1_186' title='bbox 3462 1419 3618 1475; x_wconf 81' lang='lat' dir='ltr'><strong>Psal-</strong></span> 
     </span>
    </p>
   </div>
   <div class='ocr_carea' id='block_1_30' title="bbox 2032 1507 3618 1581">
    <p class='ocr_par' dir='ltr' id='par_1_30' title="bbox 2032 1507 3618 1581">
     <span class='ocr_line' id='line_1_30' title="bbox 2032 1507 3618 1581; baseline 0.007 -21"><span class='ocrx_word' id='word_1_187' title='bbox 2032 1507 2246 1562; x_wconf 83' lang='lat' dir='ltr'><strong>terium.</strong></span> <span class='ocrx_word' id='word_1_188' title='bbox 2304 1507 2578 1579; x_wconf 86' lang='lat' dir='ltr'><strong>Triphiius</strong></span> <span class='ocrx_word' id='word_1_189' title='bbox 2642 1510 3039 1581; x_wconf 80' lang='lat' dir='ltr'><strong>Cypt&#39;iledcnsis</strong></span> <span class='ocrx_word' id='word_1_190' title='bbox 3100 1515 3213 1570; x_wconf 83' lang='lat' dir='ltr'><strong>sive</strong></span> <span class='ocrx_word' id='word_1_191' title='bbox 3269 1516 3618 1572; x_wconf 83' lang='lat' dir='ltr'><strong>Leoeotlieon</strong></span> 
     </span>
    </p>
   </div>
   <div class='ocr_carea' id='block_1_31' title="bbox 2031 1597 3616 1676">
    <p class='ocr_par' dir='ltr' id='par_1_31' title="bbox 2031 1597 3616 1676">
     <span class='ocr_line' id='line_1_31' title="bbox 2031 1597 3616 1676; baseline 0.006 -26"><span class='ocrx_word' id='word_1_192' title='bbox 2031 1597 2314 1668; x_wconf 86' lang='lat' dir='ltr'><strong>episcopus</strong></span> <span class='ocrx_word' id='word_1_193' title='bbox 2353 1599 2825 1668; x_wconf 86' lang='lat' dir='ltr'><strong>eloquentissimus</strong></span> <span class='ocrx_word' id='word_1_194' title='bbox 2865 1617 2975 1657; x_wconf 68' lang='lat' dir='ltr'><strong>sua:</strong></span> <span class='ocrx_word' id='word_1_195' title='bbox 3011 1605 3218 1670; x_wconf 82' lang='lat' dir='ltr'><strong>:ctatis,</strong></span> <span class='ocrx_word' id='word_1_196' title='bbox 3255 1614 3310 1661; x_wconf 87' lang='lat' dir='ltr'><strong>et</strong></span> <span class='ocrx_word' id='word_1_197' title='bbox 3345 1607 3444 1661; x_wconf 87' lang='lat' dir='ltr'><strong>sub</strong></span> <span class='ocrx_word' id='word_1_198' title='bbox 3482 1623 3616 1676; x_wconf 79' lang='lat' dir='ltr'><strong>rege</strong></span> 
     </span>
    </p>
   </div>
   <div class='ocr_carea' id='block_1_32' title="bbox 2032 1687 3619 1766">
    <p class='ocr_par' dir='ltr' id='par_1_32' title="bbox 2032 1687 3619 1766">
     <span class='ocr_line' id='line_1_32' title="bbox 2032 1687 3619 1766; baseline 0.006 -24"><span class='ocrx_word' id='word_1_199' title='bbox 2032 1687 2348 1743; x_wconf 89' lang='lat' dir='ltr'><strong>Constantio</strong></span> <span class='ocrx_word' id='word_1_200' title='bbox 2377 1699 2429 1744; x_wconf 91' lang='lat' dir='ltr'><strong>et</strong></span> <span class='ocrx_word' id='word_1_201' title='bbox 2458 1690 2842 1748; x_wconf 86' lang='lat' dir='ltr'><strong>celeberrimus</strong></span> <span class='ocrx_word' id='word_1_202' title='bbox 2873 1692 2993 1748; x_wconf 90' lang='lat' dir='ltr'><strong>fuit.</strong></span> <span class='ocrx_word' id='word_1_203' title='bbox 3029 1694 3308 1766; x_wconf 87' lang='lat' dir='ltr'><strong>Leguntur</strong></span> <span class='ocrx_word' id='word_1_204' title='bbox 3338 1697 3390 1750; x_wconf 90' lang='lat' dir='ltr'><strong>in</strong></span> <span class='ocrx_word' id='word_1_205' title='bbox 3427 1696 3619 1752; x_wconf 85' lang='lat' dir='ltr'><strong>Canti-</strong></span> 
     </span>
    </p>
   </div>
   <div class='ocr_carea' id='block_1_33' title="bbox 360 1751 1936 1857">
    <p class='ocr_par' dir='ltr' id='par_1_33' title="bbox 360 1766 1930 1836">
     <span class='ocr_line' id='line_1_33' title="bbox 360 1766 1930 1836; baseline 0.003 -19"><span class='ocrx_word' id='word_1_206' title='bbox 360 1767 518 1836; x_wconf 87' lang='lat' dir='ltr'><strong>paulo</strong></span> <span class='ocrx_word' id='word_1_207' title='bbox 555 1775 840 1836; x_wconf 85' lang='lat' dir='ltr'><strong>postquam</strong></span> <span class='ocrx_word' id='word_1_208' title='bbox 877 1775 1116 1831; x_wconf 85' lang='lat' dir='ltr'><strong>crearet,</strong></span> <span class='ocrx_word' id='word_1_209' title='bbox 1153 1767 1366 1821; x_wconf 87' lang='lat' dir='ltr'><strong>occidit.</strong></span> <span class='ocrx_word' id='word_1_210' title='bbox 1403 1766 1690 1836; x_wconf 82' lang='lat' dir='ltr'><strong>Sylvauum</strong></span> <span class='ocrx_word' id='word_1_211' title='bbox 1716 1783 1930 1836; x_wconf 90' lang='lat' dir='ltr'><strong>quoque</strong></span> 
     </span>
    </p>
   </div>
   <div class='ocr_carea' id='block_1_34' title="bbox 2037 1751 3613 1857">
    <p class='ocr_par' dir='ltr' id='par_1_34' title="bbox 2037 1781 3613 1857">
     <span class='ocr_line' id='line_1_34' title="bbox 2037 1781 3613 1857; baseline 0.005 -23"><span class='ocrx_word' id='word_1_212' title='bbox 2037 1793 2154 1835; x_wconf 87' lang='lat' dir='ltr'><strong>cum</strong></span> <span class='ocrx_word' id='word_1_213' title='bbox 2199 1781 2532 1836; x_wconf 90' lang='lat' dir='ltr'><strong>canticorum</strong></span> <span class='ocrx_word' id='word_1_214' title='bbox 2572 1785 2944 1841; x_wconf 89' lang='lat' dir='ltr'><strong>commentarii</strong></span> <span class='ocrx_word' id='word_1_215' title='bbox 2989 1787 3134 1857; x_wconf 84' lang='lat' dir='ltr'><strong>ejus,</strong></span> <span class='ocrx_word' id='word_1_216' title='bbox 3181 1795 3235 1843; x_wconf 89' lang='lat' dir='ltr'><strong>et</strong></span> <span class='ocrx_word' id='word_1_217' title='bbox 3285 1791 3451 1843; x_wconf 87' lang='lat' dir='ltr'><strong>multa</strong></span> <span class='ocrx_word' id='word_1_218' title='bbox 3503 1791 3613 1843; x_wconf 86' lang='lat' dir='ltr'><strong>alia</strong></span> 
     </span>
    </p>
   </div>
   <div class='ocr_carea' id='block_1_35' title="bbox 358 1855 1927 1930">
    <p class='ocr_par' dir='ltr' id='par_1_35' title="bbox 358 1855 1927 1930">
     <span class='ocr_line' id='line_1_35' title="bbox 358 1855 1927 1930; baseline 0 -20"><span class='ocrx_word' id='word_1_219' title='bbox 358 1872 457 1930; x_wconf 83' lang='lat' dir='ltr'><strong>per</strong></span> <span class='ocrx_word' id='word_1_220' title='bbox 484 1855 683 1911; x_wconf 81' lang='lat' dir='ltr'><strong>Gallias</strong></span> <span class='ocrx_word' id='word_1_221' title='bbox 717 1856 880 1910; x_wconf 80' lang='lat' dir='ltr'><strong>rebus</strong></span> <span class='ocrx_word' id='word_1_222' title='bbox 902 1856 1059 1910; x_wconf 84' lang='lat' dir='ltr'><strong>novis</strong></span> <span class='ocrx_word' id='word_1_223' title='bbox 1092 1855 1386 1911; x_wconf 81' lang='lat' dir='ltr'><strong>inhiantem</strong></span> <span class='ocrx_word' id='word_1_224' title='bbox 1408 1896 1424 1920; x_wconf 90' lang='lat'><strong>,</strong></span> <span class='ocrx_word' id='word_1_225' title='bbox 1453 1865 1661 1911; x_wconf 77' lang='lat' dir='ltr'><strong>mature</strong></span> <span class='ocrx_word' id='word_1_226' title='bbox 1693 1857 1927 1912; x_wconf 86' lang='lat' dir='ltr'><strong>circum-</strong></span> 
     </span>
    </p>
   </div>
   <div class='ocr_carea' id='block_1_36' title="bbox 359 1947 1927 2020">
    <p class='ocr_par' dir='ltr' id='par_1_36' title="bbox 359 1947 1927 2020">
     <span class='ocr_line' id='line_1_36' title="bbox 359 1947 1927 2020; baseline -0.001 -18"><span class='ocrx_word' id='word_1_227' title='bbox 359 1949 676 2004; x_wconf 82' lang='lat' dir='ltr'><strong>veniendum</strong></span> <span class='ocrx_word' id='word_1_228' title='bbox 704 1947 1215 2020; x_wconf 84' lang='lat' dir='ltr'><strong>opprimendumque</strong></span> <span class='ocrx_word' id='word_1_229' title='bbox 1247 1949 1476 2003; x_wconf 79' lang='lat' dir='ltr'><strong>curavit.</strong></span> <span class='ocrx_word' id='word_1_230' title='bbox 1505 1949 1776 2018; x_wconf 80' lang='lat' dir='ltr'><strong>Igiturque</strong></span> <span class='ocrx_word' id='word_1_231' title='bbox 1803 1947 1927 2018; x_wconf 81' lang='lat' dir='ltr'><strong>Syl-</strong></span> 
     </span>
    </p>
   </div>
   <div class='ocr_carea' id='block_1_37' title="bbox 361 2037 1929 2121">
    <p class='ocr_par' dir='ltr' id='par_1_37' title="bbox 361 2037 1929 2121">
     <span class='ocr_line' id='line_1_37' title="bbox 361 2037 1929 2121; baseline -0.001 -27"><span class='ocrx_word' id='word_1_232' title='bbox 361 2056 502 2096; x_wconf 85' lang='lat' dir='ltr'><strong>vano</strong></span> <span class='ocrx_word' id='word_1_233' title='bbox 549 2039 871 2106; x_wconf 87' lang='lat' dir='ltr'><strong>interfecto,</strong></span> <span class='ocrx_word' id='word_1_234' title='bbox 925 2039 1196 2096; x_wconf 63' lang='lat' dir='ltr'><strong>lulianum</strong></span> <span class='ocrx_word' id='word_1_235' title='bbox 1241 2040 1536 2112; x_wconf 81' lang='lat' dir='ltr'><strong>patruelem</strong></span> <span class='ocrx_word' id='word_1_236' title='bbox 1587 2053 1742 2121; x_wconf 74' lang='lat' dir='ltr'><strong>suum</strong></span> <span class='ocrx_word' id='word_1_237' title='bbox 1789 2037 1929 2094; x_wconf 87' lang='lat' dir='ltr'><strong>Galli</strong></span> 
     </span>
    </p>
   </div>
   <div class='ocr_carea' id='block_1_38' title="bbox 362 2129 1930 2200">
    <p class='ocr_par' dir='ltr' id='par_1_38' title="bbox 362 2129 1930 2200">
     <span class='ocr_line' id='line_1_38' title="bbox 362 2129 1930 2200; baseline -0.001 -14"><span class='ocrx_word' id='word_1_238' title='bbox 362 2130 585 2186; x_wconf 76' lang='lat' dir='ltr'><strong>fratrem</strong></span> <span class='ocrx_word' id='word_1_239' title='bbox 623 2129 888 2186; x_wconf 57' lang='lat' dir='ltr'><strong>Caesarem</strong></span> <span class='ocrx_word' id='word_1_240' title='bbox 921 2140 1158 2186; x_wconf 86' lang='lat' dir='ltr'><strong>creatum</strong></span> <span class='ocrx_word' id='word_1_241' title='bbox 1201 2133 1350 2186; x_wconf 81' lang='lat' dir='ltr'><strong>misit</strong></span> <span class='ocrx_word' id='word_1_242' title='bbox 1383 2133 1447 2185; x_wconf 85' lang='lat' dir='ltr'><strong>ad</strong></span> <span class='ocrx_word' id='word_1_243' title='bbox 1487 2131 1710 2187; x_wconf 83' lang='lat' dir='ltr'><strong>Callias.</strong></span> <span class='ocrx_word' id='word_1_244' title='bbox 1746 2130 1930 2200; x_wconf 85' lang='lat' dir='ltr'><strong>itaque</strong></span> 
     </span>
    </p>
   </div>
   <div class='ocr_carea' id='block_1_39' title="bbox 364 2220 1932 2293">
    <p class='ocr_par' dir='ltr' id='par_1_39' title="bbox 364 2220 1932 2293">
     <span class='ocr_line' id='line_1_39' title="bbox 364 2220 1932 2293; baseline 0 -15"><span class='ocrx_word' id='word_1_245' title='bbox 364 2220 602 2278; x_wconf 79' lang='lat' dir='ltr'><strong>lulianus</strong></span> <span class='ocrx_word' id='word_1_246' title='bbox 643 2221 824 2278; x_wconf 70' lang='lat' dir='ltr'><strong>Ctesar</strong></span> <span class='ocrx_word' id='word_1_247' title='bbox 868 2236 1084 2278; x_wconf 81' lang='lat' dir='ltr'><strong>eversas</strong></span> <span class='ocrx_word' id='word_1_248' title='bbox 1129 2237 1522 2293; x_wconf 77' lang='lat' dir='ltr'><strong>oppressusque</strong></span> <span class='ocrx_word' id='word_1_249' title='bbox 1567 2223 1635 2276; x_wconf 87' lang='lat' dir='ltr'><strong>ab</strong></span> <span class='ocrx_word' id='word_1_250' title='bbox 1685 2223 1932 2278; x_wconf 74' lang='lat' dir='ltr'><strong>hostibus</strong></span> 
     </span>
    </p>
   </div>
   <div class='ocr_carea' id='block_1_40' title="bbox 358 2313 1930 2388">
    <p class='ocr_par' dir='ltr' id='par_1_40' title="bbox 358 2313 1930 2388">
     <span class='ocr_line' id='line_1_40' title="bbox 358 2313 1930 2388; baseline -0.001 -18"><span class='ocrx_word' id='word_1_251' title='bbox 358 2313 559 2370; x_wconf 84' lang='lat' dir='ltr'><strong>Gallias</strong></span> <span class='ocrx_word' id='word_1_252' title='bbox 599 2317 969 2372; x_wconf 86' lang='lat' dir='ltr'><strong>strenuissime</strong></span> <span class='ocrx_word' id='word_1_253' title='bbox 1013 2317 1066 2372; x_wconf 89' lang='lat' dir='ltr'><strong>in</strong></span> <span class='ocrx_word' id='word_1_254' title='bbox 1112 2317 1378 2388; x_wconf 83' lang='lat' dir='ltr'><strong>integrum</strong></span> <span class='ocrx_word' id='word_1_255' title='bbox 1432 2318 1683 2372; x_wconf 87' lang='lat' dir='ltr'><strong>restituit.</strong></span> <span class='ocrx_word' id='word_1_256' title='bbox 1729 2317 1832 2371; x_wconf 88' lang='lat' dir='ltr'><strong>iste</strong></span> <span class='ocrx_word' id='word_1_257' title='bbox 1877 2315 1930 2369; x_wconf 91' lang='lat' dir='ltr'><strong>in</strong></span> 
     </span>
    </p>
   </div>
   <div class='ocr_carea' id='block_1_41' title="bbox 359 2405 1932 2477">
    <p class='ocr_par' dir='ltr' id='par_1_41' title="bbox 359 2405 1932 2477">
     <span class='ocr_line' id='line_1_41' title="bbox 359 2405 1932 2477; baseline 0.003 -18"><span class='ocrx_word' id='word_1_258' title='bbox 359 2405 566 2475; x_wconf 86' lang='lat' dir='ltr'><strong>campis</strong></span> <span class='ocrx_word' id='word_1_259' title='bbox 587 2407 907 2477; x_wconf 77' lang='lat' dir='ltr'><strong>argentariis</strong></span> <span class='ocrx_word' id='word_1_260' title='bbox 932 2409 1071 2477; x_wconf 88' lang='lat' dir='ltr'><strong>apud</strong></span> <span class='ocrx_word' id='word_1_261' title='bbox 1093 2408 1294 2463; x_wconf 85' lang='lat' dir='ltr'><strong>Callias</strong></span> <span class='ocrx_word' id='word_1_262' title='bbox 1318 2425 1438 2462; x_wconf 89' lang='lat' dir='ltr'><strong>cum</strong></span> <span class='ocrx_word' id='word_1_263' title='bbox 1461 2409 1647 2464; x_wconf 74' lang='lat' dir='ltr'><strong>caucis</strong></span> <span class='ocrx_word' id='word_1_264' title='bbox 1673 2407 1932 2463; x_wconf 86' lang='lat' dir='ltr'><strong>militibus</strong></span> 
     </span>
    </p>
   </div>
   <div class='ocr_carea' id='block_1_42' title="bbox 361 2497 1306 2568">
    <p class='ocr_par' dir='ltr' id='par_1_42' title="bbox 361 2497 1306 2568">
     <span class='ocr_line' id='line_1_42' title="bbox 361 2497 1306 2568; baseline 0.004 -19"><span class='ocrx_word' id='word_1_265' title='bbox 361 2497 598 2550; x_wconf 79' lang='lat' dir='ltr'><strong>inﬁnitas</strong></span> <span class='ocrx_word' id='word_1_266' title='bbox 626 2497 859 2551; x_wconf 85' lang='lat' dir='ltr'><strong>hostium</strong></span> <span class='ocrx_word' id='word_1_267' title='bbox 885 2500 1067 2568; x_wconf 89' lang='lat' dir='ltr'><strong>copias</strong></span> <span class='ocrx_word' id='word_1_268' title='bbox 1092 2500 1306 2554; x_wconf 79' lang='lat' dir='ltr'><strong>delevit.</strong></span> 
     </span>
    </p>
   </div>
   <div class='ocr_carea' id='block_1_43' title="bbox 431 2585 1934 2656">
    <p class='ocr_par' dir='ltr' id='par_1_43' title="bbox 431 2585 1934 2656">
     <span class='ocr_line' id='line_1_43' title="bbox 431 2585 1934 2656; baseline 0.005 -17"><span class='ocrx_word' id='word_1_269' title='bbox 431 2585 660 2641; x_wconf 84' lang='lat' dir='ltr'><strong>Stabant</strong></span> <span class='ocrx_word' id='word_1_270' title='bbox 705 2589 885 2643; x_wconf 83' lang='lat' dir='ltr'><strong>acervi</strong></span> <span class='ocrx_word' id='word_1_271' title='bbox 933 2589 1196 2644; x_wconf 88' lang='lat' dir='ltr'><strong>montium</strong></span> <span class='ocrx_word' id='word_1_272' title='bbox 1239 2590 1480 2656; x_wconf 87' lang='lat' dir='ltr'><strong>similes,</strong></span> <span class='ocrx_word' id='word_1_273' title='bbox 1525 2589 1727 2645; x_wconf 78' lang='lat' dir='ltr'><strong>ﬂuebat</strong></span> <span class='ocrx_word' id='word_1_274' title='bbox 1773 2605 1934 2646; x_wconf 86' lang='lat' dir='ltr'><strong>cruor</strong></span> 
     </span>
    </p>
   </div>
   <div class='ocr_carea' id='block_1_44' title="bbox 363 2675 1933 2750">
    <p class='ocr_par' dir='ltr' id='par_1_44' title="bbox 363 2675 1933 2750">
     <span class='ocr_line' id='line_1_44' title="bbox 363 2675 1933 2750; baseline 0.004 -21"><span class='ocrx_word' id='word_1_275' title='bbox 363 2675 640 2731; x_wconf 77' lang='lat' dir='ltr'><strong>ﬂuminum</strong></span> <span class='ocrx_word' id='word_1_276' title='bbox 687 2676 741 2734; x_wconf 89' lang='lat' dir='ltr'><strong>in</strong></span> <span class='ocrx_word' id='word_1_277' title='bbox 784 2679 1022 2732; x_wconf 88' lang='lat' dir='ltr'><strong>modum.</strong></span> <span class='ocrx_word' id='word_1_278' title='bbox 1063 2678 1265 2750; x_wconf 81' lang='lat' dir='ltr'><strong>Captus</strong></span> <span class='ocrx_word' id='word_1_279' title='bbox 1303 2695 1398 2734; x_wconf 89' lang='lat' dir='ltr'><strong>rex</strong></span> <span class='ocrx_word' id='word_1_280' title='bbox 1437 2680 1632 2735; x_wconf 88' lang='lat' dir='ltr'><strong>nobilis</strong></span> <span class='ocrx_word' id='word_1_281' title='bbox 1668 2679 1933 2735; x_wconf 87' lang='lat' dir='ltr'><strong>Nodoma—</strong></span> 
     </span>
    </p>
   </div>
   <div class='ocr_carea' id='block_1_45' title="bbox 352 2763 1933 2836">
    <p class='ocr_par' dir='ltr' id='par_1_45' title="bbox 352 2763 1933 2836">
     <span class='ocr_line' id='line_1_45' title="bbox 352 2763 1933 2836; baseline 0.003 -18"><span class='ocrx_word' id='word_1_282' title='bbox 352 2764 514 2822; x_wconf 83' lang='lat' dir='ltr'><strong>rius:</strong></span> <span class='ocrx_word' id='word_1_283' title='bbox 547 2763 649 2820; x_wconf 88' lang='lat' dir='ltr'><strong>fusi</strong></span> <span class='ocrx_word' id='word_1_284' title='bbox 675 2780 861 2821; x_wconf 84' lang='lat' dir='ltr'><strong>omnes</strong></span> <span class='ocrx_word' id='word_1_285' title='bbox 886 2769 1172 2836; x_wconf 79' lang='lat' dir='ltr'><strong>Optimatcs</strong></span> <span class='ocrx_word' id='word_1_286' title='bbox 1199 2765 1346 2836; x_wconf 78' lang='lat' dir='ltr'><strong>eius,</strong></span> <span class='ocrx_word' id='word_1_287' title='bbox 1377 2769 1618 2822; x_wconf 89' lang='lat' dir='ltr'><strong>redditus</strong></span> <span class='ocrx_word' id='word_1_288' title='bbox 1646 2767 1798 2823; x_wconf 81' lang='lat' dir='ltr'><strong>limes</strong></span> <span class='ocrx_word' id='word_1_289' title='bbox 1829 2768 1933 2822; x_wconf 77' lang='lat' dir='ltr'><strong>Ro-</strong></span> 
     </span>
    </p>
   </div>
   <div class='ocr_carea' id='block_1_46' title="bbox 362 2857 1934 2929">
    <p class='ocr_par' dir='ltr' id='par_1_46' title="bbox 362 2857 1934 2929">
     <span class='ocr_line' id='line_1_46' title="bbox 362 2857 1934 2929; baseline 0.002 -17"><span class='ocrx_word' id='word_1_290' title='bbox 362 2869 535 2912; x_wconf 67' lang='lat' dir='ltr'><strong>manis</strong></span> <span class='ocrx_word' id='word_1_291' title='bbox 573 2857 930 2927; x_wconf 87' lang='lat' dir='ltr'><strong>possessioni,</strong></span> <span class='ocrx_word' id='word_1_292' title='bbox 969 2871 1036 2912; x_wconf 87' lang='lat' dir='ltr'><strong>ac</strong></span> <span class='ocrx_word' id='word_1_293' title='bbox 1074 2859 1414 2929; x_wconf 84' lang='lat' dir='ltr'><strong>postmodum</strong></span> <span class='ocrx_word' id='word_1_294' title='bbox 1455 2875 1577 2913; x_wconf 91' lang='lat' dir='ltr'><strong>cum</strong></span> <span class='ocrx_word' id='word_1_295' title='bbox 1619 2859 1934 2915; x_wconf 73' lang='lat' dir='ltr'><strong>Alamannis</strong></span> 
     </span>
    </p>
   </div>
   <div class='ocr_carea' id='block_1_47' title="bbox 361 2947 1934 3021">
    <p class='ocr_par' dir='ltr' id='par_1_47' title="bbox 361 2947 1934 3021">
     <span class='ocr_line' id='line_1_47' title="bbox 361 2947 1934 3021; baseline 0.003 -20"><span class='ocrx_word' id='word_1_296' title='bbox 361 2947 649 3015; x_wconf 83' lang='lat' dir='ltr'><strong>dimicans,</strong></span> <span class='ocrx_word' id='word_1_297' title='bbox 689 2950 1120 3019; x_wconf 85' lang='lat' dir='ltr'><strong>potentissimum</strong></span> <span class='ocrx_word' id='word_1_298' title='bbox 1143 2965 1330 3007; x_wconf 85' lang='lat' dir='ltr'><strong>eorum</strong></span> <span class='ocrx_word' id='word_1_299' title='bbox 1357 2966 1534 3021; x_wconf 80' lang='lat' dir='ltr'><strong>regem</strong></span> <span class='ocrx_word' id='word_1_300' title='bbox 1559 2951 1934 3006; x_wconf 86' lang='lat' dir='ltr'><strong>Badomarium</strong></span> 
     </span>
    </p>
   </div>
   <div class='ocr_carea' id='block_1_48' title="bbox 358 3037 1934 3112">
    <p class='ocr_par' dir='ltr' id='par_1_48' title="bbox 358 3037 1934 3112">
     <span class='ocr_line' id='line_1_48' title="bbox 358 3037 1934 3112; baseline 0.001 -20"><span class='ocrx_word' id='word_1_301' title='bbox 358 3038 522 3107; x_wconf 84' lang='lat' dir='ltr'><strong>cepit.</strong></span> <span class='ocrx_word' id='word_1_302' title='bbox 541 3038 639 3094; x_wconf 73' lang='lat' dir='ltr'><strong>llis</strong></span> <span class='ocrx_word' id='word_1_303' title='bbox 658 3037 832 3096; x_wconf 87' lang='lat' dir='ltr'><strong>elatus</strong></span> <span class='ocrx_word' id='word_1_304' title='bbox 855 3041 1214 3106; x_wconf 87' lang='lat' dir='ltr'><strong>successibus,</strong></span> <span class='ocrx_word' id='word_1_305' title='bbox 1238 3038 1511 3111; x_wconf 79' lang='lat' dir='ltr'><strong>fastigium</strong></span> <span class='ocrx_word' id='word_1_306' title='bbox 1533 3042 1810 3112; x_wconf 73' lang='lat' dir='ltr'><strong>usurpavit</strong></span> <span class='ocrx_word' id='word_1_307' title='bbox 1832 3042 1934 3094; x_wconf 81' lang='lat' dir='ltr'><strong>Au-</strong></span> 
     </span>
    </p>
   </div>
   <div class='ocr_carea' id='block_1_49' title="bbox 362 3099 2004 3200">
    <p class='ocr_par' dir='ltr' id='par_1_49' title="bbox 362 3099 2004 3200">
     <span class='ocr_line' id='line_1_49' title="bbox 362 3099 2004 3200; baseline 0.004 -21"><span class='ocrx_word' id='word_1_308' title='bbox 362 3125 534 3197; x_wconf 87' lang='lat' dir='ltr'><strong>gusti;</strong></span> <span class='ocrx_word' id='word_1_309' title='bbox 565 3136 622 3182; x_wconf 90' lang='lat' dir='ltr'><strong>et</strong></span> <span class='ocrx_word' id='word_1_310' title='bbox 651 3141 775 3182; x_wconf 86' lang='lat' dir='ltr'><strong>mox</strong></span> <span class='ocrx_word' id='word_1_311' title='bbox 805 3129 1006 3182; x_wconf 88' lang='lat' dir='ltr'><strong>Italiam</strong></span> <span class='ocrx_word' id='word_1_312' title='bbox 1041 3129 1401 3198; x_wconf 85' lang='lat' dir='ltr'><strong>illiricnmque</strong></span> <span class='ocrx_word' id='word_1_313' title='bbox 1431 3132 1730 3200; x_wconf 76' lang='lat' dir='ltr'><strong>pervadens</strong></span> <span class='ocrx_word' id='word_1_314' title='bbox 1748 3171 1761 3193; x_wconf 93' lang='lat'><strong>,</strong></span> <span class='ocrx_word' id='word_1_315' title='bbox 1793 3129 1933 3184; x_wconf 88' lang='lat' dir='ltr'><strong>Con-</strong></span> <span class='ocrx_word' id='word_1_316' title='bbox 1959 3099 2004 3161; x_wconf 65' lang='grc' dir='ltr'>Ο</span> 
     </span>
    </p>
   </div>
   <div class='ocr_carea' id='block_1_50' title="bbox 360 3215 1933 3292">
    <p class='ocr_par' dir='ltr' id='par_1_50' title="bbox 360 3215 1933 3292">
     <span class='ocr_line' id='line_1_50' title="bbox 360 3215 1933 3292; baseline 0.003 -22"><span class='ocrx_word' id='word_1_317' title='bbox 360 3216 617 3270; x_wconf 77' lang='lat' dir='ltr'><strong>stantium</strong></span> <span class='ocrx_word' id='word_1_318' title='bbox 657 3215 921 3272; x_wconf 77' lang='lat' dir='ltr'><strong>Parthicis</strong></span> <span class='ocrx_word' id='word_1_319' title='bbox 966 3219 1168 3286; x_wconf 64' lang='lat' dir='ltr'><strong>pra-liis</strong></span> <span class='ocrx_word' id='word_1_320' title='bbox 1215 3230 1535 3290; x_wconf 76' lang='lat' dir='ltr'><strong>orettpattuu</strong></span> <span class='ocrx_word' id='word_1_321' title='bbox 1583 3222 1732 3292; x_wconf 81' lang='lat' dir='ltr'><strong>regni</strong></span> <span class='ocrx_word' id='word_1_322' title='bbox 1781 3233 1933 3291; x_wconf 84' lang='lat' dir='ltr'><strong>parte</strong></span> 
     </span>
    </p>
   </div>
   <div class='ocr_carea' id='block_1_51' title="bbox 363 3308 1931 3382">
    <p class='ocr_par' dir='ltr' id='par_1_51' title="bbox 363 3308 1931 3382">
     <span class='ocr_line' id='line_1_51' title="bbox 363 3308 1931 3382; baseline 0.003 -21"><span class='ocrx_word' id='word_1_323' title='bbox 363 3309 608 3382; x_wconf 75' lang='lat' dir='ltr'><strong>privavit.</strong></span> <span class='ocrx_word' id='word_1_324' title='bbox 633 3308 771 3363; x_wconf 78' lang='lat' dir='ltr'><strong>Hinc</strong></span> <span class='ocrx_word' id='word_1_325' title='bbox 801 3310 1147 3365; x_wconf 80' lang='lat' dir='ltr'><strong>Constantius</strong></span> <span class='ocrx_word' id='word_1_326' title='bbox 1169 3326 1361 3380; x_wconf 82' lang='lat' dir='ltr'><strong>urgere</strong></span> <span class='ocrx_word' id='word_1_327' title='bbox 1392 3312 1767 3382; x_wconf 84' lang='lat' dir='ltr'><strong>legationibus,</strong></span> <span class='ocrx_word' id='word_1_328' title='bbox 1795 3321 1853 3366; x_wconf 88' lang='lat' dir='ltr'><strong>ttt</strong></span> <span class='ocrx_word' id='word_1_329' title='bbox 1879 3312 1931 3366; x_wconf 91' lang='lat' dir='ltr'><strong>in</strong></span> 
     </span>
    </p>
   </div>
   <div class='ocr_carea' id='block_1_52' title="bbox 363 3401 1934 3472">
    <p class='ocr_par' dir='ltr' id='par_1_52' title="bbox 363 3401 1934 3472">
     <span class='ocr_line' id='line_1_52' title="bbox 363 3401 1934 3472; baseline 0.003 -19"><span class='ocrx_word' id='word_1_330' title='bbox 363 3408 562 3453; x_wconf 76' lang='lat' dir='ltr'><strong>statum</strong></span> <span class='ocrx_word' id='word_1_331' title='bbox 591 3413 890 3470; x_wconf 84' lang='lat' dir='ltr'><strong>nomenque</strong></span> <span class='ocrx_word' id='word_1_332' title='bbox 914 3401 1198 3472; x_wconf 88' lang='lat' dir='ltr'><strong>pristinum</strong></span> <span class='ocrx_word' id='word_1_333' title='bbox 1229 3411 1554 3461; x_wconf 84' lang='lat' dir='ltr'><strong>revertatur,</strong></span> <span class='ocrx_word' id='word_1_334' title='bbox 1582 3403 1806 3457; x_wconf 86' lang='lat' dir='ltr'><strong>monuit.</strong></span> <span class='ocrx_word' id='word_1_335' title='bbox 1836 3403 1934 3457; x_wconf 79' lang='lat' dir='ltr'><strong>Ju-</strong></span> 
     </span>
    </p>
   </div>
   <div class='ocr_carea' id='block_1_53' title="bbox 364 3491 1936 3550">
    <p class='ocr_par' dir='ltr' id='par_1_53' title="bbox 364 3491 1936 3550">
     <span class='ocr_line' id='line_1_53' title="bbox 364 3491 1936 3550; baseline 0 -1"><span class='ocrx_word' id='word_1_336' title='bbox 364 3493 538 3550; x_wconf 84' lang='lat' dir='ltr'><strong>lianus</strong></span> <span class='ocrx_word' id='word_1_337' title='bbox 577 3491 848 3547; x_wconf 86' lang='lat' dir='ltr'><strong>mandatis</strong></span> <span class='ocrx_word' id='word_1_338' title='bbox 887 3493 1220 3549; x_wconf 88' lang='lat' dir='ltr'><strong>mollioribus</strong></span> <span class='ocrx_word' id='word_1_339' title='bbox 1265 3495 1430 3549; x_wconf 85' lang='lat' dir='ltr'><strong>refert</strong></span> <span class='ocrx_word' id='word_1_340' title='bbox 1473 3509 1531 3549; x_wconf 90' lang='lat' dir='ltr'><strong>se</strong></span> <span class='ocrx_word' id='word_1_341' title='bbox 1575 3495 1676 3548; x_wconf 89' lang='lat' dir='ltr'><strong>sub</strong></span> <span class='ocrx_word' id='word_1_342' title='bbox 1720 3495 1936 3549; x_wconf 90' lang='lat' dir='ltr'><strong>nomine</strong></span> 
     </span>
    </p>
   </div>
   <div class='ocr_carea' id='block_1_54' title="bbox 363 3581 1933 3656">
    <p class='ocr_par' dir='ltr' id='par_1_54' title="bbox 363 3581 1933 3656">
     <span class='ocr_line' id='line_1_54' title="bbox 363 3581 1933 3656; baseline 0.003 -21"><span class='ocrx_word' id='word_1_343' title='bbox 363 3582 492 3637; x_wconf 77' lang='lat' dir='ltr'><strong>celsi</strong></span> <span class='ocrx_word' id='word_1_344' title='bbox 511 3581 718 3652; x_wconf 86' lang='lat' dir='ltr'><strong>imperii</strong></span> <span class='ocrx_word' id='word_1_345' title='bbox 741 3583 906 3638; x_wconf 84' lang='lat' dir='ltr'><strong>multo</strong></span> <span class='ocrx_word' id='word_1_346' title='bbox 925 3583 1210 3640; x_wconf 70' lang='lat' dir='ltr'><strong>officiosius</strong></span> <span class='ocrx_word' id='word_1_347' title='bbox 1233 3586 1552 3656; x_wconf 87' lang='lat' dir='ltr'><strong>pariturum.</strong></span> <span class='ocrx_word' id='word_1_348' title='bbox 1567 3584 1933 3650; x_wconf 84' lang='lat' dir='ltr'><strong>Constantius,</strong></span> 
     </span>
    </p>
   </div>
   <div class='ocr_carea' id='block_1_55' title="bbox 364 3671 1935 3744">
    <p class='ocr_par' dir='ltr' id='par_1_55' title="bbox 364 3671 1935 3744">
     <span class='ocr_line' id='line_1_55' title="bbox 364 3671 1935 3744; baseline 0 -14"><span class='ocrx_word' id='word_1_349' title='bbox 364 3671 560 3730; x_wconf 69' lang='lat' dir='ltr'><strong>Iuliani</strong></span> <span class='ocrx_word' id='word_1_350' title='bbox 596 3673 799 3729; x_wconf 80' lang='lat' dir='ltr'><strong>scelere</strong></span> <span class='ocrx_word' id='word_1_351' title='bbox 828 3685 1134 3744; x_wconf 80' lang='lat' dir='ltr'><strong>comperto,</strong></span> <span class='ocrx_word' id='word_1_352' title='bbox 1162 3677 1383 3731; x_wconf 85' lang='lat' dir='ltr'><strong>dimissa</strong></span> <span class='ocrx_word' id='word_1_353' title='bbox 1424 3676 1764 3744; x_wconf 81' lang='lat' dir='ltr'><strong>expeditione</strong></span> <span class='ocrx_word' id='word_1_354' title='bbox 1803 3675 1935 3730; x_wconf 84' lang='lat' dir='ltr'><strong>Par-</strong></span> 
     </span>
    </p>
   </div>
   <div class='ocr_carea' id='block_1_56' title="bbox 369 3763 1938 3832">
    <p class='ocr_par' dir='ltr' id='par_1_56' title="bbox 369 3763 1938 3832">
     <span class='ocr_line' id='line_1_56' title="bbox 369 3763 1938 3832; baseline 0.004 -15"><span class='ocrx_word' id='word_1_355' title='bbox 369 3764 582 3818; x_wconf 88' lang='lat' dir='ltr'><strong>thorum</strong></span> <span class='ocrx_word' id='word_1_356' title='bbox 607 3803 622 3827; x_wconf 94' lang='lat'><strong>,</strong></span> <span class='ocrx_word' id='word_1_357' title='bbox 647 3763 772 3817; x_wconf 89' lang='lat' dir='ltr'><strong>dum</strong></span> <span class='ocrx_word' id='word_1_358' title='bbox 803 3765 868 3818; x_wconf 89' lang='lat' dir='ltr'><strong>ad</strong></span> <span class='ocrx_word' id='word_1_359' title='bbox 898 3765 1055 3820; x_wconf 79' lang='lat' dir='ltr'><strong>civile</strong></span> <span class='ocrx_word' id='word_1_360' title='bbox 1083 3766 1282 3821; x_wconf 89' lang='lat' dir='ltr'><strong>bellum</strong></span> <span class='ocrx_word' id='word_1_361' title='bbox 1313 3767 1625 3832; x_wconf 81' lang='lat' dir='ltr'><strong>revertitur,</strong></span> <span class='ocrx_word' id='word_1_362' title='bbox 1657 3767 1711 3822; x_wconf 90' lang='lat' dir='ltr'><strong>in</strong></span> <span class='ocrx_word' id='word_1_363' title='bbox 1747 3767 1938 3823; x_wconf 84' lang='lat' dir='ltr'><strong>itinere</strong></span> 
     </span>
    </p>
   </div>
   <div class='ocr_carea' id='block_1_57' title="bbox 367 3853 1936 3930">
    <p class='ocr_par' dir='ltr' id='par_1_57' title="bbox 367 3853 1936 3930">
     <span class='ocr_line' id='line_1_57' title="bbox 367 3853 1936 3930; baseline 0.004 -24"><span class='ocrx_word' id='word_1_364' title='bbox 367 3853 507 3908; x_wconf 84' lang='lat' dir='ltr'><strong>inter</strong></span> <span class='ocrx_word' id='word_1_365' title='bbox 545 3853 785 3908; x_wconf 88' lang='lat' dir='ltr'><strong>Ciliciam</strong></span> <span class='ocrx_word' id='word_1_366' title='bbox 831 3854 1337 3930; x_wconf 80' lang='lat' dir='ltr'><strong>Cappadociamque</strong></span> <span class='ocrx_word' id='word_1_367' title='bbox 1383 3857 1668 3913; x_wconf 89' lang='lat' dir='ltr'><strong>defunctus</strong></span> <span class='ocrx_word' id='word_1_368' title='bbox 1715 3867 1816 3913; x_wconf 89' lang='lat' dir='ltr'><strong>est.</strong></span> <span class='ocrx_word' id='word_1_369' title='bbox 1861 3859 1936 3913; x_wconf 86' lang='lat' dir='ltr'><strong>ita</strong></span> 
     </span>
    </p>
   </div>
   <div class='ocr_carea' id='block_1_58' title="bbox 368 3931 1935 4014">
    <p class='ocr_par' dir='ltr' id='par_1_58' title="bbox 368 3931 1935 4014">
     <span class='ocr_line' id='line_1_58' title="bbox 368 3931 1935 4014; baseline 0.003 -18"><span class='ocrx_word' id='word_1_370' title='bbox 368 3940 483 4006; x_wconf 58' lang='lat' dir='ltr'><strong>ide,</strong></span> <span class='ocrx_word' id='word_1_371' title='bbox 532 3943 627 4012; x_wconf 76' lang='lat' dir='ltr'><strong>qui</strong></span> <span class='ocrx_word' id='word_1_372' title='bbox 671 3931 896 3998; x_wconf 77' lang='lat' dir='ltr'><strong>discissa</strong></span> <span class='ocrx_word' id='word_1_373' title='bbox 938 3959 1072 4014; x_wconf 79' lang='lat' dir='ltr'><strong>pace</strong></span> <span class='ocrx_word' id='word_1_374' title='bbox 1111 3953 1169 4001; x_wconf 87' lang='lat' dir='ltr'><strong>et</strong></span> <span class='ocrx_word' id='word_1_375' title='bbox 1214 3947 1420 4002; x_wconf 78' lang='lat' dir='ltr'><strong>unitate</strong></span> <span class='ocrx_word' id='word_1_376' title='bbox 1462 3947 1588 4002; x_wconf 80' lang='lat' dir='ltr'><strong>iidei</strong></span> <span class='ocrx_word' id='word_1_377' title='bbox 1633 3948 1935 4013; x_wconf 68' lang='lat' dir='ltr'><strong>catitolicsc,</strong></span> 
     </span>
    </p>
   </div>
   <div class='ocr_carea' id='block_1_59' title="bbox 367 4031 1941 4110">
    <p class='ocr_par' dir='ltr' id='par_1_59' title="bbox 367 4031 1941 4110">
     <span class='ocr_line' id='line_1_59' title="bbox 367 4031 1941 4110; baseline 0.008 -26"><span class='ocrx_word' id='word_1_378' title='bbox 367 4031 704 4089; x_wconf 87' lang='lat' dir='ltr'><strong>Christianos</strong></span> <span class='ocrx_word' id='word_1_379' title='bbox 736 4035 993 4090; x_wconf 87' lang='lat' dir='ltr'><strong>adversus</strong></span> <span class='ocrx_word' id='word_1_380' title='bbox 1028 4036 1367 4093; x_wconf 81' lang='lat' dir='ltr'><strong>Christianos</strong></span> <span class='ocrx_word' id='word_1_381' title='bbox 1403 4055 1654 4105; x_wconf 87' lang='lat' dir='ltr'><strong>artnaus,</strong></span> <span class='ocrx_word' id='word_1_382' title='bbox 1687 4040 1825 4094; x_wconf 83' lang='lat' dir='ltr'><strong>civili</strong></span> <span class='ocrx_word' id='word_1_383' title='bbox 1860 4040 1941 4110; x_wconf 84' lang='lat' dir='ltr'><strong>(ut</strong></span> 
     </span>
    </p>
   </div>
   <div class='ocr_carea' id='block_1_60' title="bbox 369 4120 1940 4195">
    <p class='ocr_par' dir='ltr' id='par_1_60' title="bbox 369 4120 1940 4195">
     <span class='ocr_line' id='line_1_60' title="bbox 369 4120 1940 4195; baseline 0.004 -17"><span class='ocrx_word' id='word_1_384' title='bbox 369 4120 442 4178; x_wconf 74' lang='lat' dir='ltr'><strong>ita</strong></span> <span class='ocrx_word' id='word_1_385' title='bbox 474 4121 675 4195; x_wconf 63' lang='lat' dir='ltr'><strong>(ﬂeam)</strong></span> <span class='ocrx_word' id='word_1_386' title='bbox 699 4123 837 4177; x_wconf 81' lang='lat' dir='ltr'><strong>beilo</strong></span> <span class='ocrx_word' id='word_1_387' title='bbox 866 4125 1118 4181; x_wconf 77' lang='lat' dir='ltr'><strong>Ecclesia:</strong></span> <span class='ocrx_word' id='word_1_388' title='bbox 1150 4129 1390 4182; x_wconf 78' lang='lat' dir='ltr'><strong>membra</strong></span> <span class='ocrx_word' id='word_1_389' title='bbox 1421 4129 1830 4194; x_wconf 78' lang='lat' dir='ltr'><strong>dilaceraverat,</strong></span> <span class='ocrx_word' id='word_1_390' title='bbox 1856 4139 1940 4184; x_wconf 88' lang='lat' dir='ltr'><strong>to-</strong></span> 
     </span>
    </p>
   </div>
   <div class='ocr_carea' id='block_1_61' title="bbox 367 4209 1940 4290">
    <p class='ocr_par' dir='ltr' id='par_1_61' title="bbox 367 4209 1940 4290">
     <span class='ocr_line' id='line_1_61' title="bbox 367 4209 1940 4290; baseline 0.006 -26"><span class='ocrx_word' id='word_1_391' title='bbox 367 4219 482 4264; x_wconf 78' lang='lat' dir='ltr'><strong>tum</strong></span> <span class='ocrx_word' id='word_1_392' title='bbox 513 4209 738 4280; x_wconf 78' lang='lat' dir='ltr'><strong>inquieti</strong></span> <span class='ocrx_word' id='word_1_393' title='bbox 769 4221 978 4284; x_wconf 83' lang='lat' dir='ltr'><strong>tempus</strong></span> <span class='ocrx_word' id='word_1_394' title='bbox 1012 4215 1218 4286; x_wconf 83' lang='lat' dir='ltr'><strong>imperii</strong></span> <span class='ocrx_word' id='word_1_395' title='bbox 1249 4218 1792 4288; x_wconf 82' lang='lat' dir='ltr'><strong>molestissimumquc</strong></span> <span class='ocrx_word' id='word_1_396' title='bbox 1820 4235 1940 4290; x_wconf 84' lang='lat' dir='ltr'><strong>spa-</strong></span> 
     </span>
    </p>
   </div>
   <div class='ocr_carea' id='block_1_62' title="bbox 369 4303 1940 4380">
    <p class='ocr_par' dir='ltr' id='par_1_62' title="bbox 369 4303 1940 4380">
     <span class='ocr_line' id='line_1_62' title="bbox 369 4303 1940 4380; baseline 0.008 -26"><span class='ocrx_word' id='word_1_397' title='bbox 369 4303 504 4356; x_wconf 79' lang='lat' dir='ltr'><strong>tium</strong></span> <span class='ocrx_word' id='word_1_398' title='bbox 535 4303 660 4358; x_wconf 69' lang='lat' dir='ltr'><strong>vita:</strong></span> <span class='ocrx_word' id='word_1_399' title='bbox 689 4319 798 4360; x_wconf 74' lang='lat' dir='ltr'><strong>sua:</strong></span> <span class='ocrx_word' id='word_1_400' title='bbox 817 4346 832 4370; x_wconf 89' lang='lat'><strong>,</strong></span> <span class='ocrx_word' id='word_1_401' title='bbox 864 4306 1019 4361; x_wconf 71' lang='lat' dir='ltr'><strong>ieeilis</strong></span> <span class='ocrx_word' id='word_1_402' title='bbox 1046 4307 1293 4374; x_wconf 80' lang='lat' dir='ltr'><strong>civilibus</strong></span> <span class='ocrx_word' id='word_1_403' title='bbox 1317 4310 1479 4363; x_wconf 84' lang='lat' dir='ltr'><strong>etiam</strong></span> <span class='ocrx_word' id='word_1_404' title='bbox 1518 4311 1570 4364; x_wconf 91' lang='lat' dir='ltr'><strong>in</strong></span> <span class='ocrx_word' id='word_1_405' title='bbox 1609 4313 1940 4380; x_wconf 82' lang='lat' dir='ltr'><strong>propinquos</strong></span> 
     </span>
    </p>
   </div>
   <div class='ocr_carea' id='block_1_63' title="bbox 2031 1871 3616 1943">
    <p class='ocr_par' dir='ltr' id='par_1_63' title="bbox 2031 1871 3616 1943">
     <span class='ocr_line' id='line_1_63' title="bbox 2031 1871 3616 1943; baseline 0.007 -19"><span class='ocrx_word' id='word_1_406' title='bbox 2031 1872 2394 1940; x_wconf 85' lang='lat' dir='ltr'><strong>composuisse</strong></span> <span class='ocrx_word' id='word_1_407' title='bbox 2421 1871 2687 1938; x_wconf 88' lang='lat' dir='ltr'><strong>feruntur,</strong></span> <span class='ocrx_word' id='word_1_408' title='bbox 2712 1889 2831 1943; x_wconf 67' lang='lat' dir='ltr'><strong>qua:</strong></span> <span class='ocrx_word' id='word_1_409' title='bbox 2855 1876 2908 1929; x_wconf 91' lang='lat' dir='ltr'><strong>in</strong></span> <span class='ocrx_word' id='word_1_410' title='bbox 2930 1886 3144 1932; x_wconf 88' lang='lat' dir='ltr'><strong>nostras</strong></span> <span class='ocrx_word' id='word_1_411' title='bbox 3169 1893 3362 1933; x_wconf 89' lang='lat' dir='ltr'><strong>manus</strong></span> <span class='ocrx_word' id='word_1_412' title='bbox 3387 1880 3616 1935; x_wconf 87' lang='lat' dir='ltr'><strong>minime</strong></span> 
     </span>
    </p>
   </div>
   <div class='ocr_carea' id='block_1_64' title="bbox 2030 1963 3614 2040">
    <p class='ocr_par' dir='ltr' id='par_1_64' title="bbox 2030 1963 3614 2040">
     <span class='ocr_line' id='line_1_64' title="bbox 2030 1963 3614 2040; baseline 0.006 -24"><span class='ocrx_word' id='word_1_413' title='bbox 2030 1973 2413 2032; x_wconf 87' lang='lat' dir='ltr'><strong>pervenerunt.</strong></span> <span class='ocrx_word' id='word_1_414' title='bbox 2459 1963 2702 2021; x_wconf 88' lang='lat' dir='ltr'><strong>Donatus</strong></span> <span class='ocrx_word' id='word_1_415' title='bbox 2720 2007 2734 2032; x_wconf 93' lang='lat'><strong>,</strong></span> <span class='ocrx_word' id='word_1_416' title='bbox 2765 1981 2927 2036; x_wconf 70' lang='lat' dir='ltr'><strong>a&#39;quo</strong></span> <span class='ocrx_word' id='word_1_417' title='bbox 2953 1967 3234 2024; x_wconf 88' lang='lat' dir='ltr'><strong>Donatiani</strong></span> <span class='ocrx_word' id='word_1_418' title='bbox 3251 2011 3265 2034; x_wconf 95' lang='lat'><strong>,</strong></span> <span class='ocrx_word' id='word_1_419' title='bbox 3291 1985 3388 2039; x_wconf 90' lang='lat' dir='ltr'><strong>per</strong></span> <span class='ocrx_word' id='word_1_420' title='bbox 3409 1969 3614 2040; x_wconf 82' lang='lat' dir='ltr'><strong>Aphri-</strong></span> 
     </span>
    </p>
   </div>
   <div class='ocr_carea' id='block_1_65' title="bbox 2031 2054 3612 2130">
    <p class='ocr_par' dir='ltr' id='par_1_65' title="bbox 2031 2054 3612 2130">
     <span class='ocr_line' id='line_1_65' title="bbox 2031 2054 3612 2130; baseline 0.005 -22"><span class='ocrx_word' id='word_1_421' title='bbox 2031 2067 2149 2108; x_wconf 87' lang='lat' dir='ltr'><strong>cam</strong></span> <span class='ocrx_word' id='word_1_422' title='bbox 2178 2055 2276 2108; x_wconf 91' lang='lat' dir='ltr'><strong>sub</strong></span> <span class='ocrx_word' id='word_1_423' title='bbox 2304 2054 2654 2112; x_wconf 89' lang='lat' dir='ltr'><strong>Constantino</strong></span> <span class='ocrx_word' id='word_1_424' title='bbox 2695 2067 2750 2111; x_wconf 92' lang='lat' dir='ltr'><strong>et</strong></span> <span class='ocrx_word' id='word_1_425' title='bbox 2779 2056 3096 2113; x_wconf 89' lang='lat' dir='ltr'><strong>Constantio</strong></span> <span class='ocrx_word' id='word_1_426' title='bbox 3122 2059 3485 2130; x_wconf 89' lang='lat' dir='ltr'><strong>principibus,</strong></span> <span class='ocrx_word' id='word_1_427' title='bbox 3513 2075 3612 2116; x_wconf 48' lang='lat' dir='ltr'><strong>as.</strong></span> 
     </span>
    </p>
   </div>
   <div class='ocr_carea' id='block_1_66' title="bbox 2031 2148 3615 2222">
    <p class='ocr_par' dir='ltr' id='par_1_66' title="bbox 2031 2148 3615 2222">
     <span class='ocr_line' id='line_1_66' title="bbox 2031 2148 3615 2222; baseline 0.006 -20"><span class='ocrx_word' id='word_1_428' title='bbox 2031 2161 2219 2202; x_wconf 89' lang='lat' dir='ltr'><strong>serens</strong></span> <span class='ocrx_word' id='word_1_429' title='bbox 2251 2163 2281 2202; x_wconf 88' lang='lat' dir='ltr'><strong>a</strong></span> <span class='ocrx_word' id='word_1_430' title='bbox 2317 2149 2517 2204; x_wconf 90' lang='lat' dir='ltr'><strong>nostris</strong></span> <span class='ocrx_word' id='word_1_431' title='bbox 2545 2148 2857 2220; x_wconf 90' lang='lat' dir='ltr'><strong>Scripturas</strong></span> <span class='ocrx_word' id='word_1_432' title='bbox 2891 2150 2943 2206; x_wconf 92' lang='lat' dir='ltr'><strong>in</strong></span> <span class='ocrx_word' id='word_1_433' title='bbox 2976 2154 3350 2222; x_wconf 85' lang='lat' dir='ltr'><strong>persecutione</strong></span> <span class='ocrx_word' id='word_1_434' title='bbox 3377 2155 3615 2212; x_wconf 87' lang='lat' dir='ltr'><strong>ethnicis</strong></span> 
     </span>
    </p>
   </div>
   <div class='ocr_carea' id='block_1_67' title="bbox 2033 2242 3613 2314">
    <p class='ocr_par' dir='ltr' id='par_1_67' title="bbox 2033 2242 3613 2314">
     <span class='ocr_line' id='line_1_67' title="bbox 2033 2242 3613 2314; baseline 0.007 -21"><span class='ocrx_word' id='word_1_435' title='bbox 2033 2242 2277 2306; x_wconf 80' lang='lat' dir='ltr'><strong>traditas,</strong></span> <span class='ocrx_word' id='word_1_436' title='bbox 2309 2249 2479 2298; x_wconf 84' lang='lat' dir='ltr'><strong>totum</strong></span> <span class='ocrx_word' id='word_1_437' title='bbox 2505 2258 2641 2314; x_wconf 90' lang='lat' dir='ltr'><strong>pene</strong></span> <span class='ocrx_word' id='word_1_438' title='bbox 2674 2245 2930 2309; x_wconf 83' lang='lat' dir='ltr'><strong>Africam,</strong></span> <span class='ocrx_word' id='word_1_439' title='bbox 2962 2257 3015 2302; x_wconf 92' lang='lat' dir='ltr'><strong>et</strong></span> <span class='ocrx_word' id='word_1_440' title='bbox 3041 2248 3276 2303; x_wconf 79' lang='lat' dir='ltr'><strong>maxime</strong></span> <span class='ocrx_word' id='word_1_441' title='bbox 3299 2248 3613 2305; x_wconf 86' lang='lat' dir='ltr'><strong>Numidiam</strong></span> 
     </span>
    </p>
   </div>
   <div class='ocr_carea' id='block_1_68' title="bbox 2032 2331 3614 2406">
    <p class='ocr_par' dir='ltr' id='par_1_68' title="bbox 2032 2331 3614 2406">
     <span class='ocr_line' id='line_1_68' title="bbox 2032 2331 3614 2406; baseline 0.006 -23"><span class='ocrx_word' id='word_1_442' title='bbox 2032 2341 2127 2383; x_wconf 90' lang='lat' dir='ltr'><strong>sua</strong></span> <span class='ocrx_word' id='word_1_443' title='bbox 2159 2331 2506 2398; x_wconf 85' lang='lat' dir='ltr'><strong>persuasione</strong></span> <span class='ocrx_word' id='word_1_444' title='bbox 2528 2332 2757 2402; x_wconf 89' lang='lat' dir='ltr'><strong>decepit.</strong></span> <span class='ocrx_word' id='word_1_445' title='bbox 2783 2334 3007 2388; x_wconf 78' lang='lat' dir='ltr'><strong>Exstant</strong></span> <span class='ocrx_word' id='word_1_446' title='bbox 3029 2333 3146 2406; x_wconf 83' lang='lat' dir='ltr'><strong>ejus</strong></span> <span class='ocrx_word' id='word_1_447' title='bbox 3169 2336 3339 2390; x_wconf 86' lang='lat' dir='ltr'><strong>multa</strong></span> <span class='ocrx_word' id='word_1_448' title='bbox 3366 2338 3431 2392; x_wconf 89' lang='lat' dir='ltr'><strong>ad</strong></span> <span class='ocrx_word' id='word_1_449' title='bbox 3451 2353 3614 2393; x_wconf 86' lang='lat' dir='ltr'><strong>suam</strong></span> 
     </span>
    </p>
   </div>
   <div class='ocr_carea' id='block_1_69' title="bbox 2032 2417 3616 2492">
    <p class='ocr_par' dir='ltr' id='par_1_69' title="bbox 2032 2417 3616 2492">
     <span class='ocr_line' id='line_1_69' title="bbox 2032 2417 3616 2492; baseline 0.006 -21"><span class='ocrx_word' id='word_1_450' title='bbox 2032 2417 2282 2474; x_wconf 77' lang='lat' dir='ltr'><strong>bteresim</strong></span> <span class='ocrx_word' id='word_1_451' title='bbox 2311 2420 2633 2489; x_wconf 90' lang='lat' dir='ltr'><strong>pertinentia</strong></span> <span class='ocrx_word' id='word_1_452' title='bbox 2653 2462 2667 2480; x_wconf 90' lang='lat'><strong>.</strong></span> <span class='ocrx_word' id='word_1_453' title='bbox 2691 2422 2755 2476; x_wconf 89' lang='lat' dir='ltr'><strong>de</strong></span> <span class='ocrx_word' id='word_1_454' title='bbox 2781 2421 2984 2492; x_wconf 88' lang='lat' dir='ltr'><strong>Spiritu</strong></span> <span class='ocrx_word' id='word_1_455' title='bbox 3014 2433 3202 2479; x_wconf 90' lang='lat' dir='ltr'><strong>sancto</strong></span> <span class='ocrx_word' id='word_1_456' title='bbox 3235 2424 3376 2480; x_wconf 91' lang='lat' dir='ltr'><strong>liber</strong></span> <span class='ocrx_word' id='word_1_457' title='bbox 3405 2427 3616 2481; x_wconf 86' lang='lat' dir='ltr'><strong>Ariano</strong></span> 
     </span>
    </p>
   </div>
   <div class='ocr_carea' id='block_1_70' title="bbox 2032 2507 3614 2584">
    <p class='ocr_par' dir='ltr' id='par_1_70' title="bbox 2032 2507 3614 2584">
     <span class='ocr_line' id='line_1_70' title="bbox 2032 2507 3614 2584; baseline 0.006 -24"><span class='ocrx_word' id='word_1_458' title='bbox 2032 2507 2267 2578; x_wconf 84' lang='lat' dir='ltr'><strong>dogmati</strong></span> <span class='ocrx_word' id='word_1_459' title='bbox 2295 2525 2614 2581; x_wconf 75' lang='lat' dir='ltr'><strong>congruens.</strong></span> <span class='ocrx_word' id='word_1_460' title='bbox 2647 2507 2892 2567; x_wconf 80' lang='lat' dir='ltr'><strong>Asterius</strong></span> <span class='ocrx_word' id='word_1_461' title='bbox 2918 2514 3131 2568; x_wconf 79' lang='lat' dir='ltr'><strong>Arianze</strong></span> <span class='ocrx_word' id='word_1_462' title='bbox 3156 2514 3503 2584; x_wconf 83' lang='lat' dir='ltr'><strong>philosophus</strong></span> <span class='ocrx_word' id='word_1_463' title='bbox 3527 2515 3614 2570; x_wconf 54' lang='lat' dir='ltr'><strong>fac</strong></span> 
     </span>
    </p>
   </div>
   <div class='ocr_carea' id='block_1_71' title="bbox 2031 2599 3613 2672">
    <p class='ocr_par' dir='ltr' id='par_1_71' title="bbox 2031 2599 3613 2672">
     <span class='ocr_line' id='line_1_71' title="bbox 2031 2599 3613 2672; baseline 0.004 -18"><span class='ocrx_word' id='word_1_464' title='bbox 2031 2599 2260 2665; x_wconf 87' lang='lat' dir='ltr'><strong>etionis,</strong></span> <span class='ocrx_word' id='word_1_465' title='bbox 2292 2600 2509 2670; x_wconf 80' lang='lat' dir='ltr'><strong>scripsit</strong></span> <span class='ocrx_word' id='word_1_466' title='bbox 2542 2611 2804 2672; x_wconf 87' lang='lat' dir='ltr'><strong>regnante</strong></span> <span class='ocrx_word' id='word_1_467' title='bbox 2837 2601 3192 2658; x_wconf 89' lang='lat' dir='ltr'><strong>Constantino</strong></span> <span class='ocrx_word' id='word_1_468' title='bbox 3228 2603 3613 2672; x_wconf 74' lang='lat' dir='ltr'><strong>in&#39;Epistolam</strong></span> 
     </span>
    </p>
   </div>
   <div class='ocr_carea' id='block_1_72' title="bbox 2033 2690 3614 2764">
    <p class='ocr_par' dir='ltr' id='par_1_72' title="bbox 2033 2690 3614 2764">
     <span class='ocr_line' id='line_1_72' title="bbox 2033 2690 3614 2764; baseline 0.001 -19"><span class='ocrx_word' id='word_1_469' title='bbox 2033 2691 2100 2745; x_wconf 89' lang='lat' dir='ltr'><strong>ad</strong></span> <span class='ocrx_word' id='word_1_470' title='bbox 2122 2690 2416 2756; x_wconf 82' lang='lat' dir='ltr'><strong>Romanos,</strong></span> <span class='ocrx_word' id='word_1_471' title='bbox 2439 2701 2493 2746; x_wconf 90' lang='lat' dir='ltr'><strong>et</strong></span> <span class='ocrx_word' id='word_1_472' title='bbox 2509 2693 2561 2746; x_wconf 89' lang='lat' dir='ltr'><strong>in</strong></span> <span class='ocrx_word' id='word_1_473' title='bbox 2585 2692 2895 2764; x_wconf 79' lang='lat' dir='ltr'><strong>Evangelia,</strong></span> <span class='ocrx_word' id='word_1_474' title='bbox 2919 2702 2972 2748; x_wconf 89' lang='lat' dir='ltr'><strong>et</strong></span> <span class='ocrx_word' id='word_1_475' title='bbox 2995 2694 3049 2748; x_wconf 92' lang='lat' dir='ltr'><strong>in</strong></span> <span class='ocrx_word' id='word_1_476' title='bbox 3071 2693 3318 2749; x_wconf 82' lang='lat' dir='ltr'><strong>Psalmos</strong></span> <span class='ocrx_word' id='word_1_477' title='bbox 3339 2711 3614 2749; x_wconf 77' lang='lat' dir='ltr'><strong>commen-</strong></span> 
     </span>
    </p>
   </div>
   <div class='ocr_carea' id='block_1_73' title="bbox 2033 2783 3615 2855">
    <p class='ocr_par' dir='ltr' id='par_1_73' title="bbox 2033 2783 3615 2855">
     <span class='ocr_line' id='line_1_73' title="bbox 2033 2783 3615 2855; baseline 0.003 -20"><span class='ocrx_word' id='word_1_478' title='bbox 2033 2783 2235 2849; x_wconf 88' lang='lat' dir='ltr'><strong>tarios,</strong></span> <span class='ocrx_word' id='word_1_479' title='bbox 2275 2791 2329 2838; x_wconf 90' lang='lat' dir='ltr'><strong>et</strong></span> <span class='ocrx_word' id='word_1_480' title='bbox 2358 2783 2528 2838; x_wconf 91' lang='lat' dir='ltr'><strong>multa</strong></span> <span class='ocrx_word' id='word_1_481' title='bbox 2558 2783 2689 2846; x_wconf 89' lang='lat' dir='ltr'><strong>alia,</strong></span> <span class='ocrx_word' id='word_1_482' title='bbox 2721 2799 2840 2854; x_wconf 74' lang='lat' dir='ltr'><strong>quae</strong></span> <span class='ocrx_word' id='word_1_483' title='bbox 2880 2800 2910 2839; x_wconf 89' lang='lat' dir='ltr'><strong>a</strong></span> <span class='ocrx_word' id='word_1_484' title='bbox 2947 2801 3059 2840; x_wconf 75' lang='lat' dir='ltr'><strong>sum.</strong></span> <span class='ocrx_word' id='word_1_485' title='bbox 3097 2787 3268 2855; x_wconf 87' lang='lat' dir='ltr'><strong>partis</strong></span> <span class='ocrx_word' id='word_1_486' title='bbox 3301 2788 3615 2840; x_wconf 65' lang='lat' dir='ltr'><strong>hominibus</strong></span> 
     </span>
    </p>
   </div>
   <div class='ocr_carea' id='block_1_74' title="bbox 2034 2873 3616 2947">
    <p class='ocr_par' dir='ltr' id='par_1_74' title="bbox 2034 2873 3616 2947">
     <span class='ocr_line' id='line_1_74' title="bbox 2034 2873 3616 2947; baseline 0.002 -18"><span class='ocrx_word' id='word_1_487' title='bbox 2034 2874 2271 2929; x_wconf 82' lang='lat' dir='ltr'><strong>studiose</strong></span> <span class='ocrx_word' id='word_1_488' title='bbox 2327 2873 2595 2945; x_wconf 85' lang='lat' dir='ltr'><strong>leguntur.</strong></span> <span class='ocrx_word' id='word_1_489' title='bbox 2662 2873 2876 2931; x_wconf 84' lang='lat' dir='ltr'><strong>Lucifer</strong></span> <span class='ocrx_word' id='word_1_490' title='bbox 2926 2875 3266 2932; x_wconf 84' lang='lat' dir='ltr'><strong>Caralitanus</strong></span> <span class='ocrx_word' id='word_1_491' title='bbox 3323 2879 3616 2947; x_wconf 87' lang='lat' dir='ltr'><strong>cpiscopus</strong></span> 
     </span>
    </p>
   </div>
   <div class='ocr_carea' id='block_1_75' title="bbox 2034 2964 3618 3022">
    <p class='ocr_par' dir='ltr' id='par_1_75' title="bbox 2034 2964 3618 3022">
     <span class='ocr_line' id='line_1_75' title="bbox 2034 2964 3618 3022; baseline -0.001 -1"><span class='ocrx_word' id='word_1_492' title='bbox 2034 2981 2157 3021; x_wconf 91' lang='lat' dir='ltr'><strong>cum</strong></span> <span class='ocrx_word' id='word_1_493' title='bbox 2193 2965 2482 3020; x_wconf 88' lang='lat' dir='ltr'><strong>Pancralio</strong></span> <span class='ocrx_word' id='word_1_494' title='bbox 2517 2974 2573 3020; x_wconf 93' lang='lat' dir='ltr'><strong>et</strong></span> <span class='ocrx_word' id='word_1_495' title='bbox 2609 2964 2812 3021; x_wconf 85' lang='lat' dir='ltr'><strong>Hilario</strong></span> <span class='ocrx_word' id='word_1_496' title='bbox 2853 2964 3109 3022; x_wconf 73' lang='lat' dir='ltr'><strong>Romana:</strong></span> <span class='ocrx_word' id='word_1_497' title='bbox 3150 2967 3403 3022; x_wconf 70' lang='lat' dir='ltr'><strong>Ecclesia:</strong></span> <span class='ocrx_word' id='word_1_498' title='bbox 3451 2967 3618 3021; x_wconf 60' lang='lat' dir='ltr'><strong>cleria</strong></span> 
     </span>
    </p>
   </div>
   <div class='ocr_carea' id='block_1_76' title="bbox 2035 3053 3617 3127">
    <p class='ocr_par' dir='ltr' id='par_1_76' title="bbox 2035 3053 3617 3127">
     <span class='ocr_line' id='line_1_76' title="bbox 2035 3053 3617 3127; baseline -0.001 -17"><span class='ocrx_word' id='word_1_499' title='bbox 2035 3056 2146 3119; x_wconf 89' lang='lat' dir='ltr'><strong>cis,</strong></span> <span class='ocrx_word' id='word_1_500' title='bbox 2193 3070 2221 3109; x_wconf 87' lang='lat' dir='ltr'><strong>a</strong></span> <span class='ocrx_word' id='word_1_501' title='bbox 2253 3053 2568 3110; x_wconf 86' lang='lat' dir='ltr'><strong>Constantio</strong></span> <span class='ocrx_word' id='word_1_502' title='bbox 2603 3056 2927 3125; x_wconf 87' lang='lat' dir='ltr'><strong>imperatore</strong></span> <span class='ocrx_word' id='word_1_503' title='bbox 2965 3057 3066 3111; x_wconf 77' lang='lat' dir='ltr'><strong>sub</strong></span> <span class='ocrx_word' id='word_1_504' title='bbox 3108 3056 3322 3112; x_wconf 89' lang='lat' dir='ltr'><strong>Liberio</strong></span> <span class='ocrx_word' id='word_1_505' title='bbox 3359 3056 3617 3127; x_wconf 84' lang='lat' dir='ltr'><strong>episcopo</strong></span> 
     </span>
    </p>
   </div>
   <div class='ocr_carea' id='block_1_77' title="bbox 2034 3145 3618 3218">
    <p class='ocr_par' dir='ltr' id='par_1_77' title="bbox 2034 3145 3618 3218">
     <span class='ocr_line' id='line_1_77' title="bbox 2034 3145 3618 3218; baseline -0.001 -16"><span class='ocrx_word' id='word_1_506' title='bbox 2034 3163 2132 3218; x_wconf 90' lang='lat' dir='ltr'><strong>pro</strong></span> <span class='ocrx_word' id='word_1_507' title='bbox 2173 3148 2280 3200; x_wconf 67' lang='lat' dir='ltr'><strong>tirfe</strong></span> <span class='ocrx_word' id='word_1_508' title='bbox 2319 3147 2375 3202; x_wconf 89' lang='lat' dir='ltr'><strong>in</strong></span> <span class='ocrx_word' id='word_1_509' title='bbox 2420 3145 2669 3201; x_wconf 83' lang='lat' dir='ltr'><strong>exsilium</strong></span> <span class='ocrx_word' id='word_1_510' title='bbox 2718 3147 2930 3216; x_wconf 76' lang='lat' dir='ltr'><strong>pulsus,</strong></span> <span class='ocrx_word' id='word_1_511' title='bbox 2983 3163 3105 3202; x_wconf 88' lang='lat' dir='ltr'><strong>cum</strong></span> <span class='ocrx_word' id='word_1_512' title='bbox 3152 3147 3318 3203; x_wconf 88' lang='lat' dir='ltr'><strong>nollet</strong></span> <span class='ocrx_word' id='word_1_513' title='bbox 3363 3147 3464 3201; x_wconf 87' lang='lat' dir='ltr'><strong>sub</strong></span> <span class='ocrx_word' id='word_1_514' title='bbox 3512 3163 3618 3200; x_wconf 84' lang='lat' dir='ltr'><strong>no-</strong></span> 
     </span>
    </p>
   </div>
   <div class='ocr_carea' id='block_1_78' title="bbox 2033 3235 3621 3304">
    <p class='ocr_par' dir='ltr' id='par_1_78' title="bbox 2033 3235 3621 3304">
     <span class='ocr_line' id='line_1_78' title="bbox 2033 3235 3621 3304; baseline -0.004 -8"><span class='ocrx_word' id='word_1_515' title='bbox 2033 3243 2178 3296; x_wconf 90' lang='lat' dir='ltr'><strong>mine</strong></span> <span class='ocrx_word' id='word_1_516' title='bbox 2201 3241 2478 3296; x_wconf 76' lang='lat' dir='ltr'><strong>Athanasii</strong></span> <span class='ocrx_word' id='word_1_517' title='bbox 2509 3239 2778 3295; x_wconf 65' lang='lat' dir='ltr'><strong>Nicaznam</strong></span> <span class='ocrx_word' id='word_1_518' title='bbox 2806 3241 3064 3296; x_wconf 88' lang='lat' dir='ltr'><strong>damnare</strong></span> <span class='ocrx_word' id='word_1_519' title='bbox 3083 3240 3266 3304; x_wconf 83' lang='lat' dir='ltr'><strong>fidem,</strong></span> <span class='ocrx_word' id='word_1_520' title='bbox 3287 3248 3342 3294; x_wconf 87' lang='lat' dir='ltr'><strong>et</strong></span> <span class='ocrx_word' id='word_1_521' title='bbox 3368 3239 3419 3292; x_wconf 90' lang='lat' dir='ltr'><strong>in</strong></span> <span class='ocrx_word' id='word_1_522' title='bbox 3447 3235 3621 3291; x_wconf 71' lang='lat' dir='ltr'><strong>Palm—</strong></span> 
     </span>
    </p>
   </div>
   <div class='ocr_carea' id='block_1_79' title="bbox 2034 3328 3618 3399">
    <p class='ocr_par' dir='ltr' id='par_1_79' title="bbox 2034 3328 3618 3399">
     <span class='ocr_line' id='line_1_79' title="bbox 2034 3328 3618 3399; baseline -0.004 -16"><span class='ocrx_word' id='word_1_523' title='bbox 2034 3330 2230 3384; x_wconf 89' lang='lat' dir='ltr'><strong>stiuam</strong></span> <span class='ocrx_word' id='word_1_524' title='bbox 2258 3329 2547 3399; x_wconf 79' lang='lat' dir='ltr'><strong>relegatus,</strong></span> <span class='ocrx_word' id='word_1_525' title='bbox 2580 3328 2730 3383; x_wconf 65' lang='lat' dir='ltr'><strong>mirae</strong></span> <span class='ocrx_word' id='word_1_526' title='bbox 2763 3330 3077 3384; x_wconf 76' lang='lat' dir='ltr'><strong>constantia:</strong></span> <span class='ocrx_word' id='word_1_527' title='bbox 3105 3328 3290 3392; x_wconf 90' lang='lat' dir='ltr'><strong>animi,</strong></span> <span class='ocrx_word' id='word_1_528' title='bbox 3323 3335 3378 3381; x_wconf 86' lang='lat' dir='ltr'><strong>et</strong></span> <span class='ocrx_word' id='word_1_529' title='bbox 3405 3341 3618 3395; x_wconf 80' lang='lat' dir='ltr'><strong>pra-pa-</strong></span> 
     </span>
    </p>
   </div>
   <div class='ocr_carea' id='block_1_80' title="bbox 2035 3418 3618 3490">
    <p class='ocr_par' dir='ltr' id='par_1_80' title="bbox 2035 3418 3618 3490">
     <span class='ocr_line' id='line_1_80' title="bbox 2035 3418 3618 3490; baseline -0.003 -16"><span class='ocrx_word' id='word_1_530' title='bbox 2035 3427 2186 3474; x_wconf 89' lang='lat' dir='ltr'><strong>ratus</strong></span> <span class='ocrx_word' id='word_1_531' title='bbox 2214 3420 2282 3474; x_wconf 90' lang='lat' dir='ltr'><strong>ad</strong></span> <span class='ocrx_word' id='word_1_532' title='bbox 2313 3418 2627 3490; x_wconf 73' lang='lat' dir='ltr'><strong>martyrium</strong></span> <span class='ocrx_word' id='word_1_533' title='bbox 2647 3459 2662 3484; x_wconf 90' lang='lat'><strong>,</strong></span> <span class='ocrx_word' id='word_1_534' title='bbox 2691 3427 2879 3475; x_wconf 88' lang='lat' dir='ltr'><strong>contra</strong></span> <span class='ocrx_word' id='word_1_535' title='bbox 2916 3419 3286 3474; x_wconf 87' lang='lat' dir='ltr'><strong>Constantium</strong></span> <span class='ocrx_word' id='word_1_536' title='bbox 3316 3418 3618 3486; x_wconf 82' lang='lat' dir='ltr'><strong>imperato-</strong></span> 
     </span>
    </p>
   </div>
   <div class='ocr_carea' id='block_1_81' title="bbox 2035 3507 3620 3580">
    <p class='ocr_par' dir='ltr' id='par_1_81' title="bbox 2035 3507 3620 3580">
     <span class='ocr_line' id='line_1_81' title="bbox 2035 3507 3620 3580; baseline -0.004 -15"><span class='ocrx_word' id='word_1_537' title='bbox 2035 3525 2152 3565; x_wconf 82' lang='lat' dir='ltr'><strong>rem</strong></span> <span class='ocrx_word' id='word_1_538' title='bbox 2187 3508 2402 3580; x_wconf 88' lang='lat' dir='ltr'><strong>scripsit</strong></span> <span class='ocrx_word' id='word_1_539' title='bbox 2430 3509 2626 3564; x_wconf 87' lang='lat' dir='ltr'><strong>librum</strong></span> <span class='ocrx_word' id='word_1_540' title='bbox 2652 3550 2665 3571; x_wconf 89' lang='lat'><strong>,</strong></span> <span class='ocrx_word' id='word_1_541' title='bbox 2697 3509 2854 3579; x_wconf 89' lang='lat' dir='ltr'><strong>eique</strong></span> <span class='ocrx_word' id='word_1_542' title='bbox 2889 3509 3174 3579; x_wconf 81' lang='lat' dir='ltr'><strong>legendum</strong></span> <span class='ocrx_word' id='word_1_543' title='bbox 3202 3507 3376 3570; x_wconf 89' lang='lat' dir='ltr'><strong>misit,</strong></span> <span class='ocrx_word' id='word_1_544' title='bbox 3403 3522 3472 3560; x_wconf 86' lang='lat' dir='ltr'><strong>ac</strong></span> <span class='ocrx_word' id='word_1_545' title='bbox 3511 3521 3620 3559; x_wconf 89' lang='lat' dir='ltr'><strong>non</strong></span> 
     </span>
    </p>
   </div>
   <div class='ocr_carea' id='block_1_82' title="bbox 2034 3594 3623 3670">
    <p class='ocr_par' dir='ltr' id='par_1_82' title="bbox 2034 3594 3623 3670">
     <span class='ocr_line' id='line_1_82' title="bbox 2034 3594 3623 3670; baseline -0.006 -15"><span class='ocrx_word' id='word_1_546' title='bbox 2034 3599 2206 3655; x_wconf 89' lang='lat' dir='ltr'><strong>multo</strong></span> <span class='ocrx_word' id='word_1_547' title='bbox 2252 3607 2375 3670; x_wconf 89' lang='lat' dir='ltr'><strong>post</strong></span> <span class='ocrx_word' id='word_1_548' title='bbox 2411 3599 2511 3653; x_wconf 87' lang='lat' dir='ltr'><strong>sub</strong></span> <span class='ocrx_word' id='word_1_549' title='bbox 2551 3597 2764 3652; x_wconf 86' lang='lat' dir='ltr'><strong>Juliano</strong></span> <span class='ocrx_word' id='word_1_550' title='bbox 2808 3598 3053 3668; x_wconf 85' lang='lat' dir='ltr'><strong>principe</strong></span> <span class='ocrx_word' id='word_1_551' title='bbox 3097 3611 3346 3651; x_wconf 82' lang='lat' dir='ltr'><strong>reversus</strong></span> <span class='ocrx_word' id='word_1_552' title='bbox 3388 3594 3623 3658; x_wconf 81' lang='lat' dir='ltr'><strong>Catalis,</strong></span> 
     </span>
    </p>
   </div>
   <div class='ocr_carea' id='block_1_83' title="bbox 2038 3681 3623 3757">
    <p class='ocr_par' dir='ltr' id='par_1_83' title="bbox 2038 3681 3623 3757">
     <span class='ocr_line' id='line_1_83' title="bbox 2038 3681 3623 3757; baseline -0.006 -14"><span class='ocrx_word' id='word_1_553' title='bbox 2038 3689 2416 3744; x_wconf 85' lang='lat' dir='ltr'><strong>Valentiniano</strong></span> <span class='ocrx_word' id='word_1_554' title='bbox 2445 3695 2722 3757; x_wconf 73' lang='lat' dir='ltr'><strong>regnante,</strong></span> <span class='ocrx_word' id='word_1_555' title='bbox 2753 3687 2904 3741; x_wconf 86' lang='lat' dir='ltr'><strong>obiit.</strong></span> <span class='ocrx_word' id='word_1_556' title='bbox 2941 3685 3206 3740; x_wconf 82' lang='lat' dir='ltr'><strong>Eusebius</strong></span> <span class='ocrx_word' id='word_1_557' title='bbox 3245 3685 3460 3737; x_wconf 89' lang='lat' dir='ltr'><strong>natione</strong></span> <span class='ocrx_word' id='word_1_558' title='bbox 3490 3681 3623 3736; x_wconf 86' lang='lat' dir='ltr'><strong>Sar-</strong></span> 
     </span>
    </p>
   </div>
   <div class='ocr_carea' id='block_1_84' title="bbox 2037 3772 3625 3843">
    <p class='ocr_par' dir='ltr' id='par_1_84' title="bbox 2037 3772 3625 3843">
     <span class='ocr_line' id='line_1_84' title="bbox 2037 3772 3625 3843; baseline -0.008 -8"><span class='ocrx_word' id='word_1_559' title='bbox 2037 3779 2172 3843; x_wconf 83' lang='lat' dir='ltr'><strong>dus,</strong></span> <span class='ocrx_word' id='word_1_560' title='bbox 2217 3787 2273 3834; x_wconf 87' lang='lat' dir='ltr'><strong>et</strong></span> <span class='ocrx_word' id='word_1_561' title='bbox 2316 3794 2383 3832; x_wconf 82' lang='lat' dir='ltr'><strong>ex</strong></span> <span class='ocrx_word' id='word_1_562' title='bbox 2422 3777 2622 3832; x_wconf 86' lang='lat' dir='ltr'><strong>lectore</strong></span> <span class='ocrx_word' id='word_1_563' title='bbox 2672 3776 2823 3830; x_wconf 87' lang='lat' dir='ltr'><strong>urbis</strong></span> <span class='ocrx_word' id='word_1_564' title='bbox 2869 3775 3055 3830; x_wconf 77' lang='lat' dir='ltr'><strong>Roma:</strong></span> <span class='ocrx_word' id='word_1_565' title='bbox 3100 3772 3457 3830; x_wconf 79' lang='lat' dir='ltr'><strong>Verceliensis</strong></span> <span class='ocrx_word' id='word_1_566' title='bbox 3507 3773 3625 3840; x_wconf 83' lang='lat' dir='ltr'><strong>epi-</strong></span> 
     </span>
    </p>
   </div>
   <div class='ocr_carea' id='block_1_85' title="bbox 2037 3863 3626 3942">
    <p class='ocr_par' dir='ltr' id='par_1_85' title="bbox 2037 3863 3626 3942">
     <span class='ocr_line' id='line_1_85' title="bbox 2037 3863 3626 3942; baseline -0.007 -16"><span class='ocrx_word' id='word_1_567' title='bbox 2037 3886 2259 3942; x_wconf 89' lang='lat' dir='ltr'><strong>scopus,</strong></span> <span class='ocrx_word' id='word_1_568' title='bbox 2305 3870 2373 3924; x_wconf 91' lang='lat' dir='ltr'><strong>ob</strong></span> <span class='ocrx_word' id='word_1_569' title='bbox 2419 3868 2817 3925; x_wconf 89' lang='lat' dir='ltr'><strong>confessionem</strong></span> <span class='ocrx_word' id='word_1_570' title='bbox 2862 3868 2984 3922; x_wconf 81' lang='lat' dir='ltr'><strong>ﬁdei</strong></span> <span class='ocrx_word' id='word_1_571' title='bbox 3031 3882 3062 3922; x_wconf 91' lang='lat' dir='ltr'><strong>a</strong></span> <span class='ocrx_word' id='word_1_572' title='bbox 3107 3865 3422 3922; x_wconf 87' lang='lat' dir='ltr'><strong>Constantio</strong></span> <span class='ocrx_word' id='word_1_573' title='bbox 3473 3863 3626 3933; x_wconf 81' lang='lat' dir='ltr'><strong>prin-</strong></span> 
     </span>
    </p>
   </div>
   <div class='ocr_carea' id='block_1_86' title="bbox 2036 3955 3620 4032">
    <p class='ocr_par' dir='ltr' id='par_1_86' title="bbox 2036 3955 3620 4032">
     <span class='ocr_line' id='line_1_86' title="bbox 2036 3955 3620 4032; baseline -0.004 -17"><span class='ocrx_word' id='word_1_574' title='bbox 2036 3961 2155 4032; x_wconf 90' lang='lat' dir='ltr'><strong>cipe</strong></span> <span class='ocrx_word' id='word_1_575' title='bbox 2197 3959 2567 4030; x_wconf 76' lang='lat' dir='ltr'><strong>Scytltopolim</strong></span> <span class='ocrx_word' id='word_1_576' title='bbox 2600 3967 2656 4014; x_wconf 90' lang='lat' dir='ltr'><strong>et</strong></span> <span class='ocrx_word' id='word_1_577' title='bbox 2697 3959 2822 4013; x_wconf 86' lang='lat' dir='ltr'><strong>inde</strong></span> <span class='ocrx_word' id='word_1_578' title='bbox 2859 3957 3249 4027; x_wconf 76' lang='lat' dir='ltr'><strong>Cappadociam</strong></span> <span class='ocrx_word' id='word_1_579' title='bbox 3285 3955 3566 4024; x_wconf 75' lang='lat' dir='ltr'><strong>relegatus</strong></span> <span class='ocrx_word' id='word_1_580' title='bbox 3607 3974 3620 4008; x_wconf 86' lang='lat'><strong>:</strong></span> 
     </span>
    </p>
   </div>
   <div class='ocr_carea' id='block_1_87' title="bbox 2035 4046 3623 4118">
    <p class='ocr_par' dir='ltr' id='par_1_87' title="bbox 2035 4046 3623 4118">
     <span class='ocr_line' id='line_1_87' title="bbox 2035 4046 3623 4118; baseline -0.006 -12"><span class='ocrx_word' id='word_1_581' title='bbox 2035 4053 2136 4106; x_wconf 89' lang='lat' dir='ltr'><strong>sub</strong></span> <span class='ocrx_word' id='word_1_582' title='bbox 2171 4050 2385 4105; x_wconf 80' lang='lat' dir='ltr'><strong>Juliano</strong></span> <span class='ocrx_word' id='word_1_583' title='bbox 2424 4049 2750 4118; x_wconf 89' lang='lat' dir='ltr'><strong>imperatore</strong></span> <span class='ocrx_word' id='word_1_584' title='bbox 2791 4048 2856 4102; x_wconf 90' lang='lat' dir='ltr'><strong>ad</strong></span> <span class='ocrx_word' id='word_1_585' title='bbox 2899 4046 3195 4102; x_wconf 86' lang='lat' dir='ltr'><strong>Ecclesiam</strong></span> <span class='ocrx_word' id='word_1_586' title='bbox 3237 4058 3383 4099; x_wconf 79' lang='lat' dir='ltr'><strong>snam</strong></span> <span class='ocrx_word' id='word_1_587' title='bbox 3423 4059 3623 4097; x_wconf 75' lang='lat' dir='ltr'><strong>rever-</strong></span> 
     </span>
    </p>
   </div>
   <div class='ocr_carea' id='block_1_88' title="bbox 2035 4131 3618 4205">
    <p class='ocr_par' dir='ltr' id='par_1_88' title="bbox 2035 4131 3618 4205">
     <span class='ocr_line' id='line_1_88' title="bbox 2035 4131 3618 4205; baseline -0.007 -10"><span class='ocrx_word' id='word_1_588' title='bbox 2035 4155 2152 4205; x_wconf 89' lang='lat' dir='ltr'><strong>sus,</strong></span> <span class='ocrx_word' id='word_1_589' title='bbox 2183 4140 2350 4196; x_wconf 89' lang='lat' dir='ltr'><strong>edidit</strong></span> <span class='ocrx_word' id='word_1_590' title='bbox 2379 4139 2431 4192; x_wconf 91' lang='lat' dir='ltr'><strong>in</strong></span> <span class='ocrx_word' id='word_1_591' title='bbox 2470 4137 2711 4193; x_wconf 77' lang='lat' dir='ltr'><strong>i’salntos</strong></span> <span class='ocrx_word' id='word_1_592' title='bbox 2759 4133 3179 4190; x_wconf 76' lang='lat' dir='ltr'><strong>conmentarios</strong></span> <span class='ocrx_word' id='word_1_593' title='bbox 3226 4132 3434 4186; x_wconf 83' lang='lat' dir='ltr'><strong>Eusebii</strong></span> <span class='ocrx_word' id='word_1_594' title='bbox 3501 4131 3618 4184; x_wconf 77' lang='lat' dir='ltr'><strong>Ca:-</strong></span> 
     </span>
    </p>
   </div>
   <div class='ocr_carea' id='block_1_89' title="bbox 2037 4226 3624 4300">
    <p class='ocr_par' dir='ltr' id='par_1_89' title="bbox 2037 4226 3624 4300">
     <span class='ocr_line' id='line_1_89' title="bbox 2037 4226 3624 4300; baseline -0.008 -13"><span class='ocrx_word' id='word_1_595' title='bbox 2037 4231 2313 4295; x_wconf 89' lang='lat' dir='ltr'><strong>sariensis,</strong></span> <span class='ocrx_word' id='word_1_596' title='bbox 2344 4245 2481 4300; x_wconf 87' lang='lat' dir='ltr'><strong>quos</strong></span> <span class='ocrx_word' id='word_1_597' title='bbox 2502 4230 2571 4284; x_wconf 90' lang='lat' dir='ltr'><strong>de</strong></span> <span class='ocrx_word' id='word_1_598' title='bbox 2613 4227 2808 4283; x_wconf 64' lang='lat' dir='ltr'><strong>Greeco</strong></span> <span class='ocrx_word' id='word_1_599' title='bbox 2853 4227 2910 4280; x_wconf 89' lang='lat' dir='ltr'><strong>in</strong></span> <span class='ocrx_word' id='word_1_600' title='bbox 2955 4226 3201 4280; x_wconf 87' lang='lat' dir='ltr'><strong>Latinum</strong></span> <span class='ocrx_word' id='word_1_601' title='bbox 3250 4231 3510 4285; x_wconf 81' lang='lat' dir='ltr'><strong>verterat,</strong></span> <span class='ocrx_word' id='word_1_602' title='bbox 3571 4232 3624 4276; x_wconf 84' lang='lat' dir='ltr'><strong>et</strong></span> 
     </span>
    </p>
   </div>
   <div class='ocr_carea' id='block_1_90' title="bbox 2037 4315 3627 4382">
    <p class='ocr_par' dir='ltr' id='par_1_90' title="bbox 2037 4315 3627 4382">
     <span class='ocr_line' id='line_1_90' title="bbox 2037 4315 3627 4382; baseline -0.007 -6"><span class='ocrx_word' id='word_1_603' title='bbox 2037 4329 2283 4376; x_wconf 88' lang='lat' dir='ltr'><strong>mortuus</strong></span> <span class='ocrx_word' id='word_1_604' title='bbox 2310 4328 2394 4376; x_wconf 90' lang='lat' dir='ltr'><strong>est</strong></span> <span class='ocrx_word' id='word_1_605' title='bbox 2434 4320 2534 4375; x_wconf 90' lang='lat' dir='ltr'><strong>sub</strong></span> <span class='ocrx_word' id='word_1_606' title='bbox 2561 4318 2939 4373; x_wconf 77' lang='lat' dir='ltr'><strong>Valentiniano</strong></span> <span class='ocrx_word' id='word_1_607' title='bbox 2980 4325 3035 4370; x_wconf 87' lang='lat' dir='ltr'><strong>ct</strong></span> <span class='ocrx_word' id='word_1_608' title='bbox 3076 4315 3296 4370; x_wconf 83' lang='lat' dir='ltr'><strong>Valente</strong></span> <span class='ocrx_word' id='word_1_609' title='bbox 3339 4315 3627 4382; x_wconf 82' lang='lat' dir='ltr'><strong>regnanti-</strong></span> 
     </span>
    </p>
   </div>
   <div class='ocr_carea' id='block_1_91' title="bbox 369 4395 3627 4492">
    <p class='ocr_par' dir='ltr' id='par_1_91' title="bbox 369 4395 3627 4492">
     <span class='ocr_line' id='line_1_91' title="bbox 369 4395 3627 4492; baseline -0.009 -10"><span class='ocrx_word' id='word_1_610' title='bbox 369 4401 423 4447; x_wconf 48' lang='lat'><em>“</em></span> <span class='ocrx_word' id='word_1_611' title='bbox 901 4399 1176 4464; x_wconf 61' lang='grc' dir='ltr'><strong>θπθίιθιίεν</strong></span> <span class='ocrx_word' id='word_1_612' title='bbox 1211 4402 1453 4456; x_wconf 55' lang='lat' dir='ltr'><strong>“Nam</strong></span> <span class='ocrx_word' id='word_1_613' title='bbox 1472 4442 1487 4468; x_wconf 73' lang='grc' dir='ltr'><strong>ν</strong></span> <span class='ocrx_word' id='word_1_614' title='bbox 1513 4404 1712 4471; x_wconf 66' lang='grc' dir='ltr'><strong>ρκθςίι,</strong></span> <span class='ocrx_word' id='word_1_615' title='bbox 1743 4419 1940 4472; x_wconf 55' lang='lat' dir='ltr'><strong>exlien--</strong></span> <span class='ocrx_word' id='word_1_616' title='bbox 1968 4435 2018 4492; x_wconf 70' lang='grc' dir='ltr'><strong>ι)</strong></span> <span class='ocrx_word' id='word_1_617' title='bbox 2039 4412 2161 4464; x_wconf 83' lang='lat' dir='ltr'><strong>bus.</strong></span> <span class='ocrx_word' id='word_1_618' title='bbox 2188 4410 2511 4465; x_wconf 83' lang='lat' dir='ltr'><strong>Fortunatus</strong></span> <span class='ocrx_word' id='word_1_619' title='bbox 2541 4409 2755 4462; x_wconf 87' lang='lat' dir='ltr'><strong>natione</strong></span> <span class='ocrx_word' id='word_1_620' title='bbox 2791 4407 2994 4476; x_wconf 86' lang='lat' dir='ltr'><strong>Apber,</strong></span> <span class='ocrx_word' id='word_1_621' title='bbox 3029 4402 3383 4474; x_wconf 86' lang='lat' dir='ltr'><strong>Aquileiensis</strong></span> <span class='ocrx_word' id='word_1_622' title='bbox 3405 4403 3627 4472; x_wconf 74' lang='lat' dir='ltr'><strong>episeo—</strong></span> 
     </span>
    </p>
   </div>
   <div class='ocr_carea' id='block_1_92' title="bbox 369 4482 1942 4561">
    <p class='ocr_par' dir='ltr' id='par_1_92' title="bbox 369 4482 1942 4561">
     <span class='ocr_line' id='line_1_92' title="bbox 369 4482 1942 4561; baseline 0.009 -27"><span class='ocrx_word' id='word_1_623' title='bbox 369 4483 468 4535; x_wconf 84' lang='lat' dir='ltr'><strong>dit.</strong></span> <span class='ocrx_word' id='word_1_624' title='bbox 498 4482 784 4552; x_wconf 72' lang='lat' dir='ltr'><strong>huperavit</strong></span> <span class='ocrx_word' id='word_1_625' title='bbox 818 4495 996 4540; x_wconf 86' lang='lat' dir='ltr'><strong>autem</strong></span> <span class='ocrx_word' id='word_1_626' title='bbox 1022 4503 1195 4542; x_wconf 85' lang='lat' dir='ltr'><strong>annos</strong></span> <span class='ocrx_word' id='word_1_627' title='bbox 1222 4490 1407 4561; x_wconf 86' lang='lat' dir='ltr'><strong>viginti</strong></span> <span class='ocrx_word' id='word_1_628' title='bbox 1441 4501 1701 4560; x_wconf 87' lang='lat' dir='ltr'><strong>quatuor,</strong></span> <span class='ocrx_word' id='word_1_629' title='bbox 1730 4510 1942 4549; x_wconf 79' lang='lat' dir='ltr'><strong>nienses</strong></span> 
     </span>
    </p>
   </div>
   <div class='ocr_carea' id='block_1_93' title="bbox 369 4571 1938 4652">
    <p class='ocr_par' dir='ltr' id='par_1_93' title="bbox 369 4571 1938 4652">
     <span class='ocr_line' id='line_1_93' title="bbox 369 4571 1938 4652; baseline 0.01 -28"><span class='ocrx_word' id='word_1_630' title='bbox 369 4571 607 4642; x_wconf 80' lang='lat' dir='ltr'><strong>quinque</strong></span> <span class='ocrx_word' id='word_1_631' title='bbox 626 4588 748 4629; x_wconf 86' lang='lat' dir='ltr'><strong>cum</strong></span> <span class='ocrx_word' id='word_1_632' title='bbox 778 4575 1034 4632; x_wconf 85' lang='lat' dir='ltr'><strong>fratribus</strong></span> <span class='ocrx_word' id='word_1_633' title='bbox 1061 4577 1414 4635; x_wconf 85' lang='lat' dir='ltr'><strong>Constantino</strong></span> <span class='ocrx_word' id='word_1_634' title='bbox 1440 4591 1600 4652; x_wconf 88' lang='lat' dir='ltr'><strong>atque</strong></span> <span class='ocrx_word' id='word_1_635' title='bbox 1625 4585 1938 4640; x_wconf 82' lang='lat' dir='ltr'><strong>Cons-tante.</strong></span> 
     </span>
    </p>
   </div>
   <div class='ocr_carea' id='block_1_94' title="bbox 370 4658 1943 4742">
    <p class='ocr_par' dir='ltr' id='par_1_94' title="bbox 370 4658 1943 4742">
     <span class='ocr_line' id='line_1_94' title="bbox 370 4658 1943 4742; baseline 0.01 -30"><span class='ocrx_word' id='word_1_636' title='bbox 370 4659 579 4726; x_wconf 72' lang='lat' dir='ltr'><strong>Quibus</strong></span> <span class='ocrx_word' id='word_1_637' title='bbox 600 4658 851 4729; x_wconf 81' lang='lat' dir='ltr'><strong>mortuis,</strong></span> <span class='ocrx_word' id='word_1_638' title='bbox 882 4665 1204 4736; x_wconf 73' lang='lat' dir='ltr'><strong>Magnentio,</strong></span> <span class='ocrx_word' id='word_1_639' title='bbox 1230 4671 1549 4739; x_wconf 83' lang='lat' dir='ltr'><strong>caeterisque</strong></span> <span class='ocrx_word' id='word_1_640' title='bbox 1579 4675 1819 4742; x_wconf 79' lang='lat' dir='ltr'><strong>tyrannis</strong></span> <span class='ocrx_word' id='word_1_641' title='bbox 1849 4688 1943 4728; x_wconf 80' lang='lat' dir='ltr'><strong>cx-</strong></span> 
     </span>
    </p>
   </div>
   <div class='ocr_carea' id='block_1_95' title="bbox 371 4751 1942 4830">
    <p class='ocr_par' dir='ltr' id='par_1_95' title="bbox 371 4751 1942 4830">
     <span class='ocr_line' id='line_1_95' title="bbox 371 4751 1942 4830; baseline 0.006 -22"><span class='ocrx_word' id='word_1_642' title='bbox 371 4751 604 4819; x_wconf 81' lang='lat' dir='ltr'><strong>stinctis,</strong></span> <span class='ocrx_word' id='word_1_643' title='bbox 626 4753 985 4825; x_wconf 78' lang='lat' dir='ltr'><strong>gubernacula</strong></span> <span class='ocrx_word' id='word_1_644' title='bbox 1010 4758 1175 4814; x_wconf 88' lang='lat' dir='ltr'><strong>totius</strong></span> <span class='ocrx_word' id='word_1_645' title='bbox 1193 4760 1341 4815; x_wconf 89' lang='lat' dir='ltr'><strong>orbis</strong></span> <span class='ocrx_word' id='word_1_646' title='bbox 1366 4760 1593 4816; x_wconf 74' lang='lat' dir='ltr'><strong>Romani</strong></span> <span class='ocrx_word' id='word_1_647' title='bbox 1617 4761 1733 4830; x_wconf 84' lang='lat' dir='ltr'><strong>ejus</strong></span> <span class='ocrx_word' id='word_1_648' title='bbox 1754 4763 1942 4818; x_wconf 87' lang='lat' dir='ltr'><strong>ditioni</strong></span> 
     </span>
    </p>
   </div>
   <div class='ocr_carea' id='block_1_96' title="bbox 372 4845 812 4903">
    <p class='ocr_par' dir='ltr' id='par_1_96' title="bbox 372 4845 812 4903">
     <span class='ocr_line' id='line_1_96' title="bbox 372 4845 812 4903; baseline -0.005 0"><span class='ocrx_word' id='word_1_649' title='bbox 372 4845 638 4903; x_wconf 73' lang='lat' dir='ltr'><strong>wbmissa</strong></span> <span class='ocrx_word' id='word_1_650' title='bbox 668 4855 812 4902; x_wconf 83' lang='lat' dir='ltr'><strong>sunt.</strong></span> 
     </span>
    </p>
   </div>
   <div class='ocr_carea' id='block_1_97' title="bbox 959 4941 1354 4997">
    <p class='ocr_par' dir='ltr' id='par_1_97' title="bbox 959 4941 1354 4997">
     <span class='ocr_line' id='line_1_97' title="bbox 959 4941 1354 4997; baseline 0 -2"><span class='ocrx_word' id='word_1_651' title='bbox 959 4941 1186 4997; x_wconf 76' lang='lat' dir='ltr'><strong>CAPUT</strong></span> <span class='ocrx_word' id='word_1_652' title='bbox 1223 4943 1354 4997; x_wconf 75' lang='lat' dir='ltr'><strong>Vl&quot;.</strong></span> 
     </span>
    </p>
   </div>
   <div class='ocr_carea' id='block_1_98' title="bbox 378 5027 1941 5102">
    <p class='ocr_par' dir='ltr' id='par_1_98' title="bbox 378 5027 1941 5102">
     <span class='ocr_line' id='line_1_98' title="bbox 378 5027 1941 5102; baseline 0.001 -16"><span class='ocrx_word' id='word_1_653' title='bbox 378 5027 634 5086; x_wconf 61' lang='lat' dir='ltr'><strong>lunaria</strong></span> <span class='ocrx_word' id='word_1_654' title='bbox 659 5029 907 5083; x_wconf 65' lang='lat' dir='ltr'><strong>nobilium</strong></span> <span class='ocrx_word' id='word_1_655' title='bbox 933 5032 1239 5100; x_wconf 71' lang='lat' dir='ltr'><strong>scriptorum</strong></span> <span class='ocrx_word' id='word_1_656' title='bbox 1271 5049 1332 5085; x_wconf 79' lang='lat' dir='ltr'><strong>ac</strong></span> <span class='ocrx_word' id='word_1_657' title='bbox 1362 5033 1678 5086; x_wconf 67' lang='lat' dir='ltr'><strong>mimbiir&#39;um</strong></span> <span class='ocrx_word' id='word_1_658' title='bbox 1705 5043 1941 5102; x_wconf 74' lang='lat' dir='ltr'><strong>patrato-</strong></span> 
     </span>
    </p>
   </div>
   <div class='ocr_carea' id='block_1_99' title="bbox 693 5102 1625 5172">
    <p class='ocr_par' dir='ltr' id='par_1_99' title="bbox 693 5102 1625 5172">
     <span class='ocr_line' id='line_1_99' title="bbox 693 5102 1625 5172; baseline 0.004 -20"><span class='ocrx_word' id='word_1_659' title='bbox 693 5117 830 5166; x_wconf 78' lang='lat' dir='ltr'><strong>rmu,</strong></span> <span class='ocrx_word' id='word_1_660' title='bbox 858 5102 946 5172; x_wconf 80' lang='lat' dir='ltr'><strong>qui</strong></span> <span class='ocrx_word' id='word_1_661' title='bbox 971 5119 1030 5155; x_wconf 85' lang='lat' dir='ltr'><strong>eo</strong></span> <span class='ocrx_word' id='word_1_662' title='bbox 1056 5111 1280 5170; x_wconf 78' lang='lat' dir='ltr'><strong>tempore</strong></span> <span class='ocrx_word' id='word_1_663' title='bbox 1310 5103 1625 5157; x_wconf 78' lang='lat' dir='ltr'><strong>claruerunt.</strong></span> 
     </span>
    </p>
   </div>
   <div class='ocr_carea' id='block_1_100' title="bbox 447 5211 1940 5282">
    <p class='ocr_par' dir='ltr' id='par_1_100' title="bbox 447 5211 1940 5282">
     <span class='ocr_line' id='line_1_100' title="bbox 447 5211 1940 5282; baseline 0.003 -20"><span class='ocrx_word' id='word_1_664' title='bbox 447 5216 565 5275; x_wconf 71' lang='lat' dir='ltr'><strong>Quo</strong></span> <span class='ocrx_word' id='word_1_665' title='bbox 608 5211 911 5278; x_wconf 74' lang='lat' dir='ltr'><strong>imperante</strong></span> <span class='ocrx_word' id='word_1_666' title='bbox 956 5211 1265 5266; x_wconf 80' lang='lat' dir='ltr'><strong>claruerunt</strong></span> <span class='ocrx_word' id='word_1_667' title='bbox 1303 5213 1401 5265; x_wconf 73' lang='lat' dir='ltr'><strong>viri</strong></span> <span class='ocrx_word' id='word_1_668' title='bbox 1443 5213 1674 5277; x_wconf 73' lang='lat' dir='ltr'><strong>eruditi,</strong></span> <span class='ocrx_word' id='word_1_669' title='bbox 1713 5229 1940 5282; x_wconf 85' lang='lat' dir='ltr'><strong>quorum</strong></span> 
     </span>
    </p>
   </div>
   <div class='ocr_carea' id='block_1_101' title="bbox 372 5297 1941 5366">
    <p class='ocr_par' dir='ltr' id='par_1_101' title="bbox 372 5297 1941 5366">
     <span class='ocr_line' id='line_1_101' title="bbox 372 5297 1941 5366; baseline 0.003 -14"><span class='ocrx_word' id='word_1_670' title='bbox 372 5297 662 5353; x_wconf 74' lang='lat' dir='ltr'><strong>scribendo</strong></span> <span class='ocrx_word' id='word_1_671' title='bbox 675 5307 895 5355; x_wconf 69' lang='lat' dir='ltr'><strong>exstant</strong></span> <span class='ocrx_word' id='word_1_672' title='bbox 917 5309 1258 5354; x_wconf 84' lang='lat' dir='ltr'><strong>monumenta</strong></span> <span class='ocrx_word' id='word_1_673' title='bbox 1295 5318 1307 5352; x_wconf 93' lang='lat'><strong>:</strong></span> <span class='ocrx_word' id='word_1_674' title='bbox 1336 5301 1599 5356; x_wconf 77' lang='lat' dir='ltr'><strong>Antonius</strong></span> <span class='ocrx_word' id='word_1_675' title='bbox 1626 5303 1941 5366; x_wconf 79' lang='lat' dir='ltr'><strong>monachus,</strong></span> 
     </span>
    </p>
   </div>
   <div class='ocr_carea' id='block_1_102' title="bbox 375 5384 1941 5458">
    <p class='ocr_par' dir='ltr' id='par_1_102' title="bbox 375 5384 1941 5458">
     <span class='ocr_line' id='line_1_102' title="bbox 375 5384 1941 5458; baseline 0.004 -21"><span class='ocrx_word' id='word_1_676' title='bbox 375 5384 532 5455; x_wconf 58' lang='lat' dir='ltr'><strong>cadas</strong></span> <span class='ocrx_word' id='word_1_677' title='bbox 558 5388 723 5442; x_wconf 85' lang='lat' dir='ltr'><strong>vitam</strong></span> <span class='ocrx_word' id='word_1_678' title='bbox 749 5388 1076 5444; x_wconf 79' lang='lat' dir='ltr'><strong>Athanasius</strong></span> <span class='ocrx_word' id='word_1_679' title='bbox 1103 5390 1390 5458; x_wconf 81' lang='lat' dir='ltr'><strong>episcopus</strong></span> <span class='ocrx_word' id='word_1_680' title='bbox 1426 5389 1801 5444; x_wconf 68' lang='lat' dir='ltr'><strong>Alexandrinae</strong></span> <span class='ocrx_word' id='word_1_681' title='bbox 1836 5390 1941 5444; x_wconf 85' lang='lat' dir='ltr'><strong>Ec-</strong></span> 
     </span>
    </p>
   </div>
   <div class='ocr_carea' id='block_1_103' title="bbox 379 5476 1941 5550">
    <p class='ocr_par' dir='ltr' id='par_1_103' title="bbox 379 5476 1941 5550">
     <span class='ocr_line' id='line_1_103' title="bbox 379 5476 1941 5550; baseline 0.003 -22"><span class='ocrx_word' id='word_1_682' title='bbox 379 5476 558 5532; x_wconf 67' lang='lat' dir='ltr'><strong>clesia:</strong></span> <span class='ocrx_word' id='word_1_683' title='bbox 585 5478 776 5548; x_wconf 84' lang='lat' dir='ltr'><strong>insigni</strong></span> <span class='ocrx_word' id='word_1_684' title='bbox 820 5479 1091 5533; x_wconf 85' lang='lat' dir='ltr'><strong>volumine</strong></span> <span class='ocrx_word' id='word_1_685' title='bbox 1123 5489 1441 5548; x_wconf 83' lang='lat' dir='ltr'><strong>prosecutus</strong></span> <span class='ocrx_word' id='word_1_686' title='bbox 1467 5487 1569 5534; x_wconf 84' lang='lat' dir='ltr'><strong>cst.</strong></span> <span class='ocrx_word' id='word_1_687' title='bbox 1608 5479 1750 5533; x_wconf 78' lang='lat' dir='ltr'><strong>Misit</strong></span> <span class='ocrx_word' id='word_1_688' title='bbox 1773 5479 1941 5550; x_wconf 63' lang='lat' dir='ltr'><strong>Egy-</strong></span> 
     </span>
    </p>
   </div>
   <div class='ocr_carea' id='block_1_104' title="bbox 379 5568 1944 5641">
    <p class='ocr_par' dir='ltr' id='par_1_104' title="bbox 379 5568 1944 5641">
     <span class='ocr_line' id='line_1_104' title="bbox 379 5568 1944 5641; baseline 0.003 -19"><span class='ocrx_word' id='word_1_689' title='bbox 379 5570 556 5641; x_wconf 81' lang='lat' dir='ltr'><strong>ptiace</strong></span> <span class='ocrx_word' id='word_1_690' title='bbox 599 5571 665 5624; x_wconf 87' lang='lat' dir='ltr'><strong>ad</strong></span> <span class='ocrx_word' id='word_1_691' title='bbox 703 5571 913 5624; x_wconf 80' lang='lat' dir='ltr'><strong>diversa</strong></span> <span class='ocrx_word' id='word_1_692' title='bbox 943 5571 1267 5625; x_wconf 88' lang='lat' dir='ltr'><strong>monasteria</strong></span> <span class='ocrx_word' id='word_1_693' title='bbox 1308 5568 1598 5639; x_wconf 82' lang='lat' dir='ltr'><strong>apostolico</strong></span> <span class='ocrx_word' id='word_1_694' title='bbox 1633 5587 1790 5626; x_wconf 88' lang='lat' dir='ltr'><strong>sensu</strong></span> <span class='ocrx_word' id='word_1_695' title='bbox 1832 5587 1944 5626; x_wconf 87' lang='lat' dir='ltr'><strong>ser-</strong></span> 
     </span>
    </p>
   </div>
   <div class='ocr_carea' id='block_1_105' title="bbox 384 5659 1939 5732">
    <p class='ocr_par' dir='ltr' id='par_1_105' title="bbox 384 5659 1939 5732">
     <span class='ocr_line' id='line_1_105' title="bbox 384 5659 1939 5732; baseline 0 -14"><span class='ocrx_word' id='word_1_696' title='bbox 384 5673 645 5731; x_wconf 80' lang='lat' dir='ltr'><strong>moneque</strong></span> <span class='ocrx_word' id='word_1_697' title='bbox 677 5661 928 5731; x_wconf 86' lang='lat' dir='ltr'><strong>epistolas</strong></span> <span class='ocrx_word' id='word_1_698' title='bbox 953 5673 1174 5731; x_wconf 87' lang='lat' dir='ltr'><strong>septem,</strong></span> <span class='ocrx_word' id='word_1_699' title='bbox 1203 5677 1322 5731; x_wconf 68' lang='lat' dir='ltr'><strong>quae</strong></span> <span class='ocrx_word' id='word_1_700' title='bbox 1350 5661 1402 5717; x_wconf 90' lang='lat' dir='ltr'><strong>in</strong></span> <span class='ocrx_word' id='word_1_701' title='bbox 1431 5659 1674 5718; x_wconf 72' lang='lat' dir='ltr'><strong>Graecam</strong></span> <span class='ocrx_word' id='word_1_702' title='bbox 1705 5662 1939 5732; x_wconf 79' lang='lat' dir='ltr'><strong>linguam</strong></span> 
     </span>
    </p>
   </div>
   <div class='ocr_carea' id='block_1_106' title="bbox 2042 4491 3622 4569">
    <p class='ocr_par' dir='ltr' id='par_1_106' title="bbox 2042 4491 3622 4569">
     <span class='ocr_line' id='line_1_106' title="bbox 2042 4491 3622 4569; baseline -0.006 -15"><span class='ocrx_word' id='word_1_703' title='bbox 2042 4515 2160 4569; x_wconf 88' lang='lat' dir='ltr'><strong>pus,</strong></span> <span class='ocrx_word' id='word_1_704' title='bbox 2186 4500 2480 4568; x_wconf 87' lang='lat' dir='ltr'><strong>imperante</strong></span> <span class='ocrx_word' id='word_1_705' title='bbox 2504 4496 2839 4559; x_wconf 88' lang='lat' dir='ltr'><strong>Constantio,</strong></span> <span class='ocrx_word' id='word_1_706' title='bbox 2865 4495 2920 4548; x_wconf 90' lang='lat' dir='ltr'><strong>in</strong></span> <span class='ocrx_word' id='word_1_707' title='bbox 2961 4494 3248 4565; x_wconf 84' lang='lat' dir='ltr'><strong>Evangelio</strong></span> <span class='ocrx_word' id='word_1_708' title='bbox 3271 4491 3438 4546; x_wconf 85' lang='lat' dir='ltr'><strong>titulis</strong></span> <span class='ocrx_word' id='word_1_709' title='bbox 3464 4494 3622 4546; x_wconf 58' lang='lat' dir='ltr'><strong>oreti-</strong></span> 
     </span>
    </p>
   </div>
   <div class='ocr_carea' id='block_1_107' title="bbox 2043 4585 3624 4653">
    <p class='ocr_par' dir='ltr' id='par_1_107' title="bbox 2043 4585 3624 4653">
     <span class='ocr_line' id='line_1_107' title="bbox 2043 4585 3624 4653; baseline -0.009 -9"><span class='ocrx_word' id='word_1_710' title='bbox 2043 4591 2185 4645; x_wconf 88' lang='lat' dir='ltr'><strong>natis</strong></span> <span class='ocrx_word' id='word_1_711' title='bbox 2205 4589 2350 4643; x_wconf 77' lang='lat' dir='ltr'><strong>brevi</strong></span> <span class='ocrx_word' id='word_1_712' title='bbox 2372 4602 2617 4643; x_wconf 89' lang='lat' dir='ltr'><strong>sermone</strong></span> <span class='ocrx_word' id='word_1_713' title='bbox 2632 4602 2695 4640; x_wconf 90' lang='lat' dir='ltr'><strong>ac</strong></span> <span class='ocrx_word' id='word_1_714' title='bbox 2714 4585 2914 4641; x_wconf 84' lang='lat' dir='ltr'><strong>rustico</strong></span> <span class='ocrx_word' id='word_1_715' title='bbox 2933 4585 3150 4653; x_wconf 89' lang='lat' dir='ltr'><strong>scripsit</strong></span> <span class='ocrx_word' id='word_1_716' title='bbox 3169 4585 3589 4638; x_wconf 35' lang='lat' dir='ltr'><strong>commentarios~</strong></span> <span class='ocrx_word' id='word_1_717' title='bbox 3608 4601 3624 4646; x_wconf 85' lang='lat'><strong>;</strong></span> 
     </span>
    </p>
   </div>
   <div class='ocr_carea' id='block_1_108' title="bbox 2043 4673 3622 4743">
    <p class='ocr_par' dir='ltr' id='par_1_108' title="bbox 2043 4673 3622 4743">
     <span class='ocr_line' id='line_1_108' title="bbox 2043 4673 3622 4743; baseline -0.005 -11"><span class='ocrx_word' id='word_1_718' title='bbox 2043 4689 2097 4733; x_wconf 89' lang='lat' dir='ltr'><strong>et</strong></span> <span class='ocrx_word' id='word_1_719' title='bbox 2130 4679 2182 4733; x_wconf 89' lang='lat' dir='ltr'><strong>in</strong></span> <span class='ocrx_word' id='word_1_720' title='bbox 2213 4679 2316 4732; x_wconf 90' lang='lat' dir='ltr'><strong>hoc</strong></span> <span class='ocrx_word' id='word_1_721' title='bbox 2357 4677 2585 4730; x_wconf 80' lang='lat' dir='ltr'><strong>habetur</strong></span> <span class='ocrx_word' id='word_1_722' title='bbox 2615 4675 2968 4740; x_wconf 77' lang='lat' dir='ltr'><strong>detestabilis,</strong></span> <span class='ocrx_word' id='word_1_723' title='bbox 3019 4674 3162 4743; x_wconf 92' lang='lat' dir='ltr'><strong>quod</strong></span> <span class='ocrx_word' id='word_1_724' title='bbox 3207 4673 3478 4727; x_wconf 84' lang='lat' dir='ltr'><strong>Liberium</strong></span> <span class='ocrx_word' id='word_1_725' title='bbox 3505 4673 3622 4726; x_wconf 78' lang='lat' dir='ltr'><strong>Ro-</strong></span> 
     </span>
    </p>
   </div>
   <div class='ocr_carea' id='block_1_109' title="bbox 2045 4762 3627 4836">
    <p class='ocr_par' dir='ltr' id='par_1_109' title="bbox 2045 4762 3627 4836">
     <span class='ocr_line' id='line_1_109' title="bbox 2045 4762 3627 4836; baseline -0.005 -13"><span class='ocrx_word' id='word_1_726' title='bbox 2045 4783 2218 4823; x_wconf 73' lang='lat' dir='ltr'><strong>mante</strong></span> <span class='ocrx_word' id='word_1_727' title='bbox 2252 4767 2402 4821; x_wconf 88' lang='lat' dir='ltr'><strong>urbis</strong></span> <span class='ocrx_word' id='word_1_728' title='bbox 2425 4766 2734 4836; x_wconf 88' lang='lat' dir='ltr'><strong>episcopum</strong></span> <span class='ocrx_word' id='word_1_729' title='bbox 2762 4780 2862 4834; x_wconf 90' lang='lat' dir='ltr'><strong>pro</strong></span> <span class='ocrx_word' id='word_1_730' title='bbox 2899 4764 3005 4818; x_wconf 81' lang='lat' dir='ltr'><strong>ﬁde</strong></span> <span class='ocrx_word' id='word_1_731' title='bbox 3034 4766 3088 4817; x_wconf 91' lang='lat' dir='ltr'><strong>in</strong></span> <span class='ocrx_word' id='word_1_732' title='bbox 3120 4765 3223 4817; x_wconf 84' lang='lat' dir='ltr'><strong>hoc</strong></span> <span class='ocrx_word' id='word_1_733' title='bbox 3266 4771 3513 4830; x_wconf 83' lang='lat' dir='ltr'><strong>tempore</strong></span> <span class='ocrx_word' id='word_1_734' title='bbox 3555 4762 3627 4815; x_wconf 84' lang='lat' dir='ltr'><strong>ad</strong></span> 
     </span>
    </p>
   </div>
   <div class='ocr_carea' id='block_1_110' title="bbox 2045 4852 3629 4926">
    <p class='ocr_par' dir='ltr' id='par_1_110' title="bbox 2045 4852 3629 4926">
     <span class='ocr_line' id='line_1_110' title="bbox 2045 4852 3629 4926; baseline -0.004 -12"><span class='ocrx_word' id='word_1_735' title='bbox 2045 4858 2290 4914; x_wconf 76' lang='lat' dir='ltr'><strong>exsilium</strong></span> <span class='ocrx_word' id='word_1_736' title='bbox 2319 4865 2628 4926; x_wconf 78' lang='lat' dir='ltr'><strong>pergentem</strong></span> <span class='ocrx_word' id='word_1_737' title='bbox 2657 4857 2864 4924; x_wconf 87' lang='lat' dir='ltr'><strong>primus</strong></span> <span class='ocrx_word' id='word_1_738' title='bbox 2911 4855 3222 4911; x_wconf 80' lang='lat' dir='ltr'><strong>sollicitavit</strong></span> <span class='ocrx_word' id='word_1_739' title='bbox 3254 4863 3310 4908; x_wconf 89' lang='lat' dir='ltr'><strong>et</strong></span> <span class='ocrx_word' id='word_1_740' title='bbox 3356 4852 3542 4923; x_wconf 71' lang='lat' dir='ltr'><strong>fregit,</strong></span> <span class='ocrx_word' id='word_1_741' title='bbox 3569 4865 3629 4908; x_wconf 86' lang='lat' dir='ltr'><strong>et</strong></span> 
     </span>
    </p>
   </div>
   <div class='ocr_carea' id='block_1_111' title="bbox 2045 4944 3628 5017">
    <p class='ocr_par' dir='ltr' id='par_1_111' title="bbox 2045 4944 3628 5017">
     <span class='ocr_line' id='line_1_111' title="bbox 2045 4944 3628 5017; baseline -0.001 -15"><span class='ocrx_word' id='word_1_742' title='bbox 2045 4949 2112 5003; x_wconf 89' lang='lat' dir='ltr'><strong>ad</strong></span> <span class='ocrx_word' id='word_1_743' title='bbox 2141 4948 2590 5017; x_wconf 86' lang='lat' dir='ltr'><strong>subscriptionem</strong></span> <span class='ocrx_word' id='word_1_744' title='bbox 2625 4962 2749 5002; x_wconf 84' lang='lat' dir='ltr'><strong>eum</strong></span> <span class='ocrx_word' id='word_1_745' title='bbox 2779 4947 3047 5001; x_wconf 67' lang='lat' dir='ltr'><strong>hmreseos</strong></span> <span class='ocrx_word' id='word_1_746' title='bbox 3071 4945 3341 5015; x_wconf 64' lang='lat' dir='ltr'><strong>conmulit.</strong></span> <span class='ocrx_word' id='word_1_747' title='bbox 3373 4944 3628 5009; x_wconf 68' lang='lat' dir='ltr'><strong>Acutius,</strong></span> 
     </span>
    </p>
   </div>
   <div class='ocr_carea' id='block_1_112' title="bbox 2045 5035 3628 5108">
    <p class='ocr_par' dir='ltr' id='par_1_112' title="bbox 2045 5035 3628 5108">
     <span class='ocr_line' id='line_1_112' title="bbox 2045 5035 3628 5108; baseline -0.001 -18"><span class='ocrx_word' id='word_1_748' title='bbox 2045 5052 2204 5108; x_wconf 71' lang='lat' dir='ltr'><strong>(piem</strong></span> <span class='ocrx_word' id='word_1_749' title='bbox 2251 5037 2377 5104; x_wconf 86' lang='lat' dir='ltr'><strong>quia</strong></span> <span class='ocrx_word' id='word_1_750' title='bbox 2425 5036 2604 5090; x_wconf 85' lang='lat' dir='ltr'><strong>luscus</strong></span> <span class='ocrx_word' id='word_1_751' title='bbox 2650 5047 2786 5100; x_wconf 83' lang='lat' dir='ltr'><strong>erat,</strong></span> <span class='ocrx_word' id='word_1_752' title='bbox 2840 5035 3173 5090; x_wconf 75' lang='lat' dir='ltr'><strong>Avoniaruon</strong></span> <span class='ocrx_word' id='word_1_753' title='bbox 3219 5035 3628 5102; x_wconf 70' lang='lat' dir='ltr'><strong>nuncupabant.</strong></span> 
     </span>
    </p>
   </div>
   <div class='ocr_carea' id='block_1_113' title="bbox 2047 5122 3632 5193">
    <p class='ocr_par' dir='ltr' id='par_1_113' title="bbox 2047 5122 3632 5193">
     <span class='ocr_line' id='line_1_113' title="bbox 2047 5122 3632 5193; baseline -0.002 -12"><span class='ocrx_word' id='word_1_754' title='bbox 2047 5125 2393 5181; x_wconf 67' lang='lat' dir='ltr'><strong>Caesariensis</strong></span> <span class='ocrx_word' id='word_1_755' title='bbox 2424 5124 2478 5178; x_wconf 90' lang='lat' dir='ltr'><strong>iu</strong></span> <span class='ocrx_word' id='word_1_756' title='bbox 2509 5123 2790 5179; x_wconf 74' lang='lat' dir='ltr'><strong>Palmstina</strong></span> <span class='ocrx_word' id='word_1_757' title='bbox 2821 5124 3126 5193; x_wconf 83' lang='lat' dir='ltr'><strong>episcopus,</strong></span> <span class='ocrx_word' id='word_1_758' title='bbox 3153 5123 3246 5178; x_wconf 70' lang='lat' dir='ltr'><strong>lib.</strong></span> <span class='ocrx_word' id='word_1_759' title='bbox 3279 5123 3332 5178; x_wconf 85' lang='lat' dir='ltr'><strong>in</strong></span> <span class='ocrx_word' id='word_1_760' title='bbox 3356 5122 3632 5180; x_wconf 71' lang='lat' dir='ltr'><strong>Ecclesia-</strong></span> 
     </span>
    </p>
   </div>
   <div class='ocr_carea' id='block_1_114' title="bbox 2047 5213 3633 5283">
    <p class='ocr_par' dir='ltr' id='par_1_114' title="bbox 2047 5213 3633 5283">
     <span class='ocr_line' id='line_1_114' title="bbox 2047 5213 3633 5283; baseline -0.003 -11"><span class='ocrx_word' id='word_1_761' title='bbox 2047 5217 2240 5278; x_wconf 83' lang='lat' dir='ltr'><strong>stieen,</strong></span> <span class='ocrx_word' id='word_1_762' title='bbox 2269 5216 2337 5270; x_wconf 81' lang='lat' dir='ltr'><strong>i7</strong></span> <span class='ocrx_word' id='word_1_763' title='bbox 2365 5215 2656 5280; x_wconf 81' lang='lat' dir='ltr'><strong>volumina,</strong></span> <span class='ocrx_word' id='word_1_764' title='bbox 2682 5223 2741 5269; x_wconf 89' lang='lat' dir='ltr'><strong>et</strong></span> <span class='ocrx_word' id='word_1_765' title='bbox 2767 5213 2965 5268; x_wconf 86' lang='lat' dir='ltr'><strong>multos</strong></span> <span class='ocrx_word' id='word_1_766' title='bbox 2991 5223 3250 5283; x_wconf 81' lang='lat' dir='ltr'><strong>praeterea</strong></span> <span class='ocrx_word' id='word_1_767' title='bbox 3272 5213 3633 5283; x_wconf 68' lang='lat' dir='ltr'><strong>diversasque</strong></span> 
     </span>
    </p>
   </div>
   <div class='ocr_carea' id='block_1_115' title="bbox 2051 5301 3630 5373">
    <p class='ocr_par' dir='ltr' id='par_1_115' title="bbox 2051 5301 3630 5373">
     <span class='ocr_line' id='line_1_115' title="bbox 2051 5301 3630 5373; baseline -0.001 -15"><span class='ocrx_word' id='word_1_768' title='bbox 2051 5313 2315 5360; x_wconf 86' lang='lat' dir='ltr'><strong>tractatus</strong></span> <span class='ocrx_word' id='word_1_769' title='bbox 2340 5304 2659 5373; x_wconf 84' lang='lat' dir='ltr'><strong>composuit.</strong></span> <span class='ocrx_word' id='word_1_770' title='bbox 2700 5303 2757 5357; x_wconf 89' lang='lat' dir='ltr'><strong>lu</strong></span> <span class='ocrx_word' id='word_1_771' title='bbox 2792 5309 3001 5357; x_wconf 67' lang='lat' dir='ltr'><strong>tanaim</strong></span> <span class='ocrx_word' id='word_1_772' title='bbox 3021 5312 3204 5357; x_wconf 75' lang='lat' dir='ltr'><strong>autem</strong></span> <span class='ocrx_word' id='word_1_773' title='bbox 3229 5302 3330 5356; x_wconf 82' lang='lat' dir='ltr'><strong>sub</strong></span> <span class='ocrx_word' id='word_1_774' title='bbox 3353 5301 3630 5357; x_wconf 67' lang='lat' dir='ltr'><strong>Consum-</strong></span> 
     </span>
    </p>
   </div>
   <div class='ocr_carea' id='block_1_116' title="bbox 2051 5390 3630 5462">
    <p class='ocr_par' dir='ltr' id='par_1_116' title="bbox 2051 5390 3630 5462">
     <span class='ocr_line' id='line_1_116' title="bbox 2051 5390 3630 5462; baseline -0.001 -14"><span class='ocrx_word' id='word_1_775' title='bbox 2051 5396 2126 5448; x_wconf 90' lang='lat' dir='ltr'><strong>tio</strong></span> <span class='ocrx_word' id='word_1_776' title='bbox 2153 5394 2478 5462; x_wconf 75' lang='lat' dir='ltr'><strong>imperatore</strong></span> <span class='ocrx_word' id='word_1_777' title='bbox 2500 5392 2716 5456; x_wconf 90' lang='lat' dir='ltr'><strong>claruit,</strong></span> <span class='ocrx_word' id='word_1_778' title='bbox 2729 5402 2790 5446; x_wconf 88' lang='lat' dir='ltr'><strong>ut</strong></span> <span class='ocrx_word' id='word_1_779' title='bbox 2812 5393 2862 5446; x_wconf 91' lang='lat' dir='ltr'><strong>iu</strong></span> <span class='ocrx_word' id='word_1_780' title='bbox 2884 5391 3084 5447; x_wconf 87' lang='lat' dir='ltr'><strong>Liberii</strong></span> <span class='ocrx_word' id='word_1_781' title='bbox 3113 5391 3286 5446; x_wconf 84' lang='lat' dir='ltr'><strong>locum</strong></span> <span class='ocrx_word' id='word_1_782' title='bbox 3310 5390 3496 5444; x_wconf 80' lang='lat' dir='ltr'><strong>Roma:</strong></span> <span class='ocrx_word' id='word_1_783' title='bbox 3523 5393 3630 5446; x_wconf 83' lang='lat' dir='ltr'><strong>Fe-</strong></span> 
     </span>
    </p>
   </div>
   <div class='ocr_carea' id='block_1_117' title="bbox 2050 5481 3629 5555">
    <p class='ocr_par' dir='ltr' id='par_1_117' title="bbox 2050 5481 3629 5555">
     <span class='ocr_line' id='line_1_117' title="bbox 2050 5481 3629 5555; baseline -0.004 -14"><span class='ocrx_word' id='word_1_784' title='bbox 2050 5487 2204 5541; x_wconf 85' lang='lat' dir='ltr'><strong>licem</strong></span> <span class='ocrx_word' id='word_1_785' title='bbox 2229 5487 2538 5555; x_wconf 84' lang='lat' dir='ltr'><strong>episcopum</strong></span> <span class='ocrx_word' id='word_1_786' title='bbox 2563 5484 2922 5540; x_wconf 87' lang='lat' dir='ltr'><strong>eonstituerit.</strong></span> <span class='ocrx_word' id='word_1_787' title='bbox 2952 5481 3214 5551; x_wconf 78' lang='lat' dir='ltr'><strong>Serapion</strong></span> <span class='ocrx_word' id='word_1_788' title='bbox 3237 5481 3494 5535; x_wconf 80' lang='lat' dir='ltr'><strong>Tbimeus</strong></span> <span class='ocrx_word' id='word_1_789' title='bbox 3509 5483 3629 5548; x_wconf 60' lang='lat' dir='ltr'><strong>cpi-</strong></span> 
     </span>
    </p>
   </div>
   <div class='ocr_carea' id='block_1_118' title="bbox 2049 5570 3629 5644">
    <p class='ocr_par' dir='ltr' id='par_1_118' title="bbox 2049 5570 3629 5644">
     <span class='ocr_line' id='line_1_118' title="bbox 2049 5570 3629 5644; baseline -0.005 -16"><span class='ocrx_word' id='word_1_790' title='bbox 2049 5589 2241 5644; x_wconf 78' lang='lat' dir='ltr'><strong>scapus</strong></span> <span class='ocrx_word' id='word_1_791' title='bbox 2270 5574 2361 5642; x_wconf 90' lang='lat' dir='ltr'><strong>qui</strong></span> <span class='ocrx_word' id='word_1_792' title='bbox 2389 5573 2458 5628; x_wconf 89' lang='lat' dir='ltr'><strong>ob</strong></span> <span class='ocrx_word' id='word_1_793' title='bbox 2483 5573 2800 5642; x_wconf 84' lang='lat' dir='ltr'><strong>elegantiam</strong></span> <span class='ocrx_word' id='word_1_794' title='bbox 2843 5572 3039 5641; x_wconf 80' lang='lat' dir='ltr'><strong>ingenii</strong></span> <span class='ocrx_word' id='word_1_795' title='bbox 3078 5587 3372 5642; x_wconf 81' lang='lat' dir='ltr'><strong>cognomen</strong></span> <span class='ocrx_word' id='word_1_796' title='bbox 3414 5570 3629 5624; x_wconf 81' lang='lat' dir='ltr'><strong>schola-</strong></span> 
     </span>
    </p>
   </div>
   <div class='ocr_carea' id='block_1_119' title="bbox 2050 5661 3626 5730">
    <p class='ocr_par' dir='ltr' id='par_1_119' title="bbox 2050 5661 3626 5730">
     <span class='ocr_line' id='line_1_119' title="bbox 2050 5661 3626 5730; baseline -0.001 -13"><span class='ocrx_word' id='word_1_797' title='bbox 2050 5665 2169 5720; x_wconf 85' lang='lat' dir='ltr'><strong>stici</strong></span> <span class='ocrx_word' id='word_1_798' title='bbox 2217 5665 2435 5730; x_wconf 87' lang='lat' dir='ltr'><strong>mcruit,</strong></span> <span class='ocrx_word' id='word_1_799' title='bbox 2484 5664 2680 5719; x_wconf 80' lang='lat' dir='ltr'><strong>charos</strong></span> <span class='ocrx_word' id='word_1_800' title='bbox 2718 5661 2950 5719; x_wconf 83' lang='lat' dir='ltr'><strong>Antonio</strong></span> <span class='ocrx_word' id='word_1_801' title='bbox 2990 5663 3296 5718; x_wconf 76' lang='lat' dir='ltr'><strong>monacho:</strong></span> <span class='ocrx_word' id='word_1_802' title='bbox 3325 5661 3494 5716; x_wconf 85' lang='lat' dir='ltr'><strong>edidit</strong></span> <span class='ocrx_word' id='word_1_803' title='bbox 3530 5661 3626 5715; x_wconf 73' lang='lat' dir='ltr'><strong>ad-</strong></span> 
     </span>
    </p>
   </div>
  </div>
