  <div class='ocr_page' id='page_1' title='image "/cluster/home/n/w/nwhite01/storage/ocr_20150623/106/hvd.32044054759717/610.png"; bbox 0 0 3962 6174; ppageno 0'>
   <div class='ocr_carea' id='block_1_1' title="bbox 329 327 469 387">
    <p class='ocr_par' dir='ltr' id='par_1_1' title="bbox 329 327 469 387">
     <span class='ocr_line' id='line_1_1' title="bbox 329 327 469 387; baseline -0.014 0"><span class='ocrx_word' id='word_1_1' title='bbox 329 327 469 387; x_wconf 74' lang='grc'><strong>1209</strong></span> 
     </span>
    </p>
   </div>
   <div class='ocr_carea' id='block_1_2' title="bbox 1414 317 2512 381">
    <p class='ocr_par' dir='ltr' id='par_1_2' title="bbox 1414 317 2512 381">
     <span class='ocr_line' id='line_1_2' title="bbox 1414 317 2512 381; baseline -0.004 0"><span class='ocrx_word' id='word_1_2' title='bbox 1414 321 1825 381; x_wconf 71' lang='lat' dir='ltr'><strong>CHBONlCON.</strong></span> <span class='ocrx_word' id='word_1_3' title='bbox 1868 351 1939 363; x_wconf 88' lang='lat'><strong>-—</strong></span> <span class='ocrx_word' id='word_1_4' title='bbox 1978 318 2143 377; x_wconf 78' lang='lat' dir='ltr'><strong>TOMI</strong></span> <span class='ocrx_word' id='word_1_5' title='bbox 2182 317 2226 374; x_wconf 83' lang='lat' dir='ltr'><strong>ll</strong></span> <span class='ocrx_word' id='word_1_6' title='bbox 2265 319 2391 374; x_wconf 81' lang='lat' dir='ltr'><strong>LIB.</strong></span> <span class='ocrx_word' id='word_1_7' title='bbox 2430 319 2512 377; x_wconf 65' lang='lat' dir='ltr'><strong>iV.</strong></span> 
     </span>
    </p>
   </div>
   <div class='ocr_carea' id='block_1_3' title="bbox 3445 318 3583 378">
    <p class='ocr_par' dir='ltr' id='par_1_3' title="bbox 3445 318 3583 378">
     <span class='ocr_line' id='line_1_3' title="bbox 3445 318 3583 378; baseline -0.007 -2"><span class='ocrx_word' id='word_1_8' title='bbox 3445 318 3583 378; x_wconf 68' lang='grc'><strong>1210</strong></span> 
     </span>
    </p>
   </div>
   <div class='ocr_carea' id='block_1_4' title="bbox 327 433 3582 511">
    <p class='ocr_par' dir='ltr' id='par_1_4' title="bbox 327 433 3582 511">
     <span class='ocr_line' id='line_1_4' title="bbox 327 433 3582 511; baseline -0.001 -12"><span class='ocrx_word' id='word_1_9' title='bbox 327 454 543 499; x_wconf 69' lang='lat' dir='ltr'><strong>Versum</strong></span> <span class='ocrx_word' id='word_1_10' title='bbox 564 438 916 494; x_wconf 72' lang='lat' dir='ltr'><strong>Manichzcum</strong></span> <span class='ocrx_word' id='word_1_11' title='bbox 942 438 1215 510; x_wconf 77' lang='lat' dir='ltr'><strong>egregium</strong></span> <span class='ocrx_word' id='word_1_12' title='bbox 1240 438 1437 494; x_wconf 89' lang='lat' dir='ltr'><strong>librum</strong></span> <span class='ocrx_word' id='word_1_13' title='bbox 1468 448 1524 495; x_wconf 88' lang='lat' dir='ltr'><strong>et</strong></span> <span class='ocrx_word' id='word_1_14' title='bbox 1564 441 1630 496; x_wconf 92' lang='lat' dir='ltr'><strong>de</strong></span> <span class='ocrx_word' id='word_1_15' title='bbox 1655 439 1893 496; x_wconf 85' lang='lat' dir='ltr'><strong>Psalmo-</strong></span> <span class='ocrx_word' id='word_1_16' title='bbox 1922 442 1969 499; x_wconf 79' lang='grc' dir='ltr'>Α</span> <span class='ocrx_word' id='word_1_17' title='bbox 1997 437 2166 507; x_wconf 85' lang='lat' dir='ltr'><strong>patris</strong></span> <span class='ocrx_word' id='word_1_18' title='bbox 2196 435 2314 506; x_wconf 90' lang='lat' dir='ltr'><strong>ejus</strong></span> <span class='ocrx_word' id='word_1_19' title='bbox 2337 433 2699 499; x_wconf 82' lang='lat' dir='ltr'><strong>Constantini,</strong></span> <span class='ocrx_word' id='word_1_20' title='bbox 2729 436 2786 496; x_wconf 84' lang='lat' dir='ltr'><strong>in</strong></span> <span class='ocrx_word' id='word_1_21' title='bbox 2840 451 2935 491; x_wconf 88' lang='lat' dir='ltr'><strong>ara</strong></span> <span class='ocrx_word' id='word_1_22' title='bbox 2984 436 3126 492; x_wconf 85' lang='lat' dir='ltr'><strong>muri</strong></span> <span class='ocrx_word' id='word_1_23' title='bbox 3175 435 3383 495; x_wconf 81' lang='lat' dir='ltr'><strong>Nisibin</strong></span> <span class='ocrx_word' id='word_1_24' title='bbox 3428 454 3582 511; x_wconf 80' lang='lat' dir='ltr'><strong>sepe-</strong></span> 
     </span>
    </p>
   </div>
   <div class='ocr_carea' id='block_1_5' title="bbox 325 529 1905 600">
    <p class='ocr_par' dir='ltr' id='par_1_5' title="bbox 325 529 1905 600">
     <span class='ocr_line' id='line_1_5' title="bbox 325 529 1905 600; baseline -0.003 -13"><span class='ocrx_word' id='word_1_25' title='bbox 325 548 447 587; x_wconf 84' lang='lat' dir='ltr'><strong>rum</strong></span> <span class='ocrx_word' id='word_1_26' title='bbox 472 531 643 586; x_wconf 92' lang='lat' dir='ltr'><strong>titulis</strong></span> <span class='ocrx_word' id='word_1_27' title='bbox 669 530 854 596; x_wconf 87' lang='lat' dir='ltr'><strong>alium,</strong></span> <span class='ocrx_word' id='word_1_28' title='bbox 883 538 939 585; x_wconf 92' lang='lat' dir='ltr'><strong>et</strong></span> <span class='ocrx_word' id='word_1_29' title='bbox 959 529 1026 583; x_wconf 90' lang='lat' dir='ltr'><strong>ad</strong></span> <span class='ocrx_word' id='word_1_30' title='bbox 1056 530 1298 585; x_wconf 86' lang='lat' dir='ltr'><strong>diversos</strong></span> <span class='ocrx_word' id='word_1_31' title='bbox 1339 530 1497 585; x_wconf 89' lang='lat' dir='ltr'><strong>utiles</strong></span> <span class='ocrx_word' id='word_1_32' title='bbox 1532 530 1812 600; x_wconf 81' lang='lat' dir='ltr'><strong>epistolas,</strong></span> <span class='ocrx_word' id='word_1_33' title='bbox 1850 537 1905 583; x_wconf 88' lang='lat' dir='ltr'><strong>et</strong></span> 
     </span>
    </p>
   </div>
   <div class='ocr_carea' id='block_1_6' title="bbox 324 621 1901 694">
    <p class='ocr_par' dir='ltr' id='par_1_6' title="bbox 324 621 1901 694">
     <span class='ocr_line' id='line_1_6' title="bbox 324 621 1901 694; baseline -0.003 -15"><span class='ocrx_word' id='word_1_34' title='bbox 324 625 428 679; x_wconf 91' lang='lat' dir='ltr'><strong>sub</strong></span> <span class='ocrx_word' id='word_1_35' title='bbox 472 621 787 679; x_wconf 78' lang='lat' dir='ltr'><strong>Constantio</strong></span> <span class='ocrx_word' id='word_1_36' title='bbox 837 621 1080 693; x_wconf 83' lang='lat' dir='ltr'><strong>principe</strong></span> <span class='ocrx_word' id='word_1_37' title='bbox 1131 621 1360 694; x_wconf 86' lang='lat' dir='ltr'><strong>inclytus</strong></span> <span class='ocrx_word' id='word_1_38' title='bbox 1410 621 1529 677; x_wconf 88' lang='lat' dir='ltr'><strong>fuit.</strong></span> <span class='ocrx_word' id='word_1_39' title='bbox 1578 621 1693 689; x_wconf 89' lang='lat' dir='ltr'><strong>Qua</strong></span> <span class='ocrx_word' id='word_1_40' title='bbox 1739 622 1901 675; x_wconf 86' lang='lat' dir='ltr'><strong>etiam</strong></span> 
     </span>
    </p>
   </div>
   <div class='ocr_carea' id='block_1_7' title="bbox 324 708 1904 782">
    <p class='ocr_par' dir='ltr' id='par_1_7' title="bbox 324 708 1904 782">
     <span class='ocr_line' id='line_1_7' title="bbox 324 708 1904 782; baseline 0 -15"><span class='ocrx_word' id='word_1_41' title='bbox 324 720 648 781; x_wconf 89' lang='lat' dir='ltr'><strong>tempestate</strong></span> <span class='ocrx_word' id='word_1_42' title='bbox 672 710 905 765; x_wconf 84' lang='lat' dir='ltr'><strong>Jacobus</strong></span> <span class='ocrx_word' id='word_1_43' title='bbox 942 708 1231 767; x_wconf 80' lang='lat' dir='ltr'><strong>Jusihenus</strong></span> <span class='ocrx_word' id='word_1_44' title='bbox 1261 713 1564 782; x_wconf 89' lang='lat' dir='ltr'><strong>episcopus,</strong></span> <span class='ocrx_word' id='word_1_45' title='bbox 1604 713 1693 777; x_wconf 80' lang='lat' dir='ltr'><strong>thi</strong></span> <span class='ocrx_word' id='word_1_46' title='bbox 1724 712 1904 767; x_wconf 89' lang='lat' dir='ltr'><strong>multis</strong></span> 
     </span>
    </p>
   </div>
   <div class='ocr_carea' id='block_1_8' title="bbox 322 800 1901 872">
    <p class='ocr_par' dir='ltr' id='par_1_8' title="bbox 322 800 1901 872">
     <span class='ocr_line' id='line_1_8' title="bbox 322 800 1901 872; baseline -0.001 -14"><span class='ocrx_word' id='word_1_47' title='bbox 322 803 522 858; x_wconf 84' lang='lat' dir='ltr'><strong>claruit</strong></span> <span class='ocrx_word' id='word_1_48' title='bbox 573 801 930 866; x_wconf 83' lang='lat' dir='ltr'><strong>mirabilibus,</strong></span> <span class='ocrx_word' id='word_1_49' title='bbox 977 800 1095 856; x_wconf 87' lang='lat' dir='ltr'><strong>fuit.</strong></span> <span class='ocrx_word' id='word_1_50' title='bbox 1140 801 1288 857; x_wconf 85' lang='lat' dir='ltr'><strong>inter</strong></span> <span class='ocrx_word' id='word_1_51' title='bbox 1312 812 1503 857; x_wconf 66' lang='lat' dir='ltr'><strong>cattera</strong></span> <span class='ocrx_word' id='word_1_52' title='bbox 1532 818 1628 871; x_wconf 90' lang='lat' dir='ltr'><strong>per</strong></span> <span class='ocrx_word' id='word_1_53' title='bbox 1652 818 1772 857; x_wconf 90' lang='lat' dir='ltr'><strong>eum</strong></span> <span class='ocrx_word' id='word_1_54' title='bbox 1805 818 1901 872; x_wconf 85' lang='lat' dir='ltr'><strong>pa-</strong></span> 
     </span>
    </p>
   </div>
   <div class='ocr_carea' id='block_1_9' title="bbox 321 890 1897 963">
    <p class='ocr_par' dir='ltr' id='par_1_9' title="bbox 321 890 1897 963">
     <span class='ocr_line' id='line_1_9' title="bbox 321 890 1897 963; baseline -0.003 -14"><span class='ocrx_word' id='word_1_55' title='bbox 321 904 468 949; x_wconf 88' lang='lat' dir='ltr'><strong>trata</strong></span> <span class='ocrx_word' id='word_1_56' title='bbox 499 891 781 956; x_wconf 88' lang='lat' dir='ltr'><strong>miracula,</strong></span> <span class='ocrx_word' id='word_1_57' title='bbox 813 892 939 946; x_wconf 90' lang='lat' dir='ltr'><strong>dum</strong></span> <span class='ocrx_word' id='word_1_58' title='bbox 969 891 1196 957; x_wconf 81' lang='lat' dir='ltr'><strong>Nisibin,</strong></span> <span class='ocrx_word' id='word_1_59' title='bbox 1247 902 1452 947; x_wconf 88' lang='lat' dir='ltr'><strong>vastata</strong></span> <span class='ocrx_word' id='word_1_60' title='bbox 1497 890 1897 963; x_wconf 79' lang='lat' dir='ltr'><strong>Mesopotamia,</strong></span> 
     </span>
    </p>
   </div>
   <div class='ocr_carea' id='block_1_10' title="bbox 319 984 1901 1056">
    <p class='ocr_par' dir='ltr' id='par_1_10' title="bbox 319 984 1901 1056">
     <span class='ocr_line' id='line_1_10' title="bbox 319 984 1901 1056; baseline -0.002 -16"><span class='ocrx_word' id='word_1_61' title='bbox 319 1001 353 1040; x_wconf 89' lang='lat' dir='ltr'><strong>a</strong></span> <span class='ocrx_word' id='word_1_62' title='bbox 381 984 587 1056; x_wconf 86' lang='lat' dir='ltr'><strong>Sapore</strong></span> <span class='ocrx_word' id='word_1_63' title='bbox 628 984 918 1040; x_wconf 87' lang='lat' dir='ltr'><strong>Persarum</strong></span> <span class='ocrx_word' id='word_1_64' title='bbox 974 1000 1101 1055; x_wconf 90' lang='lat' dir='ltr'><strong>rege</strong></span> <span class='ocrx_word' id='word_1_65' title='bbox 1145 984 1337 1039; x_wconf 87' lang='lat' dir='ltr'><strong>civitas</strong></span> <span class='ocrx_word' id='word_1_66' title='bbox 1386 984 1746 1049; x_wconf 77' lang='lat' dir='ltr'><strong>obsideretur,</strong></span> <span class='ocrx_word' id='word_1_67' title='bbox 1780 999 1901 1038; x_wconf 90' lang='lat' dir='ltr'><strong>cum</strong></span> 
     </span>
    </p>
   </div>
   <div class='ocr_carea' id='block_1_11' title="bbox 318 1074 1903 1149">
    <p class='ocr_par' dir='ltr' id='par_1_11' title="bbox 318 1074 1903 1149">
     <span class='ocr_line' id='line_1_11' title="bbox 318 1074 1903 1149; baseline -0.004 -16"><span class='ocrx_word' id='word_1_68' title='bbox 318 1076 630 1149; x_wconf 69' lang='lat' dir='ltr'><strong>ingentibus</strong></span> <span class='ocrx_word' id='word_1_69' title='bbox 678 1077 865 1146; x_wconf 79' lang='lat' dir='ltr'><strong>copiis,</strong></span> <span class='ocrx_word' id='word_1_70' title='bbox 930 1076 1120 1131; x_wconf 90' lang='lat' dir='ltr'><strong>diebus</strong></span> <span class='ocrx_word' id='word_1_71' title='bbox 1169 1075 1261 1141; x_wconf 86' lang='lat'><strong>70,</strong></span> <span class='ocrx_word' id='word_1_72' title='bbox 1307 1090 1373 1130; x_wconf 91' lang='lat' dir='ltr'><strong>ac</strong></span> <span class='ocrx_word' id='word_1_73' title='bbox 1415 1074 1688 1145; x_wconf 86' lang='lat' dir='ltr'><strong>deinceps,</strong></span> <span class='ocrx_word' id='word_1_74' title='bbox 1716 1090 1903 1128; x_wconf 89' lang='lat' dir='ltr'><strong>murus</strong></span> 
     </span>
    </p>
   </div>
   <div class='ocr_carea' id='block_1_12' title="bbox 321 1163 1903 1236">
    <p class='ocr_par' dir='ltr' id='par_1_12' title="bbox 321 1163 1903 1236">
     <span class='ocr_line' id='line_1_12' title="bbox 321 1163 1903 1236; baseline -0.002 -16"><span class='ocrx_word' id='word_1_75' title='bbox 321 1165 523 1236; x_wconf 88' lang='lat' dir='ltr'><strong>impetu</strong></span> <span class='ocrx_word' id='word_1_76' title='bbox 574 1163 830 1231; x_wconf 77' lang='lat' dir='ltr'><strong>ﬂuminis,</strong></span> <span class='ocrx_word' id='word_1_77' title='bbox 858 1180 1017 1235; x_wconf 71' lang='lat' dir='ltr'><strong>(luem</strong></span> <span class='ocrx_word' id='word_1_78' title='bbox 1060 1165 1330 1220; x_wconf 84' lang='lat' dir='ltr'><strong>exercitus</strong></span> <span class='ocrx_word' id='word_1_79' title='bbox 1366 1163 1655 1219; x_wconf 89' lang='lat' dir='ltr'><strong>artiﬁciose</strong></span> <span class='ocrx_word' id='word_1_80' title='bbox 1680 1179 1903 1234; x_wconf 79' lang='lat' dir='ltr'><strong>suspen-</strong></span> 
     </span>
    </p>
   </div>
   <div class='ocr_carea' id='block_1_13' title="bbox 316 1254 1902 1327">
    <p class='ocr_par' dir='ltr' id='par_1_13' title="bbox 316 1254 1902 1327">
     <span class='ocr_line' id='line_1_13' title="bbox 316 1254 1902 1327; baseline -0.002 -16"><span class='ocrx_word' id='word_1_81' title='bbox 316 1258 495 1323; x_wconf 83' lang='lat' dir='ltr'><strong>derat,</strong></span> <span class='ocrx_word' id='word_1_82' title='bbox 528 1264 689 1327; x_wconf 88' lang='lat' dir='ltr'><strong>atque</strong></span> <span class='ocrx_word' id='word_1_83' title='bbox 719 1256 975 1311; x_wconf 83' lang='lat' dir='ltr'><strong>invadere</strong></span> <span class='ocrx_word' id='word_1_84' title='bbox 1015 1262 1161 1310; x_wconf 89' lang='lat' dir='ltr'><strong>retro</strong></span> <span class='ocrx_word' id='word_1_85' title='bbox 1189 1262 1460 1325; x_wconf 80' lang='lat' dir='ltr'><strong>coegerat,</strong></span> <span class='ocrx_word' id='word_1_86' title='bbox 1488 1254 1712 1309; x_wconf 81' lang='lat' dir='ltr'><strong>sublatis</strong></span> <span class='ocrx_word' id='word_1_87' title='bbox 1736 1255 1902 1310; x_wconf 89' lang='lat' dir='ltr'><strong>inter-</strong></span> 
     </span>
    </p>
   </div>
   <div class='ocr_carea' id='block_1_14' title="bbox 314 1346 1898 1417">
    <p class='ocr_par' dir='ltr' id='par_1_14' title="bbox 314 1346 1898 1417">
     <span class='ocr_line' id='line_1_14' title="bbox 314 1346 1898 1417; baseline -0.001 -15"><span class='ocrx_word' id='word_1_88' title='bbox 314 1346 507 1417; x_wconf 88' lang='lat' dir='ltr'><strong>positis</strong></span> <span class='ocrx_word' id='word_1_89' title='bbox 557 1347 868 1411; x_wconf 86' lang='lat' dir='ltr'><strong>cataractis,</strong></span> <span class='ocrx_word' id='word_1_90' title='bbox 924 1348 1034 1401; x_wconf 85' lang='lat' dir='ltr'><strong>vim</strong></span> <span class='ocrx_word' id='word_1_91' title='bbox 1075 1362 1183 1402; x_wconf 90' lang='lat' dir='ltr'><strong>non</strong></span> <span class='ocrx_word' id='word_1_92' title='bbox 1229 1346 1525 1412; x_wconf 58' lang='lat' dir='ltr'><strong>sufi&#39;errns,</strong></span> <span class='ocrx_word' id='word_1_93' title='bbox 1581 1348 1898 1412; x_wconf 83' lang='lat' dir='ltr'><strong>corruisset,</strong></span> 
     </span>
    </p>
   </div>
   <div class='ocr_carea' id='block_1_15' title="bbox 315 1436 1901 1504">
    <p class='ocr_par' dir='ltr' id='par_1_15' title="bbox 315 1436 1901 1504">
     <span class='ocr_line' id='line_1_15' title="bbox 315 1436 1901 1504; baseline 0.001 -14"><span class='ocrx_word' id='word_1_94' title='bbox 315 1436 467 1492; x_wconf 89' lang='lat' dir='ltr'><strong>illum</strong></span> <span class='ocrx_word' id='word_1_95' title='bbox 521 1438 693 1492; x_wconf 86' lang='lat' dir='ltr'><strong>sacris</strong></span> <span class='ocrx_word' id='word_1_96' title='bbox 719 1437 1054 1493; x_wconf 86' lang='lat' dir='ltr'><strong>orationibus</strong></span> <span class='ocrx_word' id='word_1_97' title='bbox 1100 1438 1212 1492; x_wconf 87' lang='lat' dir='ltr'><strong>suis</strong></span> <span class='ocrx_word' id='word_1_98' title='bbox 1239 1436 1323 1491; x_wconf 91' lang='lat' dir='ltr'><strong>vir</strong></span> <span class='ocrx_word' id='word_1_99' title='bbox 1369 1438 1485 1504; x_wconf 91' lang='lat' dir='ltr'><strong>Dei,</strong></span> <span class='ocrx_word' id='word_1_100' title='bbox 1536 1445 1697 1493; x_wconf 91' lang='lat' dir='ltr'><strong>nocte</strong></span> <span class='ocrx_word' id='word_1_101' title='bbox 1733 1438 1901 1493; x_wconf 90' lang='lat' dir='ltr'><strong>inter-</strong></span> 
     </span>
    </p>
   </div>
   <div class='ocr_carea' id='block_1_16' title="bbox 314 1524 1899 1597">
    <p class='ocr_par' dir='ltr' id='par_1_16' title="bbox 314 1524 1899 1597">
     <span class='ocr_line' id='line_1_16' title="bbox 314 1524 1899 1597; baseline -0.001 -17"><span class='ocrx_word' id='word_1_102' title='bbox 314 1526 514 1594; x_wconf 88' lang='lat' dir='ltr'><strong>posita,</strong></span> <span class='ocrx_word' id='word_1_103' title='bbox 549 1527 618 1582; x_wconf 90' lang='lat' dir='ltr'><strong>ad</strong></span> <span class='ocrx_word' id='word_1_104' title='bbox 646 1526 909 1596; x_wconf 86' lang='lat' dir='ltr'><strong>integrum</strong></span> <span class='ocrx_word' id='word_1_105' title='bbox 940 1526 1281 1582; x_wconf 79' lang='lat' dir='ltr'><strong>restauravit.</strong></span> <span class='ocrx_word' id='word_1_106' title='bbox 1311 1524 1485 1597; x_wconf 86' lang='lat' dir='ltr'><strong>Sapor</strong></span> <span class='ocrx_word' id='word_1_107' title='bbox 1520 1526 1608 1581; x_wconf 89' lang='lat' dir='ltr'><strong>die</strong></span> <span class='ocrx_word' id='word_1_108' title='bbox 1653 1526 1899 1596; x_wconf 87' lang='lat' dir='ltr'><strong>sequenti</strong></span> 
     </span>
    </p>
   </div>
   <div class='ocr_carea' id='block_1_17' title="bbox 312 1614 1898 1687">
    <p class='ocr_par' dir='ltr' id='par_1_17' title="bbox 312 1614 1898 1687">
     <span class='ocr_line' id='line_1_17' title="bbox 312 1614 1898 1687; baseline -0.001 -16"><span class='ocrx_word' id='word_1_109' title='bbox 312 1618 443 1671; x_wconf 87' lang='lat' dir='ltr'><strong>dum</strong></span> <span class='ocrx_word' id='word_1_110' title='bbox 465 1631 563 1687; x_wconf 89' lang='lat' dir='ltr'><strong>per</strong></span> <span class='ocrx_word' id='word_1_111' title='bbox 591 1615 801 1672; x_wconf 88' lang='lat' dir='ltr'><strong>alveum</strong></span> <span class='ocrx_word' id='word_1_112' title='bbox 832 1614 1071 1671; x_wconf 83' lang='lat' dir='ltr'><strong>ﬂuminis</strong></span> <span class='ocrx_word' id='word_1_113' title='bbox 1094 1626 1256 1687; x_wconf 90' lang='lat' dir='ltr'><strong>atque</strong></span> <span class='ocrx_word' id='word_1_114' title='bbox 1278 1632 1555 1671; x_wconf 89' lang='lat' dir='ltr'><strong>murorum</strong></span> <span class='ocrx_word' id='word_1_115' title='bbox 1581 1617 1792 1670; x_wconf 90' lang='lat' dir='ltr'><strong>ruinam</strong></span> <span class='ocrx_word' id='word_1_116' title='bbox 1820 1616 1898 1671; x_wconf 91' lang='lat' dir='ltr'><strong>ci-</strong></span> 
     </span>
    </p>
   </div>
   <div class='ocr_carea' id='block_1_18' title="bbox 310 1706 1898 1772">
    <p class='ocr_par' dir='ltr' id='par_1_18' title="bbox 310 1706 1898 1772">
     <span class='ocr_line' id='line_1_18' title="bbox 310 1706 1898 1772; baseline 0.001 -14"><span class='ocrx_word' id='word_1_117' title='bbox 310 1707 537 1760; x_wconf 78' lang='lat' dir='ltr'><strong>vitatem</strong></span> <span class='ocrx_word' id='word_1_118' title='bbox 568 1706 824 1761; x_wconf 83' lang='lat' dir='ltr'><strong>invadere</strong></span> <span class='ocrx_word' id='word_1_119' title='bbox 848 1720 908 1761; x_wconf 92' lang='lat' dir='ltr'><strong>se</strong></span> <span class='ocrx_word' id='word_1_120' title='bbox 937 1706 1202 1772; x_wconf 84' lang='lat' dir='ltr'><strong>crederet,</strong></span> <span class='ocrx_word' id='word_1_121' title='bbox 1242 1706 1376 1761; x_wconf 87' lang='lat' dir='ltr'><strong>vidit</strong></span> <span class='ocrx_word' id='word_1_122' title='bbox 1402 1722 1612 1761; x_wconf 92' lang='lat' dir='ltr'><strong>murum</strong></span> <span class='ocrx_word' id='word_1_123' title='bbox 1646 1721 1769 1761; x_wconf 90' lang='lat' dir='ltr'><strong>cum</strong></span> <span class='ocrx_word' id='word_1_124' title='bbox 1809 1720 1898 1759; x_wconf 83' lang='lat' dir='ltr'><strong>re—</strong></span> 
     </span>
    </p>
   </div>
   <div class='ocr_carea' id='block_1_19' title="bbox 2004 524 3584 600">
    <p class='ocr_par' dir='ltr' id='par_1_19' title="bbox 2004 524 3584 600">
     <span class='ocr_line' id='line_1_19' title="bbox 2004 524 3584 600; baseline 0.003 -20"><span class='ocrx_word' id='word_1_125' title='bbox 2004 525 2151 592; x_wconf 89' lang='lat' dir='ltr'><strong>litur,</strong></span> <span class='ocrx_word' id='word_1_126' title='bbox 2178 526 2247 580; x_wconf 90' lang='lat' dir='ltr'><strong>ob</strong></span> <span class='ocrx_word' id='word_1_127' title='bbox 2272 524 2575 580; x_wconf 84' lang='lat' dir='ltr'><strong>custodiam</strong></span> <span class='ocrx_word' id='word_1_128' title='bbox 2600 524 2849 582; x_wconf 85' lang='lat' dir='ltr'><strong>videlicet</strong></span> <span class='ocrx_word' id='word_1_129' title='bbox 2890 527 3126 582; x_wconf 84' lang='lat' dir='ltr'><strong>civitatis</strong></span> <span class='ocrx_word' id='word_1_130' title='bbox 3152 545 3165 581; x_wconf 90' lang='lat'><strong>:</strong></span> <span class='ocrx_word' id='word_1_131' title='bbox 3217 529 3361 600; x_wconf 87' lang='lat' dir='ltr'><strong>quod</strong></span> <span class='ocrx_word' id='word_1_132' title='bbox 3388 542 3584 585; x_wconf 80' lang='lat' dir='ltr'><strong>secun-</strong></span> 
     </span>
    </p>
   </div>
   <div class='ocr_carea' id='block_1_20' title="bbox 2004 614 3585 687">
    <p class='ocr_par' dir='ltr' id='par_1_20' title="bbox 2004 614 3585 687">
     <span class='ocr_line' id='line_1_20' title="bbox 2004 614 3585 687; baseline 0.003 -17"><span class='ocrx_word' id='word_1_133' title='bbox 2004 617 2132 671; x_wconf 85' lang='lat' dir='ltr'><strong>dum</strong></span> <span class='ocrx_word' id='word_1_134' title='bbox 2153 614 2310 670; x_wconf 83' lang='lat' dir='ltr'><strong>ﬁdem</strong></span> <span class='ocrx_word' id='word_1_135' title='bbox 2331 614 2669 670; x_wconf 86' lang='lat' dir='ltr'><strong>Constantini</strong></span> <span class='ocrx_word' id='word_1_136' title='bbox 2706 616 2904 670; x_wconf 84' lang='lat' dir='ltr'><strong>evenit.</strong></span> <span class='ocrx_word' id='word_1_137' title='bbox 2956 617 3090 671; x_wconf 84' lang='lat' dir='ltr'><strong>Nam</strong></span> <span class='ocrx_word' id='word_1_138' title='bbox 3115 627 3237 687; x_wconf 88' lang='lat' dir='ltr'><strong>post</strong></span> <span class='ocrx_word' id='word_1_139' title='bbox 3261 619 3458 676; x_wconf 86' lang='lat' dir='ltr'><strong>multos</strong></span> <span class='ocrx_word' id='word_1_140' title='bbox 3487 636 3585 675; x_wconf 86' lang='lat' dir='ltr'><strong>au-</strong></span> 
     </span>
    </p>
   </div>
   <div class='ocr_carea' id='block_1_21' title="bbox 2005 702 3585 781">
    <p class='ocr_par' dir='ltr' id='par_1_21' title="bbox 2005 702 3585 781">
     <span class='ocr_line' id='line_1_21' title="bbox 2005 702 3585 781; baseline 0.003 -21"><span class='ocrx_word' id='word_1_141' title='bbox 2005 720 2103 760; x_wconf 91' lang='lat' dir='ltr'><strong>uos</strong></span> <span class='ocrx_word' id='word_1_142' title='bbox 2134 704 2407 775; x_wconf 87' lang='lat' dir='ltr'><strong>ingressus</strong></span> <span class='ocrx_word' id='word_1_143' title='bbox 2434 702 2676 759; x_wconf 80' lang='lat' dir='ltr'><strong>Julianus</strong></span> <span class='ocrx_word' id='word_1_144' title='bbox 2719 703 2948 769; x_wconf 83' lang='lat' dir='ltr'><strong>Nisibin,</strong></span> <span class='ocrx_word' id='word_1_145' title='bbox 2975 715 3030 761; x_wconf 92' lang='lat' dir='ltr'><strong>et</strong></span> <span class='ocrx_word' id='word_1_146' title='bbox 3054 708 3138 763; x_wconf 88' lang='lat' dir='ltr'><strong>vel</strong></span> <span class='ocrx_word' id='word_1_147' title='bbox 3181 709 3363 779; x_wconf 65' lang='lat' dir='ltr'><strong>glorise</strong></span> <span class='ocrx_word' id='word_1_148' title='bbox 3390 711 3585 781; x_wconf 86' lang='lat' dir='ltr'><strong>sepulti</strong></span> 
     </span>
    </p>
   </div>
   <div class='ocr_carea' id='block_1_22' title="bbox 2004 792 3584 866">
    <p class='ocr_par' dir='ltr' id='par_1_22' title="bbox 2004 792 3584 866">
     <span class='ocr_line' id='line_1_22' title="bbox 2004 792 3584 866; baseline 0.003 -18"><span class='ocrx_word' id='word_1_149' title='bbox 2004 795 2269 859; x_wconf 89' lang='lat' dir='ltr'><strong>invidens,</strong></span> <span class='ocrx_word' id='word_1_150' title='bbox 2297 793 2385 849; x_wconf 87' lang='lat' dir='ltr'><strong>vel</strong></span> <span class='ocrx_word' id='word_1_151' title='bbox 2434 792 2555 849; x_wconf 89' lang='lat' dir='ltr'><strong>ﬁdei</strong></span> <span class='ocrx_word' id='word_1_152' title='bbox 2600 792 2926 857; x_wconf 85' lang='lat' dir='ltr'><strong>Constantii,</strong></span> <span class='ocrx_word' id='word_1_153' title='bbox 2975 797 3127 866; x_wconf 87' lang='lat' dir='ltr'><strong>cujus</strong></span> <span class='ocrx_word' id='word_1_154' title='bbox 3154 798 3226 853; x_wconf 90' lang='lat' dir='ltr'><strong>ob</strong></span> <span class='ocrx_word' id='word_1_155' title='bbox 3275 799 3326 853; x_wconf 89' lang='lat' dir='ltr'><strong>id</strong></span> <span class='ocrx_word' id='word_1_156' title='bbox 3368 799 3584 853; x_wconf 82' lang='lat' dir='ltr'><strong>domum</strong></span> 
     </span>
    </p>
   </div>
   <div class='ocr_carea' id='block_1_23' title="bbox 2003 883 3583 955">
    <p class='ocr_par' dir='ltr' id='par_1_23' title="bbox 2003 883 3583 955">
     <span class='ocr_line' id='line_1_23' title="bbox 2003 883 3583 955; baseline 0.004 -16"><span class='ocrx_word' id='word_1_157' title='bbox 2003 886 2443 955; x_wconf 85' lang='lat' dir='ltr'><strong>persequebatur,</strong></span> <span class='ocrx_word' id='word_1_158' title='bbox 2468 883 2631 953; x_wconf 86' lang='lat' dir='ltr'><strong>jussit</strong></span> <span class='ocrx_word' id='word_1_159' title='bbox 2658 884 2838 941; x_wconf 74' lang='lat' dir='ltr'><strong>efferri</strong></span> <span class='ocrx_word' id='word_1_160' title='bbox 2885 886 2953 941; x_wconf 90' lang='lat' dir='ltr'><strong>de</strong></span> <span class='ocrx_word' id='word_1_161' title='bbox 2993 887 3212 942; x_wconf 85' lang='lat' dir='ltr'><strong>civitate</strong></span> <span class='ocrx_word' id='word_1_162' title='bbox 3256 889 3428 944; x_wconf 86' lang='lat' dir='ltr'><strong>sancti</strong></span> <span class='ocrx_word' id='word_1_163' title='bbox 3457 905 3583 945; x_wconf 87' lang='lat' dir='ltr'><strong>cor-</strong></span> 
     </span>
    </p>
   </div>
   <div class='ocr_carea' id='block_1_24' title="bbox 2002 975 3585 1049">
    <p class='ocr_par' dir='ltr' id='par_1_24' title="bbox 2002 975 3585 1049">
     <span class='ocr_line' id='line_1_24' title="bbox 2002 975 3585 1049; baseline 0.005 -23"><span class='ocrx_word' id='word_1_164' title='bbox 2002 990 2122 1044; x_wconf 85' lang='lat' dir='ltr'><strong>pus,</strong></span> <span class='ocrx_word' id='word_1_165' title='bbox 2148 983 2204 1029; x_wconf 89' lang='lat' dir='ltr'><strong>et</strong></span> <span class='ocrx_word' id='word_1_166' title='bbox 2229 982 2353 1044; x_wconf 89' lang='lat' dir='ltr'><strong>post</strong></span> <span class='ocrx_word' id='word_1_167' title='bbox 2397 990 2597 1045; x_wconf 89' lang='lat' dir='ltr'><strong>paucos</strong></span> <span class='ocrx_word' id='word_1_168' title='bbox 2627 989 2863 1042; x_wconf 89' lang='lat' dir='ltr'><strong>menses,</strong></span> <span class='ocrx_word' id='word_1_169' title='bbox 2888 975 3231 1032; x_wconf 85' lang='lat' dir='ltr'><strong>consulendae</strong></span> <span class='ocrx_word' id='word_1_170' title='bbox 3252 978 3377 1032; x_wconf 85' lang='lat' dir='ltr'><strong>licet</strong></span> <span class='ocrx_word' id='word_1_171' title='bbox 3409 979 3585 1049; x_wconf 89' lang='lat' dir='ltr'><strong>reipu-</strong></span> 
     </span>
    </p>
   </div>
   <div class='ocr_carea' id='block_1_25' title="bbox 2002 1065 3579 1138">
    <p class='ocr_par' dir='ltr' id='par_1_25' title="bbox 2002 1065 3579 1138">
     <span class='ocr_line' id='line_1_25' title="bbox 2002 1065 3579 1138; baseline -0.001 -14"><span class='ocrx_word' id='word_1_172' title='bbox 2002 1068 2176 1133; x_wconf 70' lang='lat' dir='ltr'><strong>blicae,</strong></span> <span class='ocrx_word' id='word_1_173' title='bbox 2197 1067 2511 1125; x_wconf 72' lang='lat' dir='ltr'><strong>Iovinianus</strong></span> <span class='ocrx_word' id='word_1_174' title='bbox 2542 1068 2855 1138; x_wconf 82' lang='lat' dir='ltr'><strong>imperator,</strong></span> <span class='ocrx_word' id='word_1_175' title='bbox 2878 1068 2967 1137; x_wconf 91' lang='lat' dir='ltr'><strong>qui</strong></span> <span class='ocrx_word' id='word_1_176' title='bbox 2988 1065 3204 1122; x_wconf 75' lang='lat' dir='ltr'><strong>Juliano</strong></span> <span class='ocrx_word' id='word_1_177' title='bbox 3224 1079 3579 1135; x_wconf 81' lang='lat' dir='ltr'><strong>successerat,</strong></span> 
     </span>
    </p>
   </div>
   <div class='ocr_carea' id='block_1_26' title="bbox 2002 1157 3580 1228">
    <p class='ocr_par' dir='ltr' id='par_1_26' title="bbox 2002 1157 3580 1228">
     <span class='ocr_line' id='line_1_26' title="bbox 2002 1157 3580 1228; baseline 0.001 -16"><span class='ocrx_word' id='word_1_178' title='bbox 2002 1159 2221 1214; x_wconf 86' lang='lat' dir='ltr'><strong>tradidit</strong></span> <span class='ocrx_word' id='word_1_179' title='bbox 2269 1158 2523 1214; x_wconf 89' lang='lat' dir='ltr'><strong>Barbaris</strong></span> <span class='ocrx_word' id='word_1_180' title='bbox 2569 1158 2864 1213; x_wconf 86' lang='lat' dir='ltr'><strong>civitatem.</strong></span> <span class='ocrx_word' id='word_1_181' title='bbox 2904 1158 3038 1213; x_wconf 81' lang='lat' dir='ltr'><strong>illnc</strong></span> <span class='ocrx_word' id='word_1_182' title='bbox 3089 1157 3261 1228; x_wconf 82' lang='lat' dir='ltr'><strong>Sapor</strong></span> <span class='ocrx_word' id='word_1_183' title='bbox 3294 1158 3580 1213; x_wconf 80' lang='lat' dir='ltr'><strong>Persarum</strong></span> 
     </span>
    </p>
   </div>
   <div class='ocr_carea' id='block_1_27' title="bbox 2002 1248 3585 1319">
    <p class='ocr_par' dir='ltr' id='par_1_27' title="bbox 2002 1248 3585 1319">
     <span class='ocr_line' id='line_1_27' title="bbox 2002 1248 3585 1319; baseline -0.001 -16"><span class='ocrx_word' id='word_1_184' title='bbox 2002 1264 2096 1303; x_wconf 83' lang='lat' dir='ltr'><strong>rex</strong></span> <span class='ocrx_word' id='word_1_185' title='bbox 2124 1248 2461 1305; x_wconf 87' lang='lat' dir='ltr'><strong>Christianos</strong></span> <span class='ocrx_word' id='word_1_186' title='bbox 2504 1249 2865 1318; x_wconf 86' lang='lat' dir='ltr'><strong>persequitur.</strong></span> <span class='ocrx_word' id='word_1_187' title='bbox 2917 1248 3235 1303; x_wconf 82' lang='lat' dir='ltr'><strong>Constantio</strong></span> <span class='ocrx_word' id='word_1_188' title='bbox 3280 1248 3444 1319; x_wconf 78' lang='lat' dir='ltr'><strong>igitur</strong></span> <span class='ocrx_word' id='word_1_189' title='bbox 3478 1248 3585 1302; x_wconf 83' lang='lat' dir='ltr'><strong>im-</strong></span> 
     </span>
    </p>
   </div>
   <div class='ocr_carea' id='block_1_28' title="bbox 2000 1336 3584 1409">
    <p class='ocr_par' dir='ltr' id='par_1_28' title="bbox 2000 1336 3584 1409">
     <span class='ocr_line' id='line_1_28' title="bbox 2000 1336 3584 1409; baseline 0 -16"><span class='ocrx_word' id='word_1_190' title='bbox 2000 1347 2243 1409; x_wconf 87' lang='lat' dir='ltr'><strong>perante,</strong></span> <span class='ocrx_word' id='word_1_191' title='bbox 2272 1347 2336 1393; x_wconf 89' lang='lat' dir='ltr'><strong>ut</strong></span> <span class='ocrx_word' id='word_1_192' title='bbox 2382 1338 2451 1393; x_wconf 90' lang='lat' dir='ltr'><strong>ad</strong></span> <span class='ocrx_word' id='word_1_193' title='bbox 2490 1339 2734 1393; x_wconf 87' lang='lat' dir='ltr'><strong>ordinem</strong></span> <span class='ocrx_word' id='word_1_194' title='bbox 2781 1338 3018 1393; x_wconf 76' lang='lat' dir='ltr'><strong>historia:</strong></span> <span class='ocrx_word' id='word_1_195' title='bbox 3063 1338 3366 1397; x_wconf 61' lang='lat' dir='ltr'><strong>inlinamus.</strong></span> <span class='ocrx_word' id='word_1_196' title='bbox 3396 1336 3584 1393; x_wconf 79' lang='lat' dir='ltr'><strong>Callus</strong></span> 
     </span>
    </p>
   </div>
   <div class='ocr_carea' id='block_1_29' title="bbox 2001 1431 3581 1502">
    <p class='ocr_par' dir='ltr' id='par_1_29' title="bbox 2001 1431 3581 1502">
     <span class='ocr_line' id='line_1_29' title="bbox 2001 1431 3581 1502; baseline -0.002 -14"><span class='ocrx_word' id='word_1_197' title='bbox 2001 1432 2181 1488; x_wconf 71' lang='lat' dir='ltr'><strong>Caesar</strong></span> <span class='ocrx_word' id='word_1_198' title='bbox 2208 1431 2442 1497; x_wconf 74' lang='lat' dir='ltr'><strong>Judzeos,</strong></span> <span class='ocrx_word' id='word_1_199' title='bbox 2470 1432 2583 1502; x_wconf 85' lang='lat' dir='ltr'><strong>qui,</strong></span> <span class='ocrx_word' id='word_1_200' title='bbox 2616 1431 2913 1486; x_wconf 82' lang='lat' dir='ltr'><strong>interfectis</strong></span> <span class='ocrx_word' id='word_1_201' title='bbox 2936 1447 3033 1501; x_wconf 88' lang='lat' dir='ltr'><strong>per</strong></span> <span class='ocrx_word' id='word_1_202' title='bbox 3061 1438 3273 1486; x_wconf 90' lang='lat' dir='ltr'><strong>noctem</strong></span> <span class='ocrx_word' id='word_1_203' title='bbox 3299 1431 3581 1492; x_wconf 81' lang='lat' dir='ltr'><strong>militibus,</strong></span> 
     </span>
    </p>
   </div>
   <div class='ocr_carea' id='block_1_30' title="bbox 2001 1519 3583 1590">
    <p class='ocr_par' dir='ltr' id='par_1_30' title="bbox 2001 1519 3583 1590">
     <span class='ocr_line' id='line_1_30' title="bbox 2001 1519 3583 1590; baseline -0.001 -13"><span class='ocrx_word' id='word_1_204' title='bbox 2001 1537 2151 1577; x_wconf 88' lang='lat' dir='ltr'><strong>arma</strong></span> <span class='ocrx_word' id='word_1_205' title='bbox 2195 1522 2263 1576; x_wconf 89' lang='lat' dir='ltr'><strong>ad</strong></span> <span class='ocrx_word' id='word_1_206' title='bbox 2312 1520 2678 1576; x_wconf 87' lang='lat' dir='ltr'><strong>rebellandum</strong></span> <span class='ocrx_word' id='word_1_207' title='bbox 2736 1521 3064 1584; x_wconf 83' lang='lat' dir='ltr'><strong>invaserant,</strong></span> <span class='ocrx_word' id='word_1_208' title='bbox 3115 1520 3387 1590; x_wconf 79' lang='lat' dir='ltr'><strong>Oppressit</strong></span> <span class='ocrx_word' id='word_1_209' title='bbox 3425 1519 3583 1575; x_wconf 79' lang='lat' dir='ltr'><strong>caesis</strong></span> 
     </span>
    </p>
   </div>
   <div class='ocr_carea' id='block_1_31' title="bbox 2000 1607 3581 1678">
    <p class='ocr_par' dir='ltr' id='par_1_31' title="bbox 2000 1607 3581 1678">
     <span class='ocr_line' id='line_1_31' title="bbox 2000 1607 3581 1678; baseline -0.001 -14"><span class='ocrx_word' id='word_1_210' title='bbox 2000 1609 2183 1664; x_wconf 85' lang='lat' dir='ltr'><strong>multis</strong></span> <span class='ocrx_word' id='word_1_211' title='bbox 2208 1609 2487 1664; x_wconf 89' lang='lat' dir='ltr'><strong>hominum</strong></span> <span class='ocrx_word' id='word_1_212' title='bbox 2527 1607 2784 1671; x_wconf 87' lang='lat' dir='ltr'><strong>millibus,</strong></span> <span class='ocrx_word' id='word_1_213' title='bbox 2833 1623 3006 1678; x_wconf 86' lang='lat' dir='ltr'><strong>usque</strong></span> <span class='ocrx_word' id='word_1_214' title='bbox 3045 1609 3111 1662; x_wconf 88' lang='lat' dir='ltr'><strong>ad</strong></span> <span class='ocrx_word' id='word_1_215' title='bbox 3148 1607 3423 1662; x_wconf 76' lang='lat' dir='ltr'><strong>innoxiam</strong></span> <span class='ocrx_word' id='word_1_216' title='bbox 3449 1620 3581 1662; x_wconf 67' lang='lat' dir='ltr'><strong>aeta-</strong></span> 
     </span>
    </p>
   </div>
   <div class='ocr_carea' id='block_1_32' title="bbox 2002 1695 3581 1766">
    <p class='ocr_par' dir='ltr' id='par_1_32' title="bbox 2002 1695 3581 1766">
     <span class='ocr_line' id='line_1_32' title="bbox 2002 1695 3581 1766; baseline -0.003 -14"><span class='ocrx_word' id='word_1_217' title='bbox 2002 1708 2131 1761; x_wconf 89' lang='lat' dir='ltr'><strong>tem,</strong></span> <span class='ocrx_word' id='word_1_218' title='bbox 2153 1707 2210 1753; x_wconf 89' lang='lat' dir='ltr'><strong>et</strong></span> <span class='ocrx_word' id='word_1_219' title='bbox 2237 1697 2484 1753; x_wconf 84' lang='lat' dir='ltr'><strong>civitates</strong></span> <span class='ocrx_word' id='word_1_220' title='bbox 2506 1712 2717 1762; x_wconf 90' lang='lat' dir='ltr'><strong>eorum,</strong></span> <span class='ocrx_word' id='word_1_221' title='bbox 2749 1696 3158 1758; x_wconf 67' lang='lat' dir='ltr'><strong>Dioczcsaream,</strong></span> <span class='ocrx_word' id='word_1_222' title='bbox 3202 1695 3581 1766; x_wconf 76' lang='lat' dir='ltr'><strong>Tyberiadem,</strong></span> 
     </span>
    </p>
   </div>
   <div class='ocr_carea' id='block_1_33' title="bbox 309 1785 3581 1870">
    <p class='ocr_par' dir='ltr' id='par_1_33' title="bbox 309 1785 3581 1870">
     <span class='ocr_line' id='line_1_33' title="bbox 309 1785 3581 1870; baseline -0.002 -19"><span class='ocrx_word' id='word_1_223' title='bbox 309 1796 630 1870; x_wconf 82' lang='lat' dir='ltr'><strong>pugnaculis</strong></span> <span class='ocrx_word' id='word_1_224' title='bbox 662 1797 967 1852; x_wconf 90' lang='lat' dir='ltr'><strong>restitutum</strong></span> <span class='ocrx_word' id='word_1_225' title='bbox 992 1813 1007 1863; x_wconf 90' lang='lat'><strong>;</strong></span> <span class='ocrx_word' id='word_1_226' title='bbox 1034 1813 1195 1868; x_wconf 88' lang='lat' dir='ltr'><strong>quem</strong></span> <span class='ocrx_word' id='word_1_227' title='bbox 1236 1812 1358 1853; x_wconf 90' lang='lat' dir='ltr'><strong>cum</strong></span> <span class='ocrx_word' id='word_1_228' title='bbox 1386 1797 1486 1852; x_wconf 90' lang='lat' dir='ltr'><strong>sibi</strong></span> <span class='ocrx_word' id='word_1_229' title='bbox 1527 1796 1903 1853; x_wconf 86' lang='lat' dir='ltr'><strong>assistentibus</strong></span> <span class='ocrx_word' id='word_1_230' title='bbox 1931 1804 1975 1864; x_wconf 81' lang='grc' dir='ltr'><strong>Β</strong></span> <span class='ocrx_word' id='word_1_231' title='bbox 2003 1795 2059 1842; x_wconf 74' lang='lat' dir='ltr'><strong>el</strong></span> <span class='ocrx_word' id='word_1_232' title='bbox 2085 1785 2400 1858; x_wconf 76' lang='grc' dir='ltr'><strong>ῡίοεροιίιη,</strong></span> <span class='ocrx_word' id='word_1_233' title='bbox 2420 1787 2762 1856; x_wconf 69' lang='lat' dir='ltr'><strong>Plurimaque</strong></span> <span class='ocrx_word' id='word_1_234' title='bbox 2795 1785 2990 1857; x_wconf 75' lang='lat' dir='ltr'><strong>Oppida</strong></span> <span class='ocrx_word' id='word_1_235' title='bbox 3019 1786 3126 1855; x_wconf 79' lang='lat' dir='ltr'><strong>igni</strong></span> <span class='ocrx_word' id='word_1_236' title='bbox 3158 1785 3413 1840; x_wconf 62' lang='lat' dir='ltr'><strong>tradidit:</strong></span> <span class='ocrx_word' id='word_1_237' title='bbox 3445 1801 3581 1841; x_wconf 78' lang='lat' dir='ltr'><strong>non-</strong></span> 
     </span>
    </p>
   </div>
   <div class='ocr_carea' id='block_1_34' title="bbox 313 1885 1895 1954">
    <p class='ocr_par' dir='ltr' id='par_1_34' title="bbox 313 1885 1895 1954">
     <span class='ocr_line' id='line_1_34' title="bbox 313 1885 1895 1954; baseline 0.001 -13"><span class='ocrx_word' id='word_1_238' title='bbox 313 1903 423 1941; x_wconf 87' lang='lat' dir='ltr'><strong>non</strong></span> <span class='ocrx_word' id='word_1_239' title='bbox 449 1885 621 1943; x_wconf 90' lang='lat' dir='ltr'><strong>solum</strong></span> <span class='ocrx_word' id='word_1_240' title='bbox 650 1888 976 1944; x_wconf 88' lang='lat' dir='ltr'><strong>restauratio</strong></span> <span class='ocrx_word' id='word_1_241' title='bbox 1012 1889 1153 1945; x_wconf 89' lang='lat' dir='ltr'><strong>muri</strong></span> <span class='ocrx_word' id='word_1_242' title='bbox 1194 1890 1407 1954; x_wconf 88' lang='lat' dir='ltr'><strong>terruit,</strong></span> <span class='ocrx_word' id='word_1_243' title='bbox 1453 1891 1546 1945; x_wconf 89' lang='lat' dir='ltr'><strong>sed</strong></span> <span class='ocrx_word' id='word_1_244' title='bbox 1583 1891 1747 1946; x_wconf 86' lang='lat' dir='ltr'><strong>etiam</strong></span> <span class='ocrx_word' id='word_1_245' title='bbox 1791 1890 1895 1944; x_wconf 83' lang='lat' dir='ltr'><strong>alia</strong></span> 
     </span>
    </p>
   </div>
   <div class='ocr_carea' id='block_1_35' title="bbox 309 1984 1896 2058">
    <p class='ocr_par' dir='ltr' id='par_1_35' title="bbox 309 1984 1896 2058">
     <span class='ocr_line' id='line_1_35' title="bbox 309 1984 1896 2058; baseline 0.003 -21"><span class='ocrx_word' id='word_1_246' title='bbox 309 1984 450 2039; x_wconf 86' lang='lat' dir='ltr'><strong>visio</strong></span> <span class='ocrx_word' id='word_1_247' title='bbox 470 1986 821 2053; x_wconf 84' lang='lat' dir='ltr'><strong>perturbavit.</strong></span> <span class='ocrx_word' id='word_1_248' title='bbox 862 1985 1174 2043; x_wconf 84' lang='lat' dir='ltr'><strong>Viditenim</strong></span> <span class='ocrx_word' id='word_1_249' title='bbox 1218 1996 1451 2044; x_wconf 87' lang='lat' dir='ltr'><strong>stantem</strong></span> <span class='ocrx_word' id='word_1_250' title='bbox 1491 2003 1653 2058; x_wconf 88' lang='lat' dir='ltr'><strong>supra</strong></span> <span class='ocrx_word' id='word_1_251' title='bbox 1681 2003 1896 2043; x_wconf 91' lang='lat' dir='ltr'><strong>murum</strong></span> 
     </span>
    </p>
   </div>
   <div class='ocr_carea' id='block_1_36' title="bbox 305 2080 1900 2152">
    <p class='ocr_par' dir='ltr' id='par_1_36' title="bbox 305 2080 1900 2152">
     <span class='ocr_line' id='line_1_36' title="bbox 305 2080 1900 2152; baseline 0.001 -19"><span class='ocrx_word' id='word_1_252' title='bbox 305 2081 597 2151; x_wconf 82' lang='lat' dir='ltr'><strong>quemdam</strong></span> <span class='ocrx_word' id='word_1_253' title='bbox 644 2080 910 2152; x_wconf 86' lang='lat' dir='ltr'><strong>imperiali</strong></span> <span class='ocrx_word' id='word_1_254' title='bbox 966 2083 1244 2138; x_wconf 87' lang='lat' dir='ltr'><strong>schemate</strong></span> <span class='ocrx_word' id='word_1_255' title='bbox 1291 2082 1795 2146; x_wconf 72' lang='lat' dir='ltr'><strong>circunmmirtum,</strong></span> <span class='ocrx_word' id='word_1_256' title='bbox 1841 2092 1900 2135; x_wconf 87' lang='lat' dir='ltr'><strong>et</strong></span> 
     </span>
    </p>
   </div>
   <div class='ocr_carea' id='block_1_37' title="bbox 308 2171 1896 2242">
    <p class='ocr_par' dir='ltr' id='par_1_37' title="bbox 308 2171 1896 2242">
     <span class='ocr_line' id='line_1_37' title="bbox 308 2171 1896 2242; baseline 0.001 -18"><span class='ocrx_word' id='word_1_257' title='bbox 308 2180 423 2225; x_wconf 85' lang='lat' dir='ltr'><strong>tam</strong></span> <span class='ocrx_word' id='word_1_258' title='bbox 452 2187 691 2242; x_wconf 90' lang='lat' dir='ltr'><strong>purpura</strong></span> <span class='ocrx_word' id='word_1_259' title='bbox 720 2187 882 2242; x_wconf 90' lang='lat' dir='ltr'><strong>quam</strong></span> <span class='ocrx_word' id='word_1_260' title='bbox 926 2173 1229 2228; x_wconf 89' lang='lat' dir='ltr'><strong>diademate</strong></span> <span class='ocrx_word' id='word_1_261' title='bbox 1256 2172 1619 2242; x_wconf 87' lang='lat' dir='ltr'><strong>resplendere.</strong></span> <span class='ocrx_word' id='word_1_262' title='bbox 1652 2171 1896 2226; x_wconf 86' lang='lat' dir='ltr'><strong>Arbitra-</strong></span> 
     </span>
    </p>
   </div>
   <div class='ocr_carea' id='block_1_38' title="bbox 307 2265 1894 2337">
    <p class='ocr_par' dir='ltr' id='par_1_38' title="bbox 307 2265 1894 2337">
     <span class='ocr_line' id='line_1_38' title="bbox 307 2265 1894 2337; baseline 0.001 -19"><span class='ocrx_word' id='word_1_263' title='bbox 307 2273 399 2320; x_wconf 84' lang='lat' dir='ltr'><strong>tns</strong></span> <span class='ocrx_word' id='word_1_264' title='bbox 422 2273 603 2321; x_wconf 80' lang='lat' dir='ltr'><strong>autem</strong></span> <span class='ocrx_word' id='word_1_265' title='bbox 643 2281 765 2322; x_wconf 90' lang='lat' dir='ltr'><strong>esse</strong></span> <span class='ocrx_word' id='word_1_266' title='bbox 818 2265 1183 2321; x_wconf 83' lang='lat' dir='ltr'><strong>Romanorum</strong></span> <span class='ocrx_word' id='word_1_267' title='bbox 1228 2266 1630 2337; x_wconf 84' lang='lat' dir='ltr'><strong>imperatorem,</strong></span> <span class='ocrx_word' id='word_1_268' title='bbox 1662 2273 1894 2319; x_wconf 90' lang='lat' dir='ltr'><strong>mortem</strong></span> 
     </span>
    </p>
   </div>
   <div class='ocr_carea' id='block_1_39' title="bbox 311 2352 1894 2427">
    <p class='ocr_par' dir='ltr' id='par_1_39' title="bbox 311 2352 1894 2427">
     <span class='ocr_line' id='line_1_39' title="bbox 311 2352 1894 2427; baseline -0.001 -18"><span class='ocrx_word' id='word_1_269' title='bbox 311 2353 556 2409; x_wconf 87' lang='lat' dir='ltr'><strong>minatus</strong></span> <span class='ocrx_word' id='word_1_270' title='bbox 579 2363 662 2409; x_wconf 91' lang='lat' dir='ltr'><strong>est</strong></span> <span class='ocrx_word' id='word_1_271' title='bbox 689 2355 769 2410; x_wconf 87' lang='lat' dir='ltr'><strong>eis</strong></span> <span class='ocrx_word' id='word_1_272' title='bbox 796 2356 887 2427; x_wconf 90' lang='lat' dir='ltr'><strong>qui</strong></span> <span class='ocrx_word' id='word_1_273' title='bbox 923 2356 1306 2410; x_wconf 85' lang='lat' dir='ltr'><strong>nuntiaverant</strong></span> <span class='ocrx_word' id='word_1_274' title='bbox 1344 2369 1449 2409; x_wconf 92' lang='lat' dir='ltr'><strong>non</strong></span> <span class='ocrx_word' id='word_1_275' title='bbox 1477 2369 1600 2408; x_wconf 90' lang='lat' dir='ltr'><strong>eum</strong></span> <span class='ocrx_word' id='word_1_276' title='bbox 1642 2352 1750 2407; x_wconf 90' lang='lat' dir='ltr'><strong>illic</strong></span> <span class='ocrx_word' id='word_1_277' title='bbox 1774 2367 1894 2408; x_wconf 90' lang='lat' dir='ltr'><strong>esse</strong></span> 
     </span>
    </p>
   </div>
   <div class='ocr_carea' id='block_1_40' title="bbox 305 2434 1894 2514">
    <p class='ocr_par' dir='ltr' id='par_1_40' title="bbox 305 2434 1894 2514">
     <span class='ocr_line' id='line_1_40' title="bbox 305 2434 1894 2514; baseline -0.001 -15"><span class='ocrx_word' id='word_1_278' title='bbox 305 2453 657 2514; x_wconf 71' lang='lat' dir='ltr'><strong>prmsentem.</strong></span> <span class='ocrx_word' id='word_1_279' title='bbox 681 2445 890 2512; x_wconf 85' lang='lat' dir='ltr'><strong>Quibus</strong></span> <span class='ocrx_word' id='word_1_280' title='bbox 919 2445 1311 2501; x_wconf 76' lang='lat' dir='ltr'><strong>affirmantibus</strong></span> <span class='ocrx_word' id='word_1_281' title='bbox 1334 2461 1462 2501; x_wconf 91' lang='lat' dir='ltr'><strong>vera</strong></span> <span class='ocrx_word' id='word_1_282' title='bbox 1492 2460 1550 2500; x_wconf 89' lang='lat' dir='ltr'><strong>se</strong></span> <span class='ocrx_word' id='word_1_283' title='bbox 1578 2444 1798 2510; x_wconf 79' lang='lat' dir='ltr'><strong>dixisse,</strong></span> <span class='ocrx_word' id='word_1_284' title='bbox 1839 2434 1894 2500; x_wconf 88' lang='lat' dir='ltr'><strong>et</strong></span> 
     </span>
    </p>
   </div>
   <div class='ocr_carea' id='block_1_41' title="bbox 303 2532 1889 2604">
    <p class='ocr_par' dir='ltr' id='par_1_41' title="bbox 303 2532 1889 2604">
     <span class='ocr_line' id='line_1_41' title="bbox 303 2532 1889 2604; baseline 0 -17"><span class='ocrx_word' id='word_1_285' title='bbox 303 2532 682 2589; x_wconf 85' lang='lat' dir='ltr'><strong>Constantium</strong></span> <span class='ocrx_word' id='word_1_286' title='bbox 708 2533 1008 2590; x_wconf 69' lang='lat' dir='ltr'><strong>Antiochia:</strong></span> <span class='ocrx_word' id='word_1_287' title='bbox 1032 2534 1381 2600; x_wconf 90' lang='lat' dir='ltr'><strong>commorari,</strong></span> <span class='ocrx_word' id='word_1_288' title='bbox 1421 2549 1488 2589; x_wconf 82' lang='lat' dir='ltr'><strong>ex</strong></span> <span class='ocrx_word' id='word_1_289' title='bbox 1537 2533 1686 2588; x_wconf 89' lang='lat' dir='ltr'><strong>vultu</strong></span> <span class='ocrx_word' id='word_1_290' title='bbox 1730 2549 1889 2604; x_wconf 87' lang='lat' dir='ltr'><strong>quem</strong></span> 
     </span>
    </p>
   </div>
   <div class='ocr_carea' id='block_1_42' title="bbox 306 2619 1893 2691">
    <p class='ocr_par' dir='ltr' id='par_1_42' title="bbox 306 2619 1893 2691">
     <span class='ocr_line' id='line_1_42' title="bbox 306 2619 1893 2691; baseline 0.003 -19"><span class='ocrx_word' id='word_1_291' title='bbox 306 2619 525 2675; x_wconf 82' lang='lat' dir='ltr'><strong>videbat</strong></span> <span class='ocrx_word' id='word_1_292' title='bbox 570 2624 791 2691; x_wconf 77' lang='lat' dir='ltr'><strong>agnovit</strong></span> <span class='ocrx_word' id='word_1_293' title='bbox 833 2638 1019 2679; x_wconf 89' lang='lat' dir='ltr'><strong>eorum</strong></span> <span class='ocrx_word' id='word_1_294' title='bbox 1068 2623 1231 2679; x_wconf 87' lang='lat' dir='ltr'><strong>verba</strong></span> <span class='ocrx_word' id='word_1_295' title='bbox 1282 2638 1403 2678; x_wconf 92' lang='lat' dir='ltr'><strong>esse</strong></span> <span class='ocrx_word' id='word_1_296' title='bbox 1444 2623 1657 2678; x_wconf 82' lang='lat' dir='ltr'><strong>veracia</strong></span> <span class='ocrx_word' id='word_1_297' title='bbox 1711 2631 1768 2678; x_wconf 90' lang='lat' dir='ltr'><strong>et</strong></span> <span class='ocrx_word' id='word_1_298' title='bbox 1816 2622 1893 2676; x_wconf 91' lang='lat' dir='ltr'><strong>ait</strong></span> 
     </span>
    </p>
   </div>
   <div class='ocr_carea' id='block_1_43' title="bbox 308 2709 1892 2781">
    <p class='ocr_par' dir='ltr' id='par_1_43' title="bbox 308 2709 1892 2781">
     <span class='ocr_line' id='line_1_43' title="bbox 308 2709 1892 2781; baseline 0.001 -18"><span class='ocrx_word' id='word_1_299' title='bbox 308 2709 479 2764; x_wconf 66' lang='lat' dir='ltr'><strong>Deum</strong></span> <span class='ocrx_word' id='word_1_300' title='bbox 509 2711 644 2766; x_wconf 90' lang='lat' dir='ltr'><strong>bella</strong></span> <span class='ocrx_word' id='word_1_301' title='bbox 698 2727 888 2779; x_wconf 83' lang='lat' dir='ltr'><strong>gerere</strong></span> <span class='ocrx_word' id='word_1_302' title='bbox 918 2727 1017 2781; x_wconf 89' lang='lat' dir='ltr'><strong>pro</strong></span> <span class='ocrx_word' id='word_1_303' title='bbox 1066 2711 1344 2766; x_wconf 86' lang='lat' dir='ltr'><strong>Romanis.</strong></span> <span class='ocrx_word' id='word_1_304' title='bbox 1394 2710 1644 2766; x_wconf 87' lang='lat' dir='ltr'><strong>Attamen</strong></span> <span class='ocrx_word' id='word_1_305' title='bbox 1696 2709 1892 2765; x_wconf 87' lang='lat' dir='ltr'><strong>talibus</strong></span> 
     </span>
    </p>
   </div>
   <div class='ocr_carea' id='block_1_44' title="bbox 302 2798 1884 2871">
    <p class='ocr_par' dir='ltr' id='par_1_44' title="bbox 302 2798 1884 2871">
     <span class='ocr_line' id='line_1_44' title="bbox 302 2798 1884 2871; baseline -0.002 -18"><span class='ocrx_word' id='word_1_306' title='bbox 302 2799 477 2871; x_wconf 80' lang='lat' dir='ltr'><strong>signis</strong></span> <span class='ocrx_word' id='word_1_307' title='bbox 501 2800 755 2871; x_wconf 82' lang='lat' dir='ltr'><strong>cognitis,</strong></span> <span class='ocrx_word' id='word_1_308' title='bbox 783 2801 851 2854; x_wconf 89' lang='lat' dir='ltr'><strong>ab</strong></span> <span class='ocrx_word' id='word_1_309' title='bbox 874 2800 1156 2855; x_wconf 77' lang='lat' dir='ltr'><strong>obsidione</strong></span> <span class='ocrx_word' id='word_1_310' title='bbox 1181 2800 1399 2854; x_wconf 88' lang='lat' dir='ltr'><strong>minime</strong></span> <span class='ocrx_word' id='word_1_311' title='bbox 1439 2799 1743 2854; x_wconf 86' lang='lat' dir='ltr'><strong>recedebat.</strong></span> <span class='ocrx_word' id='word_1_312' title='bbox 1784 2798 1884 2868; x_wconf 87' lang='lat' dir='ltr'><strong>igi-</strong></span> 
     </span>
    </p>
   </div>
   <div class='ocr_carea' id='block_1_45' title="bbox 305 2891 1889 2962">
    <p class='ocr_par' dir='ltr' id='par_1_45' title="bbox 305 2891 1889 2962">
     <span class='ocr_line' id='line_1_45' title="bbox 305 2891 1889 2962; baseline -0.001 -17"><span class='ocrx_word' id='word_1_313' title='bbox 305 2901 397 2945; x_wconf 79' lang='lat' dir='ltr'><strong>tur</strong></span> <span class='ocrx_word' id='word_1_314' title='bbox 422 2893 713 2962; x_wconf 80' lang='lat' dir='ltr'><strong>praedictus</strong></span> <span class='ocrx_word' id='word_1_315' title='bbox 739 2891 1025 2961; x_wconf 87' lang='lat' dir='ltr'><strong>episcopus</strong></span> <span class='ocrx_word' id='word_1_316' title='bbox 1048 2891 1263 2946; x_wconf 85' lang='lat' dir='ltr'><strong>hortatu</strong></span> <span class='ocrx_word' id='word_1_317' title='bbox 1302 2892 1646 2947; x_wconf 89' lang='lat' dir='ltr'><strong>obsessorum</strong></span> <span class='ocrx_word' id='word_1_318' title='bbox 1676 2892 1743 2945; x_wconf 90' lang='lat' dir='ltr'><strong>ad</strong></span> <span class='ocrx_word' id='word_1_319' title='bbox 1774 2906 1889 2944; x_wconf 86' lang='lat' dir='ltr'><strong>mu-</strong></span> 
     </span>
    </p>
   </div>
   <div class='ocr_carea' id='block_1_46' title="bbox 304 2988 1890 3061">
    <p class='ocr_par' dir='ltr' id='par_1_46' title="bbox 304 2988 1890 3061">
     <span class='ocr_line' id='line_1_46' title="bbox 304 2988 1890 3061; baseline 0 -17"><span class='ocrx_word' id='word_1_320' title='bbox 304 3005 425 3044; x_wconf 81' lang='lat' dir='ltr'><strong>rum</strong></span> <span class='ocrx_word' id='word_1_321' title='bbox 452 2990 739 3056; x_wconf 73' lang='lat' dir='ltr'><strong>accedens,</strong></span> <span class='ocrx_word' id='word_1_322' title='bbox 771 2999 831 3044; x_wconf 89' lang='lat' dir='ltr'><strong>ut</strong></span> <span class='ocrx_word' id='word_1_323' title='bbox 855 2989 1143 3046; x_wconf 86' lang='lat' dir='ltr'><strong>Persarum</strong></span> <span class='ocrx_word' id='word_1_324' title='bbox 1169 2999 1350 3045; x_wconf 88' lang='lat' dir='ltr'><strong>castra</strong></span> <span class='ocrx_word' id='word_1_325' title='bbox 1374 2989 1685 3061; x_wconf 89' lang='lat' dir='ltr'><strong>aspiciendo</strong></span> <span class='ocrx_word' id='word_1_326' title='bbox 1724 2988 1890 3044; x_wconf 85' lang='lat' dir='ltr'><strong>male-</strong></span> 
     </span>
    </p>
   </div>
   <div class='ocr_carea' id='block_1_47' title="bbox 299 3082 1889 3153">
    <p class='ocr_par' dir='ltr' id='par_1_47' title="bbox 299 3082 1889 3153">
     <span class='ocr_line' id='line_1_47' title="bbox 299 3082 1889 3153; baseline -0.001 -16"><span class='ocrx_word' id='word_1_327' title='bbox 299 3082 530 3149; x_wconf 84' lang='lat' dir='ltr'><strong>diceret,</strong></span> <span class='ocrx_word' id='word_1_328' title='bbox 554 3082 716 3136; x_wconf 87' lang='lat' dir='ltr'><strong>aliam</strong></span> <span class='ocrx_word' id='word_1_329' title='bbox 767 3082 848 3137; x_wconf 84' lang='lat' dir='ltr'><strong>eis</strong></span> <span class='ocrx_word' id='word_1_330' title='bbox 892 3098 998 3137; x_wconf 90' lang='lat' dir='ltr'><strong>non</strong></span> <span class='ocrx_word' id='word_1_331' title='bbox 1049 3082 1233 3137; x_wconf 85' lang='lat' dir='ltr'><strong>intulit</strong></span> <span class='ocrx_word' id='word_1_332' title='bbox 1273 3082 1724 3153; x_wconf 83' lang='lat' dir='ltr'><strong>maledictionem,</strong></span> <span class='ocrx_word' id='word_1_333' title='bbox 1784 3082 1889 3136; x_wconf 91' lang='lat' dir='ltr'><strong>nisi</strong></span> 
     </span>
    </p>
   </div>
   <div class='ocr_carea' id='block_1_48' title="bbox 303 3172 1962 3244">
    <p class='ocr_par' dir='ltr' id='par_1_48' title="bbox 303 3172 1962 3244">
     <span class='ocr_line' id='line_1_48' title="bbox 303 3172 1962 3244; baseline 0.001 -15"><span class='ocrx_word' id='word_1_334' title='bbox 303 3174 588 3244; x_wconf 71' lang='lat' dir='ltr'><strong>sciniphes</strong></span> <span class='ocrx_word' id='word_1_335' title='bbox 632 3182 688 3229; x_wconf 94' lang='lat' dir='ltr'><strong>et</strong></span> <span class='ocrx_word' id='word_1_336' title='bbox 712 3174 913 3230; x_wconf 87' lang='lat' dir='ltr'><strong>culices</strong></span> <span class='ocrx_word' id='word_1_337' title='bbox 948 3174 1003 3229; x_wconf 92' lang='lat' dir='ltr'><strong>in</strong></span> <span class='ocrx_word' id='word_1_338' title='bbox 1029 3192 1123 3231; x_wconf 89' lang='lat' dir='ltr'><strong>eas</strong></span> <span class='ocrx_word' id='word_1_339' title='bbox 1160 3183 1219 3230; x_wconf 92' lang='lat' dir='ltr'><strong>ut</strong></span> <span class='ocrx_word' id='word_1_340' title='bbox 1260 3175 1578 3232; x_wconf 88' lang='lat' dir='ltr'><strong>immitteret</strong></span> <span class='ocrx_word' id='word_1_341' title='bbox 1606 3174 1887 3240; x_wconf 89' lang='lat' dir='ltr'><strong>Dominus,</strong></span> <span class='ocrx_word' id='word_1_342' title='bbox 1916 3172 1962 3235; x_wconf 91' lang='lat' dir='ltr'><strong>C</strong></span> 
     </span>
    </p>
   </div>
   <div class='ocr_carea' id='block_1_49' title="bbox 301 3265 1888 3337">
    <p class='ocr_par' dir='ltr' id='par_1_49' title="bbox 301 3265 1888 3337">
     <span class='ocr_line' id='line_1_49' title="bbox 301 3265 1888 3337; baseline 0.001 -20"><span class='ocrx_word' id='word_1_343' title='bbox 301 3273 363 3317; x_wconf 89' lang='lat' dir='ltr'><strong>ut</strong></span> <span class='ocrx_word' id='word_1_344' title='bbox 383 3279 480 3334; x_wconf 86' lang='lat' dir='ltr'><strong>per</strong></span> <span class='ocrx_word' id='word_1_345' title='bbox 503 3280 670 3336; x_wconf 68' lang='lat' dir='ltr'><strong>pana</strong></span> <span class='ocrx_word' id='word_1_346' title='bbox 697 3265 951 3320; x_wconf 86' lang='lat' dir='ltr'><strong>animalia</strong></span> <span class='ocrx_word' id='word_1_347' title='bbox 980 3281 1267 3337; x_wconf 83' lang='lat' dir='ltr'><strong>supernam</strong></span> <span class='ocrx_word' id='word_1_348' title='bbox 1302 3266 1559 3322; x_wconf 89' lang='lat' dir='ltr'><strong>virtutem</strong></span> <span class='ocrx_word' id='word_1_349' title='bbox 1584 3266 1888 3337; x_wconf 89' lang='lat' dir='ltr'><strong>potuissent</strong></span> 
     </span>
    </p>
   </div>
   <div class='ocr_carea' id='block_1_50' title="bbox 298 3356 1889 3431">
    <p class='ocr_par' dir='ltr' id='par_1_50' title="bbox 298 3356 1889 3431">
     <span class='ocr_line' id='line_1_50' title="bbox 298 3356 1889 3431; baseline -0.001 -18"><span class='ocrx_word' id='word_1_350' title='bbox 298 3373 621 3431; x_wconf 83' lang='lat' dir='ltr'><strong>agnoscere.</strong></span> <span class='ocrx_word' id='word_1_351' title='bbox 650 3356 816 3428; x_wconf 82' lang='lat' dir='ltr'><strong>Cujus</strong></span> <span class='ocrx_word' id='word_1_352' title='bbox 842 3358 1143 3414; x_wconf 90' lang='lat' dir='ltr'><strong>orationem</strong></span> <span class='ocrx_word' id='word_1_353' title='bbox 1168 3365 1331 3414; x_wconf 68' lang='lat' dir='ltr'><strong>tanta:</strong></span> <span class='ocrx_word' id='word_1_354' title='bbox 1359 3357 1568 3414; x_wconf 69' lang='lat' dir='ltr'><strong>nebula:</strong></span> <span class='ocrx_word' id='word_1_355' title='bbox 1587 3358 1889 3413; x_wconf 74' lang='lat' dir='ltr'><strong>subsecuta:</strong></span> 
     </span>
    </p>
   </div>
   <div class='ocr_carea' id='block_1_51' title="bbox 299 3446 1885 3522">
    <p class='ocr_par' dir='ltr' id='par_1_51' title="bbox 299 3446 1885 3522">
     <span class='ocr_line' id='line_1_51' title="bbox 299 3446 1885 3522; baseline -0.004 -15"><span class='ocrx_word' id='word_1_356' title='bbox 299 3449 608 3507; x_wconf 77' lang='lat' dir='ltr'><strong>scininbum</strong></span> <span class='ocrx_word' id='word_1_357' title='bbox 634 3456 690 3504; x_wconf 85' lang='lat' dir='ltr'><strong>et</strong></span> <span class='ocrx_word' id='word_1_358' title='bbox 734 3448 987 3515; x_wconf 91' lang='lat' dir='ltr'><strong>culicum,</strong></span> <span class='ocrx_word' id='word_1_359' title='bbox 1043 3448 1309 3522; x_wconf 88' lang='lat' dir='ltr'><strong>replentes</strong></span> <span class='ocrx_word' id='word_1_360' title='bbox 1345 3457 1525 3504; x_wconf 90' lang='lat' dir='ltr'><strong>castra</strong></span> <span class='ocrx_word' id='word_1_361' title='bbox 1574 3446 1885 3511; x_wconf 88' lang='lat' dir='ltr'><strong>Persarmn,</strong></span> 
     </span>
    </p>
   </div>
   <div class='ocr_carea' id='block_1_52' title="bbox 301 3537 1889 3610">
    <p class='ocr_par' dir='ltr' id='par_1_52' title="bbox 301 3537 1889 3610">
     <span class='ocr_line' id='line_1_52' title="bbox 301 3537 1889 3610; baseline -0.001 -16"><span class='ocrx_word' id='word_1_362' title='bbox 301 3548 365 3594; x_wconf 88' lang='lat' dir='ltr'><strong>ut</strong></span> <span class='ocrx_word' id='word_1_363' title='bbox 391 3538 704 3610; x_wconf 87' lang='lat' dir='ltr'><strong>elephantes</strong></span> <span class='ocrx_word' id='word_1_364' title='bbox 731 3547 788 3595; x_wconf 89' lang='lat' dir='ltr'><strong>et</strong></span> <span class='ocrx_word' id='word_1_365' title='bbox 806 3538 930 3610; x_wconf 91' lang='lat' dir='ltr'><strong>equi</strong></span> <span class='ocrx_word' id='word_1_366' title='bbox 954 3539 1060 3593; x_wconf 91' lang='lat' dir='ltr'><strong>vim</strong></span> <span class='ocrx_word' id='word_1_367' title='bbox 1090 3553 1196 3593; x_wconf 93' lang='lat' dir='ltr'><strong>non</strong></span> <span class='ocrx_word' id='word_1_368' title='bbox 1222 3538 1477 3604; x_wconf 90' lang='lat' dir='ltr'><strong>ferentes,</strong></span> <span class='ocrx_word' id='word_1_369' title='bbox 1517 3553 1703 3594; x_wconf 90' lang='lat' dir='ltr'><strong>earum</strong></span> <span class='ocrx_word' id='word_1_370' title='bbox 1744 3537 1889 3599; x_wconf 81' lang='lat' dir='ltr'><strong>acies</strong></span> 
     </span>
    </p>
   </div>
   <div class='ocr_carea' id='block_1_53' title="bbox 300 3626 1889 3700">
    <p class='ocr_par' dir='ltr' id='par_1_53' title="bbox 300 3626 1889 3700">
     <span class='ocr_line' id='line_1_53' title="bbox 300 3626 1889 3700; baseline -0.002 -17"><span class='ocrx_word' id='word_1_371' title='bbox 300 3628 710 3700; x_wconf 82' lang='lat' dir='ltr'><strong>perturbarent,</strong></span> <span class='ocrx_word' id='word_1_372' title='bbox 740 3636 795 3685; x_wconf 92' lang='lat' dir='ltr'><strong>et</strong></span> <span class='ocrx_word' id='word_1_373' title='bbox 818 3637 997 3685; x_wconf 88' lang='lat' dir='ltr'><strong>castra</strong></span> <span class='ocrx_word' id='word_1_374' title='bbox 1048 3626 1464 3693; x_wconf 88' lang='lat' dir='ltr'><strong>confunderent,</strong></span> <span class='ocrx_word' id='word_1_375' title='bbox 1495 3636 1660 3698; x_wconf 90' lang='lat' dir='ltr'><strong>atque</strong></span> <span class='ocrx_word' id='word_1_376' title='bbox 1706 3626 1759 3681; x_wconf 88' lang='lat' dir='ltr'><strong>in</strong></span> <span class='ocrx_word' id='word_1_377' title='bbox 1807 3627 1889 3680; x_wconf 92' lang='lat' dir='ltr'><strong>di-</strong></span> 
     </span>
    </p>
   </div>
   <div class='ocr_carea' id='block_1_54' title="bbox 239 3717 1887 3790">
    <p class='ocr_par' dir='ltr' id='par_1_54' title="bbox 239 3717 1887 3790">
     <span class='ocr_line' id='line_1_54' title="bbox 239 3717 1887 3790; baseline 0 -20"><span class='ocrx_word' id='word_1_378' title='bbox 239 3787 243 3790; x_wconf 5' lang='lat' dir='ltr'><strong>g</strong></span> <span class='ocrx_word' id='word_1_379' title='bbox 305 3735 460 3775; x_wconf 86' lang='lat' dir='ltr'><strong>versa</strong></span> <span class='ocrx_word' id='word_1_380' title='bbox 485 3717 840 3774; x_wconf 87' lang='lat' dir='ltr'><strong>discurrendo</strong></span> <span class='ocrx_word' id='word_1_381' title='bbox 871 3718 1085 3774; x_wconf 87' lang='lat' dir='ltr'><strong>deserta</strong></span> <span class='ocrx_word' id='word_1_382' title='bbox 1113 3725 1375 3789; x_wconf 87' lang='lat' dir='ltr'><strong>peterent.</strong></span> <span class='ocrx_word' id='word_1_383' title='bbox 1401 3717 1623 3773; x_wconf 82' lang='lat' dir='ltr'><strong>Talibus</strong></span> <span class='ocrx_word' id='word_1_384' title='bbox 1663 3731 1753 3772; x_wconf 80' lang='lat' dir='ltr'><strong>rex</strong></span> <span class='ocrx_word' id='word_1_385' title='bbox 1790 3732 1887 3786; x_wconf 81' lang='lat' dir='ltr'><strong>po—</strong></span> 
     </span>
    </p>
   </div>
   <div class='ocr_carea' id='block_1_55' title="bbox 302 3807 1885 3877">
    <p class='ocr_par' dir='ltr' id='par_1_55' title="bbox 302 3807 1885 3877">
     <span class='ocr_line' id='line_1_55' title="bbox 302 3807 1885 3877; baseline -0.006 -9"><span class='ocrx_word' id='word_1_386' title='bbox 302 3809 643 3868; x_wconf 79' lang='lat' dir='ltr'><strong>tentissimus</strong></span> <span class='ocrx_word' id='word_1_387' title='bbox 687 3824 811 3865; x_wconf 88' lang='lat' dir='ltr'><strong>cum</strong></span> <span class='ocrx_word' id='word_1_388' title='bbox 863 3808 1242 3864; x_wconf 89' lang='lat' dir='ltr'><strong>innumerabili</strong></span> <span class='ocrx_word' id='word_1_389' title='bbox 1268 3808 1510 3863; x_wconf 84' lang='lat' dir='ltr'><strong>exercitu</strong></span> <span class='ocrx_word' id='word_1_390' title='bbox 1542 3807 1885 3877; x_wconf 89' lang='lat' dir='ltr'><strong>perterritus,</strong></span> 
     </span>
    </p>
   </div>
   <div class='ocr_carea' id='block_1_56' title="bbox 298 3904 1889 3976">
    <p class='ocr_par' dir='ltr' id='par_1_56' title="bbox 298 3904 1889 3976">
     <span class='ocr_line' id='line_1_56' title="bbox 298 3904 1889 3976; baseline -0.002 -12"><span class='ocrx_word' id='word_1_391' title='bbox 298 3909 586 3964; x_wconf 72' lang='lat' dir='ltr'><strong>(bsidione</strong></span> <span class='ocrx_word' id='word_1_392' title='bbox 611 3907 785 3963; x_wconf 85' lang='lat' dir='ltr'><strong>soluta</strong></span> <span class='ocrx_word' id='word_1_393' title='bbox 810 3908 1034 3964; x_wconf 86' lang='lat' dir='ltr'><strong>recessit</strong></span> <span class='ocrx_word' id='word_1_394' title='bbox 1075 3905 1350 3963; x_wconf 85' lang='lat' dir='ltr'><strong>confusus.</strong></span> <span class='ocrx_word' id='word_1_395' title='bbox 1395 3906 1495 3960; x_wconf 84' lang='lat' dir='ltr'><strong>llic</strong></span> <span class='ocrx_word' id='word_1_396' title='bbox 1540 3920 1771 3976; x_wconf 88' lang='lat' dir='ltr'><strong>namque</strong></span> <span class='ocrx_word' id='word_1_397' title='bbox 1798 3904 1889 3961; x_wconf 84' lang='lat' dir='ltr'><strong>Ja-</strong></span> 
     </span>
    </p>
   </div>
   <div class='ocr_carea' id='block_1_57' title="bbox 299 3988 1887 4069">
    <p class='ocr_par' dir='ltr' id='par_1_57' title="bbox 299 3988 1887 4069">
     <span class='ocr_line' id='line_1_57' title="bbox 299 3988 1887 4069; baseline -0.003 -11"><span class='ocrx_word' id='word_1_398' title='bbox 299 4002 478 4059; x_wconf 85' lang='lat' dir='ltr'><strong>cobus</strong></span> <span class='ocrx_word' id='word_1_399' title='bbox 510 3988 652 4056; x_wconf 83' lang='lat' dir='ltr'><strong>unus</strong></span> <span class='ocrx_word' id='word_1_400' title='bbox 670 4015 738 4056; x_wconf 82' lang='lat' dir='ltr'><strong>ex</strong></span> <span class='ocrx_word' id='word_1_401' title='bbox 759 4015 946 4056; x_wconf 87' lang='lat' dir='ltr'><strong>eorum</strong></span> <span class='ocrx_word' id='word_1_402' title='bbox 991 4015 1215 4055; x_wconf 83' lang='lat' dir='ltr'><strong>numero</strong></span> <span class='ocrx_word' id='word_1_403' title='bbox 1242 3998 1342 4054; x_wconf 81' lang='lat' dir='ltr'><strong>fuit</strong></span> <span class='ocrx_word' id='word_1_404' title='bbox 1366 4000 1761 4065; x_wconf 89' lang='lat' dir='ltr'><strong>confessorum,</strong></span> <span class='ocrx_word' id='word_1_405' title='bbox 1794 3998 1887 4069; x_wconf 90' lang='lat' dir='ltr'><strong>qui</strong></span> 
     </span>
    </p>
   </div>
   <div class='ocr_carea' id='block_1_58' title="bbox 300 4089 1886 4162">
    <p class='ocr_par' dir='ltr' id='par_1_58' title="bbox 300 4089 1886 4162">
     <span class='ocr_line' id='line_1_58' title="bbox 300 4089 1886 4162; baseline -0.003 -13"><span class='ocrx_word' id='word_1_406' title='bbox 300 4092 407 4150; x_wconf 82' lang='lat' dir='ltr'><strong>sub</strong></span> <span class='ocrx_word' id='word_1_407' title='bbox 453 4090 781 4147; x_wconf 63' lang='lat' dir='ltr'><strong>Maximiano</strong></span> <span class='ocrx_word' id='word_1_408' title='bbox 828 4100 1175 4162; x_wconf 82' lang='lat' dir='ltr'><strong>persecutore</strong></span> <span class='ocrx_word' id='word_1_409' title='bbox 1219 4091 1550 4154; x_wconf 87' lang='lat' dir='ltr'><strong>claruerunt,</strong></span> <span class='ocrx_word' id='word_1_410' title='bbox 1596 4098 1654 4147; x_wconf 88' lang='lat' dir='ltr'><strong>et</strong></span> <span class='ocrx_word' id='word_1_411' title='bbox 1690 4089 1781 4160; x_wconf 89' lang='lat' dir='ltr'><strong>qui</strong></span> <span class='ocrx_word' id='word_1_412' title='bbox 1830 4091 1886 4147; x_wconf 90' lang='lat' dir='ltr'><strong>in</strong></span> 
     </span>
    </p>
   </div>
   <div class='ocr_carea' id='block_1_59' title="bbox 301 4178 1885 4255">
    <p class='ocr_par' dir='ltr' id='par_1_59' title="bbox 301 4178 1885 4255">
     <span class='ocr_line' id='line_1_59' title="bbox 301 4178 1885 4255; baseline -0.004 -15"><span class='ocrx_word' id='word_1_413' title='bbox 301 4184 524 4240; x_wconf 59' lang='lat' dir='ltr'><strong>Nicena</strong></span> <span class='ocrx_word' id='word_1_414' title='bbox 548 4183 756 4255; x_wconf 80' lang='lat' dir='ltr'><strong>synodo</strong></span> <span class='ocrx_word' id='word_1_415' title='bbox 778 4181 1042 4238; x_wconf 83' lang='lat' dir='ltr'><strong>Arianum</strong></span> <span class='ocrx_word' id='word_1_416' title='bbox 1071 4182 1262 4253; x_wconf 87' lang='lat' dir='ltr'><strong>dogma</strong></span> <span class='ocrx_word' id='word_1_417' title='bbox 1293 4181 1701 4235; x_wconf 88' lang='lat' dir='ltr'><strong>damnaverunt.</strong></span> <span class='ocrx_word' id='word_1_418' title='bbox 1736 4178 1885 4234; x_wconf 88' lang='lat' dir='ltr'><strong>Scri-</strong></span> 
     </span>
    </p>
   </div>
   <div class='ocr_carea' id='block_1_60' title="bbox 300 4271 1889 4348">
    <p class='ocr_par' dir='ltr' id='par_1_60' title="bbox 300 4271 1889 4348">
     <span class='ocr_line' id='line_1_60' title="bbox 300 4271 1889 4348; baseline -0.003 -18"><span class='ocrx_word' id='word_1_419' title='bbox 300 4274 575 4348; x_wconf 84' lang='lat' dir='ltr'><strong>psitenim</strong></span> <span class='ocrx_word' id='word_1_420' title='bbox 620 4273 792 4330; x_wconf 85' lang='lat' dir='ltr'><strong>libros</strong></span> <span class='ocrx_word' id='word_1_421' title='bbox 812 4271 883 4327; x_wconf 67' lang='lat'><strong>26</strong></span> <span class='ocrx_word' id='word_1_422' title='bbox 913 4271 1051 4344; x_wconf 82' lang='lat' dir='ltr'><strong>Syro</strong></span> <span class='ocrx_word' id='word_1_423' title='bbox 1077 4287 1349 4337; x_wconf 87' lang='lat' dir='ltr'><strong>sermone,</strong></span> <span class='ocrx_word' id='word_1_424' title='bbox 1380 4271 1434 4327; x_wconf 91' lang='lat' dir='ltr'><strong>id</strong></span> <span class='ocrx_word' id='word_1_425' title='bbox 1478 4278 1583 4339; x_wconf 87' lang='lat' dir='ltr'><strong>est,</strong></span> <span class='ocrx_word' id='word_1_426' title='bbox 1628 4271 1889 4327; x_wconf 88' lang='lat' dir='ltr'><strong>adversus</strong></span> 
     </span>
    </p>
   </div>
   <div class='ocr_carea' id='block_1_61' title="bbox 298 4358 1887 4432">
    <p class='ocr_par' dir='ltr' id='par_1_61' title="bbox 298 4358 1887 4432">
     <span class='ocr_line' id='line_1_61' title="bbox 298 4358 1887 4432; baseline -0.005 -9"><span class='ocrx_word' id='word_1_427' title='bbox 298 4379 496 4423; x_wconf 77' lang='lat' dir='ltr'><strong>emes</strong></span> <span class='ocrx_word' id='word_1_428' title='bbox 520 4366 779 4430; x_wconf 63' lang='lat' dir='ltr'><strong>haereses,</strong></span> <span class='ocrx_word' id='word_1_429' title='bbox 800 4362 869 4419; x_wconf 91' lang='lat' dir='ltr'><strong>de</strong></span> <span class='ocrx_word' id='word_1_430' title='bbox 892 4363 1158 4420; x_wconf 75' lang='lat' dir='ltr'><strong>charitate</strong></span> <span class='ocrx_word' id='word_1_431' title='bbox 1185 4360 1446 4432; x_wconf 79' lang='lat' dir='ltr'><strong>generali,</strong></span> <span class='ocrx_word' id='word_1_432' title='bbox 1473 4362 1540 4417; x_wconf 84' lang='lat' dir='ltr'><strong>de</strong></span> <span class='ocrx_word' id='word_1_433' title='bbox 1561 4358 1787 4432; x_wconf 82' lang='lat' dir='ltr'><strong>jejunio,</strong></span> <span class='ocrx_word' id='word_1_434' title='bbox 1818 4359 1887 4416; x_wconf 90' lang='lat' dir='ltr'><strong>de</strong></span> 
     </span>
    </p>
   </div>
   <div class='ocr_carea' id='block_1_62' title="bbox 1998 1876 3582 1950">
    <p class='ocr_par' dir='ltr' id='par_1_62' title="bbox 1998 1876 3582 1950">
     <span class='ocr_line' id='line_1_62' title="bbox 1998 1876 3582 1950; baseline 0.001 -18"><span class='ocrx_word' id='word_1_435' title='bbox 1998 1877 2127 1933; x_wconf 91' lang='lat' dir='ltr'><strong>nulli</strong></span> <span class='ocrx_word' id='word_1_436' title='bbox 2167 1877 2427 1933; x_wconf 89' lang='lat' dir='ltr'><strong>nobilium</strong></span> <span class='ocrx_word' id='word_1_437' title='bbox 2474 1877 2776 1933; x_wconf 71' lang='lat' dir='ltr'><strong>Antiochia:</strong></span> <span class='ocrx_word' id='word_1_438' title='bbox 2820 1894 2851 1933; x_wconf 85' lang='lat' dir='ltr'><strong>a</strong></span> <span class='ocrx_word' id='word_1_439' title='bbox 2889 1877 3043 1933; x_wconf 88' lang='lat' dir='ltr'><strong>Gallo</strong></span> <span class='ocrx_word' id='word_1_440' title='bbox 3075 1877 3366 1933; x_wconf 85' lang='lat' dir='ltr'><strong>interfecti.</strong></span> <span class='ocrx_word' id='word_1_441' title='bbox 3396 1876 3582 1950; x_wconf 79' lang='lat' dir='ltr'><strong>Tytia-</strong></span> 
     </span>
    </p>
   </div>
   <div class='ocr_carea' id='block_1_63' title="bbox 1995 1968 3577 2038">
    <p class='ocr_par' dir='ltr' id='par_1_63' title="bbox 1995 1968 3577 2038">
     <span class='ocr_line' id='line_1_63' title="bbox 1995 1968 3577 2038; baseline 0 -16"><span class='ocrx_word' id='word_1_442' title='bbox 1995 1983 2100 2023; x_wconf 91' lang='lat' dir='ltr'><strong>nus</strong></span> <span class='ocrx_word' id='word_1_443' title='bbox 2130 1977 2257 2022; x_wconf 89' lang='lat' dir='ltr'><strong>tunc</strong></span> <span class='ocrx_word' id='word_1_444' title='bbox 2282 1968 2368 2021; x_wconf 80' lang='lat' dir='ltr'><strong>vir</strong></span> <span class='ocrx_word' id='word_1_445' title='bbox 2391 1968 2670 2037; x_wconf 79' lang='lat' dir='ltr'><strong>eloquens,</strong></span> <span class='ocrx_word' id='word_1_446' title='bbox 2717 1969 3092 2038; x_wconf 72' lang='lat' dir='ltr'><strong>przefecturam</strong></span> <span class='ocrx_word' id='word_1_447' title='bbox 3139 1968 3393 2038; x_wconf 65' lang='lat' dir='ltr'><strong>praetorio</strong></span> <span class='ocrx_word' id='word_1_448' title='bbox 3435 1968 3577 2038; x_wconf 80' lang='lat' dir='ltr'><strong>apud</strong></span> 
     </span>
    </p>
   </div>
   <div class='ocr_carea' id='block_1_64' title="bbox 1996 2056 3579 2123">
    <p class='ocr_par' dir='ltr' id='par_1_64' title="bbox 1996 2056 3579 2123">
     <span class='ocr_line' id='line_1_64' title="bbox 1996 2056 3579 2123; baseline 0 -11"><span class='ocrx_word' id='word_1_449' title='bbox 1996 2056 2199 2113; x_wconf 67' lang='lat' dir='ltr'><strong>Gallias</strong></span> <span class='ocrx_word' id='word_1_450' title='bbox 2234 2057 2669 2123; x_wconf 80' lang='lat' dir='ltr'><strong>administrabat,</strong></span> <span class='ocrx_word' id='word_1_451' title='bbox 2715 2058 3025 2113; x_wconf 85' lang='lat' dir='ltr'><strong>Victorinus</strong></span> <span class='ocrx_word' id='word_1_452' title='bbox 3047 2058 3233 2112; x_wconf 83' lang='lat' dir='ltr'><strong>rhetor</strong></span> <span class='ocrx_word' id='word_1_453' title='bbox 3258 2067 3314 2113; x_wconf 89' lang='lat' dir='ltr'><strong>et</strong></span> <span class='ocrx_word' id='word_1_454' title='bbox 3337 2056 3579 2112; x_wconf 85' lang='lat' dir='ltr'><strong>Donatus</strong></span> 
     </span>
    </p>
   </div>
   <div class='ocr_carea' id='block_1_65' title="bbox 1994 2146 3574 2219">
    <p class='ocr_par' dir='ltr' id='par_1_65' title="bbox 1994 2146 3574 2219">
     <span class='ocr_line' id='line_1_65' title="bbox 1994 2146 3574 2219; baseline 0.001 -18"><span class='ocrx_word' id='word_1_455' title='bbox 1994 2148 2378 2219; x_wconf 89' lang='lat' dir='ltr'><strong>grammaticus</strong></span> <span class='ocrx_word' id='word_1_456' title='bbox 2398 2160 2761 2219; x_wconf 73' lang='lat' dir='ltr'><strong>pnuceptores</strong></span> <span class='ocrx_word' id='word_1_457' title='bbox 2781 2146 3091 2218; x_wconf 78' lang='lat' dir='ltr'><strong>Hieronymi</strong></span> <span class='ocrx_word' id='word_1_458' title='bbox 3119 2146 3303 2202; x_wconf 72' lang='lat' dir='ltr'><strong>Roma:</strong></span> <span class='ocrx_word' id='word_1_459' title='bbox 3334 2146 3574 2216; x_wconf 86' lang='lat' dir='ltr'><strong>insignes</strong></span> 
     </span>
    </p>
   </div>
   <div class='ocr_carea' id='block_1_66' title="bbox 1994 2235 3577 2309">
    <p class='ocr_par' dir='ltr' id='par_1_66' title="bbox 1994 2235 3577 2309">
     <span class='ocr_line' id='line_1_66' title="bbox 1994 2235 3577 2309; baseline -0.002 -17"><span class='ocrx_word' id='word_1_460' title='bbox 1994 2237 2300 2293; x_wconf 87' lang='lat' dir='ltr'><strong>habentur:</strong></span> <span class='ocrx_word' id='word_1_461' title='bbox 2350 2254 2382 2293; x_wconf 90' lang='lat' dir='ltr'><strong>e</strong></span> <span class='ocrx_word' id='word_1_462' title='bbox 2431 2240 2627 2309; x_wconf 83' lang='lat' dir='ltr'><strong>quibus</strong></span> <span class='ocrx_word' id='word_1_463' title='bbox 2675 2237 2980 2294; x_wconf 72' lang='lat' dir='ltr'><strong>Victorinus</strong></span> <span class='ocrx_word' id='word_1_464' title='bbox 3028 2237 3191 2290; x_wconf 82' lang='lat' dir='ltr'><strong>etiam</strong></span> <span class='ocrx_word' id='word_1_465' title='bbox 3238 2244 3474 2291; x_wconf 82' lang='lat' dir='ltr'><strong>statuam</strong></span> <span class='ocrx_word' id='word_1_466' title='bbox 3522 2235 3577 2290; x_wconf 86' lang='lat' dir='ltr'><strong>in</strong></span> 
     </span>
    </p>
   </div>
   <div class='ocr_carea' id='block_1_67' title="bbox 1993 2327 3575 2402">
    <p class='ocr_par' dir='ltr' id='par_1_67' title="bbox 1993 2327 3575 2402">
     <span class='ocr_line' id='line_1_67' title="bbox 1993 2327 3575 2402; baseline -0.003 -17"><span class='ocrx_word' id='word_1_467' title='bbox 1993 2328 2114 2385; x_wconf 84' lang='lat' dir='ltr'><strong>foro</strong></span> <span class='ocrx_word' id='word_1_468' title='bbox 2139 2330 2357 2402; x_wconf 89' lang='lat' dir='ltr'><strong>Trajani</strong></span> <span class='ocrx_word' id='word_1_469' title='bbox 2379 2332 2598 2385; x_wconf 89' lang='lat' dir='ltr'><strong>meruit.</strong></span> <span class='ocrx_word' id='word_1_470' title='bbox 2629 2332 2836 2398; x_wconf 85' lang='lat' dir='ltr'><strong>Quibus</strong></span> <span class='ocrx_word' id='word_1_471' title='bbox 2857 2331 3044 2385; x_wconf 76' lang='lat' dir='ltr'><strong>diebus</strong></span> <span class='ocrx_word' id='word_1_472' title='bbox 3088 2327 3327 2399; x_wconf 75' lang='lat' dir='ltr'><strong>relian</strong></span> <span class='ocrx_word' id='word_1_473' title='bbox 3347 2327 3575 2397; x_wconf 82' lang='lat' dir='ltr'><strong>apostoli</strong></span> 
     </span>
    </p>
   </div>
   <div class='ocr_carea' id='block_1_68' title="bbox 1992 2417 3580 2489">
    <p class='ocr_par' dir='ltr' id='par_1_68' title="bbox 1992 2417 3580 2489">
     <span class='ocr_line' id='line_1_68' title="bbox 1992 2417 3580 2489; baseline 0.001 -17"><span class='ocrx_word' id='word_1_474' title='bbox 1992 2417 2259 2476; x_wconf 82' lang='lat' dir='ltr'><strong>Timothei</strong></span> <span class='ocrx_word' id='word_1_475' title='bbox 2290 2418 2808 2489; x_wconf 85' lang='lat' dir='ltr'><strong>Constantinopolim</strong></span> <span class='ocrx_word' id='word_1_476' title='bbox 2832 2421 3078 2475; x_wconf 63' lang='lat' dir='ltr'><strong>invecta}.</strong></span> <span class='ocrx_word' id='word_1_477' title='bbox 3106 2417 3425 2474; x_wconf 82' lang='lat' dir='ltr'><strong>Constantio</strong></span> <span class='ocrx_word' id='word_1_478' title='bbox 3449 2430 3580 2473; x_wconf 88' lang='lat' dir='ltr'><strong>vero</strong></span> 
     </span>
    </p>
   </div>
   <div class='ocr_carea' id='block_1_69' title="bbox 1992 2509 3580 2582">
    <p class='ocr_par' dir='ltr' id='par_1_69' title="bbox 1992 2509 3580 2582">
     <span class='ocr_line' id='line_1_69' title="bbox 1992 2509 3580 2582; baseline -0.001 -17"><span class='ocrx_word' id='word_1_479' title='bbox 1992 2510 2219 2566; x_wconf 82' lang='lat' dir='ltr'><strong>Romam</strong></span> <span class='ocrx_word' id='word_1_480' title='bbox 2244 2511 2508 2582; x_wconf 85' lang='lat' dir='ltr'><strong>ingresso,</strong></span> <span class='ocrx_word' id='word_1_481' title='bbox 2560 2527 2684 2567; x_wconf 86' lang='lat' dir='ltr'><strong>ossa</strong></span> <span class='ocrx_word' id='word_1_482' title='bbox 2740 2511 2968 2566; x_wconf 74' lang='lat' dir='ltr'><strong>Androm</strong></span> <span class='ocrx_word' id='word_1_483' title='bbox 3014 2510 3265 2581; x_wconf 84' lang='lat' dir='ltr'><strong>apostoli,</strong></span> <span class='ocrx_word' id='word_1_484' title='bbox 3316 2518 3372 2564; x_wconf 92' lang='lat' dir='ltr'><strong>et</strong></span> <span class='ocrx_word' id='word_1_485' title='bbox 3418 2509 3580 2564; x_wconf 63' lang='lat' dir='ltr'><strong>Luem</strong></span> 
     </span>
    </p>
   </div>
   <div class='ocr_carea' id='block_1_70' title="bbox 1992 2599 3578 2672">
    <p class='ocr_par' dir='ltr' id='par_1_70' title="bbox 1992 2599 3578 2672">
     <span class='ocr_line' id='line_1_70' title="bbox 1992 2599 3578 2672; baseline -0.002 -17"><span class='ocrx_word' id='word_1_486' title='bbox 1992 2599 2347 2672; x_wconf 78' lang='lat' dir='ltr'><strong>Evangelistae</strong></span> <span class='ocrx_word' id='word_1_487' title='bbox 2369 2616 2398 2656; x_wconf 87' lang='lat' dir='ltr'><strong>a</strong></span> <span class='ocrx_word' id='word_1_488' title='bbox 2424 2600 3039 2672; x_wconf 84' lang='lat' dir='ltr'><strong>Constantinopolitanis</strong></span> <span class='ocrx_word' id='word_1_489' title='bbox 3062 2601 3200 2655; x_wconf 90' lang='lat' dir='ltr'><strong>miro</strong></span> <span class='ocrx_word' id='word_1_490' title='bbox 3233 2599 3420 2654; x_wconf 82' lang='lat' dir='ltr'><strong>favore</strong></span> <span class='ocrx_word' id='word_1_491' title='bbox 3451 2606 3578 2653; x_wconf 77' lang='lat' dir='ltr'><strong>sunt</strong></span> 
     </span>
    </p>
   </div>
   <div class='ocr_carea' id='block_1_71' title="bbox 1990 2686 3578 2760">
    <p class='ocr_par' dir='ltr' id='par_1_71' title="bbox 1990 2686 3578 2760">
     <span class='ocr_line' id='line_1_71' title="bbox 1990 2686 3578 2760; baseline -0.001 -16"><span class='ocrx_word' id='word_1_492' title='bbox 1990 2698 2265 2759; x_wconf 89' lang='lat' dir='ltr'><strong>suscepta.</strong></span> <span class='ocrx_word' id='word_1_493' title='bbox 2322 2690 2560 2745; x_wconf 81' lang='lat' dir='ltr'><strong>Hilarius</strong></span> <span class='ocrx_word' id='word_1_494' title='bbox 2610 2692 2790 2760; x_wconf 85' lang='lat' dir='ltr'><strong>itaque</strong></span> <span class='ocrx_word' id='word_1_495' title='bbox 2831 2695 2954 2745; x_wconf 81' lang='lat' dir='ltr'><strong>cum</strong></span> <span class='ocrx_word' id='word_1_496' title='bbox 3006 2689 3147 2759; x_wconf 84' lang='lat' dir='ltr'><strong>apud</strong></span> <span class='ocrx_word' id='word_1_497' title='bbox 3194 2686 3578 2743; x_wconf 85' lang='lat' dir='ltr'><strong>Constantino-</strong></span> 
     </span>
    </p>
   </div>
   <div class='ocr_carea' id='block_1_72' title="bbox 1989 2775 3576 2852">
    <p class='ocr_par' dir='ltr' id='par_1_72' title="bbox 1989 2775 3576 2852">
     <span class='ocr_line' id='line_1_72' title="bbox 1989 2775 3576 2852; baseline -0.003 -18"><span class='ocrx_word' id='word_1_498' title='bbox 1989 2779 2156 2850; x_wconf 90' lang='lat' dir='ltr'><strong>polim</strong></span> <span class='ocrx_word' id='word_1_499' title='bbox 2178 2779 2371 2835; x_wconf 82' lang='lat' dir='ltr'><strong>librum</strong></span> <span class='ocrx_word' id='word_1_500' title='bbox 2408 2796 2508 2852; x_wconf 89' lang='lat' dir='ltr'><strong>pro</strong></span> <span class='ocrx_word' id='word_1_501' title='bbox 2533 2794 2593 2836; x_wconf 87' lang='lat' dir='ltr'><strong>se</strong></span> <span class='ocrx_word' id='word_1_502' title='bbox 2619 2781 2937 2836; x_wconf 68' lang='lat' dir='ltr'><strong>Cumtantio</strong></span> <span class='ocrx_word' id='word_1_503' title='bbox 2974 2779 3326 2851; x_wconf 73' lang='lat' dir='ltr'><strong>perrexisset,</strong></span> <span class='ocrx_word' id='word_1_504' title='bbox 3354 2778 3421 2832; x_wconf 92' lang='lat' dir='ltr'><strong>ad</strong></span> <span class='ocrx_word' id='word_1_505' title='bbox 3448 2775 3576 2833; x_wconf 86' lang='lat' dir='ltr'><strong>Gal-</strong></span> 
     </span>
    </p>
   </div>
   <div class='ocr_carea' id='block_1_73' title="bbox 1991 2868 3574 2942">
    <p class='ocr_par' dir='ltr' id='par_1_73' title="bbox 1991 2868 3574 2942">
     <span class='ocr_line' id='line_1_73' title="bbox 1991 2868 3574 2942; baseline -0.003 -17"><span class='ocrx_word' id='word_1_506' title='bbox 1991 2871 2093 2926; x_wconf 89' lang='lat' dir='ltr'><strong>lias</strong></span> <span class='ocrx_word' id='word_1_507' title='bbox 2123 2872 2284 2939; x_wconf 89' lang='lat' dir='ltr'><strong>redit,</strong></span> <span class='ocrx_word' id='word_1_508' title='bbox 2303 2872 2399 2942; x_wconf 87' lang='lat' dir='ltr'><strong>qui</strong></span> <span class='ocrx_word' id='word_1_509' title='bbox 2427 2886 2675 2928; x_wconf 85' lang='lat' dir='ltr'><strong>reversus</strong></span> <span class='ocrx_word' id='word_1_510' title='bbox 2703 2872 3060 2930; x_wconf 77' lang='lat' dir='ltr'><strong>Ariminensis</strong></span> <span class='ocrx_word' id='word_1_511' title='bbox 3085 2870 3324 2942; x_wconf 58' lang='lat' dir='ltr'><strong>perticis:</strong></span> <span class='ocrx_word' id='word_1_512' title='bbox 3346 2868 3495 2925; x_wconf 88' lang='lat' dir='ltr'><strong>dolos</strong></span> <span class='ocrx_word' id='word_1_513' title='bbox 3521 2869 3574 2924; x_wconf 89' lang='lat' dir='ltr'><strong>in</strong></span> 
     </span>
    </p>
   </div>
   <div class='ocr_carea' id='block_1_74' title="bbox 1986 2948 2422 3008">
    <p class='ocr_par' dir='ltr' id='par_1_74' title="bbox 1986 2948 2422 3008">
     <span class='ocr_line' id='line_1_74' title="bbox 1986 2948 2422 3008; baseline -0.005 -1"><span class='ocrx_word' id='word_1_514' title='bbox 1986 2948 2163 3007; x_wconf 83' lang='lat' dir='ltr'><strong>Gallia</strong></span> <span class='ocrx_word' id='word_1_515' title='bbox 2180 2950 2422 3008; x_wconf 88' lang='lat' dir='ltr'><strong>damnat.</strong></span> 
     </span>
    </p>
   </div>
   <div class='ocr_carea' id='block_1_75' title="bbox 2622 3019 2968 3077">
    <p class='ocr_par' dir='ltr' id='par_1_75' title="bbox 2622 3019 2968 3077">
     <span class='ocr_line' id='line_1_75' title="bbox 2622 3019 2968 3077; baseline -0.003 0"><span class='ocrx_word' id='word_1_516' title='bbox 2622 3019 2849 3077; x_wconf 78' lang='lat' dir='ltr'><strong>CAPUT</strong></span> <span class='ocrx_word' id='word_1_517' title='bbox 2876 3019 2968 3076; x_wconf 83' lang='lat' dir='ltr'><strong>IX.</strong></span> 
     </span>
    </p>
   </div>
   <div class='ocr_carea' id='block_1_76' title="bbox 1994 3110 3575 3180">
    <p class='ocr_par' dir='ltr' id='par_1_76' title="bbox 1994 3110 3575 3180">
     <span class='ocr_line' id='line_1_76' title="bbox 1994 3110 3575 3180; baseline -0.002 -12"><span class='ocrx_word' id='word_1_518' title='bbox 1994 3112 2237 3180; x_wconf 80' lang='lat' dir='ltr'><strong>Qualiter</strong></span> <span class='ocrx_word' id='word_1_519' title='bbox 2259 3114 2509 3170; x_wconf 72' lang='lat' dir='ltr'><strong>Julianus</strong></span> <span class='ocrx_word' id='word_1_520' title='bbox 2541 3133 2573 3169; x_wconf 77' lang='grc' dir='ltr'><em>α</em></span> <span class='ocrx_word' id='word_1_521' title='bbox 2597 3112 2999 3169; x_wconf 77' lang='lat' dir='ltr'><strong>Christianismo</strong></span> <span class='ocrx_word' id='word_1_522' title='bbox 3026 3111 3096 3167; x_wconf 82' lang='lat' dir='ltr'><strong>ad</strong></span> <span class='ocrx_word' id='word_1_523' title='bbox 3129 3110 3488 3167; x_wconf 82' lang='lat' dir='ltr'><strong>idololatriam</strong></span> <span class='ocrx_word' id='word_1_524' title='bbox 3506 3110 3575 3165; x_wconf 73' lang='lat' dir='ltr'><strong>sit</strong></span> 
     </span>
    </p>
   </div>
   <div class='ocr_carea' id='block_1_77' title="bbox 2203 3182 3376 3255">
    <p class='ocr_par' dir='ltr' id='par_1_77' title="bbox 2203 3182 3376 3255">
     <span class='ocr_line' id='line_1_77' title="bbox 2203 3182 3376 3255; baseline -0.003 -17"><span class='ocrx_word' id='word_1_525' title='bbox 2203 3201 2499 3251; x_wconf 66' lang='lat' dir='ltr'><strong>com&#39;ersus,</strong></span> <span class='ocrx_word' id='word_1_526' title='bbox 2524 3201 2588 3239; x_wconf 85' lang='lat' dir='ltr'><strong>ac</strong></span> <span class='ocrx_word' id='word_1_527' title='bbox 2608 3185 2786 3255; x_wconf 76' lang='lat' dir='ltr'><strong>justas</strong></span> <span class='ocrx_word' id='word_1_528' title='bbox 2820 3183 3031 3237; x_wconf 80' lang='lat' dir='ltr'><strong>demum</strong></span> <span class='ocrx_word' id='word_1_529' title='bbox 3052 3182 3149 3236; x_wconf 82' lang='lat' dir='ltr'><strong>luit</strong></span> <span class='ocrx_word' id='word_1_530' title='bbox 3176 3198 3376 3252; x_wconf 68' lang='lat' dir='ltr'><strong>pinnas.</strong></span> 
     </span>
    </p>
   </div>
   <div class='ocr_carea' id='block_1_78' title="bbox 2060 3270 3577 3344">
    <p class='ocr_par' dir='ltr' id='par_1_78' title="bbox 2060 3270 3577 3344">
     <span class='ocr_line' id='line_1_78' title="bbox 2060 3270 3577 3344; baseline -0.003 -15"><span class='ocrx_word' id='word_1_531' title='bbox 2060 3272 2330 3340; x_wconf 79' lang='lat' dir='ltr'><strong>Julianus,</strong></span> <span class='ocrx_word' id='word_1_532' title='bbox 2351 3283 2625 3344; x_wconf 90' lang='lat' dir='ltr'><strong>comperta</strong></span> <span class='ocrx_word' id='word_1_533' title='bbox 2651 3282 2828 3330; x_wconf 89' lang='lat' dir='ltr'><strong>morte</strong></span> <span class='ocrx_word' id='word_1_534' title='bbox 2850 3270 3176 3337; x_wconf 88' lang='lat' dir='ltr'><strong>Constantii,</strong></span> <span class='ocrx_word' id='word_1_535' title='bbox 3199 3270 3409 3342; x_wconf 88' lang='lat' dir='ltr'><strong>imperii</strong></span> <span class='ocrx_word' id='word_1_536' title='bbox 3436 3285 3577 3325; x_wconf 81' lang='lat' dir='ltr'><strong>sum-</strong></span> 
     </span>
    </p>
   </div>
   <div class='ocr_carea' id='block_1_79' title="bbox 1992 3351 3573 3422">
    <p class='ocr_par' dir='ltr' id='par_1_79' title="bbox 1992 3351 3573 3422">
     <span class='ocr_line' id='line_1_79' title="bbox 1992 3351 3573 3422; baseline -0.001 -3"><span class='ocrx_word' id='word_1_537' title='bbox 1992 3380 2136 3419; x_wconf 87' lang='lat' dir='ltr'><strong>mam</strong></span> <span class='ocrx_word' id='word_1_538' title='bbox 2158 3365 2305 3422; x_wconf 88' lang='lat' dir='ltr'><strong>solus</strong></span> <span class='ocrx_word' id='word_1_539' title='bbox 2325 3365 2555 3421; x_wconf 90' lang='lat' dir='ltr'><strong>obtinuit</strong></span> <span class='ocrx_word' id='word_1_540' title='bbox 2579 3380 2724 3420; x_wconf 88' lang='lat' dir='ltr'><strong>anno</strong></span> <span class='ocrx_word' id='word_1_541' title='bbox 2742 3380 2851 3419; x_wconf 90' lang='lat' dir='ltr'><strong>uno</strong></span> <span class='ocrx_word' id='word_1_542' title='bbox 2873 3374 2929 3421; x_wconf 90' lang='lat' dir='ltr'><strong>et</strong></span> <span class='ocrx_word' id='word_1_543' title='bbox 2950 3351 3225 3419; x_wconf 81' lang='lat' dir='ltr'><strong>mensibus</strong></span> <span class='ocrx_word' id='word_1_544' title='bbox 3240 3373 3395 3419; x_wconf 90' lang='lat' dir='ltr'><strong>octo:</strong></span> <span class='ocrx_word' id='word_1_545' title='bbox 3425 3362 3573 3418; x_wconf 82' lang='lat' dir='ltr'><strong>Chri-</strong></span> 
     </span>
    </p>
   </div>
   <div class='ocr_carea' id='block_1_80' title="bbox 1986 3452 3574 3524">
    <p class='ocr_par' dir='ltr' id='par_1_80' title="bbox 1986 3452 3574 3524">
     <span class='ocr_line' id='line_1_80' title="bbox 1986 3452 3574 3524; baseline -0.001 -16"><span class='ocrx_word' id='word_1_546' title='bbox 1986 3452 2220 3508; x_wconf 88' lang='lat' dir='ltr'><strong>stianam</strong></span> <span class='ocrx_word' id='word_1_547' title='bbox 2251 3452 2563 3524; x_wconf 82' lang='lat' dir='ltr'><strong>religionem</strong></span> <span class='ocrx_word' id='word_1_548' title='bbox 2594 3461 2711 3508; x_wconf 88' lang='lat' dir='ltr'><strong>arte</strong></span> <span class='ocrx_word' id='word_1_549' title='bbox 2763 3453 2942 3522; x_wconf 89' lang='lat' dir='ltr'><strong>potius</strong></span> <span class='ocrx_word' id='word_1_550' title='bbox 2989 3467 3150 3522; x_wconf 90' lang='lat' dir='ltr'><strong>quam</strong></span> <span class='ocrx_word' id='word_1_551' title='bbox 3179 3459 3447 3521; x_wconf 86' lang='lat' dir='ltr'><strong>potestate</strong></span> <span class='ocrx_word' id='word_1_552' title='bbox 3494 3452 3574 3507; x_wconf 85' lang='lat' dir='ltr'><strong>in-</strong></span> 
     </span>
    </p>
   </div>
   <div class='ocr_carea' id='block_1_81' title="bbox 1987 3540 3577 3612">
    <p class='ocr_par' dir='ltr' id='par_1_81' title="bbox 1987 3540 3577 3612">
     <span class='ocr_line' id='line_1_81' title="bbox 1987 3540 3577 3612; baseline -0.001 -16"><span class='ocrx_word' id='word_1_553' title='bbox 1987 3548 2246 3596; x_wconf 87' lang='lat' dir='ltr'><strong>sectatus.</strong></span> <span class='ocrx_word' id='word_1_554' title='bbox 2274 3540 2346 3596; x_wconf 90' lang='lat' dir='ltr'><strong>Ut</strong></span> <span class='ocrx_word' id='word_1_555' title='bbox 2365 3549 2656 3612; x_wconf 84' lang='lat' dir='ltr'><strong>negaretur</strong></span> <span class='ocrx_word' id='word_1_556' title='bbox 2682 3540 2817 3596; x_wconf 89' lang='lat' dir='ltr'><strong>fides</strong></span> <span class='ocrx_word' id='word_1_557' title='bbox 2842 3540 3064 3605; x_wconf 89' lang='lat' dir='ltr'><strong>Christi,</strong></span> <span class='ocrx_word' id='word_1_558' title='bbox 3087 3548 3143 3594; x_wconf 90' lang='lat' dir='ltr'><strong>et</strong></span> <span class='ocrx_word' id='word_1_559' title='bbox 3170 3540 3437 3595; x_wconf 89' lang='lat' dir='ltr'><strong>idolorum</strong></span> <span class='ocrx_word' id='word_1_560' title='bbox 3467 3540 3577 3595; x_wconf 84' lang='lat' dir='ltr'><strong>cul-</strong></span> 
     </span>
    </p>
   </div>
   <div class='ocr_carea' id='block_1_82' title="bbox 1988 3629 3571 3701">
    <p class='ocr_par' dir='ltr' id='par_1_82' title="bbox 1988 3629 3571 3701">
     <span class='ocr_line' id='line_1_82' title="bbox 1988 3629 3571 3701; baseline 0.001 -16"><span class='ocrx_word' id='word_1_561' title='bbox 1988 3638 2077 3685; x_wconf 86' lang='lat' dir='ltr'><strong>tus</strong></span> <span class='ocrx_word' id='word_1_562' title='bbox 2095 3629 2483 3699; x_wconf 71' lang='lat' dir='ltr'><strong>susciperetur,</strong></span> <span class='ocrx_word' id='word_1_563' title='bbox 2531 3630 2823 3686; x_wconf 87' lang='lat' dir='ltr'><strong>honoribus</strong></span> <span class='ocrx_word' id='word_1_564' title='bbox 2860 3631 3032 3701; x_wconf 86' lang='lat' dir='ltr'><strong>magis</strong></span> <span class='ocrx_word' id='word_1_565' title='bbox 3070 3644 3366 3701; x_wconf 75' lang='lat' dir='ltr'><strong>provocare</strong></span> <span class='ocrx_word' id='word_1_566' title='bbox 3408 3647 3571 3701; x_wconf 88' lang='lat' dir='ltr'><strong>quam</strong></span> 
     </span>
    </p>
   </div>
   <div class='ocr_carea' id='block_1_83' title="bbox 1990 3721 3573 3794">
    <p class='ocr_par' dir='ltr' id='par_1_83' title="bbox 1990 3721 3573 3794">
     <span class='ocr_line' id='line_1_83' title="bbox 1990 3721 3573 3794; baseline 0.003 -18"><span class='ocrx_word' id='word_1_567' title='bbox 1990 3721 2271 3779; x_wconf 88' lang='lat' dir='ltr'><strong>tormentis</strong></span> <span class='ocrx_word' id='word_1_568' title='bbox 2317 3736 2513 3792; x_wconf 81' lang='lat' dir='ltr'><strong>cogere</strong></span> <span class='ocrx_word' id='word_1_569' title='bbox 2562 3722 2787 3779; x_wconf 87' lang='lat' dir='ltr'><strong>studuit.</strong></span> <span class='ocrx_word' id='word_1_570' title='bbox 2834 3722 3036 3794; x_wconf 86' lang='lat' dir='ltr'><strong>Aperto</strong></span> <span class='ocrx_word' id='word_1_571' title='bbox 3082 3732 3261 3782; x_wconf 85' lang='lat' dir='ltr'><strong>tamen</strong></span> <span class='ocrx_word' id='word_1_572' title='bbox 3317 3727 3573 3794; x_wconf 66' lang='lat' dir='ltr'><strong>prtecepit</strong></span> 
     </span>
    </p>
   </div>
   <div class='ocr_carea' id='block_1_84' title="bbox 1988 3815 3570 3887">
    <p class='ocr_par' dir='ltr' id='par_1_84' title="bbox 1988 3815 3570 3887">
     <span class='ocr_line' id='line_1_84' title="bbox 1988 3815 3570 3887; baseline -0.001 -14"><span class='ocrx_word' id='word_1_573' title='bbox 1988 3815 2166 3874; x_wconf 88' lang='lat' dir='ltr'><strong>edicto</strong></span> <span class='ocrx_word' id='word_1_574' title='bbox 2201 3830 2269 3872; x_wconf 91' lang='lat' dir='ltr'><strong>ne</strong></span> <span class='ocrx_word' id='word_1_575' title='bbox 2319 3817 2442 3887; x_wconf 87' lang='lat' dir='ltr'><strong>quis</strong></span> <span class='ocrx_word' id='word_1_576' title='bbox 2471 3816 2812 3873; x_wconf 85' lang='lat' dir='ltr'><strong>Christianus</strong></span> <span class='ocrx_word' id='word_1_577' title='bbox 2857 3817 3223 3872; x_wconf 87' lang='lat' dir='ltr'><strong>docendorum</strong></span> <span class='ocrx_word' id='word_1_578' title='bbox 3268 3816 3570 3873; x_wconf 88' lang='lat' dir='ltr'><strong>liberalium</strong></span> 
     </span>
    </p>
   </div>
   <div class='ocr_carea' id='block_1_85' title="bbox 1989 3906 3574 3977">
    <p class='ocr_par' dir='ltr' id='par_1_85' title="bbox 1989 3906 3574 3977">
     <span class='ocr_line' id='line_1_85' title="bbox 1989 3906 3574 3977; baseline -0.001 -15"><span class='ocrx_word' id='word_1_579' title='bbox 1989 3907 2292 3964; x_wconf 86' lang='lat' dir='ltr'><strong>studiorum</strong></span> <span class='ocrx_word' id='word_1_580' title='bbox 2327 3906 2606 3977; x_wconf 89' lang='lat' dir='ltr'><strong>professor</strong></span> <span class='ocrx_word' id='word_1_581' title='bbox 2629 3916 2796 3964; x_wconf 89' lang='lat' dir='ltr'><strong>esset.</strong></span> <span class='ocrx_word' id='word_1_582' title='bbox 2837 3907 2944 3963; x_wconf 86' lang='lat' dir='ltr'><strong>Sed</strong></span> <span class='ocrx_word' id='word_1_583' title='bbox 2989 3917 3187 3970; x_wconf 89' lang='lat' dir='ltr'><strong>tamen,</strong></span> <span class='ocrx_word' id='word_1_584' title='bbox 3222 3908 3362 3962; x_wconf 85' lang='lat' dir='ltr'><strong>sicut</strong></span> <span class='ocrx_word' id='word_1_585' title='bbox 3391 3923 3422 3963; x_wconf 91' lang='lat' dir='ltr'><strong>a</strong></span> <span class='ocrx_word' id='word_1_586' title='bbox 3461 3923 3574 3962; x_wconf 88' lang='lat' dir='ltr'><strong>ma-</strong></span> 
     </span>
    </p>
   </div>
   <div class='ocr_carea' id='block_1_86' title="bbox 1978 3995 3573 4069">
    <p class='ocr_par' dir='ltr' id='par_1_86' title="bbox 1978 3995 3573 4069">
     <span class='ocr_line' id='line_1_86' title="bbox 1978 3995 3573 4069; baseline -0.002 -15"><span class='ocrx_word' id='word_1_587' title='bbox 1978 3995 2193 4068; x_wconf 84' lang='lat' dir='ltr'><strong>joribus</strong></span> <span class='ocrx_word' id='word_1_588' title='bbox 2220 4008 2554 4069; x_wconf 88' lang='lat' dir='ltr'><strong>compertum</strong></span> <span class='ocrx_word' id='word_1_589' title='bbox 2600 3997 2883 4063; x_wconf 88' lang='lat' dir='ltr'><strong>habemus,</strong></span> <span class='ocrx_word' id='word_1_590' title='bbox 2929 4013 3120 4053; x_wconf 88' lang='lat' dir='ltr'><strong>omnes</strong></span> <span class='ocrx_word' id='word_1_591' title='bbox 3165 3999 3365 4068; x_wconf 85' lang='lat' dir='ltr'><strong>ubique</strong></span> <span class='ocrx_word' id='word_1_592' title='bbox 3406 4012 3573 4068; x_wconf 85' lang='lat' dir='ltr'><strong>prope</strong></span> 
     </span>
    </p>
   </div>
   <div class='ocr_carea' id='block_1_87' title="bbox 1988 4082 3574 4169">
    <p class='ocr_par' dir='ltr' id='par_1_87' title="bbox 1988 4082 3574 4169">
     <span class='ocr_line' id='line_1_87' title="bbox 1988 4082 3574 4169; baseline 0.001 -25"><span class='ocrx_word' id='word_1_593' title='bbox 1988 4089 2210 4145; x_wconf 83' lang='lat' dir='ltr'><strong>modum</strong></span> <span class='ocrx_word' id='word_1_594' title='bbox 2266 4089 2520 4162; x_wconf 69' lang='lat' dir='ltr'><strong>praecepti</strong></span> <span class='ocrx_word' id='word_1_595' title='bbox 2572 4082 2910 4144; x_wconf 76' lang='lat' dir='ltr'><strong>cmiditiones</strong></span> <span class='ocrx_word' id='word_1_596' title='bbox 2956 4088 3285 4169; x_wconf 75' lang='lat' dir='ltr'><strong>amplexati,</strong></span> <span class='ocrx_word' id='word_1_597' title='bbox 3335 4087 3574 4146; x_wconf 79' lang='lat' dir='ltr'><strong>ofﬁcium</strong></span> 
     </span>
    </p>
   </div>
   <div class='ocr_carea' id='block_1_88' title="bbox 1988 4176 3571 4248">
    <p class='ocr_par' dir='ltr' id='par_1_88' title="bbox 1988 4176 3571 4248">
     <span class='ocr_line' id='line_1_88' title="bbox 1988 4176 3571 4248; baseline -0.002 -15"><span class='ocrx_word' id='word_1_598' title='bbox 1988 4193 2152 4248; x_wconf 91' lang='lat' dir='ltr'><strong>quam</strong></span> <span class='ocrx_word' id='word_1_599' title='bbox 2182 4178 2343 4234; x_wconf 89' lang='lat' dir='ltr'><strong>ﬁdem</strong></span> <span class='ocrx_word' id='word_1_600' title='bbox 2365 4177 2619 4234; x_wconf 89' lang='lat' dir='ltr'><strong>deserere</strong></span> <span class='ocrx_word' id='word_1_601' title='bbox 2642 4178 2968 4233; x_wconf 90' lang='lat' dir='ltr'><strong>maluerunt.</strong></span> <span class='ocrx_word' id='word_1_602' title='bbox 3022 4177 3175 4232; x_wconf 79' lang='lat' dir='ltr'><strong>Multi</strong></span> <span class='ocrx_word' id='word_1_603' title='bbox 3221 4176 3385 4232; x_wconf 88' lang='lat' dir='ltr'><strong>etiam</strong></span> <span class='ocrx_word' id='word_1_604' title='bbox 3408 4177 3571 4233; x_wconf 56' lang='lat' dir='ltr'><strong>Chri-a</strong></span> 
     </span>
    </p>
   </div>
   <div class='ocr_carea' id='block_1_89' title="bbox 1989 4267 3573 4337">
    <p class='ocr_par' dir='ltr' id='par_1_89' title="bbox 1989 4267 3573 4337">
     <span class='ocr_line' id='line_1_89' title="bbox 1989 4267 3573 4337; baseline 0.002 -15"><span class='ocrx_word' id='word_1_605' title='bbox 1989 4269 2288 4323; x_wconf 88' lang='lat' dir='ltr'><strong>stianorum</strong></span> <span class='ocrx_word' id='word_1_606' title='bbox 2311 4275 2437 4323; x_wconf 91' lang='lat' dir='ltr'><strong>tunc</strong></span> <span class='ocrx_word' id='word_1_607' title='bbox 2460 4267 2694 4323; x_wconf 89' lang='lat' dir='ltr'><strong>honores</strong></span> <span class='ocrx_word' id='word_1_608' title='bbox 2711 4267 2996 4322; x_wconf 76' lang='lat' dir='ltr'><strong>:unbiendo</strong></span> <span class='ocrx_word' id='word_1_609' title='bbox 3016 4274 3208 4337; x_wconf 86' lang='lat' dir='ltr'><strong>sponte</strong></span> <span class='ocrx_word' id='word_1_610' title='bbox 3224 4276 3573 4325; x_wconf 74' lang='lat' dir='ltr'><strong>corruerunt.</strong></span> 
     </span>
    </p>
   </div>
   <div class='ocr_carea' id='block_1_90' title="bbox 1990 4354 3569 4428">
    <p class='ocr_par' dir='ltr' id='par_1_90' title="bbox 1990 4354 3569 4428">
     <span class='ocr_line' id='line_1_90' title="bbox 1990 4354 3569 4428; baseline 0.001 -17"><span class='ocrx_word' id='word_1_611' title='bbox 1990 4355 2091 4412; x_wconf 89' lang='lat' dir='ltr'><strong>llic</strong></span> <span class='ocrx_word' id='word_1_612' title='bbox 2118 4372 2353 4428; x_wconf 87' lang='lat' dir='ltr'><strong>namque</strong></span> <span class='ocrx_word' id='word_1_613' title='bbox 2374 4355 2638 4424; x_wconf 87' lang='lat' dir='ltr'><strong>Julianus,</strong></span> <span class='ocrx_word' id='word_1_614' title='bbox 2669 4356 2761 4428; x_wconf 91' lang='lat' dir='ltr'><strong>qui</strong></span> <span class='ocrx_word' id='word_1_615' title='bbox 2785 4357 2983 4413; x_wconf 88' lang='lat' dir='ltr'><strong>dudum</strong></span> <span class='ocrx_word' id='word_1_616' title='bbox 3007 4356 3184 4412; x_wconf 81' lang='lat' dir='ltr'><strong>fuerat</strong></span> <span class='ocrx_word' id='word_1_617' title='bbox 3206 4354 3569 4424; x_wconf 85' lang='lat' dir='ltr'><strong>Christianus,</strong></span> 
     </span>
    </p>
   </div>
   <div class='ocr_carea' id='block_1_91' title="bbox 296 4448 3570 4524">
    <p class='ocr_par' dir='ltr' id='par_1_91' title="bbox 296 4448 3570 4524">
     <span class='ocr_line' id='line_1_91' title="bbox 296 4448 3570 4524; baseline -0.003 -9"><span class='ocrx_word' id='word_1_618' title='bbox 296 4457 571 4522; x_wconf 65' lang='lat' dir='ltr'><strong>ornthne,</strong></span> <span class='ocrx_word' id='word_1_619' title='bbox 596 4455 666 4513; x_wconf 84' lang='lat' dir='ltr'><strong>de</strong></span> <span class='ocrx_word' id='word_1_620' title='bbox 696 4454 983 4511; x_wconf 86' lang='lat' dir='ltr'><strong>dilectione</strong></span> <span class='ocrx_word' id='word_1_621' title='bbox 1029 4467 1157 4524; x_wconf 87' lang='lat' dir='ltr'><strong>erga</strong></span> <span class='ocrx_word' id='word_1_622' title='bbox 1201 4453 1527 4523; x_wconf 81' lang='lat' dir='ltr'><strong>proximum,</strong></span> <span class='ocrx_word' id='word_1_623' title='bbox 1552 4452 1623 4507; x_wconf 89' lang='lat' dir='ltr'><strong>de</strong></span> <span class='ocrx_word' id='word_1_624' title='bbox 1643 4466 1888 4507; x_wconf 87' lang='lat' dir='ltr'><strong>resurre-</strong></span> <span class='ocrx_word' id='word_1_625' title='bbox 1912 4512 1958 4524; x_wconf 38' lang='lat'><strong>_‘</strong></span> <span class='ocrx_word' id='word_1_626' title='bbox 1990 4459 2045 4506; x_wconf 86' lang='lat' dir='ltr'><strong>et</strong></span> <span class='ocrx_word' id='word_1_627' title='bbox 2076 4459 2264 4521; x_wconf 85' lang='lat' dir='ltr'><strong>postea</strong></span> <span class='ocrx_word' id='word_1_628' title='bbox 2295 4450 2539 4520; x_wconf 87' lang='lat' dir='ltr'><strong>proditor</strong></span> <span class='ocrx_word' id='word_1_629' title='bbox 2557 4458 2641 4505; x_wconf 90' lang='lat' dir='ltr'><strong>est</strong></span> <span class='ocrx_word' id='word_1_630' title='bbox 2665 4448 2910 4516; x_wconf 64' lang='lat' dir='ltr'><strong>effectus,</strong></span> <span class='ocrx_word' id='word_1_631' title='bbox 2957 4450 3084 4505; x_wconf 87' lang='lat' dir='ltr'><strong>dum</strong></span> <span class='ocrx_word' id='word_1_632' title='bbox 3128 4458 3274 4506; x_wconf 88' lang='lat' dir='ltr'><strong>esset</strong></span> <span class='ocrx_word' id='word_1_633' title='bbox 3308 4448 3570 4520; x_wconf 81' lang='lat' dir='ltr'><strong>juvencu-</strong></span> 
     </span>
    </p>
   </div>
   <div class='ocr_carea' id='block_1_92' title="bbox 297 4512 3569 4616">
    <p class='ocr_par' dir='ltr' id='par_1_92' title="bbox 297 4512 3569 4616">
     <span class='ocr_line' id='line_1_92' title="bbox 297 4512 3569 4616; baseline -0.003 -9"><span class='ocrx_word' id='word_1_634' title='bbox 297 4548 506 4613; x_wconf 80' lang='lat' dir='ltr'><strong>ctione,</strong></span> <span class='ocrx_word' id='word_1_635' title='bbox 532 4512 601 4604; x_wconf 79' lang='lat' dir='ltr'><strong>de</strong></span> <span class='ocrx_word' id='word_1_636' title='bbox 620 4547 732 4602; x_wconf 78' lang='lat' dir='ltr'><strong>vita</strong></span> <span class='ocrx_word' id='word_1_637' title='bbox 758 4554 883 4616; x_wconf 85' lang='lat' dir='ltr'><strong>post</strong></span> <span class='ocrx_word' id='word_1_638' title='bbox 908 4512 1154 4609; x_wconf 70' lang='lat' dir='ltr'><strong>mortem,</strong></span> <span class='ocrx_word' id='word_1_639' title='bbox 1272 4544 1598 4610; x_wconf 84' lang='lat' dir='ltr'><strong>humilitate,</strong></span> <span class='ocrx_word' id='word_1_640' title='bbox 1621 4544 1687 4601; x_wconf 90' lang='lat' dir='ltr'><strong>de</strong></span> <span class='ocrx_word' id='word_1_641' title='bbox 1714 4544 1884 4616; x_wconf 74' lang='lat' dir='ltr'><strong>pmni-</strong></span> <span class='ocrx_word' id='word_1_642' title='bbox 1911 4512 1964 4572; x_wconf 82' lang='lat' dir='ltr'><strong>D</strong></span> <span class='ocrx_word' id='word_1_643' title='bbox 1990 4512 2095 4608; x_wconf 63' lang='lat' dir='ltr'><strong>ius;</strong></span> <span class='ocrx_word' id='word_1_644' title='bbox 2131 4512 2319 4600; x_wconf 75' lang='lat' dir='ltr'><strong>tonsus</strong></span> <span class='ocrx_word' id='word_1_645' title='bbox 2344 4543 2698 4599; x_wconf 85' lang='lat' dir='ltr'><strong>monasticam</strong></span> <span class='ocrx_word' id='word_1_646' title='bbox 2727 4543 3013 4600; x_wconf 85' lang='lat' dir='ltr'><strong>simulabat</strong></span> <span class='ocrx_word' id='word_1_647' title='bbox 3035 4543 3220 4608; x_wconf 89' lang='lat' dir='ltr'><strong>vitam,</strong></span> <span class='ocrx_word' id='word_1_648' title='bbox 3252 4512 3569 4598; x_wconf 43' lang='lat' dir='ltr'><strong>et&#39;latcnter</strong></span> 
     </span>
    </p>
   </div>
   <div class='ocr_carea' id='block_1_93' title="bbox 299 4633 3570 4705">
    <p class='ocr_par' dir='ltr' id='par_1_93' title="bbox 299 4633 3570 4705">
     <span class='ocr_line' id='line_1_93' title="bbox 299 4633 3570 4705; baseline -0.002 -11"><span class='ocrx_word' id='word_1_649' title='bbox 299 4637 500 4699; x_wconf 81' lang='lat' dir='ltr'><strong>tentia,</strong></span> <span class='ocrx_word' id='word_1_650' title='bbox 540 4636 609 4693; x_wconf 89' lang='lat' dir='ltr'><strong>de</strong></span> <span class='ocrx_word' id='word_1_651' title='bbox 660 4634 1049 4700; x_wconf 84' lang='lat' dir='ltr'><strong>satisfactione,</strong></span> <span class='ocrx_word' id='word_1_652' title='bbox 1099 4634 1169 4689; x_wconf 89' lang='lat' dir='ltr'><strong>de</strong></span> <span class='ocrx_word' id='word_1_653' title='bbox 1218 4633 1547 4705; x_wconf 85' lang='lat' dir='ltr'><strong>virginitate,</strong></span> <span class='ocrx_word' id='word_1_654' title='bbox 1605 4635 1673 4691; x_wconf 89' lang='lat' dir='ltr'><strong>de</strong></span> <span class='ocrx_word' id='word_1_655' title='bbox 1723 4649 1887 4691; x_wconf 89' lang='lat' dir='ltr'><strong>sensu</strong></span> <span class='ocrx_word' id='word_1_656' title='bbox 1987 4635 2205 4705; x_wconf 88' lang='lat' dir='ltr'><strong>quidem</strong></span> <span class='ocrx_word' id='word_1_657' title='bbox 2249 4634 2606 4691; x_wconf 81' lang='lat' dir='ltr'><strong>exercebatur</strong></span> <span class='ocrx_word' id='word_1_658' title='bbox 2656 4635 2709 4691; x_wconf 94' lang='lat' dir='ltr'><strong>in</strong></span> <span class='ocrx_word' id='word_1_659' title='bbox 2760 4633 3122 4705; x_wconf 76' lang='lat' dir='ltr'><strong>pliilOSOpliia,</strong></span> <span class='ocrx_word' id='word_1_660' title='bbox 3176 4634 3231 4691; x_wconf 93' lang='lat' dir='ltr'><strong>in</strong></span> <span class='ocrx_word' id='word_1_661' title='bbox 3282 4634 3570 4689; x_wconf 86' lang='lat' dir='ltr'><strong>manifesto</strong></span> 
     </span>
    </p>
   </div>
   <div class='ocr_carea' id='block_1_94' title="bbox 299 4723 3567 4795">
    <p class='ocr_par' dir='ltr' id='par_1_94' title="bbox 299 4723 3567 4795">
     <span class='ocr_line' id='line_1_94' title="bbox 299 4723 3567 4795; baseline -0.001 -13"><span class='ocrx_word' id='word_1_662' title='bbox 299 4727 524 4793; x_wconf 71' lang='lat' dir='ltr'><strong>animm,</strong></span> <span class='ocrx_word' id='word_1_663' title='bbox 550 4726 616 4782; x_wconf 88' lang='lat' dir='ltr'><strong>de</strong></span> <span class='ocrx_word' id='word_1_664' title='bbox 651 4725 1088 4791; x_wconf 88' lang='lat' dir='ltr'><strong>circumcisione,</strong></span> <span class='ocrx_word' id='word_1_665' title='bbox 1114 4725 1179 4781; x_wconf 88' lang='lat' dir='ltr'><strong>de</strong></span> <span class='ocrx_word' id='word_1_666' title='bbox 1214 4725 1425 4781; x_wconf 86' lang='lat' dir='ltr'><strong>actione</strong></span> <span class='ocrx_word' id='word_1_667' title='bbox 1469 4724 1884 4789; x_wconf 87' lang='lat' dir='ltr'><strong>benedictionis,</strong></span> <span class='ocrx_word' id='word_1_668' title='bbox 1988 4733 2168 4780; x_wconf 89' lang='lat' dir='ltr'><strong>autem</strong></span> <span class='ocrx_word' id='word_1_669' title='bbox 2205 4740 2391 4781; x_wconf 90' lang='lat' dir='ltr'><strong>sacros</strong></span> <span class='ocrx_word' id='word_1_670' title='bbox 2410 4725 2843 4782; x_wconf 90' lang='lat' dir='ltr'><strong>Christianorum</strong></span> <span class='ocrx_word' id='word_1_671' title='bbox 2871 4725 3082 4795; x_wconf 88' lang='lat' dir='ltr'><strong>legebat</strong></span> <span class='ocrx_word' id='word_1_672' title='bbox 3110 4724 3292 4778; x_wconf 89' lang='lat' dir='ltr'><strong>libros.</strong></span> <span class='ocrx_word' id='word_1_673' title='bbox 3323 4723 3567 4793; x_wconf 82' lang='lat' dir='ltr'><strong>Denique</strong></span> 
     </span>
    </p>
   </div>
   <div class='ocr_carea' id='block_1_95' title="bbox 301 4816 3569 4887">
    <p class='ocr_par' dir='ltr' id='par_1_95' title="bbox 301 4816 3569 4887">
     <span class='ocr_line' id='line_1_95' title="bbox 301 4816 3569 4887; baseline -0.001 -16"><span class='ocrx_word' id='word_1_674' title='bbox 301 4817 450 4887; x_wconf 69' lang='lat' dir='ltr'><strong>quod</strong></span> <span class='ocrx_word' id='word_1_675' title='bbox 476 4816 531 4871; x_wconf 87' lang='lat' dir='ltr'><strong>in</strong></span> <span class='ocrx_word' id='word_1_676' title='bbox 555 4816 696 4871; x_wconf 86' lang='lat' dir='ltr'><strong>lsaia</strong></span> <span class='ocrx_word' id='word_1_677' title='bbox 724 4816 918 4886; x_wconf 86' lang='lat' dir='ltr'><strong>legitur</strong></span> <span class='ocrx_word' id='word_1_678' title='bbox 964 4831 1071 4871; x_wconf 90' lang='lat' dir='ltr'><strong>non</strong></span> <span class='ocrx_word' id='word_1_679' title='bbox 1110 4816 1503 4872; x_wconf 80' lang='lat' dir='ltr'><strong>exterminatus</strong></span> <span class='ocrx_word' id='word_1_680' title='bbox 1540 4816 1769 4877; x_wconf 85' lang='lat' dir='ltr'><strong>botrus;</strong></span> <span class='ocrx_word' id='word_1_681' title='bbox 1821 4816 1887 4870; x_wconf 91' lang='lat' dir='ltr'><strong>de</strong></span> <span class='ocrx_word' id='word_1_682' title='bbox 1990 4819 2042 4871; x_wconf 86' lang='lat' dir='ltr'><strong>in</strong></span> <span class='ocrx_word' id='word_1_683' title='bbox 2069 4817 2311 4873; x_wconf 82' lang='lat' dir='ltr'><strong>Ecclesia</strong></span> <span class='ocrx_word' id='word_1_684' title='bbox 2333 4816 2658 4873; x_wconf 82' lang='lat' dir='ltr'><strong>Nicomediae</strong></span> <span class='ocrx_word' id='word_1_685' title='bbox 2697 4816 2867 4870; x_wconf 88' lang='lat' dir='ltr'><strong>lector</strong></span> <span class='ocrx_word' id='word_1_686' title='bbox 2888 4825 2971 4870; x_wconf 89' lang='lat' dir='ltr'><strong>est</strong></span> <span class='ocrx_word' id='word_1_687' title='bbox 3006 4816 3353 4879; x_wconf 90' lang='lat' dir='ltr'><strong>constitutus,</strong></span> <span class='ocrx_word' id='word_1_688' title='bbox 3384 4825 3440 4871; x_wconf 90' lang='lat' dir='ltr'><strong>et</strong></span> <span class='ocrx_word' id='word_1_689' title='bbox 3465 4817 3569 4870; x_wconf 84' lang='lat' dir='ltr'><strong>sub</strong></span> 
     </span>
    </p>
   </div>
   <div class='ocr_carea' id='block_1_96' title="bbox 294 4908 1885 4977">
    <p class='ocr_par' dir='ltr' id='par_1_96' title="bbox 294 4908 1885 4977">
     <span class='ocr_line' id='line_1_96' title="bbox 294 4908 1885 4977; baseline -0.002 -12"><span class='ocrx_word' id='word_1_690' title='bbox 294 4909 525 4965; x_wconf 74' lang='lat' dir='ltr'><strong>Christo</strong></span> <span class='ocrx_word' id='word_1_691' title='bbox 560 4909 704 4977; x_wconf 81' lang='lat' dir='ltr'><strong>quod</strong></span> <span class='ocrx_word' id='word_1_692' title='bbox 745 4908 914 4965; x_wconf 79' lang='lat' dir='ltr'><strong>Filius</strong></span> <span class='ocrx_word' id='word_1_693' title='bbox 939 4908 1035 4963; x_wconf 86' lang='lat' dir='ltr'><strong>Dei</strong></span> <span class='ocrx_word' id='word_1_694' title='bbox 1078 4909 1170 4974; x_wconf 85' lang='lat' dir='ltr'><strong>sit.</strong></span> <span class='ocrx_word' id='word_1_695' title='bbox 1196 4909 1671 4965; x_wconf 81' lang='lat' dir='ltr'><strong>consubstantiaiis</strong></span> <span class='ocrx_word' id='word_1_696' title='bbox 1717 4908 1885 4973; x_wconf 80' lang='lat' dir='ltr'><strong>Patri,</strong></span> 
     </span>
    </p>
   </div>
   <div class='ocr_carea' id='block_1_97' title="bbox 299 4999 1887 5070">
    <p class='ocr_par' dir='ltr' id='par_1_97' title="bbox 299 4999 1887 5070">
     <span class='ocr_line' id='line_1_97' title="bbox 299 4999 1887 5070; baseline -0.003 -14"><span class='ocrx_word' id='word_1_697' title='bbox 299 5002 373 5056; x_wconf 81' lang='lat' dir='ltr'><strong>de</strong></span> <span class='ocrx_word' id='word_1_698' title='bbox 408 5000 679 5064; x_wconf 79' lang='lat' dir='ltr'><strong>castitate,</strong></span> <span class='ocrx_word' id='word_1_699' title='bbox 708 5007 897 5055; x_wconf 78' lang='lat' dir='ltr'><strong>contra</strong></span> <span class='ocrx_word' id='word_1_700' title='bbox 934 5007 1143 5070; x_wconf 78' lang='lat' dir='ltr'><strong>gentes,</strong></span> <span class='ocrx_word' id='word_1_701' title='bbox 1172 5000 1242 5054; x_wconf 87' lang='lat' dir='ltr'><strong>de</strong></span> <span class='ocrx_word' id='word_1_702' title='bbox 1285 4999 1685 5057; x_wconf 86' lang='lat' dir='ltr'><strong>constructione</strong></span> <span class='ocrx_word' id='word_1_703' title='bbox 1712 5001 1887 5053; x_wconf 85' lang='lat' dir='ltr'><strong>taber-</strong></span> 
     </span>
    </p>
   </div>
   <div class='ocr_carea' id='block_1_98' title="bbox 301 5089 1886 5162">
    <p class='ocr_par' dir='ltr' id='par_1_98' title="bbox 301 5089 1886 5162">
     <span class='ocr_line' id='line_1_98' title="bbox 301 5089 1886 5162; baseline -0.002 -15"><span class='ocrx_word' id='word_1_704' title='bbox 301 5089 506 5152; x_wconf 69' lang='lat' dir='ltr'><strong>naculi,</strong></span> <span class='ocrx_word' id='word_1_705' title='bbox 535 5090 603 5147; x_wconf 81' lang='lat' dir='ltr'><strong>de</strong></span> <span class='ocrx_word' id='word_1_706' title='bbox 646 5090 885 5162; x_wconf 87' lang='lat' dir='ltr'><strong>gentium</strong></span> <span class='ocrx_word' id='word_1_707' title='bbox 931 5091 1360 5153; x_wconf 74' lang='lat' dir='ltr'><strong>conversatione,</strong></span> <span class='ocrx_word' id='word_1_708' title='bbox 1391 5090 1458 5146; x_wconf 90' lang='lat' dir='ltr'><strong>de</strong></span> <span class='ocrx_word' id='word_1_709' title='bbox 1500 5105 1666 5159; x_wconf 84' lang='lat' dir='ltr'><strong>regno</strong></span> <span class='ocrx_word' id='word_1_710' title='bbox 1693 5090 1886 5146; x_wconf 75' lang='lat' dir='ltr'><strong>Pensa-</strong></span> 
     </span>
    </p>
   </div>
   <div class='ocr_carea' id='block_1_99' title="bbox 300 5178 1888 5251">
    <p class='ocr_par' dir='ltr' id='par_1_99' title="bbox 300 5178 1888 5251">
     <span class='ocr_line' id='line_1_99' title="bbox 300 5178 1888 5251; baseline 0 -17"><span class='ocrx_word' id='word_1_711' title='bbox 300 5194 454 5245; x_wconf 65' lang='lat' dir='ltr'><strong>gum,</strong></span> <span class='ocrx_word' id='word_1_712' title='bbox 478 5180 551 5235; x_wconf 88' lang='lat' dir='ltr'><strong>de</strong></span> <span class='ocrx_word' id='word_1_713' title='bbox 572 5179 945 5251; x_wconf 86' lang='lat' dir='ltr'><strong>persecutione</strong></span> <span class='ocrx_word' id='word_1_714' title='bbox 983 5178 1455 5246; x_wconf 83' lang='lat' dir='ltr'><strong>Christianorum;</strong></span> <span class='ocrx_word' id='word_1_715' title='bbox 1503 5180 1808 5250; x_wconf 86' lang='lat' dir='ltr'><strong>composuit</strong></span> <span class='ocrx_word' id='word_1_716' title='bbox 1833 5188 1888 5236; x_wconf 91' lang='lat' dir='ltr'><strong>et</strong></span> 
     </span>
    </p>
   </div>
   <div class='ocr_carea' id='block_1_100' title="bbox 294 5270 1884 5342">
    <p class='ocr_par' dir='ltr' id='par_1_100' title="bbox 294 5270 1884 5342">
     <span class='ocr_line' id='line_1_100' title="bbox 294 5270 1884 5342; baseline -0.002 -12"><span class='ocrx_word' id='word_1_717' title='bbox 294 5270 602 5330; x_wconf 76' lang='lat' dir='ltr'><strong>chronieon</strong></span> <span class='ocrx_word' id='word_1_718' title='bbox 638 5271 865 5329; x_wconf 80' lang='lat' dir='ltr'><strong>minoris</strong></span> <span class='ocrx_word' id='word_1_719' title='bbox 907 5271 1124 5342; x_wconf 89' lang='lat' dir='ltr'><strong>quidem</strong></span> <span class='ocrx_word' id='word_1_720' title='bbox 1169 5270 1481 5328; x_wconf 59' lang='lat' dir='ltr'><strong>Crassorum</strong></span> <span class='ocrx_word' id='word_1_721' title='bbox 1528 5271 1884 5338; x_wconf 86' lang='lat' dir='ltr'><strong>curiositatis,</strong></span> 
     </span>
    </p>
   </div>
   <div class='ocr_carea' id='block_1_101' title="bbox 296 5357 1886 5432">
    <p class='ocr_par' dir='ltr' id='par_1_101' title="bbox 296 5357 1886 5432">
     <span class='ocr_line' id='line_1_101' title="bbox 296 5357 1886 5432; baseline -0.004 -11"><span class='ocrx_word' id='word_1_722' title='bbox 296 5360 406 5421; x_wconf 70' lang='lat' dir='ltr'><strong>sed</strong></span> <span class='ocrx_word' id='word_1_723' title='bbox 430 5357 651 5429; x_wconf 71' lang='lat' dir='ltr'><strong>maioris</strong></span> <span class='ocrx_word' id='word_1_724' title='bbox 668 5359 895 5425; x_wconf 69' lang='lat' dir='ltr'><strong>ﬁduciae,</strong></span> <span class='ocrx_word' id='word_1_725' title='bbox 923 5360 1050 5432; x_wconf 85' lang='lat' dir='ltr'><strong>quia</strong></span> <span class='ocrx_word' id='word_1_726' title='bbox 1066 5358 1374 5416; x_wconf 83' lang='lat' dir='ltr'><strong>divinarum</strong></span> <span class='ocrx_word' id='word_1_727' title='bbox 1401 5368 1611 5414; x_wconf 83' lang='lat' dir='ltr'><strong>tantum</strong></span> <span class='ocrx_word' id='word_1_728' title='bbox 1640 5360 1886 5430; x_wconf 83' lang='lat' dir='ltr'><strong>Scriptu-</strong></span> 
     </span>
    </p>
   </div>
   <div class='ocr_carea' id='block_1_102' title="bbox 301 5449 1890 5520">
    <p class='ocr_par' dir='ltr' id='par_1_102' title="bbox 301 5449 1890 5520">
     <span class='ocr_line' id='line_1_102' title="bbox 301 5449 1890 5520; baseline 0 -13"><span class='ocrx_word' id='word_1_729' title='bbox 301 5464 493 5507; x_wconf 73' lang='lat' dir='ltr'><strong>rarum</strong></span> <span class='ocrx_word' id='word_1_730' title='bbox 539 5449 862 5507; x_wconf 78' lang='lat' dir='ltr'><strong>auctoritate</strong></span> <span class='ocrx_word' id='word_1_731' title='bbox 899 5457 1293 5516; x_wconf 82' lang='lat' dir='ltr'><strong>constructum,</strong></span> <span class='ocrx_word' id='word_1_732' title='bbox 1340 5449 1648 5520; x_wconf 84' lang='lat' dir='ltr'><strong>comprimit</strong></span> <span class='ocrx_word' id='word_1_733' title='bbox 1674 5466 1770 5506; x_wconf 86' lang='lat' dir='ltr'><strong>ora</strong></span> <span class='ocrx_word' id='word_1_734' title='bbox 1799 5466 1890 5507; x_wconf 87' lang='lat' dir='ltr'><strong>eo-</strong></span> 
     </span>
    </p>
   </div>
   <div class='ocr_carea' id='block_1_103' title="bbox 302 5541 1890 5611">
    <p class='ocr_par' dir='ltr' id='par_1_103' title="bbox 302 5541 1890 5611">
     <span class='ocr_line' id='line_1_103' title="bbox 302 5541 1890 5611; baseline -0.001 -13"><span class='ocrx_word' id='word_1_735' title='bbox 302 5556 430 5598; x_wconf 81' lang='lat' dir='ltr'><strong>rum</strong></span> <span class='ocrx_word' id='word_1_736' title='bbox 457 5542 549 5611; x_wconf 87' lang='lat' dir='ltr'><strong>qui</strong></span> <span class='ocrx_word' id='word_1_737' title='bbox 580 5549 1001 5610; x_wconf 63' lang='lat' dir='ltr'><strong>praesumptum</strong></span> <span class='ocrx_word' id='word_1_738' title='bbox 1026 5542 1329 5611; x_wconf 83' lang='lat' dir='ltr'><strong>suspicione</strong></span> <span class='ocrx_word' id='word_1_739' title='bbox 1370 5541 1436 5595; x_wconf 86' lang='lat' dir='ltr'><strong>de</strong></span> <span class='ocrx_word' id='word_1_740' title='bbox 1460 5541 1691 5596; x_wconf 86' lang='lat' dir='ltr'><strong>adventu</strong></span> <span class='ocrx_word' id='word_1_741' title='bbox 1737 5541 1890 5596; x_wconf 83' lang='lat' dir='ltr'><strong>Chri-</strong></span> 
     </span>
    </p>
   </div>
   <div class='ocr_carea' id='block_1_104' title="bbox 300 5631 1885 5703">
    <p class='ocr_par' dir='ltr' id='par_1_104' title="bbox 300 5631 1885 5703">
     <span class='ocr_line' id='line_1_104' title="bbox 300 5631 1885 5703; baseline -0.004 -9"><span class='ocrx_word' id='word_1_742' title='bbox 300 5631 381 5694; x_wconf 65' lang='lat' dir='ltr'><strong>uti</strong></span> <span class='ocrx_word' id='word_1_743' title='bbox 416 5633 630 5690; x_wconf 80' lang='lat' dir='ltr'><strong>Domini</strong></span> <span class='ocrx_word' id='word_1_744' title='bbox 678 5634 852 5691; x_wconf 82' lang='lat' dir='ltr'><strong>nostri</strong></span> <span class='ocrx_word' id='word_1_745' title='bbox 892 5634 1123 5689; x_wconf 86' lang='lat' dir='ltr'><strong>inaniter</strong></span> <span class='ocrx_word' id='word_1_746' title='bbox 1149 5632 1613 5703; x_wconf 85' lang='lat' dir='ltr'><strong>philosophantur.</strong></span> <span class='ocrx_word' id='word_1_747' title='bbox 1658 5632 1885 5688; x_wconf 84' lang='lat' dir='ltr'><strong>Moritur</strong></span> 
     </span>
    </p>
   </div>
   <div class='ocr_carea' id='block_1_105' title="bbox 303 5723 1881 5796">
    <p class='ocr_par' dir='ltr' id='par_1_105' title="bbox 303 5723 1881 5796">
     <span class='ocr_line' id='line_1_105' title="bbox 303 5723 1881 5796; baseline -0.003 -11"><span class='ocrx_word' id='word_1_748' title='bbox 303 5723 402 5785; x_wconf 79' lang='lat' dir='ltr'><strong>hic</strong></span> <span class='ocrx_word' id='word_1_749' title='bbox 423 5723 509 5780; x_wconf 91' lang='lat' dir='ltr'><strong>vir</strong></span> <span class='ocrx_word' id='word_1_750' title='bbox 547 5723 846 5780; x_wconf 86' lang='lat' dir='ltr'><strong>Constantii</strong></span> <span class='ocrx_word' id='word_1_751' title='bbox 882 5725 1229 5796; x_wconf 87' lang='lat' dir='ltr'><strong>temporibus,</strong></span> <span class='ocrx_word' id='word_1_752' title='bbox 1269 5733 1321 5780; x_wconf 90' lang='lat' dir='ltr'><strong>ct</strong></span> <span class='ocrx_word' id='word_1_753' title='bbox 1360 5724 1513 5794; x_wconf 80' lang='lat' dir='ltr'><strong>juxta</strong></span> <span class='ocrx_word' id='word_1_754' title='bbox 1555 5733 1881 5796; x_wconf 80' lang='lat' dir='ltr'><strong>praeceptum</strong></span> 
     </span>
    </p>
   </div>
   <div class='ocr_carea' id='block_1_106' title="bbox 1992 4905 3566 4974">
    <p class='ocr_par' dir='ltr' id='par_1_106' title="bbox 1992 4905 3566 4974">
     <span class='ocr_line' id='line_1_106' title="bbox 1992 4905 3566 4974; baseline -0.002 -12"><span class='ocrx_word' id='word_1_755' title='bbox 1992 4909 2094 4963; x_wconf 86' lang='lat' dir='ltr'><strong>hoc</strong></span> <span class='ocrx_word' id='word_1_756' title='bbox 2120 4907 2306 4964; x_wconf 90' lang='lat' dir='ltr'><strong>habitu</strong></span> <span class='ocrx_word' id='word_1_757' title='bbox 2334 4906 2573 4962; x_wconf 83' lang='lat' dir='ltr'><strong>furorem</strong></span> <span class='ocrx_word' id='word_1_758' title='bbox 2595 4905 2887 4962; x_wconf 87' lang='lat' dir='ltr'><strong>declinavit</strong></span> <span class='ocrx_word' id='word_1_759' title='bbox 2913 4905 3272 4974; x_wconf 85' lang='lat' dir='ltr'><strong>imperatoris.</strong></span> <span class='ocrx_word' id='word_1_760' title='bbox 3302 4905 3427 4960; x_wconf 67' lang='lat' dir='ltr'><strong>Hmc</strong></span> <span class='ocrx_word' id='word_1_761' title='bbox 3447 4907 3566 4974; x_wconf 54' lang='lat' dir='ltr'><strong>quia</strong></span> 
     </span>
    </p>
   </div>
   <div class='ocr_carea' id='block_1_107' title="bbox 1986 4995 3562 5069">
    <p class='ocr_par' dir='ltr' id='par_1_107' title="bbox 1986 4995 3562 5069">
     <span class='ocr_line' id='line_1_107' title="bbox 1986 4995 3562 5069; baseline -0.001 -16"><span class='ocrx_word' id='word_1_762' title='bbox 1986 5000 2108 5055; x_wconf 88' lang='lat' dir='ltr'><strong>dem</strong></span> <span class='ocrx_word' id='word_1_763' title='bbox 2132 5015 2232 5069; x_wconf 92' lang='lat' dir='ltr'><strong>pro</strong></span> <span class='ocrx_word' id='word_1_764' title='bbox 2266 4999 2462 5055; x_wconf 88' lang='lat' dir='ltr'><strong>timore</strong></span> <span class='ocrx_word' id='word_1_765' title='bbox 2517 4995 2770 5061; x_wconf 83' lang='lat' dir='ltr'><strong>faciebat,</strong></span> <span class='ocrx_word' id='word_1_766' title='bbox 2796 4995 2922 5065; x_wconf 90' lang='lat' dir='ltr'><strong>quia</strong></span> <span class='ocrx_word' id='word_1_767' title='bbox 2969 4998 3257 5051; x_wconf 68' lang='lat' dir='ltr'><strong>verebatur</strong></span> <span class='ocrx_word' id='word_1_768' title='bbox 3298 4996 3562 5052; x_wconf 77' lang='lat' dir='ltr'><strong>Constan-</strong></span> 
     </span>
    </p>
   </div>
   <div class='ocr_carea' id='block_1_108' title="bbox 1987 5082 3563 5156">
    <p class='ocr_par' dir='ltr' id='par_1_108' title="bbox 1987 5082 3563 5156">
     <span class='ocr_line' id='line_1_108' title="bbox 1987 5082 3563 5156; baseline -0.001 -14"><span class='ocrx_word' id='word_1_769' title='bbox 1987 5091 2121 5145; x_wconf 85' lang='lat' dir='ltr'><strong>tium</strong></span> <span class='ocrx_word' id='word_1_770' title='bbox 2150 5087 2555 5156; x_wconf 85' lang='lat' dir='ltr'><strong>imperatorem,</strong></span> <span class='ocrx_word' id='word_1_771' title='bbox 2584 5082 2677 5155; x_wconf 93' lang='lat' dir='ltr'><strong>qui</strong></span> <span class='ocrx_word' id='word_1_772' title='bbox 2718 5082 2937 5138; x_wconf 89' lang='lat' dir='ltr'><strong>fratrem</strong></span> <span class='ocrx_word' id='word_1_773' title='bbox 2962 5082 3080 5153; x_wconf 76' lang='lat' dir='ltr'><strong>ejus</strong></span> <span class='ocrx_word' id='word_1_774' title='bbox 3120 5083 3329 5139; x_wconf 85' lang='lat' dir='ltr'><strong>Gallum</strong></span> <span class='ocrx_word' id='word_1_775' title='bbox 3355 5085 3563 5140; x_wconf 61' lang='lat' dir='ltr'><strong>occide:</strong></span> 
     </span>
    </p>
   </div>
   <div class='ocr_carea' id='block_1_109' title="bbox 1979 5178 3560 5257">
    <p class='ocr_par' dir='ltr' id='par_1_109' title="bbox 1979 5178 3560 5257">
     <span class='ocr_line' id='line_1_109' title="bbox 1979 5178 3560 5257; baseline 0.008 -29"><span class='ocrx_word' id='word_1_776' title='bbox 1979 5181 2083 5240; x_wconf 85' lang='lat' dir='ltr'><strong>rat,</strong></span> <span class='ocrx_word' id='word_1_777' title='bbox 2112 5182 2168 5229; x_wconf 87' lang='lat' dir='ltr'><strong>et</strong></span> <span class='ocrx_word' id='word_1_778' title='bbox 2196 5188 2255 5231; x_wconf 89' lang='lat' dir='ltr'><strong>se</strong></span> <span class='ocrx_word' id='word_1_779' title='bbox 2274 5182 2584 5245; x_wconf 86' lang='lat' dir='ltr'><strong>suspectum</strong></span> <span class='ocrx_word' id='word_1_780' title='bbox 2606 5178 2747 5246; x_wconf 88' lang='lat' dir='ltr'><strong>apud</strong></span> <span class='ocrx_word' id='word_1_781' title='bbox 2772 5194 2895 5233; x_wconf 91' lang='lat' dir='ltr'><strong>eum</strong></span> <span class='ocrx_word' id='word_1_782' title='bbox 2922 5192 3164 5238; x_wconf 88' lang='lat' dir='ltr'><strong>noverat.</strong></span> <span class='ocrx_word' id='word_1_783' title='bbox 3193 5183 3434 5257; x_wconf 86' lang='lat' dir='ltr'><strong>Legebat</strong></span> <span class='ocrx_word' id='word_1_784' title='bbox 3456 5186 3560 5241; x_wconf 86' lang='lat' dir='ltr'><strong>ita-</strong></span> 
     </span>
    </p>
   </div>
   <div class='ocr_carea' id='block_1_110' title="bbox 1979 5263 3560 5344">
    <p class='ocr_par' dir='ltr' id='par_1_110' title="bbox 1979 5263 3560 5344">
     <span class='ocr_line' id='line_1_110' title="bbox 1979 5263 3560 5344; baseline 0.009 -26"><span class='ocrx_word' id='word_1_785' title='bbox 1979 5277 2085 5333; x_wconf 86' lang='lat' dir='ltr'><strong>que</strong></span> <span class='ocrx_word' id='word_1_786' title='bbox 2110 5265 2250 5335; x_wconf 89' lang='lat' dir='ltr'><strong>apud</strong></span> <span class='ocrx_word' id='word_1_787' title='bbox 2283 5263 2624 5334; x_wconf 85' lang='lat' dir='ltr'><strong>Paganorum</strong></span> <span class='ocrx_word' id='word_1_788' title='bbox 2654 5267 3021 5341; x_wconf 82' lang='lat' dir='ltr'><strong>philosophos,</strong></span> <span class='ocrx_word' id='word_1_789' title='bbox 3045 5288 3275 5344; x_wconf 92' lang='lat' dir='ltr'><strong>quorum</strong></span> <span class='ocrx_word' id='word_1_790' title='bbox 3298 5274 3560 5332; x_wconf 89' lang='lat' dir='ltr'><strong>instinctu</strong></span> 
     </span>
    </p>
   </div>
   <div class='ocr_carea' id='block_1_111' title="bbox 1978 5357 3567 5434">
    <p class='ocr_par' dir='ltr' id='par_1_111' title="bbox 1978 5357 3567 5434">
     <span class='ocr_line' id='line_1_111' title="bbox 1978 5357 3567 5434; baseline 0.006 -20"><span class='ocrx_word' id='word_1_791' title='bbox 1978 5357 2143 5428; x_wconf 86' lang='lat' dir='ltr'><strong>coepit</strong></span> <span class='ocrx_word' id='word_1_792' title='bbox 2185 5357 2486 5429; x_wconf 88' lang='lat' dir='ltr'><strong>imperialia</strong></span> <span class='ocrx_word' id='word_1_793' title='bbox 2545 5369 2764 5431; x_wconf 89' lang='lat' dir='ltr'><strong>sceptra</strong></span> <span class='ocrx_word' id='word_1_794' title='bbox 2820 5362 3148 5422; x_wconf 87' lang='lat' dir='ltr'><strong>desiderare.</strong></span> <span class='ocrx_word' id='word_1_795' title='bbox 3204 5365 3567 5434; x_wconf 75' lang='lat' dir='ltr'><strong>Quamobrem</strong></span> 
     </span>
    </p>
   </div>
   <div class='ocr_carea' id='block_1_112' title="bbox 1976 5443 3568 5522">
    <p class='ocr_par' dir='ltr' id='par_1_112' title="bbox 1976 5443 3568 5522">
     <span class='ocr_line' id='line_1_112' title="bbox 1976 5443 3568 5522; baseline 0.007 -24"><span class='ocrx_word' id='word_1_796' title='bbox 1976 5443 2286 5499; x_wconf 88' lang='lat' dir='ltr'><strong>discurrens</strong></span> <span class='ocrx_word' id='word_1_797' title='bbox 2316 5443 2626 5501; x_wconf 86' lang='lat' dir='ltr'><strong>universam</strong></span> <span class='ocrx_word' id='word_1_798' title='bbox 2652 5445 2929 5504; x_wconf 86' lang='lat' dir='ltr'><strong>Helladam</strong></span> <span class='ocrx_word' id='word_1_799' title='bbox 2964 5458 3118 5507; x_wconf 85' lang='lat' dir='ltr'><strong>vates</strong></span> <span class='ocrx_word' id='word_1_800' title='bbox 3153 5452 3430 5522; x_wconf 72' lang='lat' dir='ltr'><strong>quaerebat</strong></span> <span class='ocrx_word' id='word_1_801' title='bbox 3481 5469 3568 5509; x_wconf 91' lang='lat' dir='ltr'><strong>re-</strong></span> 
     </span>
    </p>
   </div>
   <div class='ocr_carea' id='block_1_113' title="bbox 1977 5533 3563 5613">
    <p class='ocr_par' dir='ltr' id='par_1_113' title="bbox 1977 5533 3563 5613">
     <span class='ocr_line' id='line_1_113' title="bbox 1977 5533 3563 5613; baseline 0.006 -25"><span class='ocrx_word' id='word_1_802' title='bbox 1977 5549 2174 5602; x_wconf 88' lang='lat' dir='ltr'><strong>sponsa</strong></span> <span class='ocrx_word' id='word_1_803' title='bbox 2201 5533 2507 5602; x_wconf 89' lang='lat' dir='ltr'><strong>reddentes,</strong></span> <span class='ocrx_word' id='word_1_804' title='bbox 2541 5536 2831 5593; x_wconf 86' lang='lat' dir='ltr'><strong>consulens</strong></span> <span class='ocrx_word' id='word_1_805' title='bbox 2865 5539 2911 5595; x_wconf 87' lang='lat' dir='ltr'><strong>si</strong></span> <span class='ocrx_word' id='word_1_806' title='bbox 2942 5540 3010 5595; x_wconf 91' lang='lat' dir='ltr'><strong>ad</strong></span> <span class='ocrx_word' id='word_1_807' title='bbox 3049 5539 3339 5611; x_wconf 89' lang='lat' dir='ltr'><strong>imperium</strong></span> <span class='ocrx_word' id='word_1_808' title='bbox 3373 5557 3563 5613; x_wconf 87' lang='lat' dir='ltr'><strong>perve-</strong></span> 
     </span>
    </p>
   </div>
   <div class='ocr_carea' id='block_1_114' title="bbox 1977 5623 3566 5699">
    <p class='ocr_par' dir='ltr' id='par_1_114' title="bbox 1977 5623 3566 5699">
     <span class='ocr_line' id='line_1_114' title="bbox 1977 5623 3566 5699; baseline 0.007 -22"><span class='ocrx_word' id='word_1_809' title='bbox 1977 5624 2150 5689; x_wconf 88' lang='lat' dir='ltr'><strong>niret;</strong></span> <span class='ocrx_word' id='word_1_810' title='bbox 2194 5623 2505 5695; x_wconf 85' lang='lat' dir='ltr'><strong>invenitque</strong></span> <span class='ocrx_word' id='word_1_811' title='bbox 2531 5626 2706 5682; x_wconf 91' lang='lat' dir='ltr'><strong>virum</strong></span> <span class='ocrx_word' id='word_1_812' title='bbox 2743 5629 2834 5699; x_wconf 89' lang='lat' dir='ltr'><strong>qui</strong></span> <span class='ocrx_word' id='word_1_813' title='bbox 2865 5629 2913 5684; x_wconf 88' lang='lat' dir='ltr'><strong>ei</strong></span> <span class='ocrx_word' id='word_1_814' title='bbox 2948 5630 3254 5691; x_wconf 89' lang='lat' dir='ltr'><strong>desiderata</strong></span> <span class='ocrx_word' id='word_1_815' title='bbox 3292 5648 3351 5689; x_wconf 88' lang='lat' dir='ltr'><strong>se</strong></span> <span class='ocrx_word' id='word_1_816' title='bbox 3383 5634 3566 5689; x_wconf 81' lang='lat' dir='ltr'><strong>dicere</strong></span> 
     </span>
    </p>
   </div>
   <div class='ocr_carea' id='block_1_115' title="bbox 1975 5714 3552 5793">
    <p class='ocr_par' dir='ltr' id='par_1_115' title="bbox 1975 5714 3552 5793">
     <span class='ocr_line' id='line_1_115' title="bbox 1975 5714 3552 5793; baseline 0.008 -24"><span class='ocrx_word' id='word_1_817' title='bbox 1975 5714 2252 5770; x_wconf 84' lang='lat' dir='ltr'><strong>fateretur.</strong></span> <span class='ocrx_word' id='word_1_818' title='bbox 2286 5715 2334 5772; x_wconf 84' lang='lat' dir='ltr'><strong>is</strong></span> <span class='ocrx_word' id='word_1_819' title='bbox 2365 5731 2487 5772; x_wconf 91' lang='lat' dir='ltr'><strong>cum</strong></span> <span class='ocrx_word' id='word_1_820' title='bbox 2510 5720 2809 5789; x_wconf 75' lang='lat' dir='ltr'><strong>perducens</strong></span> <span class='ocrx_word' id='word_1_821' title='bbox 2859 5720 2926 5776; x_wconf 88' lang='lat' dir='ltr'><strong>ad</strong></span> <span class='ocrx_word' id='word_1_822' title='bbox 2961 5722 3247 5793; x_wconf 87' lang='lat' dir='ltr'><strong>quemdam</strong></span> <span class='ocrx_word' id='word_1_823' title='bbox 3287 5723 3552 5785; x_wconf 89' lang='lat' dir='ltr'><strong>idolorum</strong></span> 
     </span>
    </p>
   </div>
  </div>
