3962 6174
479 272 605 327 I‘ill

1479 264 1863 327 FRECULPHI
1898 262 2355 321 LEXOVIENSIS
2396 260 2703 319 EPISCOPI

3598 266 3724 323 ηιξ

475 385 672 447 locum,
700 387 755 434 et
782 376 1143 434 intromittens
1194 375 1246 428 in
1297 375 1535 448 adytum,
1590 376 1903 431 seductores
1946 375 2051 428 dte-
2082 377 2125 436 Α
2152 387 2288 442 opus
2314 371 2612 442 philosophi
2642 389 2747 427 non
2777 380 2955 428 tamen
2991 374 3174 446 imper.
3199 378 3331 433 toris
3371 379 3521 450 egit;
3556 390 3613 435 ut
3638 400 3727 437 au-

476 488 666 527 umues
714 468 976 524 evocavit.
1026 467 1233 534 Quibus
1287 466 1601 521 solemniter
1644 464 2044 536 apprrent'bus’.

476 574 680 613 terrore
709 554 1048 623 compellitur
1095 554 1337 607 Julianus
1396 555 1447 607 in
1503 553 1679 608 fronte
1727 570 1821 606 sua
1872 554 2050 607 crucis

475 650 706 702 formare
735 645 1087 716 signaculum.
1138 626 1287 698 Tune
1315 646 1586 697 daemones
1634 643 1818 712 tropa'i
1868 642 2047 695 Domi-

474 739 578 794 nici
618 738 841 807 figuram
874 736 1243 805 respicientes,
1270 744 1325 787 et
1351 750 1460 786 sum
1492 732 1760 787 recordati
1793 732 2049 786 devictio—

474 833 579 895 Itis,
626 836 843 898 rcpente
874 827 1271 893 disparuerunt.
1315 823 1467 888 Quod
1510 836 1809 891 agnoscens
1840 837 2046 889 magus,

473 920 640 989 cwpit
668 919 885 987 culpare
912 914 1204 969 Iulianum.
1234 914 1302 966 At
1333 913 1421 966 ille
1450 922 1502 965 et
1548 920 1809 965 terrorem
1846 911 2049 978 signiti-

473 1013 635 1073 eaxit,
682 1019 729 1064 et
774 1008 951 1063 crucis
998 1022 1056 1061 se
1101 1005 1236 1059 dixit
1286 1003 1632 1073 obstupuisse
1677 1004 1950 1065 virtutem,
1985 1017 2048 1055 eo

472 1101 615 1171 quod
652 1099 896 1153 videntes
942 1098 1047 1150 hoc
1089 1095 1299 1164 signum
1347 1094 1640 1156 daemones,
1690 1104 2043 1146 evanuerunt.

473 1193 642 1247 Porro
668 1204 890 1257 magus:
948 1186 1063 1240 Non
1116 1188 1215 1241 hoc
1270 1185 1580 1254 suspiceris,
1634 1185 2049 1252 inquit,ohone

472 1283 579 1345 vir,
605 1281 729 1350 quia
756 1279 1051 1350 timuerint,
1082 1278 1220 1331 sicut
1242 1277 1342 1339 ais,
1372 1275 1463 1329 sed
1490 1275 1783 1328 abominati
1833 1276 1932 1328 hoc
1973 1276 2047 1329 si-

474 1390 637 1443 gnum
662 1373 840 1441 potius
864 1370 1256 1423 abscesserunt.
1290 1368 1355 1420 Et
1403 1367 1475 1420 ita
1513 1366 1732 1434 capiens
1770 1366 2046 1428 miserum,

473 1464 598 1517 odio
626 1461 851 1531 replevit
877 1457 1166 1514 Christiani
1190 1456 1450 1526 signaculi
1473 1455 1764 1509 Iulianum.
1790 1454 1915 1507 Post
1936 1454 2049 1507 hinc

474 1557 639 1624 igitur
684 1558 974 1625 imperator
1025 1552 1270 1607 evocavit
1318 1550 1608 1611 lulianum,
1661 1556 1715 1602 et
1769 1546 2048 1602 constituit

470 1645 759 1709 Caesarem,
791 1644 1032 1712 datisque
1078 1643 1129 1697 ei
1178 1639 1456 1710 conjugem
1501 1638 1867 1693 Constantiam
1899 1653 2048 1691 soro-

2159 469 2267 515 tem
2302 450 2607 516 detraheret
2656 472 2819 531 atque
2868 464 3152 530 laceraret,
3208 485 3380 538 neque
3431 471 3727 543 philosophi

2154 568 2326 620 neque
2356 553 2613 622 principis
2649 552 2766 607 fuit.
2808 553 2907 619 Qui
2952 566 3072 625 post
3118 561 3295 613 omnia
3342 571 3535 615 contra
3578 563 3726 617 Chri-

2151 642 2351 694 stiattos
2378 652 2695 712 argumenta
2725 645 2918 699 diaboli
2950 664 3012 701 ac
3035 662 3145 702 sum
3172 650 3482 707 calliditatis
3511 668 3612 722 per
3634 654 3729 707 Ro—

2152 749 2365 785 manum
2397 735 2583 787 orbem
2613 734 2889 802 disposita,
2925 736 3085 790 nimis
3104 738 3286 806 glorie
3309 742 3536 810 cupidus
3565 743 3727 812 (illum

2150 824 2292 875 cuitu
2318 823 2523 874 vanitas
2545 822 2858 891 flagrantior
2880 827 3197 896 pervicerat)
3222 829 3415 882 bellum
3448 833 3727 886 adversum

2150 911 2380 965 Parthos
2414 929 2627 982 parans,
2662 929 2784 966 cum
2820 912 3086 969 Romanas
3118 918 3261 970 vires
3287 930 3605 974 contractas
3634 940 3717 974 ne-

2151 1002 2309 1070 dique
2356 1001 2421 1055 ad
2474 1002 2800 1056 destinatam
2848 1018 3027 1058 secum
3070 1007 3308 1060 traheret
3365 1011 3724 1073 traditimwm,

2148 1090 2575 1146 Christianorum
2628 1093 3097 1163 sanguinettt.diis
3153 1097 3266 1151 suis
3319 1099 3496 1161 vovit,
3558 1102 3723 1170 palam

2148 1196 2529 1254 persecuturus
2576 1186 2867 1250 Ecclesias,
2914 1187 2958 1240 si
3003 1187 3280 1241 victoriam
3311 1191 3581 1258 potuisset
3623 1194 3727 1245 adi.

2149 1275 2300 1343 pisci.
2351 1274 2483 1327 Nam
2515 1284 2569 1329 et
2607 1274 3057 1345 amphitheatrum
3113 1276 3493 1350 Hierosolymis
3530 1284 3726 1336 exstrui

2140 1364 2318 1432 jussit,
2348 1367 2401 1419 in
2435 1382 2542 1436 quo
2582 1382 2831 1422 reversus
2858 1384 2889 1421 a
2934 1368 3167 1433 Parthis,
3206 1371 3512 1441 episcopos,
3547 1390 3727 1429 mona-

2149 1457 2281 1510 chos
2310 1471 2600 1525 omnesque
2623 1455 2740 1525 ejus
2775 1456 2879 1513 loci
2925 1468 3162 1521 sanctos,
3205 1461 3393 1515 bestiis
3424 1463 3596 1515 etiam
3625 1475 3730 1517 arte

2149 1552 2377 1620 quadam
2400 1552 2713 1607 saevioribus
2734 1551 3008 1620 objiceret,
3030 1562 3409 1623 speetaretque
3430 1555 3730 1610 laniandos.

2152 1642 2336 1709 Itaque
2362 1651 2644 1711 postquam
2693 1658 2723 1695 a
2755 1641 3118 1710 Thcsiphonte
3167 1651 3344 1696 castra
3376 1646 3569 1709 movit,
3620 1648 3732 1699 doto

473 1751 585 1790 rem
613 1750 785 1799 suam,
832 1743 1019 1788 contra
1062 1732 1327 1786 Barbaros
1358 1744 1479 1782 eum
1512 1727 1802 1782 destinavit
1827 1727 1893 1780 ad
1927 1725 2048 1780 Gal-
2076 1714 2121 1772 B
2151 1729 2428 1798 cujusdam
2465 1729 2755 1800 transfuga:
2803 1731 2857 1783 in
2909 1730 3122 1784 deserta
3170 1732 3486 1800 perductus,
3533 1750 3660 1787 cum
3688 1737 3731 1787 vi

469 1827 595 1890 Iias,
627 1833 685 1878 ut
712 1825 765 1877 in
811 1823 1177 1892 superioribus
1205 1820 1456 1874 diximus.
1508 1818 1674 1887 Igitur
1718 1814 1962 1869 Julianus
1988 1825 2048 1869 ut

469 1917 616 1970 solus
657 1914 889 1970 obtinuit
925 1913 1284 1982 principatum
1336 1910 1588 1978 primum,
1641 1907 1786 1962 velut
1815 1922 2047 1978 arguens

470 2018 752 2076 perperam
785 2010 932 2070 gesta
960 1999 1279 2064 Constantii,
1308 1998 1591 2066 episcopos
1630 1994 1790 2062 jubet
1816 1996 1881 2049 de
1907 1996 2045 2050 exsi-

469 2094 555 2148 liis
584 2093 836 2154 relaxari,
868 2100 989 2161 post
1032 2105 1163 2144 vero
1209 2091 1495 2143 adversum
1539 2096 1754 2142 nostros
1805 2095 1919 2141 tota
1951 2102 2048 2142 no-

468 2186 624 2240 cendi
652 2194 771 2239 arte
792 2184 1087 2257 consurgit.
1112 2182 1358 2248 Quicum
1388 2188 1599 2234 astutus
1630 2188 1792 2250 atque
1822 2179 2047 2234 callidus

467 2287 614 2333 esset
657 2278 949 2346 deceptor,
1000 2273 1212 2328 Judtcos
1266 2274 1334 2328 ob
1385 2272 1815 2327 Christianorum
1863 2271 2045 2326 odium

467 2370 889 2441 Hierosolymam
914 2368 1149 2435 undique
1173 2366 1460 2421 convenire
1475 2365 1643 2434 jubet,
1665 2374 1719 2418 et
1744 2380 1810 2417 ex
1831 2362 2046 2433 publico

465 2463 546 2515 eis
572 2476 835 2530 expensas
864 2460 1047 2531 largiri
1090 2458 1349 2529 praecipit,
1402 2465 1461 2510 ut
1515 2456 1771 2525 templum
1823 2453 2045 2510 reazdifi-

466 2561 671 2614 carent,
698 2559 753 2604 et
777 2549 850 2603 ibi
878 2550 1081 2604 hostias
1103 2549 1305 2619 legales
1344 2546 1706 2609 immolarent,
1734 2555 1793 2598 ut
1818 2545 1897 2599 sic
1937 2543 2045 2603 sal,-

468 2652 571 2695 tcm
609 2640 1078 2695 Christianismum
1121 2638 1335 2693 abolere
1372 2644 1571 2706 posset.
1610 2634 1715 2690 Sed
1756 2635 1894 2688 mira
1936 2634 2046 2688 dis—

466 2731 781 2799 pensatione
805 2730 1038 2783 maxima
1062 2743 1189 2798 pars
1217 2726 1544 2792 Judxeorum,
1572 2725 1662 2794 qui
1708 2725 1833 2779 illuc
1854 2740 2046 2780 convc-

465 2830 677 2884 ncrant,
706 2828 1013 2875 terraemottt
1071 2826 1373 2889 perempta,
1418 2816 1608 2886 reliqui
1648 2830 1773 2870 vero
1816 2814 2045 2870 flammis

466 2911 748 2966 ultricibus
775 2911 968 2965 exusti.
1015 2909 1114 2976 Qui
1162 2920 1342 2963 autem
1391 2906 1789 2981 superfuerunt,
1832 2908 2044 2976 signum

464 3000 627 3052 etiam
662 2999 838 3066 crucis
867 3006 972 3053 tam
1001 2999 1053 3051 in
1079 2998 1218 3053 cmlo
1242 3014 1403 3067 quam
1442 3008 1495 3053 et
1526 2998 1579 3050 in
1625 2996 2045 3067 uniuscujusque

470 3098 614 3140 veste
641 3096 942 3151 cernentes,
972 3087 1115 3155 quod
1141 3088 1184 3139 si
1212 3090 1472 3150 no'eutes,
1502 3101 1838 3156 nequaquam
1865 3102 1931 3139 ex
1959 3088 2041 3143 eis

466 3178 643 3233 delere
678 3186 946 3245 poterant.
980 3167 1176 3244 Itaque
1204 3176 1356 3230 inviti
1403 3176 1665 3245 compulsi
1711 3187 1837 3230 sunt
1878 3177 2038 3231 Chri-

468 3277 610 3322 stum
639 3267 730 3322 Dei
765 3266 959 3320 Filium
987 3266 1162 3329 fateri,
1213 3266 1408 3335 quibus
1436 3265 1603 3334 signis
1634 3265 1805 3320 territi
1836 3266 2038 3321 disces-

464 3369 669 3415 serunt.
697 3360 865 3432 Igitur
891 3359 1185 3429 imperator
1207 3358 1403 3411 dudum
1428 3358 1651 3412 studens
1678 3358 2038 3427 paganitatcm

468 3455 520 3509 in
544 3455 690 3509 onmi
710 3470 805 3508 sua
836 3453 1036 3507 ditione
1061 3451 1304 3514 dilatare,
1330 3450 1566 3521 graviter
1599 3448 1825 3512 ferebat,
1853 3448 2041 3504 videns

463 3547 799 3602 Christianos
828 3546 1005 3616 potius
1030 3542 1313 3642 approbagi
1341 3557 1356 3595 :
1401 3542 1694 3596 arbitratus
1719 3549 1801 3595 est
1841 3542 2041 3596 statum

463 3655 527 3693 ex
560 3638 666 3691 vita
691 3638 830 3692 bona
860 3644 912 3690 et
948 3631 1357 3690 conversatione
1394 3631 1819 3687 Christianitatis
1847 3631 2033 3687 consi-

466 3741 652 3794 stere;
694 3727 899 3785 studuit
942 3726 1143 3795 ubique
1188 3724 1383 3793 templa
1411 3738 1743 3793 paganorum
1789 3731 2038 3777 constru-

464 3824 641 3877 ctione
663 3829 716 3876 ct
737 3820 925 3875 ordine
944 3818 1261 3874 Christiana:
1284 3815 1557 3887 religionis
1582 3831 1798 3881 ornare,
1824 3816 2042 3872 sedibus

464 3924 628 3984 atque
682 3912 1138 3985 processionibus,
1205 3923 1641 3980 paganorumque
1702 3907 2042 3977 dogmatibus

463 4013 627 4073 atque
651 4001 1035 4057 monitionibus
1064 4000 1293 4055 lectores
1320 4013 1431 4054 suae
1460 3998 1860 4068 superstitionis
1891 3999 2045 4054 insti-

465 4094 569 4149 tuit
595 4093 662 4147 ad
690 4093 860 4147 instar
887 4090 1229 4155 clericorum,
1273 4097 1334 4143 ut
1379 4089 1542 4143 horas
1570 4096 1766 4152 certas,
1815 4097 1870 4143 et
1898 4089 2036 4154 dies,

463 4196 521 4241 et
571 4185 877 4248 orationes,
931 4182 1247 4237 solemniter
1297 4180 1669 4245 observarent,
1727 4179 2043 4250 praecipiens

465 4276 667 4347 pariter
715 4274 914 4328 habere
963 4288 1146 4326 curam
1193 4270 1339 4324 viros
1387 4269 1754 4339 philosophari
1808 4268 2043 4324 scientes

465 4364 785 4421 habitaculis
812 4363 1216 4433 peregrinorum
1242 4370 1298 4416 et
1324 4376 1642 4431 pauperum,
1689 4360 1897 4429 aliaque
1922 4376 2045 4429 pro-

2146 1821 2264 1876 sitis
2292 1828 2348 1874 et
2379 1821 2574 1876 ardore
2599 1821 2747 1885 solis,
2774 1829 2936 1890 atque
2958 1822 3179 1891 insuper
3204 1822 3387 1879 labore
3416 1841 3731 1888 arenarum,

2146 1909 2421 1965 confectus
2446 1910 2648 1980 periret
2695 1910 2984 1975 exercitus,
3032 1911 3324 1980 imperator
3369 1922 3523 1967 tanto
3556 1930 3732 1968 rerum

2146 1998 2384 2069 periculo
2414 1998 2626 2064 anxius,
2682 2000 2808 2053 dum
2858 2013 2958 2067 per
3005 2008 3156 2053 vasta
3204 2000 3405 2055 deserti
3459 2003 3732 2057 incautius

2147 2099 2401 2158 evagatus
2423 2104 2455 2143 a
2477 2105 2698 2144 suorum
2725 2098 2933 2145 erraret
2962 2091 3287 2160 agminibus,
3316 2093 3384 2146 ab
3409 2094 3577 2149 obvio
3607 2111 3733 2164 quio-

2146 2182 2270 2237 dam
2292 2182 2556 2267 ‘hostium
2590 2180 2790 2251 equite,
2840 2189 2998 2235 conto
3028 2181 3117 2235 ilia
3172 2182 3330 2248 ictus,
3364 2184 3600 2238 interiit.
3637 2186 3730 2251 Qui

2145 2283 2366 2345 accepto
2395 2275 2587 2330 lethali
2610 2274 2850 2339 vulnere,
2895 2274 3209 2343 sanguinem
3251 2277 3533 2345 propriam
3582 2293 3726 2345 spar-

2147 2383 2277 2437 gens
2302 2368 2353 2420 in
2391 2381 2518 2421 aera
2542 2365 2797 2420 clamavit
2831 2383 2843 2418 :
2874 2363 3074 2429 Vicisti,
3106 2362 3348 2425 Galilaee,
3379 2366 3597 2420 vicisti!
3632 2368 3723 2420 So-

2146 2460 2271 2514 litus
2316 2460 2511 2529 quippe
2540 2468 2659 2513 erat
2705 2456 3043 2513 Christianos
3079 2442 3274 2512 vocare
3318 2458 3597 2513 Galilmos.
3649 2458 3729 2513 Sir.

2147 2548 2457 2602 misericors
2484 2548 2625 2601 Deus
2652 2547 2814 2615 impia
2838 2546 3059 2602 consilia
3090 2546 3238 2614 impii
3261 2555 3435 2599 morte
3462 2547 3721 2606 dissolvit,

2146 2638 2270 2706 quia
2301 2636 2468 2691 Deum
2494 2645 2771 2692 auctorem
2801 2637 3042 2691 omnium
3087 2645 3276 2705 sponte
3322 2636 3589 2698 deseruit,
3641 2653 3729 2690 ne-

2146 2727 2297 2782 fariis
2334 2727 2571 2783 confisus
2596 2727 2804 2782 artibus
2825 2727 3048 2796 magicis
3074 2740 3186 2780 suae
3227 2726 3465 2781 levitatis
3492 2729 3709 2796 petulan

2147 2818 2244 2882 tia,
2274 2817 2429 2887 quasi
2458 2818 2708 2871 omnibus
2737 2815 2992 2871 audacior
3038 2825 3259 2870 cunctos
3298 2817 3583 2881 anteierit,
3627 2834 3738 2872 rne-

2147 2910 2281 2963 ritas
2309 2909 2409 2963 luit
2452 2924 2659 2978 pinnas.
2702 2907 2818 2963 Non
2851 2908 2995 2962 enim
3030 2908 3183 2962 decet
3212 2907 3602 2976 imperatorem
3645 2924 3736 2963 au-

2148 2999 2301 3053 dacia
2332 2999 2451 3053 aliis
2484 2997 2745 3067 pratferri,
2792 2998 2883 3052 sed
2926 2996 3296 3052 moderatione
3322 3006 3374 3049 et
3427 2997 3738 3053 saiul:ribus

2144 3089 2404 3143 consiliis.
2437 3086 2601 3155 Cujus
2630 3091 2778 3143 salus
2806 3089 3023 3158 propria
3064 3104 3186 3142 cum
3234 3104 3454 3158 semper
3481 3092 3551 3142 ad
3579 3103 3736 3144 seen-

2144 3180 2358 3233 ritatem
2386 3180 2647 3244 omnium,
2683 3179 2736 3233 in
2776 3179 2916 3233 bello
2948 3179 3183 3233 maxime
3224 3181 3605 3235 conservanda
3631 3192 3731 3236 est.

2776 3290 3003 3347 CAPUT
3031 3291 3098 3345 Χ.

2143 3381 2220 3436 De
2212 3382 2526 3506 Jpwdagtéqo
2577 3380 2873 3437 Christiano
2920 3393 2966 3436 et
3008 3381 3227 3436 Iuliano
3258 3381 3425 3445 Saba,
3459 3401 3553 3453 qm
3594 3386 3733 3453 impii

2253 3452 2414 3505 uliam
2483 3453 2663 3505 reseris
2702 3453 2842 3506 apud
2877 3452 3140 3506 Persidem
3169 3454 3529 3506 vrwdizeruitt
3558 3455 3724 3506 perdi-

2240 3452 2414 3533 :uliani
2439 3452 2663 3505 Cwsaris
2702 3453 2842 3521 apud
2877 3452 3140 3507 Persidem
3166 3452 3529 3523 prwdircrum
3558 3452 3724 3524 perdi-

2211 3532 2422 3576 tionem.

2214 3632 2327 3701 Qua
2363 3634 2525 3687 etiam
2570 3639 2887 3701 tempestate
2936 3631 2991 3685 in
3043 3631 3331 3685 Antiochia
3380 3631 3467 3684 vir
3512 3632 3729 3700 quidam

2134 3724 2377 3793 optimus
2398 3724 2718 3793 paedagogus
2743 3722 3161 3777 adolescentium
3186 3722 3489 3783 habitabat,
3510 3732 3733 3793 eraque

2143 3815 2250 3870 illic
2273 3816 2671 3870 famosissimus
2711 3816 2948 3884 sophista
2982 3815 3238 3871 Libanius
3287 3816 3514 3886 impius,
3547 3833 3735 3889 exspe-

2141 3914 2402 3976 ctansque
2435 3905 2630 3961 Juliani
2669 3907 2973 3970 victoriam,
3020 3905 3224 3964 habens
3252 3920 3364 3975 pra:
3405 3907 3588 3962 oculis
3620 3910 3735 3977 ejus

2141 3998 2334 4052 minas.
2364 3997 2716 4068 Interrogavit
2737 4013 2865 4068 ergo
2895 3997 3264 4068 pzedagogum,
3297 3999 3451 4068 quasi
3483 4010 3736 4054 nostram

2144 4088 2435 4146 deridenda
2461 4089 2772 4160 religionem
2796 4107 2809 4143 :
2843 4089 3013 4153 Nunc,
3038 4091 3234 4159 inquit,
3264 4090 3402 4144 fabri
3430 4091 3583 4146 ﬁlius
3606 4097 3735 4162 quid

2142 4188 2301 4250 putas
2327 4178 2438 4250 agit
2457 4179 2480 4231 ?
2498 4178 2570 4231 At
2590 4178 2678 4233 ille
2704 4179 2844 4247 quod
2878 4186 3001 4246 post
3036 4178 3311 4247 paululum
3339 4180 3601 4248 contigit,
3636 4183 3736 4234 im-

2145 4267 2320 4336 pletus
2365 4266 2536 4337 gratia
2568 4266 2773 4331 divina,
2821 4267 3087 4336 praedixit.
3120 4266 3417 4337 Respondit
3459 4270 3619 4323 enim
3645 4291 3661 4322 :
3694 4270 3739 4324 υ

2146 4357 2404 4426 sophista,
2436 4365 2649 4411 creator
2676 4358 2934 4418 omnium,
2959 4372 3119 4426 quem
3148 4368 3203 4411 tu
3244 4357 3381 4412 fabri
3430 4358 3612 4414 ﬁlium
3645 4378 3739 4415 m-

466 4454 702 4507 videntia
733 4422 875 4507 circa
905 4422 1101 4521 egenos
1128 4422 1368 4504 exhibita
1410 4422 1740 4519 paganorum
1786 4422 2045 4521 religione
2069 4422 2121 4480 D
2146 4422 2385 4511 minasti,
2418 4446 2664 4500 locellum
2702 4422 2993 4515 sepultura;
3019 4446 3234 4502 Iuliano
3268 4451 3576 4519 componit.
3610 4451 3741 4506 Post

466 4557 809 4611 componere,
835 4549 887 4594 et
913 4540 1127 4609 pietatis
1153 4539 1353 4593 habere
1386 4556 1599 4594 nomen.
1629 4540 1685 4594 Si
1717 4541 1838 4610 quis
1863 4549 2042 4597 autem

468 4642 658 4703 sponte
684 4632 767 4686 vel
804 4631 1001 4686 invitus
1048 4637 1316 4699 peccaret,
1350 4631 1639 4684 secundum
1686 4633 2036 4687 traditionem

466 4722 917 4785 Christianorum,
949 4720 1178 4772 instituit
1204 4727 1261 4772 ut
1285 4726 1408 4787 post
1433 4718 1804 4788 paenitentiam
1836 4721 2040 4775 medio-

468 4828 614 4868 crem
665 4811 953 4866 sustineret
988 4811 1393 4864 correctionem.
1448 4809 1573 4863 Haec
1628 4809 1808 4878 itaque
1837 4808 2040 4865 faciens

471 4905 762 4974 imperator
790 4901 857 4955 ad
908 4900 1324 4954 destructionem
1371 4899 1821 4964 Christianorum,
1870 4916 2044 4969 neque

469 4993 696 5048 suadere
747 4988 998 5060 subjectis
1048 4988 1343 5058 prtevaluit,
1396 4996 1451 5043 et
1479 4996 1663 5057 aperte
1710 4989 1816 5042 vim
1847 4989 2045 5046 inferre

471 5085 643 5153 pilam
686 5082 919 5138 erubuit.
967 5080 1179 5134 Habeas
1230 5081 1410 5150 itaque
1462 5077 1705 5135 Julianus
1754 5081 2042 5151 pluritnum

471 5184 621 5224 vana:
646 5170 824 5241 gloria:
846 5169 1055 5233 vitium,
1086 5177 1306 5222 cunctos
1342 5179 1466 5223 ante
1509 5185 1567 5224 se
1607 5170 1872 5240 principes
1898 5172 2042 5226 lace-

472 5259 612 5313 ravit
640 5260 695 5312 in
716 5259 956 5315 oratione
983 5273 1140 5328 quam
1171 5259 1236 5312 de
1262 5256 1563 5313 Ctesarihus
1593 5261 1829 5328 scripsit,
1852 5271 1904 5315 et
1927 5262 2040 5331 ipse

472 5356 593 5419 post
618 5341 816 5404 Iulium
842 5349 1218 5418 imperatorem
1240 5348 1443 5416 primus
1466 5349 1517 5402 in
1547 5359 1735 5404 senatu
1761 5366 1879 5421 qua:
1896 5367 2043 5406 com-

474 5444 743 5493 mentatus
785 5435 958 5493 fuerat
996 5438 1260 5492 recitavit.
1291 5437 1403 5492 Hac
1443 5454 1570 5508 ergo
1598 5443 1902 5509 arrogantia
1932 5458 2046 5496 mo-

475 5532 584 5600 tus,
614 5529 772 5581 etiam
805 5536 990 5583 contra
1020 5527 1354 5584 Christianos
1382 5530 1702 5598 conscripsit
1737 5531 1921 5586 libros.
1975 5533 2043 5589 Ut
2079 5544 2083 5549 ’

474 5633 604 5688 ergo
630 5613 829 5691 coquos
880 5629 1057 5692 atquc,
1088 5629 1331 5709 tonsores
1380 5621 1666 5692 expelleret
1720 5624 1787 5678 de
1821 5624 2039 5694 palatio,

2146 4555 2344 4608 paucos
2369 4539 2511 4593 enim
2542 4539 2657 4592 dies
2682 4554 2830 4593 mors
2852 4539 2998 4594 illius
3022 4541 3301 4594 nuntiatur
3323 4543 3574 4605 erronei,
3603 4546 3738 4598 etin

2143 4626 2332 4681 lucello
2379 4627 2605 4695 positus,
2656 4634 2741 4681 est
2788 4628 3068 4692 advectus,
3127 4629 3508 4699 minarumque
3564 4634 3738 4688 timor

2142 4726 2435 4773 evacuatus
2461 4727 2563 4771 est.
2591 4717 2743 4772 Tunc
2765 4720 2966 4772 etenim
3009 4718 3256 4774 Julianus
3290 4721 3741 4790 religiosissimus

2141 4817 2494 4878 cognomento
2521 4806 2682 4872 Saba,
2716 4823 2837 4861 cum
2880 4809 3020 4864 illius
3063 4811 3210 4879 impii
3251 4811 3425 4865 minas
3457 4814 3739 4879 audisset,

2145 4899 2403 4952 continuo
2445 4898 2844 4968 ingemiscenda
2887 4914 2953 4953 ac
2996 4899 3168 4955 ﬂendo
3198 4900 3444 4956 clementi
3494 4904 3743 4961 Domino

2145 4987 2450 5057 supplicans
2505 4988 2683 5042 subito
2726 4988 3081 5058 lacrymarum
3120 4991 3237 5060 ejus
3280 4993 3472 5047 fluvius
3499 5000 3744 5066 restitit,

2145 5076 2350 5144 fuitque
2377 5076 2657 5131 alacritate
2699 5077 2996 5146 completus
3042 5089 3097 5134 et
3138 5079 3255 5149 ejus
3295 5082 3474 5137 vultus
3513 5087 3742 5142 exhila-

2147 5175 2315 5221 ratus.
2373 5166 2522 5222 Hanc
2570 5168 2736 5221 animi
2805 5172 3255 5238 permutationem
3311 5173 3430 5241 ejus
3482 5177 3744 5234 ministri

2147 5257 2528 5327 respicientes,
2559 5269 2887 5329 rogaverunt
2935 5269 2995 5315 ut
3043 5263 3124 5316 eis
3172 5277 3389 5318 causam
3447 5271 3743 5336 repentini

2147 5350 2326 5418 gaudii
2375 5351 2720 5418 patefaceret.
2773 5350 2927 5406 Tunc
2977 5351 3067 5407 ille
3107 5352 3286 5408 dixit:
3333 5352 3514 5410 Ferus
3564 5375 3748 5415 sacra:

2146 5440 2316 5493 vinea:
2341 5440 2651 5495 devastator
2677 5456 2863 5510 pmnas
2886 5450 3109 5498 exactus
3129 5454 3217 5498 est
3246 5446 3577 5503 vastationis
3602 5465 3745 5516 suae,

2141 5531 2392 5601 jacetquc
2441 5541 2685 5587 mortuus
2732 5534 3046 5600 terroribus,
3095 5536 3361 5607 minisque
3407 5536 3745 5597 fmstratls.

2148 5623 2273 5677 Ilaec
2313 5633 2664 5692 agnoscentes
2688 5640 2875 5680 omnes
2903 5625 3323 5683 exsultaverunt.
3355 5627 3588 5698 Deoque
3636 5635 3738 5701 hy-
