3962 6174
238 396 376 451 1:135

233 520 393 564 mnos
438 498 710 572 gratiflcos
751 490 1077 548 obtulerunt.

235 606 323 653 est
348 600 684 664 compertum
713 584 958 642 eumdem
988 579 1153 632 fuisse
1187 575 1327 629 diem
1352 568 1511 626 simul
1545 573 1601 620 et
1627 565 1818 618 horam

239 689 391 746 necis
425 682 646 745 Juliani,
679 692 838 748 quam
870 674 959 729 ille
981 667 1380 726 sacratissimns
1417 659 1598 716 senior
1624 669 1822 723 cogno-

241 780 320 832 vit
347 784 510 844 atque
540 769 806 843 praedixit.

877 871 1101 931 CAPUT
1133 869 1220 923 XI.

246 978 490 1047 Qualiter
510 973 766 1047 Iovianus
793 988 824 1023 a
847 966 1096 1047 militibus
1118 964 1399 1047 im'pera'tor
1427 962 1632 1008 creatus
1676 963 1827 1002 exer—

681 1028 840 1096 citum
870 1036 1075 1090 reduxit
1104 1051 1135 1087 a
1167 1028 1401 1084 Perside.

324 1138 521 1194 Milites
550 1135 715 1203 igitur
740 1130 795 1184 in
822 1127 1111 1183 maximam
1136 1118 1510 1176 aestuationem
1534 1111 1832 1172 venientes,

250 1232 455 1289 omissa
485 1227 635 1284 omni
682 1222 958 1283 dilatione,
1007 1217 1174 1272 altera
1223 1213 1311 1267 die
1355 1208 1583 1263 Joviano
1638 1200 1836 1258 infulas

252 1319 600 1395 imperatoris
627 1316 929 1384 imponunt.
980 1292 1117 1362 Erat
1153 1304 1296 1359 enim
1342 1301 1425 1354 vir
1472 1297 1626 1351 fortis
1655 1301 1710 1348 et
1736 1306 1835 1345 no—

252 1414 402 1476 bilis,
430 1419 485 1466 et
509 1407 598 1462 illo
620 1415 863 1474 tempore
912 1394 1269 1456 millenarius,
1300 1404 1405 1460 quo
1448 1386 1692 1443 Julianus
1733 1380 1842 1435 ele-

256 1507 490 1561 ctionem
526 1499 781 1553 militibus
832 1495 947 1563 lege
993 1486 1293 1560 proposuit,
1342 1490 1403 1537 ut
1454 1476 1840 1537 sacriﬁcarent,

258 1604 357 1650 aut
404 1592 594 1647 militia
641 1589 913 1644 cederent.
979 1580 1081 1647 Qui
1130 1574 1401 1646 cingulum
1458 1567 1633 1639 magis
1682 1563 1847 1633 elegit

262 1776 508 1832 obedire.
542 1773 695 1827 Hunc
718 1784 846 1841 ergo

262 1869 580 1926 cessitatem
610 1866 753 1919 inter
791 1861 940 1914 viros
989 1854 1247 1911 militares
1291 1846 1543 1903 habebat.

264 1960 535 2017 violenter
561 1972 594 2011 a
633 1953 893 2010 militibus
928 1948 997 2002 ad
1040 1941 1324 2014 imperium
1377 1936 1707 1993 traheretur,
1743 1926 1852 1981 cla-

268 2051 456 2107 mabat
483 2047 665 2103 dicens
694 2057 802 2097 non
845 2054 903 2095 se
928 2036 1063 2092 velle
1098 2029 1319 2104 paganis
1346 2021 1657 2082 hominibus
1685 2017 1854 2085 impe-

270 2156 421 2204 rare,
466 2152 588 2193 cum
619 2136 733 2205 ipse
759 2128 1101 2187 Christianus
1143 2121 1418 2176 existeret.
1460 2112 1706 2179 Cumque
1748 2120 1855 2160 vox

271 2233 519 2290 omnium
540 2220 898 2285 communiter
916 2217 1301 2291 proclamasset
1328 2204 1624 2264 dicentium
1658 2215 1716 2254 se
1732 2211 1860 2267 quo-

275 2341 388 2396 que
416 2337 535 2378 esse
563 2317 920 2379 Christianos,
963 2306 1199 2375 suscepit
1242 2299 1549 2371 imperium.
1579 2291 1863 2363 Cogitabat

278 2420 465 2486 itaque
520 2412 775 2467 Jovianus
819 2406 885 2461 de
929 2397 1204 2459 communi
1255 2393 1445 2458 salute,
1495 2396 1549 2444 et
1596 2380 1866 2456 quomodo

278 2513 469 2580 posset
489 2504 553 2559 de
575 2499 753 2555 medio
780 2495 1019 2551 hostium
1046 2489 1273 2544 illaesum
1290 2480 1585 2539 exercitum
1608 2476 1866 2535 liberare,

280 2613 387 2655 nec
414 2593 641 2662 imliguit
668 2587 857 2660 grandi
909 2582 1156 2646 consilio,
1187 2576 1282 2633 sed
1328 2572 1622 2629 seminibus
1652 2563 1871 2637 pietatis

283 2686 633 2745 utilissimum
662 2675 1014 2735 vindemiavit
1057 2671 1312 2725 fructum.
1350 2664 1591 2732 Repente
1636 2667 1871 2724 namque

286 2793 446 2833 suam
476 2769 869 2845 providentiam
902 2764 1044 2817 Dens
1081 2756 1334 2820 ostendit,
1369 2760 1423 2808 et
1467 2746 1872 2804 ﬂuctuationem

287 2873 407 2938 ejus
437 2868 501 2922 ad
546 2872 759 2935 portum
800 2851 1204 2926 tranquillitatis
1253 2844 1493 2902 adduxit.
1549 2840 1685 2894 Dum
1729 2836 1875 2891 enim

290 2961 455 3030 hujus
498 2954 797 3027 angustiam
844 2947 1129 3003 Persarum
1172 2954 1268 2994 rex
1314 2932 1658 3007 agnovisset,
1714 2925 1879 2980 missa

291 3020 597 3124 legatione-
618 3046 808 3119 petivit
855 3055 1063 3112 pacem.
1121 3033 1322 3090 Deinde
1365 3026 1568 3085 cibaria
1618 3020 1880 3078 militibus

294 3142 608 3206 destinavit,
644 3145 700 3193 et
741 3136 918 3189 forum
960 3126 1231 3184 venalium
1265 3122 1346 3178 eis
1393 3114 1685 3190 praeparari
1711 3114 1765 3168 in
1789 3113 1882 3166 de-
1908 3153 1953 3215 Ο

295 3245 448 3295 serto
476 3232 761 3304 praecepit:
811 3222 1205 3290 celebratisque
1252 3212 1545 3271 foederibus
1580 3206 1880 3264 exercitum

301 3326 518 3383 reduxit
545 3322 885 3377 incolumem.
927 3313 1057 3381 Quae
1078 3317 1238 3380 pacta
1264 3311 1527 3375 quantum
1568 3298 1635 3353 ad
1660 3294 1885 3367 gloriam

301 3419 673 3475 Romanorum
724 3406 924 3477 turpia,
982 3400 1078 3456 sed
1131 3395 1362 3468 tempori
1402 3389 1710 3447 necessario
1758 3399 1888 3440 con-

304 3505 592 3576 gruebant.
629 3474 839 3553 Amissa
884 3505 1117 3560 namque
1166 3486 1322 3558 Syria
1370 3490 1425 3539 et
1472 3479 1669 3535 tradita
1710 3474 1891 3529 Persis

306 3594 523 3653 Nisibin
562 3584 956 3658 Mesopotamiae
978 3580 1217 3642 civitate,
1249 3572 1514 3630 discessit.
1559 3568 1682 3622 Haec
1712 3566 1893 3631 itaque

309 3684 505 3743 nuntia
531 3679 864 3737 Christianos
910 3671 1371 3729 confortaverunt,
1429 3659 1659 3731 Paganis
1703 3653 1896 3709 intule-

313 3782 446 3832 runt
472 3773 694 3825 luctum.
733 3767 903 3821 Porro
940 3762 1136 3817 milites
1178 3758 1447 3812 incautum
1490 3747 1687 3806 Juliani
1717 3743 1897 3799 fervo-

315 3880 434 3920 rem
462 3860 617 3915 valde
645 3856 952 3926 culpabant,
1005 3861 1329 3916 causamque
1358 3842 1537 3899 damni
1570 3839 1756 3893 finium
1786 3833 1897 3888 Ro-

316 3966 605 4010 manorum
641 3949 689 4002 ei
716 3946 898 4016 potius
945 3940 1269 4002 inferebant,
1300 3934 1441 4005 quod
1485 3924 1515 3985 a
1546 3930 1708 3984 Persa
1747 3924 1901 3997 quasi

316 4037 598 4117 proditore
622 4040 892 4100 seductus,
921 4048 1087 4090 naves
1121 4048 1240 4102 qua:
1265 4045 1361 4101 per
1389 4025 1607 4081 fluvium
1634 4022 1904 4076 frtnnenta

320 4134 674 4196 deveherent,
703 4126 958 4192 incendit,
988 4134 1045 4179 et
1091 4122 1288 4179 famem
1335 4116 1596 4173 militibus
1624 4112 1903 4180 irrogavit.

318 4222 541 4283 Fcfellit
567 4235 689 4274 eum
738 4219 917 4286 itaque
955 4211 1226 4284 superbia,
1267 4205 1551 4280 jactantia,
1599 4198 1910 4272 sophisticis

324 4313 574 4372 inﬂatum
596 4306 919 4378 disciplinis:
944 4303 1139 4375 quibus
1158 4297 1486 4371 gloriabatur
1506 4288 1912 4362 superstitiosus

329 4407 600 4464 idolorum
637 4402 830 4461 cultor,
860 4390 1099 4453 dicendo
1124 4391 1297 4449 felicia
1330 4388 1442 4444 fore
1490 4395 1757 4455 tempora,
1789 4378 1912 4450 qui-

1319 358 1732 424 CHRONICON.
1775 387 1842 397 -——
1878 351 2043 409 ἸὈΜῙ
2081 350 2122 405 11
2160 346 2289 402 LIB.
2333 343 2418 397 IV.

1126 484 1318 539 Postea
1368 493 1496 533 vero
1543 491 1573 529 a
1608 470 1811 528 nuntiis
1843 469 1886 527 Α
1915 466 2052 521 sinm
2077 460 2321 530 requirit,
2349 456 2415 510 ab
2444 452 2563 522 ipso
2607 447 2835 503 formam
2868 441 2988 498 fidei
3035 446 3089 495 et
3138 432 3502 492 Ecclesiarum

3362 316 3499 371 12‘”

1923 552 2375 625 disponendarum
2402 542 2639 613 suscepit
2684 537 2919 594 modum.
2952 527 3281 587 Athanasius
3326 532 3507 577 autem

1922 645 2213 717 perfectam
2237 638 2537 693 divinorum
2566 611 2874 700 dogmatum
2915 620 3252 690 disciplinam
3300 611 3511 669 remisit

1925 736 2246 808 expositam,
2270 724 2578 799 apostolicis
2601 717 2937 791 dogmatibus
2957 716 3368 782 congruentem,
3393 702 3513 775 qni-

1927 833 2029 886 bus
2051 830 2343 898 imperator
2365 822 2662 876 instructus
2701 810 3077 868 haereticorum
3108 803 3336 856 evitaret
3386 813 3513 867 pra-

1929 892 2179 975 vissimas
2211 913 2575 972 calliditates,
2638 914 2694 959 et
2728 898 2985 957 Ecclesiis
3033 892 3283 949 redderet
3327 899 3515 958 pacem

1932 1007 2231 1066 catholicis.
2269 1003 2438 1073 Igitur
2470 1005 2591 1069 post
2631 1006 2857 1065 parvum
2906 982 3245 1041 intervallum
3292 988 3519 1046 magnus

1933 1098 2261 1157 Athanasius
2288 1096 2399 1149 Deo
2428 1087 2715 1145 amabilem
2738 1082 3126 1151 imperatorem
3159 1069 3345 1124 videre
3375 1064 3520 1119 desi-

1936 1194 2152 1254 derans,
2178 1185 2324 1242 venit
2374 1177 2716 1235 Antiochiam
2765 1180 2820 1226 et
2866 1166 3162 1239 principem
3212 1159 3278 1213 de
3325 1155 3521 1225 quibus

1937 1248 2220 1353 oportebat
2237 1271 2470 1331 edocuit.
2497 1267 2723 1334 Quidam
2763 1262 2914 1315 aiunt
2943 1253 3087 1326 quod
3110 1265 3236 1306 cum
3263 1248 3379 1317 ipse
3403 1257 3525 1298 ma-

1941 1373 2022 1444 gis
2042 1364 2347 1425 evocaverit
2373 1363 2666 1435 imperator
2693 1360 2753 1408 ut
2793 1363 2913 1420 quas
2957 1339 3266 1399 necessaria
3302 1350 3401 1407 pro
3436 1346 3524 1387 re-

1940 1463 2139 1535 ligione
2163 1466 2218 1513 et
2238 1461 2390 1509 recta
2420 1430 2524 1504 fide
2546 1446 2868 1502 videbantur
2888 1439 3202 1508 exponeret,
3216 1430 3533 1498 disponens-

1948 1566 2051 1622 que
2079 1558 2134 1605 ut
2164 1545 2394 1602 decebat
2428 1552 2624 1595 causas
2653 1530 2905 1589 Ecclesia:
2945 1527 3011 1581 de
3054 1521 3363 1579 reversione
3388 1516 3535 1583 cogi—

1947 1646 2118 1703 tabat.
2147 1644 2316 1698 Porro
2338 1633 2692 1692 Athanasium
2723 1620 2958 1682 amicum
3002 1618 3104 1675 sibi
3130 1613 3426 1670 maximum
3452 1606 3534 1660 fa-

1953 1747 2100 1795 ctum
2123 1730 2412 1791 destinavit
2456 1728 2510 1782 in
2545 1722 2870 1794 Egyptum,
2910 1720 2969 1769 ut
3010 1711 3150 1766 sicut
3177 1705 3225 1759 ei
3264 1701 3539 1757 videretur

1584 1837 1687 1905 Qui
1725 1849 1846 1891 cum
1875 1811 1922 1871 Β
1951 1844 2114 1888 causa
2154 1823 2527 1881 Ecclesiarum
2574 1811 2905 1886 populosque
2943 1803 3271 1872 disponeret,
3306 1787 3541 1848 intermi-

1952 1936 2089 1978 nans
2114 1911 2523 1986 derogatoribus
2542 1884 2732 1976 dignas
2758 1884 3418 1965 correptiones,quoniam
3446 1895 3542 1933 no.

1953 2020 2107 2070 verat
2141 2006 2413 2066 immerito
2446 2017 2540 2073 per
2587 1996 2800 2065 iniquas
2829 1985 3129 2046 calumnias
3173 1976 3340 2034 multa
3370 1971 3542 2027 Atha—

1959 2105 2170 2161 nasium
2201 2092 2541 2155 incommoda
2585 2100 2826 2160 passum.
2856 2081 3055 2136 Verum
3092 2074 3386 2142 imperator
3416 2077 3545 2132 prov

1958 2198 2194 2270 positum
2221 2194 2327 2249 hoc
2368 2155 2624 2247 habebat,
2652 2187 2714 2235 ut
2758 2167 3143 2231 blandimentis
3189 2169 3243 2217 et
3294 2155 3549 2214 suasione

1962 2291 2251 2347 verborum
2280 2276 2707 2340 discordantium
2754 2264 3133 2327 contentiones
3172 2251 3547 2312 abscinderet,

1966 2390 2149 2445 dicens
2190 2381 2323 2438 nulli
2371 2377 2587 2448 quidem
2615 2387 2675 2427 se
2696 2363 3181 2439 quomodocunqne
3217 2344 3551 2407 credentium

1968 2482 2084 2536 fore
2107 2475 2415 2536 molestum,
2442 2482 2536 2524 eos
2566 2474 2743 2519 tamen
2772 2457 2996 2524 diligere
3021 2490 3036 2515 ,
3087 2455 3141 2502 et
3190 2441 3352 2498 nimis
3381 2439 3552 2491 hono-

1971 2586 2116 2636 rare,
2143 2566 2234 2638 qui
2260 2561 2461 2619 Νῆιςωηί
2516 2552 2727 2613 concilii
2764 2549 2983 2604 decreta
3025 2531 3410 2595 ecclesiasticae
3438 2524 3558 2580 uni-

3080 2631 3091 2638 .
3350 2617 3527 2638 7,,

1975 2617 2116 2636 ..νη
2148 2617 2234 2638 Ἰ--

1975 2663 2073 2718 tati
2096 2660 2399 2717 servarent,
2433 2651 2486 2705 in
2515 2645 2712 2719 quibus
2741 2638 2922 2697 unitas
2950 2631 3257 2690 continetur
3302 2617 3561 2676 ecclesia-

1976 2753 2132 2809 stica.
2165 2747 2271 2803 Sed
2307 2712 2422 2799 haec
2456 2712 2566 2794 tam
2610 2735 2719 2806 pia,
2761 2740 2869 2785 tam
2916 2726 3041 2779 beta
3104 2712 3379 2789 principia‘
3415 2721 3565 2763 mors

1978 2844 2265 2899 immatura
2298 2829 2579 2900 corripuit.
2624 2823 2723 2891 Qui
2765 2821 2891 2875 dum
2933 2813 3000 2867 ad
3048 2806 3316 2881 Illyricum
3348 2798 3565 2855 rediens

1979 2949 2077 3005 per
2103 2928 2369 2986 Galatiam
2390 2890 2495 2976 iter
2518 2916 2645 2986 agit,
2682 2898 3203 2970 Constantinopolim
3225 2890 3532 2955 accelerans
3548 2924 3565 2949 ,

1981 3023 2299 3080 Dadastenae
2347 3011 2613 3069 moritur,
2663 3012 2855 3059 octavo
2904 2993 3115 3050 decimo
3168 2998 3356 3042 mense
3406 2990 3569 3051 quam

1987 3117 2254 3177 imperare
2282 3110 2542 3174 coeperat,
2586 3094 2761 3152 aetatis
2790 3103 2931 3145 anno
2958 3080 3233 3139 tricesimo
3264 3082 3479 3131 octavo.

2579 3204 2806 3266 CAPUT
2846 3200 2981 3256 Χιιι.

1987 3321 2063 3375 De
2097 3310 2467 3371 Valentiniano
2524 3321 2558 3358 a
2602 3299 2857 3375 militibus
2912 3296 3221 3370 imperatore
3279 3282 3456 3375 facta;
3509 3274 3574 3329 Et

2082 3348 2879 3460 JJZ’Z’ETJTJEnuitiligine
2911 3348 3161 3417 me'moria
3186 3348 3478 3421 con-tigerit.

2055 3446 2353 3542 Postquam
2380 3446 2789 3520 Yalenﬁttianus
2833 3450 2975 3523 apud
3034 3446 3271 3501 Niczcam
3312 3448 3576 3494 consensu

3078 3535 3091 3542 -
3146 3532 3158 3542 -
3422 3525 3462 3542 ι-
3495 3521 3547 3542 ..

2058 3521 2082 3532 -
2103 3521 2349 3542 “arma,
2868 3521 2883 3523 _

1992 3565 2223 3621 militum
2253 3558 2545 3626 imperator
2566 3552 2782 3603 creatus
2799 3549 2903 3606 est,
2920 3535 3121 3593 mansit
3146 3532 3199 3586 in
3225 3544 3290 3584 eo
3312 3525 3467 3580 annis
3491 3521 3580 3576 ll.

1994 3655 2096 3724 Qui
2125 3664 2247 3708 cum
2273 3609 2614 3702 Christianus
2637 3636 2849 3702 integra
2876 3628 2980 3683 fide
3010 3624 3409 3680 sacramentum
3437 3609 3569 3666 mili-

1997 3706 2083 3802 ξω
2108 3743 2339 3813 gereret,
2368 3740 2425 3787 et
2463 3728 2564 3785 sub
2590 3723 2803 3780 Juliauo
2828 3718 3072 3787 Augusto
3102 3709 3351 3766 tribunus
3398 3706 3581 3756 scuta-

1999 3793 2081 3802 ---
2109 3793 2191 3813 ορ
2326 3793 2336 3801 ,

1999 3838 2233 3897 riorum,
2273 3827 2459 3898 jussus
2486 3819 2555 3875 ab
2581 3818 2908 3886 imperatore
2934 3804 3217 3872 sacrilego,
3251 3803 3345 3852 aut
3382 3793 3580 3848 immo-

1999 3929 2114 3983 lare
2138 3888 2296 3979 idolis
2335 3922 2429 3970 aut
2464 3908 2659 3967 militia
2697 3904 2910 3966 cedere,
2940 3895 3168 3952 fideliter
3196 3888 3372 3946 sciens
3393 3892 3447 3937 et
3469 3896 3591 3952 gra-

2004 4023 2140 4076 tiora
2162 4027 2283 4071 esse
2304 4008 2404 4064 Dei
2446 4002 2649 4077 judicia
2684 4005 2740 4053 et
2784 3993 3010 4051 meliora
3053 3983 3318 4058 promissa
3342 4021 3357 4045 ,
3400 3982 3592 4046 sponte

2005 4106 2271 4169 discessit.
2309 4101 2385 4156 Ita
2414 4109 2580 4168 parva
2622 4086 2903 4156 interiecta
2930 4093 3102 4144 mora,
3129 4073 3341 4130 Juliano
3362 4061 3590 4123 interfe-

2007 4210 2114 4262 cto,
2145 4210 2210 4251 ac
2235 4205 2361 4247 mox
2389 4185 2614 4242 Joviano
2639 4185 2868 4239 mortuo,
2900 4169 2992 4242 qui
3016 4182 3115 4238 pro
3149 4159 3365 4218 nomine
3392 4150 3595 4210 Christi

2010 4289 2269 4345 amiserat
2297 4279 2662 4336 tribunatum,
2708 4265 3041 4322 retribuente
3067 4253 3307 4314 Christo,
3335 4248 3389 4301 in
3416 4244 3595 4299 locum

2010 4373 2376 4453 persecutoris
2433 4367 2516 4424 sui
2560 4361 2766 4431 accepit
2827 4353 3133 4425 imperium.
3181 4346 3233 4402 Is
3286 4341 3432 4398 enim
3484 4348 3594 4391 non

329 4426 600 4464 ldOlOl'lllll
637 4426 830 4461 uultur,
860 4426 1085 4453 unucuuu
1124 4426 1297 4449 tcuua
1330 4426 1442 4444 ιυιυ
1494 4426 1757 4455 “mum...”
1792 4426 1880 4450 Ἰ..-

329 4501 440 4556 bus
467 4497 581 4565 ipse
604 4506 786 4547 rerum
813 4487 1074 4560 potiretur
1100 4480 1344 4553 imperio.
1387 4477 1494 4533 Sed
1516 4475 1606 4529 ubi
1634 4471 1884 4528 Jovianus

2014 4426 2369 4453 rV-vvv—v-~~
2690 4426 2704 4431 -

1985 4501 1991 4539 ι
2020 4473 2177 4532 modo
2214 4463 2545 4525 fortitudine,
2579 4456 2672 4512 sed
2700 4452 2864 4508 etiam
2910 4441 3212 4518 prudentia,
3244 4426 3597 4503 temperantia

2208 4563 2217 4565 A
2319 4558 2330 4565 ’
2362 4557 2374 4565 ’
2474 4560 2484 4565 ’
2634 4563 2654 4565 “
2675 4545 2777 4565 ’λ’
2813 4534 3179 4565 “rm-“urunt:
3228 4520 3597 4565 nrrnfnlaphal.

336 4596 399 4652 in
425 4607 594 4647 annos
613 4589 683 4644 29
701 4601 835 4658 pace
858 4582 1173 4653 composita,
1199 4579 1267 4635 ad
1308 4578 1608 4633 Romanum
1638 4583 1919 4641 regressus

336 4691 430 4744 est
457 4682 647 4747 solum,
681 4679 981 4747 clariorque
1012 4676 1100 4730 lux
1134 4681 1318 4728 nostro
1348 4686 1407 4725 se
1440 4667 1557 4723 orbi
1591 4681 1657 4721 ex
1682 4660 1921 4720 Orientis

339 4774 592 4847 partibus
636 4770 822 4825 aborta
867 4765 1096 4828 diffudit,
1152 4758 1536 4832 rempublicam
1591 4753 1749 4826 quasi
1799 4758 1924 4822 post

347 4867 547 4926 nimias
569 4862 834 4935 procellas
859 4858 1003 4917 omni
1032 4854 1401 4912 moderatione
1439 4848 1748 4920 aggreditur
1774 4857 1926 4912 repa.

346 4973 495 5022 rare,
522 4954 882 5012 Ecclesiarum
911 4964 1041 5003 vero
1085 4960 1272 5001 curam
1320 4957 1429 4998 non
1458 4940 1511 4994 in
1555 4935 1805 4993 secundis
1834 4933 1929 4986 ha-

350 5052 485 5106 bere
510 5066 522 5099 :
550 5061 649 5101 nec
676 5052 854 5098 tamen
881 5041 1114 5101 incaute,
1150 5044 1209 5089 ut
1230 5031 1575 5090 Constantius
1596 5034 1800 5098 egerat,
1834 5022 1932 5078 sed

354 5138 512 5208 lapsu
542 5130 953 5207 prmdecessoris
995 5126 1319 5181 admonitus.
1366 5120 1605 5173 Primum
1658 5117 1760 5170 hoc
1802 5128 1933 5166 con-

357 5227 600 5297 scripsit,
631 5234 689 5279 ut
720 5218 954 5293 episcopi
996 5217 1063 5272 de
1085 5215 1276 5270 exsilio
1316 5217 1653 5279 remearent,
1676 5214 1729 5259 et
1754 5203 1936 5258 Eccle-

362 5324 475 5381 sias
500 5323 577 5377 eis
603 5316 901 5376 reddendas
937 5326 1055 5368 esse
1096 5307 1370 5379 professus
1400 5313 1480 5359 est
1508 5305 1599 5374 qui
1632 5300 1933 5371 expositam

365 5418 426 5473 in
452 5411 818 5496 Nicma'ftdem
850 5402 1227 5463 inviolabiliter
1249 5403 1616 5453 servaverunt.

969 5512 1194 5574 CAPUT
1231 5509 1344 5565 XII.

374 5620 453 5682 De
478 5616 802 5674 revocatione
825 5609 1128 5673 Athanasii,
1179 5615 1237 5682 et
1260 5599 1487 5680 qualiter
1509 5593 1675 5682 rillius
1701 5587 1940 5645 consiliis

472 5707 596 5745 usus
629 5663 978 5743 ecclesiastica
1001 5663 1240 5739 tractavit
1265 5663 1469 5742 negotia
1496 5663 1829 5720 Iovinianus.

450 5782 584 5843 Hine
612 5773 918 5836 honorificis
944 5779 998 5825 et
1030 5758 1434 5824 oﬂiciosissimis
1460 5754 1655 5816 litteris
1695 5750 1940 5806 Athana—-

2023 4557 2412 4637 atquejustitia
2438 4560 2493 4609 et
2536 4545 2780 4617 corporis
2813 4534 3201 4609 magnitudine,
3228 4520 3599 4600 praefulgebat.

3087 4628 3101 4637 .
3480 4614 3599 4637 Lm

2142 4614 2285 4711 enim
2317 4648 2418 4704 fuit
2454 4614 2650 4715 regalis
2691 4636 2893 4708 pariter
2928 4639 2983 4686 et
3023 4628 3260 4681 urbanus
3292 4661 3306 4685 ,
3367 4625 3429 4672 ut
3475 4614 3604 4669 dum

2026 4746 2298 4805 exercitus
2321 4742 2579 4794 tentasset
2606 4731 2656 4786 ei
2685 4728 2845 4782 alium
2892 4721 3101 4776 sociare
3126 4717 3432 4769 consortem
3452 4745 3468 4771 ,
3516 4702 3605 4756 ille

2030 4834 2406 4911 responderit:
2450 4827 2727 4885 Vestrum,
2751 4816 2944 4885 inquit,
2976 4811 3097 4875 fuit,
3129 4822 3162 4862 ο
3188 4803 3408 4864 milites,
3438 4796 3606 4863 impe-

2033 4881 2214 4987 ratgre
2240 4939 2345 4979 non
2378 4918 2640 4974 existente
2665 4950 2679 4972 ,
2730 4904 2858 4962 mihi
2888 4901 3017 4956 dare
3061 4895 3298 4965 regimen
3356 4881 3605 4954 imperii;

2032 5032 2220 5075 verum
2249 5011 2337 5066 ubi
2367 5009 2470 5064 hoc
2500 5016 2600 5073 ego
2641 4993 2872 5063 suscepi,
2910 5003 3088 5044 meum
3128 4985 3239 5054 jam
3271 4987 3326 5034 et
3370 4989 3477 5029 non
3517 4985 3610 5025 ve-

2035 5118 2207 5164 strum
2233 5109 2334 5164 est,
2361 5099 2425 5152 de
2456 5093 2618 5148 rebus
2642 5086 2876 5154 cogitare
2901 5073 3290 5135 communibus.
3308 5065 3471 5135 Cujus
3489 5075 3610 5116 ver-

2035 5204 2104 5258 ba
2132 5193 2310 5253 mirati
2343 5187 2562 5247 milites,
2595 5181 2712 5250 ejus
2759 5173 2930 5230 secuti
2980 5174 3105 5225 sunt
3154 5161 3504 5217 voluntatem.
3541 5149 3615 5204 At

2038 5291 2126 5346 ille
2149 5293 2336 5359 postea
2370 5278 2591 5331 fratrem
2622 5239 2781 5324 suum
2823 5261 3094 5318 Valentem
3141 5249 3459 5324 participem
3488 5239 3615 5297 fecit

2047 5334 2278 5451 imperii,
2311 5365 2625 5436 Proc0pium
2657 5367 2943 5430 tyrannum
2988 5349 3272 5419 pluresque
3313 5334 3496 5409 postea
3524 5346 3614 5386 sa-

2684 5449 2709 5451 r
2952 5450 2956 5451 ν
3215 5439 3380 5451 unum
3431 5425 3612 5451 ιηιιη...

2049 5425 2241 5525 telIites
2266 5425 2386 5533 ejus
2414 5425 2628 5512 occidit.
2669 5425 3031 5503 'I‘erraemotus
3070 5451 3166 5507 per
3215 5439 3383 5487 totmn
3429 5425 3614 5480 orbem

2047 5561 2241 5619 factus,
2276 5519 2350 5607 iia
2381 5560 2591 5620 quoque
2642 5541 2915 5596 turbatura
2971 5530 3188 5601 pelagus
3233 5519 3511 5582 excussit,
3560 5522 3621 5569 ut

2048 5664 2144 5720 per
2193 5643 2399 5699 vicinas
2449 5647 2714 5691 terrarum
2776 5622 3156 5695 campestrium
3210 5622 3392 5689 partes
3436 5607 3619 5664 refuso

2051 5739 2185 5797 mari
2224 5733 2465 5806 plurimm
2487 5725 2778 5783 insularum
2810 5718 2971 5773 urbes
2990 5725 3263 5770 concussa:
3282 5714 3333 5760 ct
3349 5702 3619 5771 subrupui
