3976 6180
479 324 617 380 ἴθιὶὸ
1506 316 1896 376 FRECULPlll
1932 314 2389 373 LEXOVIENSIS
2426 313 2729 373 EPlSCOl'l
2758 304 2798 384 ⁸,
3616 312 3766 367 1216

476 441 681 509 perisse
708 437 972 493 fet-autin.
991 435 1186 492 Valens
1219 434 1288 490 ab
1316 433 1559 489 Eudoxio
1588 432 1840 501 episc0po
1865 428 2053 483 Ariani
2080 433 2133 491 Α
2157 438 2318 492 stam,
2349 426 2594 490 Gratam,
2628 434 2681 480 et
2704 424 2930 480 Gallam.
2962 424 3170 479 Gallam
3201 438 3328 478 vero
3356 432 3546 492 postea
3580 424 3767 492 major

474 525 745 596 dogmatis
771 533 1068 589 assertore,
1096 532 1149 577 et
1202 523 1502 592 baptizatus
1527 530 1581 576 et
1620 534 1945 590 persuasus,
2005 518 2060 571 in
2163 516 2499 573 Theodosius
2528 516 2821 584 imperator
2863 512 3017 567 duxit
3044 528 3291 575 uxorem,
3321 527 3387 567 ex
3417 526 3528 580 qua
3581 510 3763 564 Placi.

479 614 830 669 sevissimam
869 613 1120 668 haeresim
1164 611 1469 667 declinavit.
1517 610 1622 666 Sed
1651 609 1938 679 malignam
1974 608 2049 662 in-
2164 607 2248 660 dia
2285 606 2332 659 ei
2361 605 2467 658 filia
2508 602 2751 658 noscitur
2774 617 2894 656 esse
2918 601 3219 672 progenita.
3252 601 3384 655 Nam
3420 600 3763 655 Archazliun

479 705 831 759 sectatiouem
874 704 964 760 diu
994 704 1128 759 texit
1153 744 1166 767 ,
1207 720 1306 759 nec
1330 701 1588 756 voluntati
1614 710 1938 770 potestatem
1962 701 2060 755 ad-
2163 708 2219 751 et
2250 696 2544 750 llouorium
2586 709 2650 747 ex
2698 691 2928 747 Placella
2967 692 3150 762 priore
3202 689 3433 762 conjuge
3496 689 3766 744 habuisse

2163 786 2525 856 cognoscitur.
2602 782 2998 853 Imperantibus
3070 781 3343 852 praedictis
3416 781 3771 851 principibus

2163 876 2493 930 Athanasius
2517 874 2857 929 Alexandrini
2881 874 3124 929 doctrina
3155 890 3219 930 ac
3255 874 3519 945 religione
3553 890 3691 931 vera
3712 874 3773 929 in

2163 983 2296 1039 pace
2324 968 2524 1037 degens
2549 967 2730 1021 clarus
2768 966 2901 1020 satis
2928 965 3195 1021 habetur:
3227 966 3319 1035 qui
3348 967 3452 1021 sub
3482 966 3774 1021 Constan-

2169 1059 2241 1113 tio
2264 1074 2327 1112 ac
2348 1056 2561 1113 Juliano
2609 1056 2942 1127 principibus
2993 1056 3156 1109 multa
3196 1056 3504 1126 pertulerat
3548 1057 3757 1111 incom-

2168 1149 2327 1203 moda
2360 1164 2455 1219 pro
2480 1149 2584 1202 fide
2610 1155 2813 1202 nostra.
2833 1146 3101 1201 Feruntur
3122 1143 3240 1212 ejus
3260 1146 3551 1201 adversum
3574 1157 3776 1216 gentes

2164 1241 2289 1297 libri
2312 1241 2440 1303 duo,
2469 1247 2520 1294 et
2551 1246 2741 1294 contra
2772 1236 3045 1293 Valentem
3064 1245 3120 1291 et
3140 1234 3579 1291 Ursaciumliber
3598 1252 3775 1296 arms,

2169 1348 2225 1391 et
2249 1336 2314 1390 de
2341 1332 2663 1405 Virginitate
2690 1332 2826 1387 liber
2863 1346 3001 1385 unus
3024 1370 3039 1395 ,
3088 1337 3144 1384 et
3178 1329 3245 1384 de
3290 1328 3781 1397 persecutionibos

2169 1425 2495 1481 Arianorum
2525 1422 2740 1494 plurimi
2765 1462 2781 1488 ,
2829 1430 2886 1477 et
2915 1421 2981 1476 de
3023 1419 3359 1476 Psalmorum
3403 1418 3600 1483 titulis,
3628 1430 3690 1473 et
3721 1420 3778 1473 in

2172 1516 2397 1571 historia
2455 1513 2677 1568 Antonii
2740 1511 2995 1567 monachi
3041 1511 3206 1565 vitam
3244 1509 3361 1579 ejus
3417 1510 3783 1564 continentes

482 795 724 859 miscuit,
754 796 935 867 quoad
960 796 1187 850 viventis
1234 793 1417 848 fratris
1445 794 1770 848 auctoritate
1796 807 2064 862 compres-

480 902 577 941 sus
594 895 696 941 est.
726 886 1204 957 Coatemplabatur
1222 887 1365 939 enim
1393 883 1461 939 de
1486 900 1551 938 eo
1581 894 1840 952 quantum
1868 883 1976 938 vim
2008 884 2061 937 in

482 976 789 1033 ulciscenda
821 978 923 1032 fide
952 977 1245 1047 imperator
1285 983 1469 1046 posset
1498 989 1782 1040 exercere,
1812 976 1902 1044 qui
1946 984 2064 1029 tan-

485 1077 597 1124 tam
637 1069 994 1124 constautiam
1022 1084 1119 1138 pro
1150 1067 1429 1124 retinenda
1479 1067 1748 1136 quondam
1797 1066 1953 1122 miles
1975 1068 2067 1123 ha-

484 1157 706 1213 buisset.
739 1158 937 1213 llortun
970 1172 1111 1210 anno
1148 1156 1357 1225 imperii
1407 1156 1590 1219 tertio,
1620 1153 1912 1209 Gratianus
1962 1155 2066 1210 Va-

482 1250 763 1305 lentiniani
794 1249 936 1305 illius
973 1250 1267 1317 imperator
1309 1255 1393 1301 est
1436 1245 1631 1302 factus.
1688 1245 1886 1300 Eodem
1924 1261 2067 1300 anno

485 1341 626 1409 apud
648 1340 936 1395 Atrebatas
956 1354 1080 1394 vera
1112 1339 1233 1392 lana
1279 1338 1345 1392 de
1402 1338 1635 1395 nubibus
1667 1337 1859 1406 plurim
1910 1338 2067 1392 mista

482 1432 729 1487 th‘lluxii.
774 1433 1042 1487 Praeterea
1082 1431 1426 1487 Athalarieus
1455 1445 1547 1484 rex
1583 1430 1884 1487 Gothorum
1908 1430 2066 1486 Chri-

483 1524 692 1578 stianos
719 1524 771 1577 in
790 1532 952 1593 gente
977 1538 1073 1578 sua
1097 1521 1469 1576 crudelissime
1494 1532 1811 1590 persecutus
1838 1562 1853 1587 ,
1895 1521 2068 1591 pluri-

486 1630 603 1667 mos
628 1613 984 1669 Barbarorum
1038 1613 1106 1668 ob
1147 1612 1304 1667 fidem
1338 1611 1650 1667 interfectos
1687 1613 1756 1667 ad
1813 1626 2067 1667 coronam

489 1704 731 1776 martyrii
763 1704 1091 1761 sublimavit.
1131 1704 1370 1771 Quorum
1402 1712 1582 1760 tamen
1631 1703 1846 1773 plurimi
1877 1703 1931 1757 iu
1962 1701 2067 1755 Ro-

2171 1610 2429 1680 elilslnlzt‘,
2457 1619 2511 1664 et
2546 1609 2711 1664 multa
2741 1607 2864 1674 alia,
2907 1624 3027 1677 quae
3058 1621 3379 1660 enumerare
3406 1606 3629 1677 longum
3666 1614 3778 1659 est.

2174 1705 2410 1759 llilarius
2461 1703 2611 1759 urbis
2657 1702 3018 1757 Pietaviorum
3063 1700 3402 1769 Aquitanicae
3442 1698 3781 1768 episcopus,

486 1810 705 1848 manum
734 1795 907 1849 solum
937 1811 1042 1849 non
1072 1793 1263 1863 trepidi
1305 1793 1452 1848 velut
1472 1794 1539 1848 ad
1569 1795 1773 1857 hostes,
1810 1792 1904 1847 sed
1934 1795 2068 1848 certi
2102 1778 2143 1835 Β
2175 1797 2407 1852 factione
2464 1794 2743 1850 Saturnini
2785 1791 3119 1847 Arelatensis
3163 1789 3403 1859 episcopi
3443 1791 3513 1844 de
3559 1790 3782 1858 synodo

487 1886 630 1954 quod
656 1887 724 1941 ad
749 1885 968 1951 fratres,
995 1903 1092 1956 pro
1121 1886 1322 1942 Christi
1370 1886 1710 1943 confessione
1733 1927 1748 1952 ,
1800 1885 2067 1956 fugerunt.

492 1974 894 2032 Valentinianus
942 1975 1185 2031 Saxones
1209 1984 1425 2047 gentem
1454 1977 1507 2031 in
1556 1975 1753 2033 Oceani
1803 1976 2073 2031 littoribus

487 2073 544 2119 et
563 2065 843 2134 paludibus
871 2066 1028 2122 inviis
1057 2068 1241 2131 sitam,
1276 2068 1475 2123 virtute
1500 2076 1661 2136 atque
1687 2069 1925 2139 agilitate
1960 2077 2071 2123 ter-

490 2153 697 2208 ribilem
723 2194 739 2219 ,
780 2155 1137 2223 periculosam
1187 2153 1444 2212 Romanis
1492 2156 1689 2212 ﬁnibus
1733 2158 2072 2227 eruptionem

494 2259 687 2313 magna
721 2243 860 2298 mole
905 2245 1246 2310 meditantes,
1274 2246 1327 2299 in
1358 2247 1489 2317 ipsis
1521 2246 1851 2302 Francorum
1879 2246 2074 2302 finibus

487 2333 775 2402 oppressit.
806 2333 1245 2404 Burgundionum
1276 2350 1505 2405 quoque,
1540 2352 1804 2391 novorum
1832 2337 2071 2391 hostium

494 2439 689 2476 novum
715 2440 931 2488 nomen,
961 2426 1053 2494 qui
1094 2425 1376 2497 plusquam
1414 2428 1750 2497 septuaginta
1799 2427 1963 2481 millia
1994 2428 2075 2499 (ut

494 2510 694 2583 ferunt)
720 2521 1049 2568 armatorum
1078 2516 1207 2583 ripm
1255 2516 1426 2570 Rheni
1459 2515 1694 2570 fluminis
1736 2516 2073 2570 insederunt.

499 2600 607 2655 llos
630 2604 900 2672 quondam
928 2604 1151 2660 subacta
1174 2605 1732 2662 inferioreGermania
1762 2623 1791 2660 a
1823 2607 1998 2662 Druso
2023 2616 2077 2663 et

492 2691 726 2765 Tyberio
750 2694 1017 2766 adoptivis
1060 2697 1185 2751 filiis
1212 2696 1457 2761 Caesaris,
1487 2713 1585 2768 per
1624 2697 1815 2754 Castra
1843 2697 2074 2770 disposi-

497 2792 602 2851 tos,
674 2784 728 2839 in
756 2801 1008 2858 magnam
1040 2788 1304 2844 ccazluisse
1329 2796 1564 2860 gentem,
1598 2798 1761 2859 atque
1807 2789 1883 2844 ita
1913 2789 2076 2846 etiam

496 2889 691 2930 nomen
717 2890 782 2930 ex
813 2892 975 2948 opere
995 2878 1428 2950 prae-sumpsisse,
1453 2879 1579 2949 quia
1604 2881 1795 2935 crebra
1824 2895 1922 2950 per
1941 2879 2081 2934 limi-

497 2974 607 3021 tem
633 2966 939 3024 habitacula
980 2970 1273 3024 constituta
1303 2970 1503 3042 burgos
1540 2970 1700 3042 vulgo
1722 2978 1950 3026 vocant:
1980 2985 2078 3025 eo-

490 3070 722 3128 rumque
753 3074 875 3114 esse
908 3061 1255 3129 praevalidam
1301 3071 1357 3116 et
1400 3060 1764 3131 perniciosam
1816 3078 2036 3117 manum
2059 3102 2076 3127 ,

2174 1888 2467 1945 Biterrensi
2509 1886 2798 1957 Phrygiam
2829 1883 3116 1953 relegatur,
3142 1881 3426 1936 duodecim
3473 1880 3782 1934 adversum

2173 1983 2401 2037 Arianos
2431 1977 2666 2034 confecit
2683 1976 2871 2038 libros,
2896 1983 2953 2029 et
2977 1973 3140 2028 alium
3182 1972 3381 2027 librum
3411 1970 3478 2026 de
3500 1970 3740 2041 synodis
3761 2011 3778 2033 ,

2175 2088 2334 2143 quem
2372 2073 2439 2127 ad
2464 2070 2760 2127 Galliarum
2787 2067 3070 2137 episcopos
3097 2063 3335 2134 scripsit,
3365 2070 3420 2118 et
3463 2062 3521 2116 in
3550 2061 3778 2116 Psalte-

2176 2168 2315 2221 rium
2341 2160 2780 2223 commentarios,
2810 2158 3043 2230 primum
3074 2155 3324 2211 videlicet
3347 2162 3404 2210 et
3439 2153 3778 2216 secundum,

2174 2264 2229 2312 et
2270 2272 2301 2310 a
2355 2251 2802 2324 quinquagesimo
2854 2263 3026 2320 usque
3072 2244 3527 2317 septuagesimum
3568 2260 3779 2298 secun-

2175 2346 2325 2408 dum,
2349 2352 2405 2398 et
2432 2359 2463 2397 a
2497 2340 2793 2398 centesimo
2834 2348 3027 2394 octavo
3050 2336 3260 2393 decimo
3288 2350 3456 2405 usque
3483 2335 3550 2389 ad
3572 2343 3770 2390 extre-

2177 2452 2346 2490 mum.
2401 2434 2459 2488 In
2483 2449 2592 2504 quo
2617 2446 2781 2504 opere
2809 2430 3051 2486 imitatus
3080 2437 3167 2484 est
3188 2427 3589 2489 Adamantium,
3624 2441 3771 2479 nou-

2177 2524 2319 2580 uulla
2351 2524 2517 2579 etiam
2547 2523 2613 2577 de
2660 2536 2759 2576 suo
2791 2536 2953 2576 sensu
3002 2519 3229 2575 addidit.
3281 2518 3377 2573 Est
3424 2518 3546 2587 ejus
3586 2525 3650 2570 et
3701 2516 3777 2571 ad

2177 2615 2589 2671 Constantinum
2615 2611 2847 2677 libellus,
2875 2625 3033 2682 quem
3062 2610 3112 2667 ei
3141 2607 3338 2664 viventi
3366 2606 3768 2662 Constantino-

2177 2711 2344 2780 polim
2375 2706 2638 2778 porrexit,
2673 2714 2726 2761 et
2764 2705 2903 2760 alius
2939 2704 2994 2759 in
3023 2700 3421 2766 Constantium,
3453 2714 3618 2770 quem
3649 2708 3787 2770 post

2180 2814 2410 2858 mortem
2454 2799 2572 2871 ejus
2601 2798 2839 2870 scripsit,
2880 2806 2936 2853 et
2978 2795 3118 2851 liber
3155 2795 3437 2850 adversum
3485 2790 3785 2846 Valentem

2180 2900 2235 2947 et
2265 2890 2548 2946 Ursacium
2594 2888 2878 2945 historiam
2928 2885 3286 2942 Ariminensis
3323 2893 3379 2939 et
3421 2882 3459 2937 S
3494 2882 3791 2937 leucensis

2181 2981 2371 3054 synodi
2400 2981 2699 3044 continens,
2729 2989 2787 3037 et
2838 2979 2906 3035 ad
2943 2977 3257 3051 praefectum
3311 2975 3633 3036 Salustium,
3667 2975 3789 3029 sive

2182 3081 2371 3129 contra
2399 3071 2740 3138 Dioscorum,
2768 3080 2823 3127 et
2853 3071 2989 3127 liber
3017 3071 3340 3144 hymnorum
3381 3075 3435 3122 et
3478 3066 3791 3136 mysterio-

491 3143 631 3202 Galli
657 3147 923 3217 hodieque
954 3156 1118 3203 testes
1158 3158 1303 3204 sunt.
1352 3149 1487 3205 Cum
1516 3151 1712 3221 quibus
1748 3160 2074 3222 praesumpta

2181 3179 2299 3219 rum
2322 3162 2479 3229 alius,
2508 3172 2564 3221 et
2584 3162 3002 3221 commentarios
3032 3136 3088 3217 in
3111 3159 3417 3214 Matthaeum
3444 3156 3702 3226 scripsit.
3732 3164 3794 3212 et

496 3238 835 3307 possessione
887 3237 1189 3294 consistunt
1218 3279 1235 3305 ,
1288 3242 1537 3309 quamvis
1598 3242 1929 3312 providentia
1982 3243 2075 3297 Dei

488 3329 789 3385 Christiani
813 3344 1003 3385 omnes
1028 3329 1189 3385 modo
1218 3329 1369 3395 facti,
1401 3331 1664 3388 catholica
1694 3331 1799 3388 fide
1845 3334 2076 3388 nostris-

495 3441 604 3497 que
625 3425 839 3483 clericis
863 3425 1058 3498 quibus
1081 3426 1365 3482 obedirent
1404 3427 1651 3499 receptis,
1691 3426 1905 3495 blande,
1934 3444 2078 3482 man-

496 3525 668 3585 suete,
693 3518 1112 3587 innocenterque
1137 3518 1343 3584 vivunt,
1367 3533 1474 3573 non
1497 3517 1651 3588 quasi
1675 3533 1798 3573 eum
1816 3516 2076 3587 subjectis

496 3609 690 3675 Gallis,
712 3609 807 3666 sed
838 3623 964 3664 vere
991 3623 1112 3663 cum
1140 3608 1402 3664 fratribus
1427 3607 1775 3673 Christianis.
1806 3606 1962 3663 Anno
1986 3624 2080 3664 au-

498 3707 611 3756 tem
641 3700 926 3757 undecimo
955 3698 1102 3773 regni
1129 3704 1210 3757 sui
1232 3703 1636 3761 Valentinianus
1662 3719 1785 3762 cum
1816 3703 2079 3758 Sarmata:

496 3808 622 3850 sese
648 3806 745 3864 per
765 3793 1073 3849 Pannonias
1106 3792 1446 3850 diffudissent
1471 3835 1485 3860 ,
1541 3810 1741 3866 easque
1769 3801 2077 3858 vastarent,

494 3884 698 3941 bellum
724 3885 782 3940 in
808 3899 903 3941 eos
948 3900 1150 3955 parans
1192 3885 1334 3955 apud
1378 3882 1729 3957 Prigitionem
1780 3886 2035 3958 oppidum
2062 3928 2077 3953 ,

500 3973 677 4029 subita
700 3973 959 4031 effusione
1007 3974 1284 4044 sangitinis
1316 4016 1331 4041 ,
1380 3976 1522 4047 quod
1569 3976 1757 4035 Graece
1805 3976 2081 4048 apoplexis

502 4072 747 4131 vocatur,
770 4063 1062 4122 sull‘ocatus
1082 4073 1138 4120 et
1157 4074 1401 4121 mortuus
1425 4075 1529 4122 est.

1093 4178 1320 4236 CAPUT
1368 4179 1507 4236 XIV.

501 4270 582 4332 De
606 4269 732 4343 ﬁliis
773 4269 1146 4343 Valentiniani,
1173 4274 1275 4343 qui
1301 4283 1414 4343 post
1441 4290 1559 4343 eum
1591 4281 1934 4343 regnaverunt
1961 4288 2083 4342 par—

577 4341 720 4400 tibus
760 4340 1024 4404 Occiduis,
1058 4352 1104 4399 et
1132 4340 1196 4395 de
1239 4340 1447 4396 Valente
1480 4340 1711 4397 Orientis
1739 4340 1993 4413 Augusto.

572 4430 703 4485 Post
730 4445 891 4499 quem
928 4430 1216 4486 Gratianus
1261 4432 1400 4486 (ilius
1433 4432 1547 4501 rjns
1574 4433 1699 4488 Oeei
1726 4431 1955 4488 Ientibus
1980 4432 2081 4485 im-

499 4520 715 4595 perium
742 4521 931 4586 tenuit,
964 4519 1185 4575 Valente
1225 4532 1414 4592 patruo
1467 4527 1518 4577 iu
1551 4523 1789 4579 Orientis
1836 4524 2080 4594 partibus

496 4609 818 4665 constituto.
848 4610 1278 4666 Valentinianum
1326 4611 1488 4666 etiam
1519 4611 1737 4669 fratrem
1767 4628 1922 4669 suum
1953 4628 2082 4682 par-

509 4714 633 4755 vum
661 4699 952 4757 admodum
979 4701 1185 4758 socium
1211 4701 1416 4756 creavit
1439 4702 1675 4771 imperii,
1707 4703 1955 4774 quamvis
1976 4719 2080 4758 non

500 4801 691 4850 essent
720 4792 783 4847 de
817 4807 927 4849 una
972 4800 1144 4848 matre
1196 4793 1484 4864 progeniti.
1534 4792 1669 4848 Nam
1725 4792 2082 4849 Valentiniani

505 4884 741 4941 senioris
781 4884 981 4942 dudum
1006 4885 1206 4943 Severe
1234 4902 1388 4950 uxor,
1419 4887 1573 4959 cujus
1603 4886 1745 4943 filius
1794 4886 2083 4943 Gratianus

513 4975 708 5042 fuerat.
754 4976 1207 5049 pulchritudinem
1236 4979 1459 5035 Justina:
1484 4980 1709 5051 virginis
1737 5020 1752 5046 ,
1787 4995 1948 5050 quam
1980 4996 2089 5036 sua:

504 5065 859 5126 familiaritati
884 5069 1185 5131 unierat,in
1215 5070 1421 5128 balneis
1449 5071 1964 5142 conspiciens,illam
1998 5073 2091 5126 ad-

511 5169 811 5217 amaverat.
858 5161 1011 5219 Hauc
1050 5170 1393 5219 venustatem
1416 5164 1659 5234 corporis
1706 5162 1896 5234 puella:
1925 5163 2092 5234 impe«

505 5254 683 5310 ruri:
708 5255 904 5312 marito
935 5256 1158 5323 indicat,
1185 5258 1277 5328 qui
1307 5259 1593 5314 confestim
1629 5259 1732 5315 sibi
1766 5274 1887 5315 eam
1917 5261 2091 5316 socia-

512 5346 590 5401 vit
616 5346 673 5402 in
700 5346 1135 5413 matrimonium;
1186 5365 1289 5405 nec
1333 5358 1512 5405 tamen
1542 5351 1720 5421 priore
1749 5349 1981 5418 abiecta,
2008 5349 2088 5405 le-

506 5450 719 5508 gesque
744 5445 961 5508 propter
985 5436 1104 5493 illas
1127 5437 1375 5502 sancivit,
1416 5447 1475 5492 ut
1499 5454 1688 5494 omnes
1712 5438 1815 5492 viri
1862 5438 1952 5507 qui
1996 5455 2091 5491 vo-

517 5523 765 5594 luissent,
805 5528 1020 5600 impune
1054 5527 1179 5583 bina
1215 5529 1555 5583 matrimonia
1587 5528 1942 5599 susciperent.
1982 5528 2087 5583 Ae-

519 5625 671 5683 cepta
691 5630 821 5687 ergo
850 5617 933 5691 (ut
954 5618 1207 5689 diximus)
1241 5620 1645 5674 Valentinianus
1668 5618 1893 5681 Justiua,
1929 5620 2091 5674 edidit

516 5718 584 5756 cx
618 5703 731 5775 ipsa
762 5706 1187 5767 Valentinianum
1239 5707 1530 5777 iuniorem,
1555 5716 1608 5765 ct
1650 5708 1787 5765 tilias
1812 5717 1949 5774 tres,
2001 5706 2092 5762 Ju-

2182 3264 2443 3311 tractatus
2475 3255 2528 3309 in
2557 3252 2676 3318 Job,
2711 3268 2848 3324 quos
2892 3253 2958 3309 de
2992 3251 3181 3308 Grmco
3220 3249 3525 3305 Adamantii
3550 3247 3620 3302 ad
3654 3265 3789 3305 sen-

2180 3360 2300 3401 smu
2332 3344 2626 3400 transtulit.
2652 3343 2747 3399 Est
2781 3351 2835 3398 et
2859 3342 2996 3397 alius
3022 3342 3241 3412 elegans
3258 3339 3464 3394 libellus
3494 3339 3616 3409 ejus
3647 3354 3789 3395 con.

2181 3446 2263 3492 tra
2301 3436 2661 3499 Auxentium,
2692 3443 2747 3489 et
2796 3433 3063 3489 nonnullze
3110 3434 3175 3487 ad
3216 3433 3454 3487 diversos
3500 3431 3777 3501 epistolae.

2179 3527 2346 3581 Aiunt
2371 3525 2586 3596 quidam
2620 3524 2902 3593 scripsisse
2947 3538 3067 3579 eum
3101 3523 3153 3576 in
3179 3520 3399 3576 Cantica
3431 3520 3781 3575 canticorum

2182 3617 2390 3688 insigne
2418 3615 2704 3671 volumen:
2734 3613 2829 3669 sed
2872 3628 2900 3667 a
2956 3612 3112 3667 nobis
3155 3612 3260 3666 hoc
3286 3627 3419 3680 opus
3463 3610 3782 3680 ignoratur.

2180 3708 2280 3774 Qui
2331 3707 2399 3761 ab
2443 3705 2634 3761 exsilio
2690 3720 2939 3761 reversus
2991 3703 3135 3758 velut
3195 3701 3533 3771 splendidum
3580 3700 3777 3756 lumen

2179 3799 2379 3855 Gallias
2422 3797 2722 3858 irradiavit,
2753 3804 3079 3864 ceterasque
3108 3792 3414 3863 provincias
3459 3808 3561 3847 suo
3602 3807 3781 3847 sacra

2181 3889 2484 3959 dogmatea
2510 3897 2659 3959 peste
2699 3886 2895 3940 Ariaua
2930 3885 3199 3940 liberavit.
3254 3884 3495 3939 Mortuus
3545 3892 3636 3939 est
3690 3884 3785 3940 l‘i-

2181 3980 2374 4046 clavis,
2400 3978 2777 4034 Valentiniano
2811 3984 2866 4031 et
2908 3975 3133 4031 Valente
3174 3975 3546 4047 regnantibus.
3597 3973 3793 4029 Titius

2180 4074 2475 4129 Bostrenus
2499 4072 2803 4142 episcopus,
2827 4070 2928 4125 sub
2966 4067 3180 4124 Juliano
3208 4077 3261 4122 et
3301 4065 3587 4123 Joviniano
3613 4075 3791 4137 atque

2187 4164 2558 4220 Valentiniano
2611 4162 2944 4233 principibus
2996 4158 3211 4215 fortiter
3257 4158 3544 4212 adversum
3599 4156 3783 4211 Mani-

2182 4259 2361 4316 chacus
2388 4255 2608 4333 scripsit
2631 4255 2817 4321 libros,
2842 4262 2898 4308 ct
2923 4251 3178 4307 nonnulla
3209 4249 3314 4306 alia
3346 4249 3633 4323 opuscula.
3666 4249 3790 4304 Mo-

2186 4348 2323 4402 ritur
2350 4347 2451 4402 sub
2480 4344 2722 4400 Valente.

2791 4432 3018 4490 CAPUT
3058 4431 3171 4486 XV.

2189 4530 2265 4584 De
2306 4529 2601 4594 Ambrosio,
2636 4537 2683 4581 et
2709 4528 2910 4597 caveris
2944 4526 3245 4579 doctoribus
3262 4525 3352 4595 qui
3376 4524 3475 4579 sub
3528 4524 3798 4597 principi-

2613 4599 2706 4652 bus
2736 4596 3003 4667 prrrdictis
3030 4597 3353 4649 claruerunt.

2258 4711 2471 4766 Interea
2525 4708 2790 4778 siquidem
2816 4748 2832 4774 ,
2894 4685 3148 4763 defuncto
3210 4707 3349 4777 apud
3412 4704 3792 4761 Mediolanum

2192 4803 2458 4859 Auxentio
2482 4800 2861 4857 hzrreticorum
2885 4799 3160 4869 episcopo,
3177 4798 3458 4867 utriusque
3484 4798 3664 4866 partis
3693 4813 3796 4867 po-

2194 4893 2300 4963 puli
2338 4891 2565 4947 diversis
2607 4889 2800 4944 studiis
2848 4887 3176 4950 ferebantur,
3204 4887 3469 4942 dissensio
3495 4888 3691 4958 gravis
3738 4894 3797 4943 et

2193 4982 2491 5055 periculosa
2540 4981 2732 5037 seditio
2788 4978 2907 5034 urbi
2952 4979 3186 5050 propria:
3222 4985 3495 5032 maturum
3549 4980 3796 5047 parabat

2192 5073 2437 5138 exitium,
2464 5071 2508 5127 si
2539 5085 2666 5140 pars
2694 5078 2923 5138 utraque
2963 5083 3087 5122 cum
3133 5068 3402 5122 diversum
3432 5066 3591 5121 vellet
3613 5107 3634 5131 ,
3695 5083 3800 5123 ne-

2194 5179 2462 5234 quaquam
2509 5162 2653 5231 quod
2711 5167 3066 5231 proposuerat
3117 5158 3404 5213 obtineret.
3457 5158 3801 5214 Ambrosius

2196 5266 2321 5312 tunc
2349 5254 2666 5310 consulares
2693 5250 2932 5320 ejusdem
2977 5250 3268 5320 provincia:
3319 5249 3494 5305 fasces
3530 5251 3795 5322 gerebat.

2195 5347 2243 5401 ls
2267 5362 2388 5401 cum
2431 5344 2723 5414 perniciem
2761 5341 2995 5397 civitatis
3024 5340 3231 5395 videret
3281 5339 3633 5409 impendere,
3692 5357 3797 5410 pm

2192 5437 2309 5493 loro
2331 5451 2493 5506 atque
2518 5433 2692 5489 cilicio
2735 5448 2863 5498 suo,
2912 5430 3192 5487 confestim
3240 5429 3524 5485 ecclesiam
3555 5431 3800 5484 seditio-

2194 5545 2318 5585 nem
2352 5525 2536 5599 populi
2579 5526 2925 5595 mitigaturus
2976 5523 3300 5593 ingreditur.
3353 5522 3594 5590 Cumque
3651 5523 3799 5576 inibi

2193 5621 2361 5674 multa
2386 5619 2680 5676 secundum
2724 5616 2877 5688 leges
2896 5625 2955 5673 et
2980 5615 3249 5685 publicam
3291 5614 3637 5683 disciplinam
3693 5631 3800 5683 pm

2188 5710 2375 5789 quiete
2403 5717 2457 5765 et
2485 5707 2875 5779 tranquillitate
2912 5714 3245 5777 perorasset,
3300 5703 3588 5776 pugnantis
3641 5704 3799 5758 inter
