3976 6180
167 252 260 304 123

1259 247 1670 305 CHRONICON.
1711 279 1781 290 —
1819 249 1983 305 ἸῸΜΙ
2024 250 2066 305 ll
2106 251 2233 305 LIB.
2277 252 2362 306 lV.

3282 257 3420 313 1218

162 383 224 423 se
247 374 302 422 et
329 364 642 421 dissidentis
668 364 845 420 subito
875 363 1077 418 clamor
1101 372 1155 418 et
1182 379 1282 418 vox
1307 381 1411 417 una
1443 362 1735 434 consurgit,
1768 365 1814 425 Α
1845 374 1924 419 tes
1953 365 2198 433 sumpsit.
2233 364 2384 430 Quod
2415 369 2623 422 vivente
2654 367 2820 423 fratre
2865 369 3058 424 timore
3084 379 3302 426 coactus
3328 387 3423 426 ce-

163 456 505 510 Ambrosium
532 455 842 528 episcopum
880 453 1280 524 postulantium.
1311 453 1577 524 Baptizari
1607 456 1750 510 hunc

165 547 413 615 protinus
437 545 719 608 clamatur,
750 553 868 598 erat
909 545 1052 598 enim
1086 545 1537 609 catechumenus,
1569 554 1622 598 et
1650 547 1749 600 sibi

163 639 474 708 episcopum
505 635 644 699 dari,
673 649 772 688 nec
795 634 950 688 aliter
981 650 1142 687 unum
1171 633 1424 703 populum
1455 634 1568 688 fore
1591 644 1753 703 atque

166 746 327 785 unam
351 730 534 794 (idem,
573 729 675 784 nisi
710 728 1028 783 Ambrosius
1081 729 1181 783 sibi
1232 728 1450 783 daretur
1479 731 1750 784 sacerdos.

171 825 281 877 Hoc
333 823 631 891 imperator
679 820 1090 876 Valentinianus
1145 835 1476 888 agnoscens,
1537 834 1755 889 repente

163 915 322 985 jussit
349 923 405 968 et
429 912 717 982 baptizari,
752 919 804 966 et
833 920 1088 981 tanquam
1119 911 1336 980 dignum
1388 911 1558 964 virum
1606 911 1753 964 ordi-

171 1005 284 1058 nari
305 1003 639 1073 pontiﬁcem.
659 1001 894 1056 Noverat
911 1000 1054 1054 enim
1075 996 1190 1068 ejus
1212 1000 1442 1054 certiore
1456 999 1599 1053 omni
1625 1014 1756 1068 pou-

170 1098 296 1150 dcre
322 1094 674 1158 voluntatem,
702 1100 757 1145 et
789 1091 952 1146 totius
989 1090 1184 1160 regulae
1215 1099 1423 1144 secreta
1451 1089 1754 1151 subtiliora,

171 1185 467 1239 arbitratus
494 1183 657 1237 etiam
687 1181 927 1236 divinum
959 1181 1099 1235 ineo
1128 1196 1248 1235 esse
1293 1179 1594 1245 decretum,
1629 1179 1755 1231 dum

172 1277 222 1330 in
253 1273 372 1341 ejus
396 1275 659 1329 electione
688 1273 852 1328 etiam
878 1288 1003 1342 pars
1032 1272 1302 1327 contraria
1327 1279 1665 1327 consultaret.
1710 1271 1757 1325 ls

171 1381 295 1434 ergo
322 1365 465 1418 sacri
498 1363 837 1433 baptismatis
885 1363 1026 1418 dono
1053 1363 1274 1431 potitus,
1293 1363 1520 1431 gratiam
1547 1377 1759 1430 quoque

170 1455 409 1524 suscepit
435 1454 799 1524 episcopatus.
849 1452 966 1518 Quo
992 1452 1134 1507 facto
1165 1453 1306 1506 hunc
1336 1452 1590 1521 hymnum
1623 1451 1760 1519 opi-

173 1559 294 1597 mus
320 1544 616 1613 imperator
644 1542 908 1599 Salvatori
939 1551 995 1596 et
1028 1541 1246 1597 domino
1273 1541 1531 1596 obtulisse
1557 1541 1758 1606 fertur,

173 1636 255 1689 his
285 1637 484 1705 quippe
520 1650 642 1705 quae
674 1636 1000 1704 gerebantur
1043 1634 1339 1688 intererat:
1371 1631 1583 1687 Gratias
1606 1671 1621 1695 ,
1675 1631 1759 1685 in-

1854 455 2076 517 laverat,
2108 464 2226 524 post
2262 456 2562 524 paululum,
2593 475 2712 527 quae
2749 458 3026 526 iuraverat
3047 502 3060 524 ,
3094 463 3424 531 adimplevit.

1853 545 1992 613 Ergo
2023 544 2215 598 Valens
2244 544 2527 615 imperium
2582 557 2815 614 quatuor
2855 565 3024 604 annos
3054 551 3428 608 Valentiniano

1856 643 2066 687 mortuo
2095 634 2283 688 tenuit.
2310 634 2411 700 Qui
2437 649 2556 687 cum
2588 635 2745 703 impie
2778 648 2980 706 ageret,
3010 639 3151 692 illico
3174 641 3316 693 velut
3340 641 3427 696 ef-

1855 723 2060 777 frenata
2092 723 2358 778 libertatis
2378 739 2442 776 an
2469 726 2598 778 lacia
2641 725 2810 796 legem
2843 728 3008 792 dedit,
3039 738 3098 782 ut
3145 733 3430 799 monachi,

1854 813 1956 866 hoc
1984 823 2086 875 est,
2123 812 2436 876 Christiani,
2473 814 2562 881 qui
2595 814 2660 867 ad
2693 831 2856 868 unum
2901 815 3019 870 ﬁdei
3052 833 3186 886 opus
3209 821 3428 876 dimissa

1857 902 2194 956 saeuiat-ium
2219 918 2394 956 rerum
2421 904 2728 958 nmltimoda
2758 906 2967 959 actione
2987 922 3045 960 se
3074 909 3332 977 redigunt,
3359 911 3426 964 ad

1857 991 2100 1044 militiam
2135 1002 2474 1062 cogerentur.
2511 993 2703 1048 Vastas
2752 995 2868 1049 illas
2911 1003 3035 1049 tunc
3064 996 3282 1068 .lEgypti
3306 1000 3433 1054 soli-

1857 1082 2070 1136 tudines
2116 1098 2414 1151 arenasque
2459 1083 2697 1150 dilfusas,
2727 1100 2861 1154 quas
2908 1095 3125 1155 propter
3171 1089 3316 1142 sitim
3370 1102 3435 1144 ac

1857 1174 2194 1228 sterilitatem
2237 1175 2857 1244 periculosissimamque
2903 1177 3235 1244 serpentium
3261 1175 3436 1232 abun-

1859 1265 2096 1317 dantiam
2147 1264 2486 1318 conversatio
2538 1263 2772 1317 humana
2825 1280 2930 1318 non
2978 1275 3193 1330 nosset,
3240 1280 3434 1336 magna

1859 1355 2244 1408 abundantiam
2288 1355 2675 1410 monaclmrnm
2726 1356 3008 1409 multitudo
3055 1356 3437 1426 compleverat.

1861 1447 1978 1501 Huc
2008 1447 2206 1501 tribuni
2245 1454 2300 1502 et
2330 1446 2527 1502 milites
2565 1446 2734 1510 missi,
2764 1448 2854 1515 qui
2884 1457 3099 1502 sanctos
3125 1464 3188 1502 ac
3215 1464 3438 1504 venera-

1862 1537 1996 1591 biles
2031 1535 2230 1590 milites
2260 1536 2354 1590 Dci
2385 1535 2490 1590 alio
2533 1536 2748 1590 nomine
2798 1537 3180 1604 persecutionis
3218 1539 3436 1592 abstra-

1864 1625 2075 1690 herent,
2102 1625 2381 1680 interfecta
2406 1625 2477 1679 ibi
2507 1626 2718 1695 agmina
2755 1626 2917 1678 multa
2947 1636 3274 1680 sanctorum.
3310 1626 3441 1693 Qua:

171 1724 303 1792 quit,
329 1739 431 1795 ago
455 1725 570 1786 tibi,
589 1723 811 1778 Domine
833 1723 1174 1792 omnipotens
1199 1730 1253 1776 et
1281 1721 1528 1776 Salvator
1553 1730 1756 1785 noster,
1788 1705 1834 1763 Β
1863 1727 2042 1771 autem
2068 1733 2164 1786 per
2192 1717 2433 1771 diversas
2463 1718 2658 1786 ubique
2703 1718 3005 1786 provincias
3052 1718 3138 1771 his
3175 1717 3442 1772 similibus

172 1813 431 1881 quoniam
465 1814 590 1867 huic
619 1813 736 1867 viro
763 1828 863 1883 ego
888 1812 1103 1882 quidem
1131 1813 1374 1868 commisi
1423 1827 1672 1882 corpora,
1702 1821 1757 1866 tu

169 1911 352 1954 autem
370 1900 603 1966 animas,
628 1911 682 1955 et
702 1916 874 1956 meam
892 1901 1206 1956 electionem
1233 1902 1512 1956 ostendisti
1534 1899 1760 1969 iustitiae

171 1993 489 2048 convenire.
536 1991 642 2047 lsta
677 1994 743 2048 de
771 1993 1057 2048 Ambrosio
1090 1993 1143 2046 in
1175 1993 1275 2047 hoc
1306 1992 1420 2046 loco
1473 1993 1756 2047 sufﬁciant.

169 2089 288 2151 Qua
341 2093 665 2154 tempestate
715 2085 781 2137 de
825 2082 1176 2153 Gallograecia
1225 2082 1760 2140 PhotinusMarcelli

169 2175 487 2245 discipulus,
503 2174 783 2230 ordinatus
795 2173 1003 2244 Syrmis
1026 2173 1329 2243 episcopus,
1347 2173 1565 2228 Ebionis
1590 2174 1761 2228 haere-

170 2268 276 2322 sim
309 2267 618 2320 instaurare
641 2277 868 2321 conatus
897 2275 999 2327 est,
1025 2275 1079 2319 et
1111 2274 1293 2334 postea
1321 2281 1351 2318 a
1387 2265 1763 2319 Valentiniano

170 2356 419 2425 principe
466 2353 652 2423 pulsus
687 2353 922 2407 Ecclesia
955 2363 1057 2408 est.
1103 2352 1336 2408 Plurima
1372 2355 1589 2424 scripsit
1615 2356 1765 2409 volu-

172 2449 346 2511 mina,
373 2449 425 2500 in
458 2447 656 2517 quibus
684 2445 766 2499 vel
801 2447 1102 2515 pneeipuus
1133 2454 1322 2500 contra
1370 2456 1576 2518 gentes,
1606 2456 1660 2500 et
1699 2447 1764 2499 ad

175 2539 614 2594 Valentinianum
663 2538 800 2592 liber
843 2553 998 2590 unus.
1049 2538 1276 2606 Optatus
1305 2536 1454 2602 Afer,
1485 2539 1766 2608 episcopus

174 2630 538 2694 Blilevitanus,
568 2643 632 2683 ex
666 2639 820 2698 parte
848 2625 1112 2682 catholica
1157 2629 1374 2698 scripsit
1405 2629 1504 2682 sub
1533 2629 1767 2683 Valenti-

175 2721 342 2775 niano
368 2729 424 2773 et
451 2720 675 2775 Valente
708 2718 1038 2789 principibus
1058 2758 1073 2783 ,
1117 2721 1401 2774 adversum
1456 2720 1768 2776 Donatiana:

173 2811 350 2881 partis
381 2808 679 2865 calumnias
727 2807 894 2863 libros
946 2818 1186 2878 septem,
1232 2810 1286 2864 in
1336 2809 1530 2878 quibus
1575 2811 1768 2865 asserit

173 2905 386 2958 crimen
409 2902 830 2957 Donatianorum
876 2901 927 2954 in
962 2915 1060 2954 nos
1089 2899 1224 2954 falso
1273 2901 1591 2968 retorqueri.
1625 2902 1766 2972 Acy-

177 2994 284 3048 lius
332 2992 570 3048 Severus
609 2991 879 3062 Hispanus
933 2992 998 3046 de
1037 3006 1231 3062 genere
1282 2979 1424 3046 illius
1463 2990 1646 3046 Severi
1701 2995 1766 3046 ad

175 3098 341 3150 quem
400 3081 808 3136 Lactantii.duo
845 3080 1195 3149 epistolarum
1249 3080 1369 3135 libri
1422 3082 1763 3143 scribuntur,

177 3173 486 3240 composuit
516 3171 760 3226 volumen
812 3173 965 3241 quasi
997 3172 1420 3241 hodmporicum,
1459 3175 1622 3228 totius
1651 3176 1771 3228 vine

178 3277 292 3316 sua:
323 3270 526 3316 statum
558 3262 880 3325 continens,
936 3270 1044 3314 tam
1097 3276 1255 3330 prosa
1298 3277 1458 3332 quam
1497 3265 1769 3327 versibus,

177 3350 324 3420 quod
356 3351 570 3404 vocavit
611 3350 1000 3420 Cintacipoiam
1044 3352 1156 3404 sive
1180 3361 1412 3419 petram,
1441 3359 1497 3407 et
1537 3355 1637 3407 sub
1672 3352 1773 3406 Va-

180 3441 482 3497 lentiniano
506 3444 746 3512 princip:-
773 3459 804 3494 ο
847 3444 924 3496 iit.

785 3557 1008 3614 CAPUT
1051 3559 1186 3614 XVI.

181 3649 263 3704 De
283 3647 426 3702 male
453 3649 607 3718 gestis
633 3649 856 3716 Augusti
905 3648 1136 3702 Valentis
1181 3661 1364 3705 contra
1392 3651 1694 3715 catholicos,
1727 3659 1774 3704 et

672 3720 735 3771 de
762 3721 1120 3788 persecutione
1149 3720 1287 3790 ejus.

259 3811 428 3878 Igitur
451 3818 687 3880 tempore
710 3825 816 3879 quo
838 3810 1036 3864 Valens
1062 3826 1090 3864 a
1115 3809 1283 3866 fratre
1307 3811 1681 3865 Valentiniano
1711 3812 1775 3865 ad

179 3903 523 3958 consortium
553 3901 762 3969 imperii
806 3909 889 3954 est
915 3901 1141 3964 ascitus,
1173 3900 1482 3970 apostolicis
1510 3901 1775 3971 dogmati-

185 3991 290 4046 bus
335 3991 709 4044 ordinabatur.
766 3989 897 4044 Cum
955 4006 1082 4045 vero
1129 3991 1290 4046 Gothi
1329 3991 1647 4046 transissent
1681 3991 1776 4045 lli-

184 4091 365 4137 strum
395 4120 408 4144 ,
460 4088 510 4133 et
541 4079 826 4133 Thraciam
857 4090 1240 4150 peragrarunt,
1288 4081 1509 4136 collecta
1557 4080 1743 4134 militia
1764 4123 1778 4144 ,

184 4185 436 4242 pugnare
465 4170 736 4240 cogitabat
759 4171 1018 4226 adversus
1055 4187 1166 4226 eos.
1205 4171 1303 4226 Cui
1347 4171 1546 4240 placuit
1585 4181 1644 4225 ut
1673 4189 1776 4225 non

186 4267 372 4322 nudus
397 4281 555 4320 sacra
582 4267 754 4336 gratia
782 4267 1084 4327 dimicaret,
1117 4267 1210 4321 sed
1239 4267 1413 4322 sancti
1439 4268 1780 4336 baptismatis

1853 1803 2018 1872 jussis
2041 1808 2128 1860 diu
2153 1806 2408 1862 adversus
2439 1807 2706 1862 Ecclesias
2738 1807 3028 1862 catholicas
3050 1817 3100 1862 et
3128 1817 3289 1863 recte
3317 1807 3439 1863 ﬁdei

1863 1898 2083 1966 populos
2104 1907 2252 1966 gesta
2277 1898 2404 1963 sint,
2436 1899 2566 1952 satis
2603 1899 2654 1952 in
2683 1898 3061 1953 ecclesiasticis
3091 1899 3334 1954 historiis
3355 1901 3442 1955 de-

1862 1989 2114 2043 claratur.
2161 1990 2295 2044 Nam
2319 2001 2371 2044 et
2393 1990 2675 2060 episcopos
2704 1992 2814 2061 egit
2846 1991 2900 2046 in
2930 1992 3202 2056 exsilium,
3235 2000 3289 2046 et
3311 2005 3440 2062 pre-

1863 2080 2130 2149 sbyteros,
2161 2095 2225 2134 ac
2271 2081 2550 2144 diaconos,
2595 2091 2648 2135 et
2681 2083 2993 2146 monachos,
3022 2097 3190 2152 usque
3217 2084 3285 2136 ad
3331 2092 3442 2138 tor-

1865 2182 2041 2226 menta
2075 2174 2310 2237 deduxit,
2339 2175 2621 2243 etignihus
2651 2177 2893 2239 tradidit,
2911 2177 3182 2246 multaque
3213 2176 3449 2232 nefanda-

1863 2271 1915 2316 et
1947 2264 2182 2318 crudelia
2215 2266 2267 2318 in
2299 2266 2592 2320 Ecclesiazn
2621 2266 2712 2320 Dei
2751 2267 2968 2322 molitus
2995 2277 3095 2331 est,
3126 2284 3190 2322 ex
3213 2269 3440 2324 diversis

1866 2353 2074 2408 scilicet
2112 2355 2162 2408 in
2208 2355 2338 2409 orbe
2366 2356 2609 2412 Romano
2639 2360 2737 2411 sub
2764 2358 2926 2428 impio
2955 2360 3214 2429 principe.
3239 2375 3304 2414 ex
3327 2359 3449 2416 aliis

1867 2449 2326 2511 sutl'ocationihus,
2361 2434 2848 2505 innumerabilibus
2903 2432 3212 2516 terit-cutis,
3255 2452 3450 2520 quibus

1867 2538 2021 2591 vinea
2056 2537 2261 2591 Domini
2295 2547 2617 2603 vastaretur,
2651 2541 2976 2596 alimentis.
3019 2540 3146 2607 Quae
3195 2540 3452 2595 historio-

1868 2629 2076 2698 graphi,
2101 2645 2327 2698 quorum
2361 2631 2586 2685 intentio
2629 2631 2726 2686 fuit
2754 2643 2811 2686 ut
2840 2632 3030 2687 litteris
3061 2634 3173 2688 inec
3214 2632 3279 2686 ad
3310 2631 3453 2686 futu-

1870 2736 1983 2773 ram
2031 2721 2396 2788 posteritatem
2449 2723 2827 2794 porrigerent,
2877 2724 3330 2792 comprehendere
3383 2723 3452 2778 ad

1870 2807 2131 2878 liquidum
2161 2825 2271 2878 pra:
2294 2811 2634 2864 multitudine
2662 2812 2997 2865 diversarum
3043 2813 3297 2865 mortium
3350 2827 3438 2865 ne-

1871 2899 2175 2968 quiverunt,
2206 2914 2301 2953 nos
2330 2914 2396 2953 ex
2430 2901 2613 2954 multis
2633 2916 2795 2953 unum
2827 2903 2877 2954 in
2923 2901 3025 2954 hoc
3070 2901 3451 2971 compendiose

1869 2988 2129 3058 opusculo
2155 2990 2392 3044 inserere
2420 2991 2743 3044 curavimus.

2452 3099 2675 3154 CAPUT
2719 3099 2874 3152 XVil.

1876 3187 2115 3254 Qualiter
2147 3188 2388 3241 Edisscni
2422 3206 2514 3259 per
2536 3189 2800 3259 mulierem
2855 3189 3019 3256 ﬁ'ium
3055 3188 3363 3259 _lt'uiictt_tcnt
3387 3187 3458 3239 ad

2010 3261 2321 3328 martyrimu
2359 3254 2588 3328 furorem
2635 3254 3008 3310 declinaret-int
3055 3254 3308 3310 Veientis.

1947 3351 2235 3405 Dicendum
2286 3367 2497 3420 quoque
2537 3362 2618 3404 cst
2666 3350 2806 3419 quod
2841 3350 2892 3402 in
2943 3348 3123 3402 Edissa
3155 3347 3457 3418 Mesopota-

1875 3443 1996 3496 mim
2036 3451 2246 3511 gestum
2274 3457 2396 3495 esse
2427 3442 2684 3494 noscitur.
2735 3440 2790 3492 In
2822 3439 2922 3492 hac
2949 3440 3081 3492 urbe
3117 3449 3197 3492 est
3233 3437 3461 3508 apostoli

1887 3531 2094 3584 l‘homat
2115 3531 2335 3584 basilica
2356 3530 2500 3583 clara
2530 3530 2689 3583 nimis
2718 3529 2923 3597 pariter
2952 3535 3005 3581 et
3029 3536 3238 3591 ornata,
3270 3527 3322 3580 in
3350 3543 3456 3595 qua

1878 3631 2097 3691 propter
2143 3622 2247 3675 loci
2279 3621 2634 3674 reverentiam
2664 3621 2905 3675 collecta:
2945 3620 3140 3688 saepius
3180 3619 3458 3674 celebran-

1877 3720 1966 3764 tur
1994 3729 2006 3764 :
2044 3727 2203 3781 quam
2229 3711 2415 3764 volens
2447 3711 2738 3780 imperator
2768 3712 3052 3780 inSpicere,
3082 3720 3135 3765 et
3161 3725 3458 3778 agnoscens

1878 3816 2064 3859 ornsies
2092 3803 2190 3857 sibi
2227 3804 2443 3857 odiosus
2491 3803 2691 3857 ibidem
2745 3802 3052 3864 convenire,
3085 3799 3253 3854 fertur
3297 3815 3459 3854 rnanu

1879 3894 2208 3965 percussisse
2235 3893 2568 3962 praefectum,
2598 3893 2739 3960 quod
2762 3894 2884 3946 exin
2911 3893 2954 3945 3c
2996 3891 3326 3944 orthodoxos
3354 3907 3458 3943 non

1880 3985 2142 4056 expulerit
2204 3985 2503 4038 universos.
2574 3982 2815 4051 Cumque
2870 3979 3153 4048 pnefectus
3209 3978 3458 4049 iniuriam

1880 4094 2072 4149 passus
2095 4077 2293 4130 invitus
2327 4073 2679 4143 indignationi
2709 4073 2966 4142 principis
2997 4069 3305 4124 ministrare
3325 4085 3447 4125 con-

1882 4168 2144 4230 tenderet,
2176 4181 2279 4218 non
2327 4164 2466 4217 enim
2495 4162 2709 4216 volebat
2764 4163 2926 4214 tantis
2957 4159 3261 4214 hominibus
3289 4160 3462 4214 credes

1881 4260 2100 4322 inferre,
2135 4257 2364 4311 latenter
2393 4255 2666 4310 mandavit
2697 4264 2755 4307 ut
2796 4254 2971 4307 nullus
3009 4254 3060 4306 in
3105 4251 3195 4306 illa
3240 4253 3460 4306 basilica

186 4358 438 4413 munitus
463 4357 650 4421 armis,
679 4365 732 4412 et
754 4358 856 4411 hoc
877 4357 1093 4426 quidem
1125 4356 1259 4410 bene
1295 4356 1514 4426 placuit,
1547 4363 1602 4410 et
1633 4356 1780 4409 valde
1811 4390 1859 4448 Β
1885 4353 2206 4407 remaneret.
2227 4349 2330 4404 Sed
2354 4364 2512 4402 nemo
2528 4347 2968 4417 respexit,neque
2987 4342 3264 4398 consilium
3291 4358 3463 4411 neque

187 4447 491 4516 sapienter.
519 4445 671 4512 Quod
719 4461 848 4501 vero
893 4455 1080 4516 postea
1111 4447 1274 4517 gessit
1318 4461 1568 4517 magnam
1617 4445 1779 4499 animi

190 4537 478 4593 mollitiem
531 4546 588 4592 et
649 4537 1012 4608 proditionem
1076 4538 1344 4606 signiﬁcat
1399 4538 1672 4599 veritatis,
1721 4553 1783 4590 ea

190 4642 432 4696 namque
461 4628 645 4682 infelix
701 4643 891 4698 passus
935 4636 1016 4682 est
1063 4643 1182 4696 quae
1237 4627 1545 4698 progenitor
1589 4627 1779 4682 Adam.

189 4717 455 4788 Coniugis
491 4719 635 4774 enim
684 4727 766 4773 est
811 4720 1062 4774 seductus
1100 4719 1363 4789 alloquio,
1417 4729 1472 4774 et
1513 4719 1784 4773 muliebri-

193 4811 299 4864 bus
333 4810 516 4865 verbis
557 4811 1005 4880 illaqueatus.llla
1041 4826 1269 4880 namque
1299 4811 1548 4881 primitus
1571 4808 1783 4863 Arianae

195 4901 430 4955 fallacia:
482 4901 825 4971 captionibus
881 4902 1128 4965 irretila,
1182 4902 1345 4956 etiam
1387 4903 1548 4955 istum
1602 4915 1781 4954 secum

191 5007 461 5048 corruere
491 4993 544 5047 in
573 4994 916 5064 blasphemiae
941 4994 1147 5047 foveam
1193 4993 1482 5061 persuasit.
1511 4989 1674 5058 Cujus
1704 5006 1786 5044 se-

195 5082 478 5135 ductionis
516 5091 704 5136 auctor
744 5082 843 5136 fuit
875 5082 1167 5136 Eudoxius.
1198 5081 1247 5136 ls
1273 5082 1416 5135 enim
1449 5082 1626 5135 adhuc
1653 5081 1789 5134 Con-

193 5174 697 5242 stantinopolitanrc
726 5177 1086 5246 gubernacula
1116 5175 1331 5228 tenebat
1377 5173 1654 5235 Ecclesiae,
1683 5186 1786 5224 non

198 5281 415 5336 regens,
444 5266 537 5320 sed
557 5282 706 5320 suam
733 5267 909 5334 potius
948 5279 1196 5334 mergens
1242 5277 1453 5316 navem.
1480 5260 1629 5313 Tune
1659 5275 1788 5328 ergo

197 5355 254 5407 in
288 5355 410 5423 ipso
437 5355 779 5424 baptismatis
803 5351 1404 5423 temporeiurejurando
1430 5349 1786 5404 miserrimum

195 5444 486 5516 obligavit,
505 5453 569 5500 ut
591 5457 647 5500 et
673 5447 727 5500 in
757 5446 1031 5515 impietate
1056 5441 1322 5513 dogmatis
1348 5449 1710 5510 permaneret,
1735 5451 1788 5494 et

199 5536 445 5605 undique
466 5537 738 5592 contraria
765 5537 1033 5605 sapientes
1052 5533 1364 5605 expelleret.
1383 5532 1473 5587 Sic
1519 5533 1680 5602 igitur
1703 5532 1790 5586 ille

201 5625 508 5682 doctrinam
536 5626 889 5696 apostolicam
921 5625 1317 5696 derelinquens,
1341 5624 1642 5679 contrarias
1669 5639 1790 5693 par-

1893 4451 2152 4496 tcrrorem
2181 4437 2315 4506 eius,
2340 4451 2528 4493 omnes
2552 4437 2695 4492 enim
2734 4435 2902 4490 altera
2932 4435 3014 4488 die
3045 4433 3111 4486 ad
3145 4432 3318 4487 locum
3342 4447 3462 4486 ora-

1893 4534 2053 4590 tionis
2082 4533 2284 4603 pariter
2309 4530 2702 4586 conﬂuxerunt.
2735 4528 2976 4595 Cumque
3026 4525 3308 4594 praefectus
3339 4538 3462 4578 cum

1892 4628 2057 4681 multa
2078 4626 2306 4679 militum
2328 4640 2486 4677 manu
2525 4621 2591 4675 ad
2618 4621 2889 4674 basilica-ii
2942 4619 3235 4677 festinaret,
3261 4623 3320 4668 ut
3370 4615 3472 4667 ἰτητ-

1889 4716 2154 4787 peratoris
2173 4713 2457 4784 perliceret
2499 4711 2823 4782 iussionem,
2856 4710 3100 4776 tutandam
3151 4702 3464 4759 nmliinrula

1891 4824 2010 4863 cum
2035 4813 2349 4877 paupertate
2379 4807 2592 4870 degens,
2641 4801 2806 4854 lilium
2848 4813 3004 4851 suum
3037 4813 3195 4851 malm
3231 4801 3466 4849 tractum

1886 4914 2044 4953 cursu
2067 4898 2133 4950 ad
2165 4897 2307 4952 illam
2338 4894 2615 4948 basilicam
2641 4904 2935 4959 properans
2966 4927 2979 4947 ,
3025 4884 3264 4954 prtefecti
3295 4884 3464 4936 inter-

1887 4991 2032 5059 rupit
2053 4988 2308 5043 oflicium.
2346 4985 2654 5050 indignatus
2698 4995 2825 5033 vero
2854 4978 3137 5046 praefectus
3185 4973 3463 5026 mulierem

1887 5080 1989 5133 sibi
2012 5077 2172 5145 iussit
2196 5073 2412 5135 adduci,
2443 5071 2684 5136 dixitque
2733 5068 2798 5120 ad
2854 5081 3013 5118 eam:
3045 5062 3088 5117 Ο
3134 5059 3316 5114 infelix
3349 5071 3465 5108 mu-

1888 5169 2016 5222 lier!
2041 5181 2145 5236 quo
2169 5165 2246 5219 sic
2267 5163 2574 5216 indecenter
2603 5157 2810 5212 curris?
2829 5155 2895 5208 At
2917 5155 3031 5208 illa:
3057 5151 3152 5206 tibi
3174 5158 3229 5203 et.
3251 5147 3362 5209 alii,
3381 5145 3463 5199 in-

1890 5260 2025 5329 quit,
2056 5258 2134 5310 ire
2163 5254 2434 5309 festinant.
2470 5251 2619 5304 Tunc
2657 5248 2744 5302 ille
2769 5266 2781 5300 :
2819 5246 2932 5299 Non
2957 5241 3148 5298 audisti
3175 5238 3300 5308 quia
3326 5249 3468 5306 prat-

1891 5349 2064 5404 fcctus
2090 5346 2194 5400 illic
2223 5345 2500 5399 occisurus
2526 5348 2608 5394 e51
2633 5339 2914 5392 universos
2949 5343 3295 5404 quoscunque
3320 5338 3468 5380 com-

1855 5497 1867 5511 ο
1890 5438 2061 5509 perit?
2083 5438 2147 5491 Et
2175 5434 2371 5490 mulier
2394 5451 2406 5485 :
2435 5430 2648 5493 Audivi,
2675 5428 2846 5496 inquit
2870 5467 2884 5489 ,
2936 5425 3159 5490 ideoque
3188 5416 3382 5511 [catino
3406 5419 3470 5466 ut

1893 5531 2001 5584 illic
2031 5527 2274 5583 inveniar
2303 5525 2444 5579 inter
2479 5537 2591 5577 eos.
2627 5521 2691 5574 Et
2716 5534 2822 5589 quo
2868 5517 3010 5570 hunc
3035 5510 3314 5580 parvulum
3359 5513 3468 5558 tra-

1894 5621 1978 5676 his
2019 5617 2311 5674 infantem?
2351 5613 2501 5668 Tunc
2534 5612 2727 5667 mulier
2771 5609 2881 5663 ait:
2923 5604 2989 5661 Ut
3024 5613 3076 5657 ct
3115 5602 3215 5658 iste
3261 5607 3480 5677 martyi
