3976 6180
591 268 724 322 1119

1608 245 1995 304 FRECULPHI
2035 237 2489 300 LEXOVIENSIS
2526 232 2827 294 EPISCOPI

3698 216 3803 271 1‘13)

585 379 722 431 rium
754 372 1028 440 suscipere
1059 372 1348 420 mereatur.
1380 359 1529 414 llanc
1555 374 1677 413 eum
1707 356 1945 411 audisset
1964 354 2047 407 vir
2075 353 2161 407 ille
2187 357 2240 416 Α
2266 362 2392 407 tunc
2420 351 2644 408 Valente
2664 349 2989 416 imperatore
3016 340 3231 413 quando
3259 337 3621 407 etaliiplures
3638 328 3806 387 nobiles

584 460 1019 520 concurrentium
1042 455 1371 509 voluntatem
1397 490 1412 515 ,
1460 464 1582 503 mox
1609 462 1893 502 recurrens
1920 445 1986 498 ad
2017 443 2163 512 prin-

586 561 780 629 cipem,
812 551 1079 624 suggessit
1104 548 1174 612 ci,
1204 561 1270 601 eo
1301 544 1444 614 quod
1487 547 1670 597 essent
1703 553 1893 594 omnes
1932 543 2164 589 mortem

584 667 684 723 pro
718 664 815 705 sua
852 645 957 701 fide
986 643 1263 710 suscipere
1307 637 1521 707 parati,
1579 630 1949 688 irrationabile
1982 629 2167 683 dicens

586 720 735 795 brevi
768 748 1006 805 tempore
1038 742 1213 786 tantos
1241 727 1507 783 occidere.
1552 723 1671 789 Quo
1697 722 1841 776 dicto
1874 721 1942 775 ab
1969 720 2046 772 ira
2081 732 2163 772 re-

585 830 799 886 vocavit
826 817 1221 896 imperatorem.
1256 818 1367 873 iloc
1392 831 1522 887 ergo
1548 814 1707 869 modo
1751 811 1993 866 Edisseni
2022 809 2170 863 furo-

586 935 701 976 rem
752 913 1095 987 imperatoris
1122 908 1399 979 eﬂ‘ugiunt.
1442 906 1544 960 Per
1577 903 1716 957 idem
1747 910 1957 970 tempus
1984 897 2170 951 Eccle-

588 1011 667 1065 sia
692 985 845 1062 velut
862 999 1251 1076 persecutionis
1280 996 1388 1067 igni
1424 992 1789 1062 conflagrante
1829 988 2014 1059 purior
2050 985 2169 1039 auri

592 1097 809 1154 metallo
841 1074 1159 1161 refulgebat.
1194 1087 1309 1142 Non
1337 1086 1479 1139 enim
1526 1084 1579 1137 in
1609 1082 1789 1136 verbis
1829 1074 2170 1144 uniuscujus-

589 1208 696 1262 que
718 1190 872 1252 ﬁdes,
899 1186 992 1243 sed
1022 1186 1077 1239 in
1103 1181 1306 1239 exsiliis
1333 1188 1387 1235 et
1409 1176 1719 1233 carceribus
1747 1172 2020 1242 probatur,
2044 1169 2171 1240 quia

590 1296 696 1335 non
727 1277 919 1334 honori
950 1284 1067 1330 erat
1086 1271 1404 1328 catholicum
1432 1281 1568 1331 esse,
1606 1264 1701 1320 sed
1728 1277 1919 1333 ptume.

1166 1380 1393 1436 CAPUT
1423 1376 1606 1433 XVIII.

594 1478 669 1531 De
701 1476 895 1531 sanctis
920 1474 1042 1527 viris
1073 1472 1162 1551 qui
1188 1480 1310 1523 tunc
1342 1471 1635 1587 ﬂorulernnt
1668 1479 1761 1534 per
1790 1461 2077 1532 Afgyptum
2119 1468 2169 1513 et

1142 1558 1194 1587 ιιι
1231 1549 1430 1587 cmterts
1488 1550 1615 1587 ocis.

1142 1549 1194 1593 in
1231 1549 1430 1592 cwterts
1468 1549 1615 1589 tocts.

673 1634 924 1689 Florebat
952 1633 1112 1702 igitur
1140 1630 1406 1707 {Egyptm
1438 1642 1501 1680 ea
1527 1630 1842 1693 tempestate
1868 1636 1972 1675 non
1996 1618 2168 1673 solum

2264 443 2450 506 occisi,
2494 438 2858 495 instimulante
2880 443 2935 489 et
2959 433 3251 501 obrepente
3272 427 3494 489 invidia,
3543 422 3718 492 jussus
3748 421 3810 475 ia-

2264 534 2437 590 tcrlici
2467 532 2606 601 apud
2634 526 3039 595 Carthaginem,
3094 519 3356 591 baptizari
3384 519 3438 572 in
3466 514 3804 570 remissionem

2263 631 2608 694 peccatorum
2641 615 2980 691 praeoptavit.
3024 629 3087 667 ac
3113 620 3401 681 postquam
3437 614 3805 663 sacramentum

2266 711 2492 776 Christi,
2526 711 2670 780 quod
2694 708 3004 778 quaesierat,
3048 711 3330 758 assecutus
3354 707 3454 763 est,
3494 708 3626 751 tunc
3650 695 3806 767 glorio-

2267 816 2385 856 sam
2405 799 2585 854 saeculi
2615 800 2800 858 vitam,
2835 796 3000 850 etiam
3021 795 3089 849 de
3109 793 3232 847 vitae
3261 789 3572 846 :eternitate
3598 802 3805 845 securus,

2266 890 2579 959 relinquens
2604 885 2908 957 percussori
2955 884 3200 956 jugulum
3230 882 3374 935 ultro
3399 879 3656 950 praebuit.
3699 876 3807 932 Gra-

2269 982 2448 1036 tianus
2493 981 2698 1034 interea
2750 977 3044 1046 imperator
3091 975 3379 1029 admodum
3416 971 3657 1041 juvenis,
3713 985 3808 1024 cum

2269 1073 2696 1130 inaestimabilem
2726 1069 3120 1125 multitudinem
3146 1069 3380 1122 hostium
3420 1064 3681 1119 Romanis
3699 1062 3811 1117 iniu.

2268 1182 2383 1223 sam
2420 1165 2618 1221 finibus
2654 1171 2923 1226 cerneret,
2955 1160 3122 1216 fretus
3138 1160 3343 1215 Christi
3379 1157 3657 1227 potentia,
3684 1156 3810 1226 longe

2268 1255 2463 1325 impari
2494 1253 2723 1307 militum
2754 1266 2978 1305 numero
3016 1263 3133 1303 sese
3173 1250 3228 1301 in
3257 1248 3467 1301 hostem
3506 1245 3652 1299 dedit
3677 1264 3689 1297 ε
3713 1261 3811 1299 con-

2268 1346 2422 1401 tinuo
2461 1344 2601 1414 apud
2638 1341 3015 1413 Argentariam
3042 1339 3294 1408 Oppidum
3332 1336 3636 1391 Galliarum
3665 1336 3813 1388 formi-

2269 1436 2668 1493 dolosissimum
2712 1432 2908 1487 bellum
2959 1429 3257 1485 incredibili
3293 1428 3551 1482 felicitate
3590 1424 3811 1480 confodi.

2268 1525 2401 1581 Nam
2425 1525 2708 1594 plusquam
2737 1522 2958 1593 triginta
2986 1519 3152 1575 millia
3179 1518 3606 1572 Alamannorum
3629 1514 3815 1569 minimo

2269 1620 2636 1675 Romanorum
2672 1615 2994 1671 detrimento
3029 1613 3082 1667 in
3108 1627 3173 1667 co
3197 1610 3382 1682 prazlio
3411 1607 3698 1663 interfecta
3716 1620 3817 1660 nat-

596 1727 824 1784 eruditis
849 1725 901 1779 in
924 1722 1228 1780 Christiana
1254 1703 1587 1788 philosophia
1614 1714 1766 1778 viris,
1792 1726 1979 1767 verum
2007 1709 2168 1763 etiam
2198 1700 2244 1759 B
2274 1720 2483 1766 rantur.

595 1817 679 1871 his
715 1816 808 1883 qui
847 1829 942 1884 per
971 1819 1179 1867 vastam
1216 1821 1457 1863 eremum
1493 1811 1897 1865 commanentes
1935 1800 2085 1870 signa
2114 1805 2170 1852 et

590 1906 833 1977 prodigia
858 1901 1151 1973 apostolica
1180 1896 1525 1964 simplicitate
1553 1893 1676 1947 vitm
1713 1899 1768 1945 et
1792 1890 1970 1945 cordis
1997 1888 2171 1943 since-

591 2000 750 2053 ritate
768 1996 1055 2051 faciebant.
1083 1990 1385 2046 Macharius
1402 1988 1467 2042 de
1482 1986 1760 2056 superiore
1782 1997 1984 2046 eremo,
2016 1980 2172 2034 alius-

592 2107 698 2160 que
752 2088 1055 2143 Macharius
1101 2085 1166 2139 de
1204 2083 1483 2145 interiore,
1536 2079 1768 2133 lsidorus
1813 2076 1867 2130 in
1912 2073 2169 2144 Scythiis,

597 2181 824 2250 Pampus
864 2178 917 2233 in
945 2175 1184 2239 Cellulis,
1239 2171 1447 2242 Moyses
1482 2179 1539 2224 et
1572 2166 1850 2235 Beniamin
1887 2167 1943 2219 in
1983 2164 2169 2225 Nuria,

596 2272 825 2342 Scyrion
863 2280 917 2323 et
948 2267 1125 2321 lielias
1160 2275 1215 2320 et
1243 2262 1443 2318 Paulus
1470 2261 1523 2315 in
1548 2259 1817 2330 Apoliotc,
1868 2255 2171 2310 alius-Pau-

597 2364 679 2419 lus
707 2362 760 2415 in
784 2359 960 2414 Foeis.
1005 2357 1217 2411 Pannen
1244 2363 1297 2409 et
1317 2351 1517 2421 Joseph
1544 2351 1596 2404 in
1625 2347 1841 2417 Pispiri,
1866 2346 1957 2415 qui
1989 2342 2173 2414 appel-

598 2454 739 2507 latur
764 2464 919 2502 mons
943 2446 1180 2500 Antonii.
1235 2441 1339 2497 Sed
1366 2448 1420 2495 et
1442 2439 1577 2495 alios
1612 2434 1960 2507 quamplures
1988 2432 2173 2500 hujus-

597 2540 742 2594 modi
764 2540 911 2591 viros
953 2537 1005 2589 in
1034 2533 1255 2603 .‘Egypti
1287 2531 1533 2600 partibus
1555 2536 1681 2581 tunc
1721 2525 1997 2580 habitasse
2027 2522 2169 2576 fideli

596 2629 960 2700 comperimus
998 2626 1205 2685 auditu,
1252 2634 1310 2676 ut
1348 2634 1477 2677 vere
1517 2617 1878 2688 compleretur
1928 2613 2168 2683 Apostoli

596 2719 830 2773 dictum:
852 2715 988 2782 Quia
1014 2714 1100 2768 ubi
1124 2711 1406 2766 abundavit
1423 2717 1710 2781 peccatum,
1734 2704 2173 2776 superabundavit

595 2816 643 2861 et
675 2806 869 2876 gratia.
917 2801 1183 2872 Egyptus
1216 2799 1361 2853 enim
1412 2811 1522 2866 pra:
1558 2794 1807 2874 omnibus
1860 2791 2170 2848 nationibus

597 2895 1123 2967 superstitiosissime
1150 2892 1379 2947 diversis
1404 2889 1668 2945 idolorum
1699 2885 1956 2941 monstris
2001 2899 2171 2954 quon-

596 2991 719 3045 dam
744 2989 1023 3044 servierat.
1054 2986 1256 3041 Habuit
1279 2993 1459 3038 autem
1483 2998 1578 3052 per
1600 2982 1741 3036 idem
1771 2988 1979 3049 tempus
2004 2979 2168 3032 etiam

598 3078 978 3148 Mesopotamia
1011 3078 1157 3131 viros
1198 3075 1406 3129 nobiles
1440 3074 1626 3128 iisdem
1671 3071 1862 3125 studiis
1905 3069 2168 3140 pollentes

598 3171 736 3241 apud
777 3170 1020 3223 Edissam
1050 3178 1106 3222 et
1133 3166 1377 3229 Curram,
1436 3174 1543 3218 tum
1592 3172 1647 3216 et
1687 3165 1739 3215 in
1770 3161 1981 3215 ueteris
2008 3159 2164 3222 locis;

599 3260 691 3314 sed
720 3266 910 3312 neutra
940 3258 1130 3311 harum
1159 3254 1495 3308 infecundior
1525 3250 1859 3321 Cappadocia
1894 3250 2012 3313 fuit,
2061 3249 2169 3302 imo

600 3349 797 3419 aliquid
825 3349 1017 3412 lanius,
1046 3361 1166 3416 quae
1192 3346 1510 3416 Gregorium
1537 3353 1591 3398 et
1611 3343 1866 3397 Basiliam
1902 3341 2170 3412 germina-

599 3443 693 3496 vit.
722 3441 894 3494 Ambo
920 3437 1145 3503 nobiles,
1183 3437 1341 3490 ambo
1368 3434 1596 3488 Athenis
1623 3433 1841 3496 eruditi,
1875 3431 2033 3485 ambo
2060 3430 2170 3485 col-

600 3533 753 3603 legze,
806 3533 966 3587 ambo
1009 3531 1077 3585 de
1118 3528 1386 3584 auditorio
1427 3525 1652 3597 digressi
1700 3524 1769 3578 ad
1814 3521 2167 3593 profitendam

598 3625 949 3687 rhetoricam,
996 3623 1090 3680 sed
1112 3630 1241 3676 nutu
1276 3620 1368 3674 Dei
1414 3618 1481 3672 ad
1501 3616 1737 3671 divinam
1766 3625 1891 3670 sunt
1925 3613 2169 3669 conversi

600 3714 1013 3784 philosophiam,
1065 3712 1116 3766 in
1151 3726 1254 3780 qua
1296 3708 1612 3763 mirabiliter
1650 3705 1961 3761 floruerunt.
2027 3703 2173 3775 Tulit

602 3806 763 3875 igitur
790 3813 844 3857 ct
881 3804 996 3873 ipsa
1024 3800 1358 3871 Cappadocia
1403 3798 1692 3853 multorum
1733 3804 2040 3850 sanctorum
2083 3809 2170 3847 se-

601 3905 775 3963 getem
822 3893 953 3949 satis
991 3892 1195 3955 laetam,
1261 3903 1492 3960 quorum
1547 3885 1807 3940 miracula
1866 3882 2172 3953 apostolicis

602 3986 813 4041 actibus
859 3984 1206 4053 congruentia
1254 3995 1370 4051 prae.
1388 3976 1729 4033 multitudine
1758 3975 1813 4030 in
1868 3977 1972 4031 hoc
2011 3987 2172 4044 opere

604 4077 859 4131 adnotare
880 4073 1082 4136 distuli,
1106 4071 1233 4127 dum
1254 4069 1435 4141 plures
1464 4067 1679 4138 propria
1702 4065 1899 4121 eruditi
1923 4066 2023 4119 viri
2046 4078 2174 4119 con-

604 4164 714 4219 dita
750 4164 1116 4233 relinquerent
1149 4159 1406 4229 opuscula
1443 4158 1509 4214 de
1543 4156 1667 4210 vitae
1714 4155 1907 4210 merito
1958 4164 2012 4207 et
2047 4168 2173 4208 con-

604 4253 926 4310 versationis
953 4266 1138 4307 eorum
1167 4249 1434 4319 exemplo.

1177 4383 1404 4439 CAPUT
1444 4381 1584 4437 XIX.

609 4479 683 4532 De
733 4478 930 4547 prirliis
983 4478 1037 4529 in
1066 4475 1288 4545 Aphrica
1314 4490 1430 4547 iper
1471 4471 1834 4547 Theodosium,
1892 4468 2172 4547 Ih‘codosii

678 4537 924 4616 principis
944 4537 1161 4615 patrem,
1196 4537 1373 4612 gestis,
1405 4553 1452 4616 et
1482 4546 1544 4594 de
1582 4541 1763 4609 prwlio
1796 4542 1850 4593 in
1884 4537 2054 4592 Gallia
2084 4553 2174 4604 per

681 4612 983 4670 Gratianum
1015 4624 1130 4666 acto
1173 4622 1350 4665 contra
1385 4612 1721 4663 Alamannos.

677 4726 882 4779 Interea
930 4726 983 4779 in
1010 4724 1255 4793 Aphrica:
1282 4722 1525 4792 partibus
1582 4721 1797 4774 Firmus
1834 4735 1891 4774 se
1926 4719 2172 4773 excitatis

606 4816 913 4872 Maurorum
957 4814 1203 4887 gentibus
1244 4827 1422 4881 regem
1463 4811 1815 4873 constituens,
1881 4810 2171 4879 Aphricam

607 4908 1085 4978 Mauritaniamque
1117 4907 1367 4971 vastavit,
1404 4904 1701 4960 Ciesaream
1730 4903 1915 4959 urbem
1956 4904 2174 4959 nobilis-

607 5001 819 5065 simam,
847 4998 1218 5052 Mauritaniam
1233 4997 1355 5051 dolo
1377 5004 1608 5066 captam.
1626 4994 1815 5050 deinde
1828 4994 2062 5049 caulibus
2087 4995 2171 5047 in-

606 5091 915 5159 cendiisque
944 5088 1290 5158 completam,
1340 5086 1596 5141 Barbaris
1644 5086 1696 5139 in
1720 5084 1954 5154 prtedam
2001 5085 2166 5138 dedit.

608 5184 771 5251 Igitur
790 5195 971 5235 comes
995 5178 1325 5233 Theodosius
1345 5176 1649 5239 Theodosii,
1673 5175 1761 5244 qui
1800 5182 1919 5243 post
1948 5172 2172 5241 imperio

608 5271 819 5341 praefuit
846 5280 1019 5340 pater,
1043 5269 1132 5339 qui
1157 5267 1281 5322 illuc
1314 5268 1489 5321 fuerat
1514 5282 1542 5319 a
1568 5264 1938 5320 Valentini:qu
1952 5264 2170 5330 missus,

608 5363 804 5417 effusas
823 5362 1124 5417 Maurorum
1147 5368 1333 5430 gentes
1359 5358 1540 5412 multis
1568 5356 1767 5426 pneliis
1795 5357 1971 5425 fregit,
2001 5357 2172 5425 ipsum

610 5453 847 5505 Firmum
884 5449 1139 5505 afﬂictum
1179 5459 1234 5504 et
1261 5462 1578 5518 Oppressum
1613 5447 1788 5517 coegit
1808 5445 1876 5500 ad
1919 5456 2169 5499 mortem.

610 5542 735 5595 l’ost
776 5558 898 5596 cum
935 5541 1397 5612 experientissima
1452 5539 1781 5609 providentia
1830 5546 1993 5592 totam
2051 5551 2173 5589 cum

608 5632 927 5687 Mauritania
958 5633 1245 5702 Aphrieam
1261 5629 1533 5685 meliorem
1565 5630 1805 5698 pristinis
1836 5626 2172 5688 reddidisset,

2869 1816 3096 1874 CAPUT
3138 1815 3252 1869 XX.

2270 1913 2347 1967 De
2376 1911 2579 1974 Gothis,
2630 1913 2718 1981 qui
2761 1891 3025 1963 Valentem
3047 1923 3318 1981 erraticum
3356 1906 3647 1981 principem
3699 1904 3810 1958 bello

2496 1975 2721 2037 uicerunt
2752 1997 2812 2033 ac
2838 1981 3043 2033 demum
3074 1979 3242 2031 vivum
3272 1975 3636 2028 incenderunt.

2340 2092 2524 2148 Tertio
2553 2092 2763 2147 decimo
2784 2098 2962 2145 autem
3002 2103 3143 2142 anno
3186 2087 3396 2156 imperii
3428 2085 3691 2148 Valentis,
3734 2085 3819 2141 hoc

2268 2192 2382 2248 est,
2433 2197 2603 2253 parvo
2648 2189 2887 2250 tempore
2930 2188 3279 2250 posteaquam
3306 2175 3505 2231 Valens
3554 2191 3652 2245 per
3679 2184 3821 2230 totum

2269 2274 2545 2330 Orientem
2601 2271 2963 2328 Ecclesiarum
3020 2257 3374 2322 lacerationes
3431 2273 3822 2332 sanctorumque

2269 2368 2442 2423 czedes
2483 2374 2689 2437 egerat,
2744 2363 2898 2417 radix
2928 2360 3019 2415 illa
3059 2357 3403 2413 miseriarum
3443 2355 3819 2426 copiosissimos

2270 2458 2430 2515 simul
2482 2456 2705 2511 frutices
2730 2451 3073 2526 germinavit.
3106 2448 3381 2517 Siquidem
3409 2461 3543 2517 gens
3576 2446 3814 2499 Hunorum

2270 2549 2360 2603 diu
2394 2544 2683 2601 inaccessis
2708 2543 2915 2599 seclusa
2942 2540 3217 2595 montibus
3244 2537 3526 2607 repentina
3560 2535 3704 2590 rabie
3723 2548 3822 2602 pcr-

2270 2640 2376 2693 cita
2417 2636 2620 2693 exarsit
2651 2635 2707 2689 in
2738 2633 2962 2695 Gothos,
3014 2644 3216 2699 eosque
3249 2627 3452 2698 passim
3504 2623 3825 2680 conturbatos

2270 2731 2341 2785 ab
2375 2728 2610 2798 antiquis
2646 2726 2865 2781 sedibus
2895 2720 3122 2792 expulit.
3160 2718 3321 2774 Gothi
3355 2716 3589 2771 transito
3614 2712 3827 2768 Danubio

2270 2816 2537 2888 fugientes
2575 2831 2605 2869 a
2637 2813 2877 2875 Valente,
2907 2811 3025 2866 sine
3044 2809 3152 2865 ulla
3182 2807 3403 2863 hederis
3448 2804 3698 2877 pactione
3729 2817 3831 2858 sus-

2268 2908 2434 2978 cepti,
2464 2922 2533 2962 ne
2558 2921 2705 2959 arma
2724 2904 2961 2972 quidem,
3009 2916 3116 2971 quo
3136 2900 3304 2953 tutius
3323 2896 3581 2951 Barbaris
3612 2894 3834 2950 credere-

2273 3008 2380 3062 tur,
2415 2995 2685 3050 tradidere
2708 2992 2989 3047 Romanis.
3058 2988 3260 3043 Deinde
3280 2992 3503 3056 propter
3544 2980 3833 3038 intolean

2270 3089 2374 3143 lem
2421 3086 2701 3141 avaritiam
2727 3083 2944 3139 Maximi
2972 3081 3124 3137 ducis
3147 3079 3287 3133 fame
3323 3085 3379 3131 ct
3403 3073 3619 3144 injuriis
3656 3073 3832 3134 adacti,

2271 3180 2323 3232 in
2340 3193 2490 3232 arma
2525 3186 2831 3245 surgentes,
2855 3174 2994 3229 victo
3016 3170 3254 3226 Valentis
3272 3167 3533 3232 exercitu,
3568 3182 3665 3237 per
3685 3164 3836 3219 Thr:-

2269 3269 2406 3322 ciam
2429 3281 2550 3321 sese
2589 3265 2896 3327 miscentes,
2919 3260 3078 3316 simul
3103 3259 3283 3314 omnia
3302 3257 3562 3320 caulibus,
3598 3253 3835 3310 incendiis

2270 3358 2598 3428 rapinisque,
2636 3355 2912 3409 fuderunt.
2959 3352 3155 3408 Valens
3182 3363 3432 3419 egressus
3462 3348 3530 3403 de
3569 3345 3831 3402 Antiochia

2269 3464 2389 3504 eum
2411 3448 2597 3502 ultima
2620 3446 2848 3502 infelicis
2874 3445 3000 3501 belli
3029 3452 3175 3499 sorte
3203 3444 3529 3506 traheretur,
3554 3457 3679 3495 sera
3716 3453 3833 3509 pm

2270 3536 2395 3592 fecti
2420 3536 2637 3591 Maximi
2670 3535 2982 3606 prnnitentia
3017 3532 3343 3597 stimulatus,
3377 3532 3667 3600 episcopos
3690 3538 3826 3584 mete-

2270 3642 2465 3697 rosque
2491 3634 2705 3681 sanctos
2734 3625 2973 3680 revocari
3002 3624 3066 3678 de
3094 3622 3299 3677 exsiliis
3326 3621 3634 3690 imperavit.
3671 3619 3830 3687 Itaque

2270 3718 2479 3773 decimo
2517 3717 2705 3787 quinto
2746 3714 2953 3785 imperii
2993 3714 3075 3769 sui
3104 3728 3269 3775 anno,
3327 3710 3679 3782 lacrymahile
3724 3706 3832 3761 illud

2270 3810 2466 3865 bellum
2495 3809 2551 3862 in
2577 3808 2806 3863 Thracia
2832 3823 2954 3862 cum
2988 3806 3199 3871 Gothis,
3235 3803 3349 3873 jam
3373 3812 3501 3857 tunc
3526 3802 3835 3859 excitatione

2269 3901 2466 3955 virium
2490 3911 2778 3967 rerumque
2805 3897 3129 3953 abundantia
3156 3894 3617 3957 instructissimis,
3669 3891 3833 3963 gessit,

2272 3992 2362 4047 ubi
2401 3992 2577 4062 primo
2605 3990 2790 4046 statim
2815 3988 3017 4058 impetu
3044 3987 3340 4042 Gothorum
3376 3986 3714 4056 perturbata:
3742 3981 3836 4037 Rev

2271 4099 2558 4139 manorum
2600 4083 2842 4153 equitum
2878 4089 3092 4145 turmae,
3142 4079 3281 4134 nuda
3323 4077 3571 4148 peditum
3621 4076 3838 4143 undique

2272 4178 2561 4232 deseruere
2595 4175 2869 4247 prmsidia.
2910 4172 3031 4227 Mox
3060 4171 3293 4239 legiones
3343 4169 3588 4240 peditum
3621 4168 3838 4236 undique

2270 4268 2510 4336 equitatu
2535 4265 2770 4319 hostium
2804 4262 3017 4325 cincta},
3064 4276 3129 4315 ac
3154 4259 3385 4328 primum
3422 4256 3662 4311 nubibus
3692 4255 3836 4324 sagit-

2176 4383 2253 4447 ,υ
2279 4369 2453 4414 tarum
2491 4359 2716 4418 obrutas.
2764 4355 2961 4410 deinde
3000 4369 3120 4408 eum
3163 4360 3406 4406 amentes
3442 4358 3593 4405 metu
3626 4349 3837 4419 sparsim

2277 4465 2374 4519 per
2405 4448 2559 4502 devia
2612 4454 2949 4517 cogerentur,
3000 4443 3239 4496 funditus
3273 4456 3424 4495 αιιδω
3472 4440 3675 4510 gladiis
3722 4441 3841 4491 insc-

2279 4539 2557 4608 quentium
2595 4537 2877 4605 contisque
2910 4534 3204 4602 perierunt.
3248 4532 3361 4599 ipse
3386 4530 3707 4598 imperator,
3733 4542 3838 4581 cum

2278 4628 2471 4698 sagitta
2514 4626 2751 4689 saucius,
2780 4636 3076 4689 versusque
3106 4621 3158 4673 in
3194 4618 3393 4688 fugam,
3423 4633 3567 4687 aegre
3599 4618 3655 4671 in
3680 4617 3842 4684 cujus-

2279 4720 2402 4772 dam
2430 4718 2624 4772 villula:
2655 4733 2838 4771 casam
2871 4717 3182 4784 dcportatus
3205 4711 3418 4773 lateret,
3469 4710 3537 4763 ab
3566 4709 3842 4777 insequen-

2280 4809 2422 4863 tidus
2447 4807 2687 4862 hostibus
2721 4807 3104 4876 deprehensus,
3138 4802 3411 4871 subjectus
3450 4801 3564 4870 igni
3607 4814 3841 4855 consum-

2274 4908 2396 4969 ptus
2423 4907 2522 4954 est.
2562 4899 2627 4952 Et
2655 4914 2761 4966 quo
2798 4897 2968 4965 magis
3000 4893 3365 4948 testimonium
3398 4890 3705 4960 punitionis
3744 4886 3849 4955 ejus

2273 5000 2327 5045 et
2349 4992 2540 5046 diviuze
2562 4989 2941 5060 indignationis
2967 4985 3189 5040 terribili
3227 4993 3457 5053 posteris
3487 4991 3641 5035 esset
3680 4998 3851 5036 exem-

2273 5083 2380 5152 plo,
2435 5082 2597 5135 etiam
2642 5080 2911 5135 communi
2953 5078 3127 5132 caruit
3178 5075 3475 5144 sepultura.
3521 5075 3688 5126 Anno
3744 5078 3850 5124 sits:

2270 5172 2711 5241 quinquagesimo
2760 5169 2848 5222 tali
2892 5177 3037 5223 sorte
3096 5167 3395 5221 exstinctus
3432 5173 3532 5218 cst.
3584 5164 3691 5230 Qui
3741 5180 3850 5217 tum

2272 5262 2443 5315 fratre
2483 5260 2729 5329 regnavit
2772 5257 2928 5311 annis
2956 5255 3233 5317 tredecim,
3284 5264 3405 5323 post
3453 5253 3689 5306 fratrem
3737 5269 3852 5302 \em

2274 5362 2405 5408 tres.
2455 5351 2614 5406 Gothi
2649 5352 2829 5420 itaque
2874 5358 3028 5402 antea
3071 5363 3167 5416 per
3199 5346 3404 5415 legatos
3446 5344 3730 5414 Supplices
3767 5360 3854 5413 po-

2274 5451 2579 5514 poscerent,
2614 5450 2672 5494 ut
2700 5441 2804 5494 illis
2850 5438 3107 5509 episcopi,
3150 5454 3180 5490 a
3209 5437 3405 5506 quibus
3436 5439 3687 5505 regulam
3713 5435 3855 5489 Chri‘

2275 5534 2463 5588 Stiana:
2494 5531 2614 5585 fidei
2639 5530 2925 5587 discerent,
2942 5529 3301 5581 mitterentur.
3340 5524 3533 5578 Valens
3559 5525 3855 5593 imperator

2275 5623 2535 5679 exitiabili
2587 5621 2851 5692 pravitate
2877 5621 3121 5674 doctores
3154 5616 3337 5669 Ariani
3362 5616 3636 5685 dogmatis
3695 5617 3851 5669 misit.
