3962 6174
285 222 449 293 teat"

1340 227 1746 288 CIIRONICON.
1788 260 1859 272 οσ-
1892 227 2055 285 TOMI
2096 227 2137 281 ll
2178 227 2305 281 LIB.
2346 230 2428 285 IV.

3390 230 3520 283 FH"!

279 353 438 408 (mihi
476 351 658 420 primae
710 347 836 401 ﬁdei
856 345 1235 409 rudimentum,
1267 345 1410 414 quod
1437 359 1713 412 accepere,
1772 355 1846 396 te-
1877 351 1921 405 Α
1953 338 2130 407 linque
2157 339 2238 391 sui
2270 340 2414 407 regni
2474 352 2652 392 rerum
2676 336 2915 392 omnium
2958 336 3183 391 Domino
3235 338 3444 391 dediem
3466 343 3520 395 it.

282 451 532 498 nuerunt.
577 441 759 509 Itaque
788 438 937 508 justo
949 437 1152 506 judicio
1180 436 1297 501 Dei,
1346 436 1445 505 ipsi
1494 450 1614 491 eum
1668 436 1849 488 vivum

280 535 655 597 incenderunt,
705 530 795 600 qui
832 537 1048 600 propter
1083 542 1206 583 eum
1258 527 1421 580 etiam
1471 525 1669 580 mortui
1716 525 1848 578 vitio

278 626 484 681 erroris
514 623 689 679 arsuri
717 630 859 677 sunt.

866 709 1090 765 CAPUT
1127 708 1265 763 XXI.

376 805 449 859 De
478 804 701 873 Didymo
742 811 788 855 et
831 800 949 853 aliis
990 798 1287 852 doctoribus
1328 796 1469 850 illius
1503 796 1764 866 temporis.

352 900 463 966 Qua
494 902 811 964 tempestate
854 890 1112 960 Didymus
1136 888 1548 949 Alexandrinus,
1597 896 1788 954 captus
1820 899 1847 937 a

278 1002 445 1059 parva
487 994 646 1040 aetate
680 980 869 1045 oculis,
917 988 972 1034 et
1008 980 1077 1034 ob
1104 978 1156 1032 id
1196 978 1584 1032 elementorum
1640 991 1852 1046 quoque

280 1080 516 1149 ignarus,
568 1080 776 1129 tantum
810 1069 1127 1126 miraculum
1167 1069 1280 1123 suis
1308 1068 1558 1121 omnibus
1602 1066 1846 1137 praabuit,

279 1177 338 1221 ut
381 1164 724 1219 Dialectieam
752 1175 963 1231 quoque
988 1166 1044 1213 et
1076 1158 1433 1213 Geometriam
1470 1172 1588 1227 quae
1618 1157 1700 1211 vel
1738 1172 1854 1210 ma-

280 1256 423 1309 xime
470 1253 585 1307 visu
637 1252 894 1322 indigent,
937 1263 1107 1319 usque
1135 1250 1202 1303 ad
1241 1246 1534 1317 perfectum
1581 1246 1848 1303 didicerit.

278 1345 377 1399 Hic
419 1343 646 1414 plurima
696 1340 998 1409 nobiliaque
1035 1339 1269 1408 scripsit,
1329 1337 1749 1391 commentarios
1796 1336 1849 1389 in

280 1433 524 1488 Psalmos
549 1446 755 1491 omnes,
807 1427 1225 1483 commentarios
1259 1426 1314 1480 in
1342 1425 1685 1495 Evangelium
1714 1423 1850 1477 Mat—

279 1522 427 1587 thari,
478 1529 532 1575 et
581 1521 633 1574 in
665 1518 905 1582 Joannis,
965 1525 1020 1571 et
1059 1517 1125 1571 de
1160 1515 1520 1587 dogmatibus,
1573 1523 1627 1569 et
1664 1524 1853 1571 contra

274 1611 509 1667 Arianos
555 1610 687 1665 duos
724 1609 909 1673 libros,
972 1616 1025 1662 et
1070 1608 1137 1661 de
1179 1606 1383 1676 Spiritu
1432 1616 1617 1662 sancto
1654 1607 1849 1661 librum

1955 426 2183 496 Scripsit
2207 427 2386 494 itaque
2399 426 2593 496 legem,
2624 427 2940 495 prtecipiens
2967 439 3027 480 ut
3043 427 3251 496 expulsi
3280 439 3524 497 pastores

1953 518 2020 572 ad
2056 533 2152 572 sua
2183 517 2341 570 ovilia
2380 526 2709 583 remearent,
2737 533 3012 587 sacraeque
3033 519 3270 574 basilicae
3291 521 3370 575 eis
3404 523 3525 575 red-

1956 608 2225 668 derentur,
2276 607 2366 674 qui
2412 607 2838 661 communionem
2890 607 3102 663 Damasi
3142 611 3517 679 sequebantur.

1952 696 2000 749 is
2044 697 2187 751 enim
2224 698 2485 750 Damasus
2528 697 2782 750 Romanae
2822 699 2968 752 urbis
3008 699 3310 768 episcopus,
3365 701 3522 755 laude

1953 784 2161 852 dignus,
2221 784 2306 837 vir
2353 784 2611 838 mirabilis
2667 801 2765 854 pro
2814 786 3119 853 apostolicis
3164 790 3519 859 dogmatibus,

1951 882 2145 926 cuncta
2177 872 2404 926 festinus
2434 885 2554 941 post
2578 873 2853 928 Liberium
2889 877 3247 944 gubernacula
3288 881 3523 949 suscepit

1952 962 2223 1017 Ecclesiae.
2280 964 2482 1017 Direxit
2514 964 2674 1033 igitur
2724 966 3016 1034 imperator
3060 981 3181 1021 cum
3219 967 3523 1038 hujusmodi

1953 1055 2067 1123 lege
2091 1057 2255 1109 etiam
2277 1054 2532 1125 Saporem
2563 1057 2867 1125 quemdam,
2893 1066 3016 1111 tunc
3037 1058 3521 1115 nominatissimnm

1954 1144 2158 1197 militia:
2202 1144 2518 1214 principem,
2567 1152 2622 1198 et
2654 1145 2866 1199 Arianze
2917 1147 3133 1216 quidem
3179 1147 3524 1218 blasphemia;

1951 1237 2353 1305 prmdicatores,
2399 1237 2561 1291 veluti
2586 1239 2846 1307 quasdam
2874 1249 3071 1309 pestes,
3128 1240 3323 1295 divinis
3351 1244 3517 1311 septis

1945 1324 2108 1393 jussit
2125 1327 2337 1395 expelli,
2384 1329 2603 1396 optimis
2626 1343 2754 1382 vero
2783 1331 3090 1397 pastoribus
3139 1339 3193 1385 et
3217 1333 3385 1386 sacris
3408 1334 3522 1386 ovi-

1954 1418 2090 1472 libus
2137 1420 2388 1472 universa
2420 1420 2649 1473 restitui.
2699 1421 2809 1475 lloc
2836 1436 2965 1491 ergo
2993 1422 3045 1475 in
3080 1423 3344 1477 universis
3401 1407 3521 1493 pzo:

1952 1506 2145 1560 vinciis
2197 1508 2433 1562 decrevit
2467 1508 2763 1562 observari.
2831 1509 3115 1565 Gratianus
3156 1512 3333 1581 itaque
3400 1530 3522 1569 cum

1947 1598 2162 1667 juniore
2200 1599 2565 1652 Valentiniano
2602 1614 2764 1669 regno
2800 1601 3021 1668 potitus,
3059 1602 3126 1655 ab
3146 1602 3335 1657 exsilio
3365 1620 3514 1659 revo-

275 1718 463 1761 unum,
507 1715 665 1770 quem
710 1698 1066 1768 Hieronymus
1109 1697 1158 1750 in
1188 1696 1437 1750 Latinum
1484 1695 1664 1758 vertit,
1723 1696 1853 1750 etin
1883 1683 1928 1742 Β
1956 1688 2093 1743 calls
2121 1689 2391 1752 munibus.
2442 1688 2556 1756 1938
2579 1690 2823 1753 SﬂnCiVil,
2861 1698 2918 1743 ιιι
2944 1706 3278 1761 υῐιῦιῐιιαξψιθ
3338 1693 3523 1763 religio

274 1791 467 1846 Isaiam
524 1792 708 1844 decem
761 1798 815 1843 et
848 1800 969 1843 octo
1013 1786 1451 1853 commentarios,
1505 1794 1560 1841 et
1608 1787 1661 1840 in
1713 1786 1850 1842 Osce

272 1881 782 1936 com‘nentariorum
829 1879 995 1932 libros
1031 1888 1159 1942 tres,
1196 1885 1251 1931 et
1283 1877 1336 1930 in
1368 1877 1683 1931 Zachariam
1726 1891 1850 1945 pro-

272 1971 489 2038 phetam
532 1968 697 2021 libros
732 1967 987 2037 quinque,
1025 1975 1079 2021 et
1118 1965 1537 2020 commentarios
1570 1966 1621 2019 in
1649 1964 1749 2019 Job
1795 1974 1850 2019 et

273 2057 481 2112 inﬁnita
506 2057 627 2120 alia,
659 2071 777 2125 quin
803 2056 1046 2126 digerere
1072 2057 1272 2126 proprii
1292 2056 1479 2125 judicii
1510 2064 1611 2111 est.
1648 2055 1847 2112 Effrem

273 2147 545 2201 Edissenre
593 2146 844 2201 Ecclesim
891 2147 1143 2202 diaconus
1190 2147 1354 2202 multa
1404 2147 1542 2218 Syro
1601 2164 1848 2206 sermone

268 2239 576 2307 composuit
602 2236 874 2307 cpuseula,
933 2246 988 2290 et
1008 2236 1073 2290 ad
1106 2245 1306 2291 tantam
1333 2239 1479 2292 venit
1520 2238 1844 2303 claritatem,

266 2336 332 2382 ut
356 2335 477 2396 post
499 2326 789 2380 lectionem
824 2324 1225 2395 Scripturarum
1257 2326 1582 2392 divinarum,
1636 2328 1847 2398 publice

269 2420 327 2472 in
384 2417 641 2472 Eeclesiis
682 2416 1002 2486 quibusdam
1055 2412 1171 2482 ejus
1219 2417 1419 2485 scripta
1464 2417 1842 2471 recitarentur.

268 2507 455 2561 Edidit
499 2507 563 2561 de
603 2505 806 2576 Spiritu
853 2515 1036 2561 sancto
1095 2504 1337 2561 Graecum
1382 2507 1649 2575 volumen,
1704 2508 1846 2578 quod

266 2600 489 2669 quidam
534 2597 600 2652 de
635 2596 854 2665 Syriaca
890 2597 1069 2666 lingua
1105 2605 1360 2662 verterat,
1404 2612 1470 2652 ex
1494 2614 1601 2668 quo
1620 2614 1844 2654 acumen

268 2688 517 2742 sublimis
546 2686 743 2755 ingenii
780 2685 895 2754 ejus
945 2687 1107 2750 etiam
1145 2685 1199 2740 in
1234 2686 1586 2744 translatione
1621 2688 1845 2742 manife-

267 2791 467 2836 statur.
510 2779 768 2834 Discessit
801 2781 901 2833 sub
949 2778 1170 2833 Valente
1214 2779 1479 2847 principe.
1538 2778 1703 2849 Igitur
1748 2782 1846 2834 sub

269 2869 495 2924 Valente
527 2868 768 2938 principe
805 2875 955 2920 tanta
996 2876 1076 2923 est
1102 2877 1221 2923 orta
1259 2877 1547 2937 tempestas
1588 2870 1840 2924 Constan-

267 2961 509 3030 tinopoli,
533 2971 592 3014 ut
621 2959 770 3013 mirae
786 2958 1168 3029 magnitudinis
1195 2959 1521 3023 decidentes,
1555 2959 1606 3013 in
1629 2961 1844 3014 modum

1949 1777 2174 1832 licenter
2229 1792 2380 1832 sacra
2429 1779 2747 1839 celebraret.
2797 1781 2942 1834 solos
2982 1795 3109 1835 vero
3157 1782 3224 1835 ab
3269 1782 3523 1839 Ecclesiis
3581 1820 3585 1824 ›

1946 1874 2222 1942 prohibuit
2254 1873 2703 1939 Eunominianos,
2744 1874 3052 1930 Fotinianos
3089 1886 3144 1931 et
3181 1877 3520 1933 Manichzeos.

1949 1959 2051 2026 Qui
2078 1976 2202 2015 cum
2233 1960 2487 2016 afﬂictum
2518 1977 2582 2016 ac
2604 1977 2741 2031 pene
2768 1962 3058 2032 collapsum
3098 1965 3400 2034 reipublicae
3422 1977 3526 2021 sta-

1950 2057 2061 2104 tum
2081 2050 2308 2115 videret,
2361 2052 2549 2105 eadem
2586 2053 2897 2121 provisione
2933 2068 3036 2122 qua
3066 2055 3332 2123 quondam
3381 2057 3522 2111 asci-

1947 2148 2099 2193 verat
2127 2140 2304 2195 Nerva
2334 2139 2627 2211 Hispanum
2654 2142 2828 2195 virum
2858 2141 3168 2210 Trajanum,
3224 2161 3321 2214 per
3362 2161 3523 2215 quem

1947 2228 2246 2298 respublica
2299 2238 2547 2298 reparata
2601 2239 2701 2291 est,
2752 2231 2877 2300 legit
2917 2239 2971 2286 et
3003 2232 3116 2301 ipse
3162 2234 3522 2289 Theodosium

1946 2330 2106 2390 atque
2130 2321 2444 2390 Hispanum,
2504 2322 2676 2375 virum
2706 2322 3057 2377 restituendm
3088 2323 3398 2392 reipublicm
3424 2340 3521 2379 ne.

1947 2410 2266 2475 cessarium,
2317 2425 2478 2480 quem
2546 2412 2686 2479 apud
2736 2410 2996 2465 Firmium
3045 2428 3283 2482 purpura
3326 2413 3518 2480 induit,

1946 2499 2286 2569 Orientisque
2328 2499 2569 2554 Thracia:
2591 2501 2752 2556 simul
2792 2500 3029 2571 praefecit
3076 2504 3323 2573 imperio.

2512 2611 2735 2667 CAPUT
2791 2613 2970 2669 XXIII.

1946 2680 2023 2734 De
2048 2679 2326 2734 Theodosii
2340 2686 2516 2750 gestis,
2541 2691 2590 2736 et
2617 2684 2990 2754 qualiter'renit
3018 2686 3088 2739 ad
3114 2689 3321 2757 imperii
3336 2691 3522 2760 fasces.

2014 2769 2199 2838 Itaque
2225 2769 2558 2826 Theodosius
2584 2772 2830 2827 aﬁlictam
2880 2776 3264 2843 rempublicam
3313 2778 3390 2832 ira
3431 2779 3523 2832 Dei

1944 2857 2296 2928 reparandum
2331 2860 2561 2913 credidit
2600 2861 2966 2915 misericordia
2994 2880 3007 2916 :
3035 2879 3249 2919 omnem
3275 2865 3523 2921 ﬁduciam

1945 2949 2024 3003 sui
2061 2949 2128 3003 ad
2159 2963 2315 3018 apem
2359 2948 2561 3003 Christi
2608 2949 2910 3017 conferens,
2933 2954 3197 3010 maximas
3233 2956 3347 3011 illas
3387 2957 3522 3031 Scy-

266 3029 529 3122 lapitum,
575 3050 864 3122 grandines
905 3049 1099 3104 multos
1137 3049 1411 3104 hominum
1460 3049 1841 3104 interfecerint.
1874 3029 1916 3089 (ἶ
1951 3043 2125 3097 thicas
2177 3050 2404 3113 gentes,
2459 3041 2881 3112 formidatasque
2927 3048 3135 3101 cunctis
3194 3029 3526 3121 majoribus,

268 3143 465 3212 Fitqne
493 3142 711 3196 evidens
736 3139 1030 3212 indignatio
1068 3140 1277 3194 Domini
1324 3139 1573 3194 omnibus
1625 3151 1846 3209 propter

267 3235 462 3289 exsilia
499 3242 553 3287 et
581 3233 978 3303 persecutiones
999 3247 1277 3288 servorum
1302 3232 1396 3287 Dei
1426 3233 1492 3285 ab
1526 3234 1848 3302 imperatore

267 3320 325 3380 et
360 3326 571 3379 Arianis
604 3334 843 3379 exactas.
886 3324 1091 3392 Quibus
1117 3324 1305 3379 diebus
1355 3323 1582 3378 Melania
1624 3325 1848 3379 nobilis-

267 3418 412 3472 Sima
443 3417 719 3471 mulierum
750 3415 1133 3480 Romanarum,
1175 3423 1230 3468 et
1254 3414 1547 3469 Marcellini
1578 3415 1847 3483 quondam

270 3509 510 3561 consulis
555 3506 680 3571 ﬁlia,
736 3506 893 3560 unico
919 3514 1149 3575 przetore
1193 3513 1321 3559 tunc
1350 3503 1570 3559 Urbano
1610 3504 1719 3558 ﬁlio
1758 3505 1848 3559 dc-

273 3598 467 3651 u-.icto
492 3596 916 3667 Hierosolymam
950 3596 1224 3667 navigavit
1248 3614 1261 3649 :
1296 3596 1385 3651 ubi
1414 3602 1562 3648 tanto
1587 3596 1849 3648 virtutum

271 3687 649 3756 praecipueque
707 3686 1026 3742 humilitatis
1084 3687 1345 3742 miraculo
1398 3684 1519 3749 fuit,
1563 3693 1627 3739 ut
1675 3682 1849 3738 Tecla:

273 3791 471 3830 nomen
502 3777 788 3846 acceperit.

850 3887 1076 3944 CAPUT
1113 3888 1278 3943 XXII.

278 3976 356 4031 De
400 3974 675 4049 gratique,
716 3978 803 4047 qui
847 3977 909 4031 de
939 3977 1137 4049 exsiliis
1197 3979 1445 4033 revocavit
1492 3979 1756 4049 episcopos
1801 3986 1850 4031 et

399 4045 742 4100 Theodosium
785 4049 1048 4101 constituit
1093 4048 1455 4118 imperatorem
1494 4045 1741 4102 Orientis.

349 4134 661 4200 Gratianus,
693 4135 1130 4206 quadragesimus
1154 4137 1222 4191 ab
1245 4135 1509 4206 Augusto,
1557 4144 1679 4205 post
1706 4149 1851 4189 mor-

275 4241 387 4283 tem
420 4224 652 4281 Valentis
708 4241 802 4281 sex
850 4226 1004 4281 annis
1040 4226 1321 4295 imperium
1375 4226 1564 4286 tenuit.
1604 4227 1848 4295 quamvis

265 4316 585 4383 jamdudum
629 4325 786 4371 antea
811 4331 930 4370 cum
966 4324 1158 4385 patruo
1187 4315 1425 4381 ValenLe,
1480 4328 1533 4372 et.
1573 4333 1692 4370 eum
1744 4317 1847 4371 Va-

273 4405 573 4459 lentiniano
593 4404 760 4458 fratre
797 4414 1066 4474 regnaret.
1118 4405 1282 4475 Igitur
1316 4406 1569 4460 defuncto
1601 4404 1842 4470 Valente,

272 4502 457 4551 denuo
510 4495 731 4549 Barbari
783 4509 949 4563 usque
987 4495 1053 4548 ad
1096 4511 1278 4550 muros
1314 4494 1847 4563 Constantinopoleos

276 4585 577 4648 venientes,
633 4584 749 4653 ejus
788 4584 1094 4638 suburbana
1147 4584 1429 4640 vastabant
1469 4605 1481 4639 :
1520 4595 1848 4654 quapropter

274 4679 427 4729 cives
454 4692 571 4744 qua-
616 4677 943 4731 invenisseut
986 4693 1132 4731 arma
1162 4687 1456 4747 portantes,
1493 4679 1739 4733 hostibus
1792 4686 1850 4730 ut

279 4776 533 4836 poterant
575 4769 911 4822 resistebant.
968 4768 1110 4824 Uxor
1137 4772 1276 4825 enim
1333 4769 1563 4825 Valentis
1615 4772 1847 4840 impera-

280 4860 439 4921 toris,
484 4860 697 4913 nomine
739 4859 1032 4924 Domiuica,
1067 4863 1281 4931 pl‘tmlllil
1319 4878 1383 4917 ex
1415 4865 1607 4917 :erario
1644 4864 1853 4933 publico

277 4951 421 5006 bene
445 4951 800 5019 pugnantibus
837 4954 1127 5005 secundum
1158 4955 1617 5019 corisuetudinrm,
1674 4954 1856 5007 militi-

278 5038 387 5092 bus
419 5037 775 5091 ministrabat.
831 5038 1034 5104 Quibus
1058 5042 1311 5095 Saraceni
1342 5043 1614 5111 prtebuere
1642 5044 1851 5105 solatia,

276 5141 403 5196 quae
438 5142 622 5181 eorum
651 5129 855 5200 regina,
888 5130 1100 5183 nomine
1131 5130 1319 5195 Maria,
1352 5131 1714 5186 Romanorum
1759 5132 1857 5188 fte—

279 5217 494 5280 derata,
535 5219 826 5272 direxerat.
910 5217 1077 5271 Porro
1128 5218 1437 5285 Gratianus,
1503 5220 1855 5273 Valentiniani

284 5308 449 5369 ﬁlias,
516 5323 636 5361 cum
678 5310 873 5362 dudum
901 5319 1050 5378 patre
1076 5310 1326 5362 defuncto
1376 5309 1599 5378 Etll‘OptI.‘
1648 5319 1857 5379 sceptra

285 5402 574 5461 tettttisset,
600 5398 849 5453 defuncto
879 5400 1039 5451 etiam
1079 5397 1300 5451 Valente
1334 5400 1449 5452 sine
1485 5400 1688 5463 sobole,
1718 5400 1858 5455 Asiie

285 5504 499 5559 quoque
532 5492 812 5561 Libyaeque
843 5506 1006 5561 regna
1042 5491 1309 5559 suscepit;
1348 5506 1578 5558 moxque
1605 5493 1854 5560 pietatem

289 5597 449 5647 quam
487 5594 662 5634 mente
688 5592 993 5649 susceperat
1017 5581 1267 5651 operibus
1294 5582 1716 5643 demonstrabat,
1760 5583 1858 5635 iui-

1948 3133 2252 3188 Alexandro
2281 3149 2491 3204 quoque
2520 3133 2596 3188 illi
2638 3134 2829 3205 Magno
2860 3134 3033 3206 (sicut
3077 3137 3361 3208 Pompeius
3394 3141 3526 3196 Cor-

1950 3230 2227 3299 neliusque
2251 3229 2431 3283 testati
2460 3235 2604 3299 sunt)
2629 3229 2877 3294 evitatas,
2898 3245 3037 3284 nunc
3055 3239 3230 3286 autem
3254 3234 3521 3288 exstincto

1950 3319 2191 3375 Romano
2230 3320 2467 3375 exercitu
2512 3318 2769 3374 Romanis
2814 3320 2966 3389 equis
3006 3320 3280 3390 armisque
3320 3323 3522 3377 instra—

1950 3410 2241 3470 ctissimas,
2271 3411 2373 3464 hoc
2400 3419 2504 3474 est,
2528 3409 2749 3472 Alanos,
2781 3409 2965 3465 Hunos
3011 3420 3064 3464 et
3092 3410 3318 3476 Gothos,
3337 3414 3527 3468 incuu-

1950 3506 2160 3552 ctanter
2205 3514 2512 3569 aggressus,
2536 3500 2742 3569 magnis
2794 3500 3076 3570 multisque
3120 3501 3320 3570 prieliis
3377 3503 3525 3569 vicit,

1950 3588 2137 3641 urbem
2167 3586 2679 3656 Constantinopolim
2700 3589 2868 3643 victor
2893 3590 3129 3653 intravit,
3151 3600 3203 3645 et
3223 3608 3290 3645 ne
3302 3607 3522 3661 parvam

1950 3678 2121 3748 ipsam
2170 3678 2398 3733 Romani
2444 3680 2717 3736 exercitus
2767 3697 2985 3736 manum
3043 3684 3257 3738 assidue
3281 3684 3528 3739 bellando

1951 3771 2270 3835 deterreret,
2295 3770 2466 3833 foedus
2496 3787 2617 3827 cum
2647 3771 3030 3828 Ilatthanarico
3064 3775 3359 3830 Gothorum
3402 3791 3523 3845 rege

1944 3863 2233 3931 percussit.
2259 3861 2676 3917 Ilatthanaricus
2703 3874 2882 3917 autem
2907 3864 3161 3917 continuo
3186 3872 3243 3916 ut
3264 3864 3526 3919 Constan-

1953 3950 2226 4019 tinopolim
2255 3951 2424 4015 venit,
2447 3950 2585 4004 diem
2610 3951 2762 4005 obiit.
2790 3950 3059 4005 Universa:
3077 3947 3374 4005 Gothorum
3409 3967 3536 4023 gen-

1952 4051 2055 4105 tes,
2077 4055 2200 4111 rege
2220 4039 2490 4105 defuncto,
2506 4042 2828 4110 aspicientes
2844 4040 3094 4095 virtutem
3118 4042 3527 4113 benignitatem-

1951 4145 2056 4200 que
2085 4130 2393 4195 Theodosii,
2414 4130 2655 4185 Ilomano
2698 4144 2816 4184 sese
2842 4130 3067 4201 imperio
3104 4131 3441 4187 dediderunt.
3471 4133 3526 4187 ln

1950 4208 2137 4276 iisdem
2161 4222 2325 4276 etiam
2343 4222 2669 4290 temporibus
2683 4221 2859 4277 Persa:
2886 4223 2997 4291 qui,
3013 4221 3224 4278 Juliano
3244 4224 3530 4281 interfecto

1952 4312 2180 4382 aliisque
2220 4312 2633 4383 imperatoribus
2666 4326 2804 4382 stepe
2844 4312 3018 4380 victis,
3043 4329 3186 4367 nunc
3232 4315 3391 4368 etiam
3432 4316 3533 4370 Va.

1950 4405 2094 4459 lente
2120 4405 2173 4458 in
2200 4406 2379 4476 fugam
2404 4414 2547 4469 acto,
2563 4404 2946 4460 recentissima:
2966 4404 3205 4459 victoria:
3228 4406 3527 4460 satietatem

1949 4497 2113 4553 cruda
2144 4497 2488 4552 insultatione
2520 4498 2821 4560 ructabant,
2851 4496 2988 4551 ultra
3016 4497 3528 4565 Constantinopolim

1946 4595 2013 4645 ad
2028 4591 2382 4647 Theodosium
2401 4591 2590 4645 misere
2614 4591 2837 4660 legatos,
2852 4604 3142 4658 pacemque
3159 4589 3418 4659 supplices
3440 4605 3530 4657 p0-

1946 4694 2251 4754 poscerent,
2285 4684 2554 4750 ictumque
2597 4692 2722 4735 tunc
2767 4681 2941 4736 fmdus
2980 4690 3065 4734 est
3094 4697 3199 4749 quo
3252 4682 3532 4733 universus

1948 4774 2138 4827 Oriens
2156 4771 2589 4841 tranquillissime
2612 4772 2903 4824 fruebatur.
2922 4770 3087 4840 Igitur
3108 4771 3335 4839 qualiter
3359 4769 3532 4823 Theo-

1955 4863 2134 4917 dosius
2156 4863 2223 4919 ad
2253 4860 2649 4927 fascesimperii
2684 4860 2985 4927 pervenerit
3004 4898 3017 4921 ,
3044 4861 3225 4928 paucis
3251 4858 3528 4926 expediam

1955 4953 2129 5007 dictis.
2146 4951 2314 5007 Porro
2340 4950 2626 5005 Gratianus
2669 4948 2952 5001 Thraciam
3002 4947 3267 5000 Barbaros
3321 4956 3532 5000 vastare

1956 5056 2304 5111 cognoscens,
2334 5038 2482 5093 Italia
2519 5037 3064 5101 relicta,Pho:nieiam
3116 5036 3277 5089 venit.
3305 5034 3375 5085 Ea
3399 5043 3527 5086 tem-

1957 5141 2163 5201 pestate
2179 5130 2508 5185 Theododus
2531 5139 2633 5183 tam
2658 5139 2875 5198 propter
2895 5138 3175 5199 parentum
3200 5124 3530 5179 nobililatcm

1960 5241 2119 5294 quam
2156 5239 2250 5291 pro
2289 5222 2597 5276 fortitudine
2626 5222 2838 5291 propria
2880 5221 3335 5276 nuiuinatissimus
3372 5220 3534 5272 habe—

1963 5321 2135 5387 batur,
2159 5326 2210 5370 et
2233 5318 2301 5371 ob
2342 5317 2478 5369 hanc
2500 5332 2714 5369 causam
2757 5316 2954 5370 invidia
2994 5314 3231 5382 judicum
3286 5312 3535 5382 fatigatus

1963 5410 2014 5460 in
2054 5406 2303 5476 Hispania
2334 5405 2659 5466 morabatur,
2707 5407 2792 5459 ubi
2825 5416 2976 5459 ortus
3001 5404 3172 5458 fuerat
3195 5412 3249 5456 et
3278 5404 3549 5455 nutritus.

1961 5496 2202 5564 Cumque
2262 5496 2553 5562 imperator
2602 5494 2731 5564 quid
2772 5494 2972 5551 faceret
3020 5495 3310 5556 hmsitaret,
3338 5491 3533 5561 quippe

1964 5603 2084 5640 cum
2133 5584 2351 5638 Barbari
2395 5584 2522 5640 elati
2572 5584 2794 5639 victoria
2827 5584 3261 5656 inexpugnabiles
3301 5597 3420 5636 esse
3455 5579 3532 5633 vi—
