3962 6174
477 233 615 291 1923

1495 212 1880 272 FRECULPHI
1919 210 2377 271 LEXOVIENSLS
2408 210 2708 268 EPISGOPI

3600 211 3739 271 ιὶῖι

474 335 963 401 derentnr,dueatu
1011 330 1294 387 Theodosii
1344 343 1574 401 pugnam
1601 326 1829 381 credidit
1872 325 2056 379 termi-
2082 329 2130 387 Α
2157 337 2285 379 vero
2308 321 2663 379 Valentiniani
2693 327 2892 386 mater,
2912 334 3035 375 eum
3058 327 3203 376 esset
3224 318 3448 386 Asiana,
3467 318 3600 377 vivo
3620 320 3747 390 qni-

476 428 616 485 nari.
644 424 881 494 [tepente
903 421 1167 491 siquidem
1195 433 1317 473 eum
1342 418 1411 472 ab
1435 414 1707 487 Hispaniis
1726 428 1976 477 evocans,
1992 419 2049 466 et

472 514 789 583 magistrum
811 509 1037 564 militum
1055 522 1175 562 esse
1196 505 1542 567 denuntians,
1563 518 1689 560 cum
1710 500 2050 571 expeditione

474 608 542 662 ad
575 604 841 657 Barbaros
886 599 1280 656 destinavit.At
1308 596 1396 652 ille
1436 596 1540 651 fide
1590 594 1849 658 munitus,
1876 591 2043 647 conli-

475 697 666 751 denter
691 692 759 747 ad
782 689 1044 746 Thracias
1073 695 1159 744 est
1179 686 1470 757 profectus.
1486 685 1602 752 Quo
1633 683 1761 737 dum
1792 682 2048 744 venisset,

475 784 799 852 vidissetque
844 779 1143 844 Barbaros,
1190 776 1488 833 exercitum
1526 772 1797 828 ordinavit
1839 772 1907 827 ad
1954 786 2053 841 pu-

472 889 661 946 gnam.
680 870 1074 942 Congressione
1085 882 1214 922 vero
1237 865 1376 922 facta
1387 906 1401 931 ,
1416 865 1675 934 impetum
1690 860 1913 915 Barbari
1942 874 2050 914 non

478 964 709 1018 ferentes
733 1002 748 1026 ,
764 974 890 1015 suas
916 959 1063 1013 acies
1084 956 1436 1026 reliquerunt.
1454 953 1519 1007 Et
1543 950 1618 1006 illi
1640 950 1857 1019 quidem
1879 946 2053 1018 fugie-

478 1052 629 1116 bant,
667 1048 721 1104 hi
750 1063 874 1104 vero
929 1046 1138 1100 fortiter
1184 1044 1565 1114 sequebantur,
1594 1040 1854 1094 immensa
1881 1038 2053 1093 caedes

481 1149 606 1195 tunc
633 1138 774 1194 facta
801 1147 885 1193 est
909 1133 1560 1191 Barbarorutn.P|urimis
1592 1132 1755 1199 igitur
1795 1130 2052 1185 interem-

478 1231 912 1302 ptis,paneisque
954 1228 1184 1283 latenter
1224 1225 1625 1281 transeuntibus
1647 1222 2052 1286 Histrum,mox

477 1322 583 1375 dux
611 1320 846 1391 optimus
865 1318 1106 1374 exercitu
1132 1318 1372 1386 disperso
1395 1330 1492 1384 per
1519 1314 1726 1369 vicinas
1742 1311 1922 1375 urbes,
1939 1311 2052 1380 ipse

481 1410 735 1465 velociter
776 1408 1033 1464 remeavit
1061 1406 1131 1462 ad
1162 1404 1478 1475 principem,
1498 1403 1571 1456 ita
1609 1410 1669 1456 ut
1714 1402 1829 1470 ipse
1862 1400 2053 1454 trium-

480 1500 705 1566 phorum
741 1512 957 1553 suorum
995 1495 1215 1551 nuntius
1244 1490 1700 1563 extitisset:quod
1735 1500 1911 1545 tamen
1951 1504 2053 1545 nec

478 1589 579 1658 ipsi
645 1587 977 1657 imperatori,
1008 1586 1134 1641 dum
1196 1584 1506 1647 miraretur,
1541 1580 1744 1637 factum
1794 1578 2051 1635 credibile

2155 413 2275 467 dem
2321 412 2516 468 marito
2560 411 2752 465 laedere
2789 426 2897 465 non
2938 410 3222 479 prtevaluit
3256 412 3614 469 orthodoxae.
3664 412 3745 468 Eo

2152 511 2367 559 mortuo
2392 510 2447 556 et
2474 501 2584 556 lilio
2603 500 2757 556 valde
2769 500 3090 571 juveuculo,
3104 499 3463 558 Mediolanum
3486 503 3743 573 veniens,

2151 591 2436 647 Ambrosio
2465 591 2713 662 episcopo
2736 599 2856 646 erat
2883 590 3100 656 infesta,
3131 590 3207 646 ita
3233 598 3293 645 ut
3316 606 3443 646 eum
3468 592 3741 650 destinari

2144 679 2361 749 juberet
2400 680 2453 735 in
2491 679 2775 746 exsilium;
2814 678 3050 749 dumque
3087 679 3154 734 de
3183 677 3426 735 Ecclesia
3447 680 3744 751 juberetur

2151 768 2325 833 exire,
2353 767 2670 822 Ambrosius
2702 764 2778 821 ait
2805 784 2820 820 :
2848 765 2960 835 Ego
2984 773 3177 836 sponte
3206 766 3311 822 boe
3336 781 3529 836 agam,
3561 784 3634 824 ne
3661 769 3741 823 lu-

2151 856 2235 927 pis
2259 855 2441 910 ovium
2472 863 2621 925 septa
2652 854 2974 909 eontradere
3002 855 3207 918 videar,
3234 864 3330 910 aut
3352 855 3736 926 blaspheman-

2151 945 2295 1000 tibus
2332 946 2519 999 Deum.
2552 943 2672 1011 llic,
2711 944 2755 999 si
2793 942 3000 1015 placet,
3030 943 3249 1011 occide;
3285 945 3389 1000 hoc
3416 945 3542 1001 lum
3564 961 3738 1016 pruna

2151 1047 2379 1092 mortem
2420 1034 2654 1105 suscipio
2694 1033 2988 1091 voluntate.
3023 1031 3263 1108 Cumque
3290 1036 3523 1107 populus
3553 1037 3738 1110 singu-

2152 1125 2339 1181 lariter
2359 1126 2588 1197 diligens
2609 1125 2954 1180 Ambrosium
2985 1125 3288 1190 resultaret,
3313 1135 3367 1181 et
3395 1128 3738 1183 trahentilms

2154 1222 2278 1274 em'n
2319 1220 2387 1276 ad
2431 1218 2679 1274 exsilium
2709 1217 2865 1272 valde
2907 1217 3201 1279 resisteret,
3234 1219 3414 1288 potius
3456 1219 3735 1291 indignata

2152 1309 2364 1367 Justina
2394 1311 2602 1365 vocavit
2637 1318 2769 1364 tunc
2809 1309 3119 1364 Benivolum
3148 1320 3505 1381 quastorem,
3538 1311 3739 1379 jubeus

2153 1407 2213 1453 ut
2235 1398 2486 1453 velociter
2506 1407 2832 1469 proponeret
2857 1398 3028 1469 legem
3054 1414 3173 1469 qua:
3196 1398 3355 1456 tidem
3380 1399 3653 1470 prolatam
3685 1403 3736 1456 in

2151 1488 2397 1543 Arimino
2426 1487 2793 1543 confirmaret.
2835 1487 3076 1558 Cumque
3111 1491 3215 1545 hoc
3248 1489 3338 1546 ille
3372 1505 3539 1562 agere
3572 1490 3741 1545 decli-

2154 1590 2326 1647 naret,
2351 1588 2470 1637 erat
2493 1581 2637 1636 enim
2663 1581 3010 1644 orthodoxus,
3036 1581 3331 1651 majoribus
3351 1581 3586 1651 cingulis
3610 1599 3739 1638 eum

479 1676 775 1731 videbatur.
801 1675 969 1731 Invidi
1008 1674 1270 1744 siquidem
1314 1672 1476 1727 etiam
1506 1669 1706 1742 fugisse
1743 1683 1865 1724 eum
1909 1668 2051 1723 dice-
2078 1661 2126 1720 B
2153 1668 2420 1724 invitavit.
2461 1668 2748 1725 Benivolus
2791 1678 2969 1723 autem
3015 1670 3324 1741 discingens
3369 1686 3451 1737 se,
3492 1672 3739 1726 balteum

479 1770 628 1823 bant.
649 1768 719 1823 At
744 1769 831 1823 ille
858 1769 1178 1835 derogantes
1200 1766 1302 1822 sibi
1322 1765 1478 1838 petiit
1502 1763 1680 1835 dirigi,
1695 1763 1786 1833 qui
1810 1763 2054 1818 viderent

476 1857 708 1911 hostium
749 1856 1140 1912 multitudinem
1174 1854 1707 1925 peremptorum.liis
1737 1852 1918 1907 verbis
1954 1852 2054 1907 im-

476 1952 692 2014 perator
717 1943 904 2007 flexus,
930 1945 1240 2014 direxitqui
1281 1959 1367 1998 res
1411 1951 1559 1999 aetas
1605 1942 1953 2013 inspicerent,
1970 1940 2052 1996 ei-

476 2050 582 2103 que
605 2034 992 2089 renuntiarent.
1007 2034 1295 2103 Conspexit
1310 2033 1453 2088 enim
1470 2034 1523 2087 in
1545 2032 1749 2088 somnis
1779 2031 1907 2105 quia
1928 2046 2054 2085 san-

484 2133 604 2179 ctus
629 2123 870 2179 Meletins
902 2123 1242 2179 Antiochenze
1268 2123 1502 2178 civitatis
1527 2123 1750 2177 antistes
1773 2120 2057 2192 chlamyde

473 2229 598 2268 eum
628 2214 849 2269 vestiret
879 2214 1158 2284 imperiali,
1177 2222 1233 2269 et
1252 2228 1448 2269 corona
1476 2220 1637 2284 caput
1661 2221 1897 2268 ornaret.
1930 2210 2058 2266 ch

480 2318 600 2357 cum
630 2312 785 2360 nocte
813 2304 1055 2367 vidisset,
1076 2304 1288 2359 cuidam
1321 2303 1503 2359 retulit
1524 2304 1840 2358 amicorum.
1869 2303 1941 2357 At
1965 2302 2056 2357 ille

479 2392 683 2446 clarum
741 2409 861 2449 esse
912 2394 1178 2450 somnium
1209 2394 1367 2460 dixit,
1414 2404 1472 2450 et
1520 2393 1653 2449 nihil
1685 2393 2055 2466 aenigmatum,

481 2483 610 2536 nihil
638 2484 856 2538 dubium
885 2486 1180 2539 continere.
1194 2484 1434 2554 Cumque
1461 2486 1616 2555 pauci
1642 2485 1861 2539 omnino
1884 2490 2058 2540 trans-

482 2573 645 2642 issent
689 2572 822 2637 dies,
848 2573 937 2641 qui
974 2588 1070 2642 pro
1102 2573 1341 2628 victoria:
1381 2573 1709 2643 inspectione
1755 2572 1904 2628 missi
1943 2572 2056 2627 fue-

483 2671 606 2715 rant
647 2673 974 2729 remearunt,
1005 2674 1386 2736 peremptaque
1417 2666 1651 2723 hostium
1680 2665 1846 2721 multa
1888 2664 2055 2724 millia

483 2767 859 2813 narraverunt.
876 2759 1231 2827 Quamobrem
1262 2760 1474 2815 Isi-tatus
1522 2759 1791 2832 princeps,
1810 2757 2056 2816 Theodo-

474 2850 617 2904 sium
654 2846 781 2904 fecit
821 2849 1442 2920 imperatorem.lnterea
1482 2866 1603 2905 eum
1653 2850 1891 2921 episcopi
1929 2865 2057 2907 cen-

476 2948 592 2991 tum
628 2947 683 2992 et
716 2938 1100 3023 quinquaginta
1137 2937 1363 2995 fuissent
1389 2938 1904 3011 Constantinopolim
1932 2955 2056 2995 con-

473 3029 969 3100 gregati,pr.eecpit
1013 3029 1307 3099 imperator
1335 3038 1395 3084 ut
1430 3030 1607 3086 nullus
1649 3032 1901 3102 proderet
1934 3032 2058 3104 quis

476 3117 746 3171 maximus
762 3127 906 3173 esset
923 3117 1013 3173 ille
1037 3117 1297 3185 Meletius,
1314 3120 1681 3176 volebatenim
1702 3136 1771 3177 ex
1797 3124 2057 3180 memoria

475 3203 560 3257 sui
589 3206 783 3260 somnii
828 3206 999 3260 virum
1039 3207 1185 3263 illum
1214 3210 1428 3266 sibimet
1472 3211 1717 3267 indicari.
1754 3212 1887 3268 Cum
1929 3229 2057 3285 ergo

477 3293 655 3347 omnis
690 3292 780 3347 illa
804 3293 1084 3351 multitudo
1111 3299 1422 3367 pontificum
1455 3302 1656 3373 regiam
1694 3303 1971 3359 introisset
2001 3305 2058 3361 in

480 3384 717 3449 domum,
736 3384 936 3440 relictis
974 3389 1240 3455 omnibus,
1274 3391 1341 3445 ad
1372 3406 1621 3463 magnum
1669 3394 1909 3447 cucurrit
1949 3393 2058 3448 Me-

481 3473 684 3537 letium,
702 3484 758 3528 et
779 3474 937 3529 veluti
966 3479 1179 3546 quidam
1204 3477 1343 3536 filius
1369 3481 1540 3551 patris
1568 3491 1776 3537 amator
1790 3492 1911 3553 post
1928 3483 2059 3537 mul-

482 3569 591 3614 tum
629 3568 836 3633 tempus
879 3577 1101 3636 paterna
1141 3568 1348 3623 visione
1378 3569 1603 3639 potitur,
1640 3570 2058 3640 amplectebatur

478 3662 683 3720 eum,et
706 3652 866 3709 simul
909 3655 1255 3713 osculabatur
1295 3673 1441 3725 eum,
1457 3660 1660 3727 oculos,
1679 3661 2056 3732 labia,pectus,

478 3758 659 3821 caput,
688 3750 983 3811 dexteram.
1022 3763 1141 3818 quae
1162 3765 1285 3806 eum
1330 3751 1384 3806 in
1427 3754 1636 3808 somnio
1681 3765 2055 3822 coronaverat,

478 3839 872 3910 insinuavitque
902 3840 997 3904 illi,
1029 3855 1191 3909 quam
1233 3842 1443 3897 viderat
1487 3843 1768 3899 visionem.
1818 3846 2058 3917 Cumque

475 3934 639 3989 etiam
654 3940 877 3987 cmteros
890 3948 1124 4003 congrue
1147 3933 1450 4001 salutasset,
1465 3937 1673 4006 rogavit
1689 3945 1942 4010 tanquam
1964 3957 2059 4011 pa-

481 4032 614 4089 tres,
637 4031 696 4075 ut
722 4020 787 4076 de
842 4021 1004 4076 rebus
1062 4023 1418 4089 prmsentibus
1470 4026 2052 4103 eogitarent.Cumquc

479 4111 811 4167 Theodosius
841 4109 1104 4166 Barbaros
1143 4111 1280 4167 bello
1307 4124 1632 4184 superasset,
1655 4123 1711 4171 et
1735 4117 1810 4171 illi
1859 4116 2054 4174 [torna-

478 4219 576 4258 nos
612 4201 815 4257 amicos
842 4201 1040 4255 habere
1075 4202 1508 4270 deprecarentur,
1526 4219 1686 4261 causa
1711 4204 1926 4262 hederis
1964 4225 2052 4263 ae-

475 4294 645 4363 ceptis
690 4292 985 4356 obsidibus,
1013 4290 1448 4347 Thessalonicam
1504 4295 1673 4360 venit,
1697 4296 1786 4351 ubi
1828 4299 1951 4353 dum
1992 4298 2046 4353 in

475 4381 843 4451 asgritudinem
872 4380 1289 4443 incurrisset,ab
1316 4380 1511 4436 Aculeo
1539 4380 1655 4452 ejus
1681 4382 1913 4438 civitatis
1936 4385 2048 4454 epi-

476 4486 640 4539 seopo
666 4470 965 4539 baptizatus
999 4468 1242 4532 est,licet
1268 4485 1298 4522 a
1318 4470 1749 4539 progenitoribus
1794 4471 2050 4527 Christia-

478 4575 604 4613 num
633 4559 823 4629 dogma
848 4566 901 4613 et
928 4559 1083 4611 fidem
1119 4557 1312 4612 Niceeni
1334 4558 1526 4613 coneili
1552 4571 1882 4628 sequeretur.

1031 4665 1255 4722 CAPUT
1302 4663 1491 4721 XXIV.

475 4758 554 4815 De
576 4756 788 4812 Iustina
818 4756 1387 4827 imperatrieejxlrianu,
1413 4772 1527 4825 quae
1557 4756 1680 4827 dum
1719 4756 2046 4812 Ambrosium

545 4829 599 4883 in
615 4827 854 4882 exsilium
870 4825 1294 4895 t‘raherejubebut
1305 4865 1319 4885 .
1332 4826 1444 4895 ipsa
1460 4825 1697 4879 exsilium
1710 4842 1863 4895 passa
1877 4837 1969 4880 est.

545 4920 622 4975 Eo
648 4917 910 4988 siquidem
936 4926 1177 4986 tempore
1199 4932 1305 4986 quo
1325 4916 1782 4986 Constantinopoli
1804 4918 1869 4972 de
1887 4934 2043 4989 syno-

474 5010 558 5064 dis
600 5009 878 5080 agebatur,
918 4993 1135 5077 gerente
1177 5021 1361 5059 curam
1393 5004 1694 5064 Theodosio
1736 5006 1802 5061 de
1841 5009 2044 5062 imitate

472 5101 599 5156 fidei
625 5109 680 5156 et
707 5106 847 5156 statu
876 5097 1152 5164 Ecclesiae,
1178 5097 1305 5152 talia
1336 5098 1479 5153 circa
1505 5097 1819 5167 Hesperiam
1856 5115 2036 5169 prove-

475 5200 687 5249 nerunt.
736 5190 999 5245 Maximus
1038 5191 1104 5244 de
1150 5188 1530 5243 Britannorum
1569 5189 1812 5260 partibus
1857 5201 2041 5245 contra

474 5279 839 5337 Romanorum
879 5279 1115 5333 surrexit
1154 5279 1465 5348 imperium,
1510 5290 1565 5333 et
1606 5280 1868 5335 laboranti
1910 5282 2043 5336 (ira-

476 5372 622 5426 tiano
648 5381 833 5425 contra
854 5369 1183 5424 Alamannos
1208 5369 1387 5423 intulit
1406 5370 1623 5424 bellum.
1655 5369 1713 5424 ln
1739 5370 1889 5425 Italia
1915 5387 2041 5427 vero

473 5476 639 5531 puero
681 5461 816 5515 satis
862 5460 1128 5515 existente
1174 5458 1576 5524 Valentiniano,
1625 5474 1804 5515 rerum
1856 5477 2039 5517 curam

473 5555 676 5612 Probus
717 5552 972 5609 exconsul
1001 5560 1163 5624 atque
1203 5548 1489 5622 praefectus
1534 5550 1783 5606 habebat.
1827 5549 2037 5606 Justina

2152 1765 2278 1811 ante
2319 1757 2482 1826 pedes
2524 1757 2779 1828 Augustae
2823 1757 3050 1829 projecit
3089 1759 3317 1815 dicens:
3350 1776 3529 1832 neque
3582 1763 3743 1820 illum

2154 1847 2448 1912 honorem,
2493 1862 2666 1917 neque
2711 1848 2965 1919 majorem
3015 1847 3149 1904 velle
3194 1865 3253 1905 se
3296 1865 3396 1921 pro
3439 1851 3745 1922 impietatis

2156 1936 2356 1993 habere
2391 1937 2655 1992 mercede.
2694 1936 2936 2007 Cumque
2962 1938 3048 1994 ille
3074 1939 3177 1994 hoc
3200 1937 3380 1996 facere
3405 1942 3741 1998 omnimodis

2156 2026 2464 2094 refutasset,
2489 2028 2691 2083 inventi
2723 2038 2849 2084 sunt
2871 2029 2986 2095 alii,
3008 2030 3098 2099 qui
3129 2031 3380 2099 nequitiae
3398 2029 3746 2100 jussionibus

2156 2120 2548 2174 ministrarent.
2595 2119 2740 2176 inter
2786 2121 2898 2176 haec
2944 2123 3222 2177 nuntiatur
3269 2122 3394 2193 quia
3444 2122 3744 2181 Gratianus

2156 2209 2278 2264 dolo
2332 2211 2544 2281 tyranni
2595 2209 2810 2269 Maximi
2860 2210 3049 2268 fuisset
3092 2213 3325 2269 occisus.
3372 2212 3742 2288 Andragatius

2156 2300 2299 2355 enim
2342 2299 2443 2356 dux
2493 2299 2709 2357 Maximi
2747 2302 2799 2357 in
2834 2300 3023 2358 lectica
3064 2308 3329 2372 portatus,
3363 2312 3426 2358 ut
3463 2306 3743 2360 occideret

2156 2389 2505 2457 Gratianum,
2553 2391 2859 2461 hujusmodi
2902 2394 3211 2462 opinionem
3241 2393 3387 2450 misit
3431 2394 3488 2450 in
3521 2396 3739 2466 vulgus,

2157 2484 2285 2553 quia
2321 2500 2458 2541 uxor
2487 2483 2732 2540 Gratiani
2758 2500 2855 2540 suo
2885 2486 3002 2540 viro
3042 2484 3324 2541 festinaret
3365 2501 3660 2543 occurrere
3686 2493 3739 2543 in

2158 2576 2419 2649 Lugdnuo
2447 2575 2631 2633 Galliae
2666 2577 2881 2632 civitate
2921 2576 3140 2633 fluvium
3173 2578 3495 2634 transeunti.
3524 2579 3738 2637 Gratia-

2157 2684 2260 2725 nus
2301 2678 2482 2724 autem
2520 2668 2745 2723 credens
2784 2668 3067 2738 conjugem
3102 2683 3288 2723 revera
3329 2670 3542 2736 venire,
3578 2685 3740 2741 quam

2157 2774 2332 2832 nuper
2352 2768 2654 2829 acceperat,
2678 2773 2789 2814 non
2808 2760 3064 2829 praecavit
3081 2758 3199 2829 ejus
3220 2759 3467 2823 insidias,
3489 2769 3550 2814 et
3578 2762 3743 2816 veluti

2158 2869 2333 2910 caecus
2358 2854 2411 2906 in
2437 2850 2646 2907 foveam
2670 2851 2724 2907 in
2751 2867 2942 2907 manus
2966 2851 3136 2906 hostis
3162 2851 3409 2907 incurrit.
3442 2851 3585 2907 Dum
3614 2869 3745 2925 (rgo

2158 2940 2449 3000 Gratianus
2480 2940 2718 2995 venisset
2756 2940 2908 3011 quasi
2958 2940 3024 2993 ad
3068 2940 3253 2995 uxoris
3288 2939 3640 3006 vehiculum,
3676 2958 3745 2998 ex

2161 3034 2452 3107 improviso
2476 3031 2752 3097 exsiliens,
2782 3031 3141 3103 Andragatius
3167 3030 3487 3087 Gratianum
3511 3030 3750 3088 callidus

2160 3125 2452 3183 interemit.
2501 3123 2744 3179 Mortuus
2783 3132 2865 3179 est
2909 3136 3038 3192 ergo
3084 3136 3225 3177 anno
3267 3120 3485 3191 imperii
3526 3121 3749 3177 deciate

2160 3216 2370 3288 quinto,
2409 3215 2534 3269 vitze
2558 3212 2818 3286 vigesimo
2851 3219 3064 3282 quarto.
3111 3208 3226 3266 Hoc
3266 3210 3449 3280 itaque
3474 3210 3647 3272 facto,
3675 3210 3744 3264 ad

2160 3321 2398 3377 praesens
2416 3312 2604 3360 contra
2623 3302 2968 3359 Ambrosium
2991 3301 3071 3355 ira
3093 3299 3318 3356 Iustinae
3340 3299 3568 3371 quievit.
3586 3300 3743 3356 Cum-

2160 3410 2265 3467 que
2292 3394 2528 3451 audissct
2556 3392 2822 3448 Maximus
2855 3406 2974 3460 quae
3014 3398 3204 3445 contra
3243 3388 3596 3444 Ambrosium
3628 3406 3741 3444 rut-

2160 3505 2255 3546 sus
2290 3488 2688 3561 magniloquum
2719 3486 3127 3557 praedicatorem
3154 3484 3400 3541 veritatis
3425 3496 3742 3555 agerentur.

2159 3580 2376 3653 scripsit
2401 3578 2799 3643 Valentiniano,
2827 3586 2886 3633 ut
2919 3577 3115 3634 bellum
3143 3577 3286 3648 quod
3313 3576 3584 3646 agebatur
3617 3593 3734 3632 con-

2160 3681 2244 3728 tra
2288 3671 2557 3727 Ecclesias
2586 3669 2902 3733 solveretur,
2932 3684 3156 3725 monens
3201 3678 3260 3723 ut
3302 3678 3593 3740 paternam
3637 3688 3741 3725 nm

2157 3764 2431 3818 amitteret
2452 3762 2740 3831 pietatem;
2776 3760 3078 3831 adjecitque
3099 3759 3263 3813 etiam
3298 3760 3480 3815 minas
3508 3760 3659 3824 belli,
3681 3770 3745 3815 et

2157 3853 2262 3908 nisi
2290 3852 2612 3921 quiesceret,
2648 3849 2811 3905 verba
2851 3849 3104 3918 operibus
3130 3840 3468 3918 adimpleret.
3502 3847 3743 3915 Quamo-

2154 3943 2306 3998 brem
2330 3956 2550 4007 sumens
2577 3938 2874 3997 exercitum
2905 3936 3055 3994 venit
3084 3937 3465 4003 Mediolanum,
3491 3938 3587 3992 ubi
3618 3949 3745 3995 tunc

2156 4031 2244 4087 ille
2273 4031 2518 4105 degebat.
2549 4029 2719 4086 Porro
2748 4028 3156 4086 Valentinianus
3182 4044 3487 4102 agnoscens
3512 4030 3639 4100 ejus
3664 4032 3745 4085 in-

2154 4122 2429 4177 vasionem
2456 4118 2596 4191 fugit
2621 4120 2673 4175 in
2698 4117 2988 4190 Illyricum,
3010 4118 3378 4190 experimento
3398 4133 3745 4190 cognoscens

2153 4228 2273 4282 qua:
2313 4212 2451 4266 mala
2492 4210 2681 4266 matris
2724 4210 2949 4265 consilio
2995 4211 3305 4266 sustineret.
3350 4209 3568 4267 lustina
3615 4228 3749 4267 rero

2145 4304 2295 4367 justo
2319 4302 2411 4355 Dei
2430 4299 2634 4370 judicio
2659 4300 2713 4354 in
2739 4301 2848 4354 vita
2878 4300 3123 4355 exsilium
3156 4317 3318 4372 passa
3342 4311 3453 4365 e.~t,
3484 4305 3637 4372 quod
3667 4306 3747 4359 in-

2144 4392 2288 4460 jiste
2332 4391 2427 4447 Dei
2473 4391 2591 4445 viro
2635 4389 2921 4445 Ambrosio
2971 4388 3172 4447 inferre
3222 4394 3515 4447 nitebatur.
3570 4395 3748 4450 Porro

2152 4478 2486 4535 Theodosius
2516 4480 2736 4534 audiens
2759 4494 2878 4549 qua:
2904 4496 2933 4534 a
2959 4479 3168 4535 Justiua
3190 4480 3404 4536 fuerant
3425 4492 3606 4552 gesta,
3632 4493 3687 4539 et
3712 4499 3745 4537 a

2152 4578 2379 4637 tyranno
2409 4567 2630 4637 scripta,
2656 4565 2878 4637 fugienti
2904 4568 3274 4625 Valentiniano
3302 4571 3610 4641 rescripsit,
3634 4589 3744 4627 nou

2148 4676 2267 4716 esse
2308 4659 2644 4724 mirandum,
2688 4659 2733 4713 si
2777 4659 3089 4729 imperatori
3138 4660 3355 4731 quidem
3401 4674 3612 4728 terror,
3661 4674 3747 4736 ty-

2151 4764 2320 4803 ranno
2367 4764 2495 4803 vero
2548 4757 2786 4818 potestas
2837 4762 3205 4816 accresceret,
3260 4753 3387 4808 dum
3435 4754 3747 4827 imperator

2151 4839 2337 4908 pietati
2365 4839 2580 4894 rebellis
2608 4840 2921 4907 exstitisset,
2955 4849 3217 4912 tyrannus
3245 4852 3426 4899 autem
3454 4846 3506 4899 ei
3529 4848 3747 4901 auxilia

2151 4932 2543 4996 commodaret;
2584 4940 2640 4987 et
2672 4941 2957 5002 propterea
2994 4934 3083 4988 ille
3116 4935 3335 5005 quidem
3378 4934 3590 5006 fugeret
3634 4955 3746 4992 nu-

2150 5026 2269 5088 dus,
2302 5022 2389 5078 ille
2415 5037 2545 5076 vero
2570 5032 2874 5077 armaretur
2901 5024 3162 5080 adversus
3188 5025 3411 5080 nudum.

2721 5134 2948 5192 CAPUT
2989 5137 3150 5193 XXV.

2150 5223 2390 5288 Qualiter
2443 5221 2761 5296 Theodosius
2809 5223 3102 5279 Maximum
3153 5237 3437 5296 malum
3487 5229 3751 5286 Gratiani

2589 5293 2972 5360 interfectorem
3004 5293 3279 5350 intereiuit.

2219 5382 2551 5438 Theodosius
2577 5384 3022 5455 quadragesimus
3047 5386 3277 5456 primus,
3308 5387 3599 5444 interfecto
3639 5406 3751 5461 per

2147 5470 2436 5526 Maximum
2464 5469 2747 5538 Gratiano,
2796 5473 3082 5545 imperium
3127 5475 3360 5533 Rontani
3400 5477 3553 5534 orbis
3592 5482 3751 5537 obti-

2146 5564 2283 5629 nuit,
2319 5564 2624 5634 mansitque
2667 5565 2723 5620 in
2767 5580 2833 5621 eo
2861 5567 3017 5623 annis
3058 5568 3307 5623 undecim
3346 5582 3474 5624 cum
3511 5568 3632 5640 jam
3686 5574 3753 5626 in
