3962 6174
319 202 458 256 ΒΞὸ

308 417 608 472 regnasset.
667 410 846 480 Itaque
891 414 1053 483 justis
1102 423 1527 495 necessariisque
1581 433 1760 486 causis
1808 436 1876 489 ad

254 472 264 482 ’
305 490 504 547 bellqu
535 496 693 551 tivile
721 472 1014 569 permotus,
1045 521 1168 562 cum
1192 523 1223 564 e
1251 472 1459 569 duobus
1484 516 1740 589 Augustis
1767 521 1877 577 fra-

254 568 259 575 ’
305 583 480 637 tribus
515 593 570 638 et
609 587 863 645 ultionem
898 568 1054 651 unius
1083 597 1348 657 interfecti
1386 568 1661 676 sanguinis
1696 611 1876 682 exige-

304 678 409 736 ret,
438 682 495 727 et
529 676 922 736 restitutionem
961 686 1142 742 miseri
1183 690 1404 748 alterius
1427 698 1723 754 exsulantis
1753 716 1874 756 ora-

303 768 407 825 ret,
433 765 611 831 posuit
634 767 688 820 in
719 769 826 824 Deo
850 787 998 842 spem
1026 791 1199 843 suam,
1227 796 1452 853 seseque
1478 788 1734 846 adversus
1764 794 1873 848 Ma-

301 852 505 907 ximum
549 864 830 926 tyrannum
865 863 977 918 sola
1020 868 1121 922 fide
1148 870 1337 939 major,
1366 891 1487 930 nam
1517 877 1672 950 longe
1699 883 1873 938 minor

300 941 537 998 universi
577 959 866 1017 apparatus
904 954 1081 1010 bellici
1108 965 1540 1033 comparatione,
1583 941 1865 1042 proripuit.

295 1027 558 1098 Aquileia:
584 1044 710 1091 tunc
738 1042 1003 1099 maximus
1030 1047 1263 1105 victoria:
1288 1067 1399 1107 suae
1434 1067 1705 1125 spectator
1729 1063 1870 1118 inse-

296 1118 469 1175 derat.
505 1123 865 1199 Andragatius
899 1149 1080 1192 comes
1102 1139 1220 1208 ejus
1246 1118 1510 1202 summam
1551 1151 1674 1206 belli
1699 1155 1868 1216 admi-

296 1210 579 1266 nistrabat.
611 1215 711 1282 Qui
736 1234 858 1273 cum
885 1221 1200 1295 largissimis
1229 1233 1456 1290 militum
1478 1239 1646 1308 copiis
1672 1242 1867 1311 ipsam-

293 1313 401 1371 que
447 1316 758 1371 magnarum
805 1311 1080 1379 copiarum
1129 1316 1499 1378 fortitudinem
1542 1329 1863 1395 praecellenti

290 1388 518 1443 consilio
562 1405 749 1449 omnes
797 1396 1182 1460 incredibiliter
1223 1408 1432 1479 Alpium
1477 1388 1558 1470 ac-
1585 1414 1862 1475 ﬂuminum

290 1475 472 1531 aditus
499 1485 911 1550 communisset,
947 1489 1199 1548 ineffabili
1231 1475 1434 1564 judicio
1463 1503 1574 1569 Dei,
1614 1506 1740 1561 dum
1770 1524 1863 1563 na-

290 1565 397 1618 vali
436 1570 775 1637 expeditione
817 1575 1091 1635 incautum
1131 1584 1339 1642 hostem
1368 1595 1664 1659 praevenire
1688 1605 1741 1651 et
1765 1601 1861 1655 ob-

1404 225 1814 291 CHRONICON.
1850 267 1918 278 --
1958 236 2120 297 TOMI
2159 243 2199 298 II
2238 245 2363 301 LIB.
2398 247 2460 304 IV

309 316 548 371 Orientis
594 322 837 388 partibus
885 336 1116 395 quatuor
1159 333 1317 389 annis
1360 334 1619 396 Gratiano
1671 345 1882 401 vivente

3411 264 3546 327 {illi

1908 357 1958 415 Α
1983 351 2251 419 injustam
2279 359 2515 426 graviter
2556 360 2733 419 ferens
2760 359 3096 435 Ambrosius,
3132 386 3254 430 cum
3300 379 3551 451 princeps

1979 439 2332 502 Mediolanum
2363 453 2613 519 venisset,
2659 464 2713 509 et
2755 458 3067 517 solemniter
3106 468 3160 521 In
3201 484 3416 527 sacrum
3457 490 3553 531 vo-

1977 528 2163 587 luisset
2188 535 2392 593 intrare
2418 541 2673 609 templum
2689 584 2705 610 ,
2730 551 2968 604 occurrit
2993 552 3138 609 foras
3162 558 3231 612 ad
3252 557 3467 628 januas,
3497 574 3552 620 et

1976 618 2362 690 ingredientem
2388 626 2472 682 his
2499 635 2837 692 sermonibus
2866 654 2898 693 a
2932 644 3071 697 sacri
3111 644 3310 704 liminis
3337 651 3551 709 incessu

1974 709 2287 775 prohibuit:
2320 715 2505 771 multis
2538 718 2823 792 increpans
2856 742 2979 782 eum
3015 732 3136 788 aliis
3159 743 3216 790 et
3242 738 3550 810 bujusmodi

1976 802 2154 857 verbis
2206 822 2219 856 :
2268 805 2484 875 Nescis,
2525 811 2833 881 imperator,
2866 824 3185 891 perpetrata:
3229 842 3259 881 a
3308 802 3360 885 te
3401 834 3550 890 necis

1972 900 2174 957 quanta
2219 895 2291 949 sit
2335 902 2679 968 magnitudo?
2726 906 3005 972 Quomodo
3049 929 3241 972 manus
3267 923 3546 989 extendes,

1970 979 2038 1035 de
2079 984 2273 1062 quibus
2319 989 2493 1045 adhuc
2538 997 2756 1064 sanguis
2809 998 2973 1054 stillat
3019 1002 3288 1071 injustus‘?
3340 979 3549 1068 Recede

1966 1339 2215 1395 monibus
2247 1343 2538 1413 imperator
2564 1349 2841 1421 obediens,
2870 1366 2990 1412 erat
3017 1362 3164 1416 enim
3195 1364 3389 1423 divinis
3421 1365 3547 1425 eru-

1965 1424 2258 1485 ditionibus
2285 1434 2576 1501 enutritus,
2606 1446 2661 1493 et
2694 1452 2879 1510 aperte
2905 1447 3083 1503 sciens
3116 1466 3237 1521 qua».
3266 1464 3393 1510 sunt
3418 1473 3544 1528 pro-

1962 1514 2081 1582 pria
2109 1520 2468 1587 sacerdotum,
2495 1540 2615 1594 quae
2643 1544 2857 1601 regum,
2890 1551 3111 1606 gemens
3131 1514 3200 1597 et
3221 1514 3444 1614 deﬂens:
3474 1554 3543 1607 ad

1963 1606 2165 1676 regalia
2208 1615 2488 1669 remeavit.
2534 1616 2775 1689 Cumque
2814 1634 2938 1681 octo
2979 1632 3245 1687 mensium
3288 1640 3540 1696 continua

2024 1667 2053 1676 ν
2428 1667 2486 1669 ,η
2545 1667 2774 1689 ,νη-τι..-
2817 1667 2936 1681 vv“,
2979 1667 3245 1687 mauorqu
3288 1667 3540 1696 υυιιιιιιιιῖι

288 1667 448 1708 ruere
476 1667 647 1725 parat,
675 1673 862 1731 sponte
886 1669 1072 1724 eadem
1113 1689 1232 1744 quae
1264 1677 1606 1738 obstruxerat
1628 1686 1859 1743 claustra
1888 1686 1934 1745 B
1965 1696 2281 1754 transissent
2309 1710 2568 1773 tempora,
2611 1712 2994 1783 pmpinquavit
3013 1718 3319 1781 Nativitatis
3353 1727 3540 1786 Salva-

288 1741 527 1786 deem-uit
556 1764 567 1775 -
608 1748 679 1786 im
713 1750 1042 1786 “minima...
1100 1765 1305 1786 -...---:_-
1343 1782 1389 1786 μ
1437 1770 1472 1786 ι·
1555 1782 1563 1786 -
1709 1785 1715 1786 ί
2050 1784 2057 1786 λ

286 1741 528 1799 deseruit
555 1764 567 1800 :
608 1748 680 1802 ita
713 1750 1063 1826 Theodosius,
1098 1741 1310 1821 nemine
1337 1770 1620 1839 sentiente,
1663 1785 1723 1830 ut
1750 1793 1858 1832 non

285 1831 463 1887 dicam
497 1852 842 1910 repugnante,
868 1861 1060 1905 vacuas
1086 1858 1381 1915 transmisit
1404 1861 1586 1933 Alpes,
1610 1878 1770 1938 atque
1792 1872 1858 1945 ad

295 1917 319 1945 Δ
338 1922 578 1945 ι...ει..εξ-μ,
617 1929 628 1945 9
826 1934 837 1945 ο
1026 1940 1039 1945 -
1153 1943 1160 1945 Α

1469 1917 1489 1933 ι
1516 1917 1585 1931 αι
1613 1917 1769 1938 -“Ἰ-ν
1792 1917 1856 1945 '"f

282 1917 584 1989 Aquileiam
617 1929 931 2000 improvisus
973 1940 1286 2012 adveniens,
1314 1949 1522 2007 hostem
1557 1954 1703 2012 illum
1738 1975 1856 2015 ma-

279 2024 447 2081 gnum
475 2013 761 2075 Maximum
794 2032 1016 2091 trucem,
1041 2039 1096 2085 et
1121 2032 1188 2086 ab
1218 2035 1621 2099 immanissimis
1645 2061 1858 2118 quoque

283 2098 324 2118 ρ
842 2114 869 2118 -.

281 2098 678 2161 Germanorum
710 2114 958 2180 gentibus
988 2120 1185 2177 tributa
1215 2142 1280 2182 ac
1313 2130 1576 2200 stipendia
1602 2098 1716 2192 solo
1744 2098 1855 2195 ter-

279 2202 409 2245 rore
452 2195 684 2251 nominis
723 2200 1048 2285 exigentem,
1077 2210 1194 2265 sine
1219 2213 1342 2271 dolo
1379 2195 1433 2273 et
1476 2221 1593 2278 sine
1634 2236 1854 2285 contro-

280 2282 456 2335 versia
497 2285 723 2354 clausit,
754 2282 926 2361 cepit,
956 2299 1169 2354 occidit.
1203 2302 1604 2369 Valentinianus
1641 2327 1855 2388 recepto

279 2369 443 2427 Italia:
488 2376 690 2443 potitur
732 2380 977 2453 imperio.
1022 2389 1208 2461 Itaque
1251 2396 1610 2472 Andragatius
1650 2369 1852 2479 com‘es,

279 2462 498 2530 cognita
534 2464 749 2523 Maximi
790 2487 941 2541 nece,
989 2483 1311 2552 praecipitem
1356 2503 1475 2546 sese
1519 2492 1588 2549 de
1629 2500 1752 2556 navi
1795 2501 1854 2557 in

280 2553 454 2607 undas
484 2555 627 2611 dedit
655 2568 708 2612 et
737 2562 1027 2624 suffocatus
1055 2582 1155 2627 cst.

842 2674 1067 2736 CAPUT
1106 2684 1292 2743 XXVI.

277 2749 550 2816 Quomodo
602 2757 749 2813 beato
796 2763 1068 2864 Amﬂrosio
1116 2777 1340 2864 revelata
1387 2795 1508 2864 δαίμ
1561 2800 1849 2864 magum

629 2843 849 2864 ρηισηηνη
932 2849 1006 2864 MAI
1032 2856 1143 2864 ...---
1184 2855 1218 2864 _.

628 2843 849 2898 corpora
882 2834 1147 2895 l’rotltusii
1172 2855 1218 2897 et
1248 2834 1501 2908 Cervasii.

343 2908 457 2974 Qua
484 2920 819 2984 tempestate,
844 2921 969 2975 dum
992 2924 1049 2978 Β.
1065 2926 1380 2992 Ambrosius
1402 2940 1607 3002 insania
1622 2947 1845 3009 Justinus

1942 1784 2091 1839 .toris
2121 1789 2292 1843 nostri
2322 1790 2604 1853 festivitas.
2627 1798 2926 1871 Imperator
2952 1818 3156 1879 autem,
3200 1814 3539 1879 lamentatio-

1957 1871 2117 1929 nibus
2153 1877 2384 1934 assiduis
2426 1882 2483 1936 in
2522 1886 2722 1954 palatio
2750 1893 3012 1962 residens,
3042 1903 3326 1962 continuas
3363 1908 3535 1983 lacrya

1946 1972 2074 2027 mas
2099 1962 2489 2025 incessabiliter
2529 1979 2885 2055 expen'debat.
2932 1985 3103 2055 Igitur
3132 1962 3414 2052 humiliter
3429 1962 3533 2056 Q2-

1955 2048 2137 2107 niente
2180 2054 2504 2127 imperatore
2550 2067 2619 2122 ad
2660 2048 3039 2145 Ambrosium,
3089 2048 3429 2154 deposcet—ldo
3452 2048 3536 2148 tut

1954 2138 2159 2212 ingredi
2200 2148 2485 2208 ecclesiam
2522 2156 2574 2211 ei
2615 2138 3038 2234 permitteretur,
3071 2138 3253 2229 taliter
3291 2192 3531 2237 commu-

1953 2234 2168 2291 nionem
2196 2245 2495 2309 promeruit
2527 2248 2594 2305 ab
2622 2263 2707 2317 eo,
2757 2261 2817 2308 ut
2862 2256 3033 2326 legem
3076 2265 3339 2324 scriberet
3368 2281 3532 2343 atque

1952 2323 2330 2397 conﬁrmaret,
2386 2347 2492 2402 qua
2545 2336 2760 2396 decreta
2811 2323 3049 2404 furorem
3078 2323 3457 2427 evacuaret:
3474 2372 3530 2418 et

1951 2428 2121 2484 usque
2159 2419 2381 2490 triginta
2416 2423 2530 2480 dies
2560 2431 2826 2486 sententia
2852 2426 3012 2492 necis
3049 2453 3307 2512 suspensa
3344 2419 3529 2506 mane-

1951 2511 2056 2569 ret,
2083 2513 2139 2560 et
2166 2504 2431 2575 judicium
2459 2515 2686 2573 rationis
2712 2533 3069 2590 exspectaret.
3103 2504 3254 2587 Hanc
3283 2535 3527 2592 admoui-

1950 2591 2151 2648 tionem
2189 2595 2484 2667 imperator
2510 2604 2692 2661 animo
2716 2607 2904 2665 libenti
2948 2616 3268 2686 suscipiens,
3296 2631 3354 2677 et
3387 2622 3523 2695 opti-

1950 2696 2093 2738 mam
2115 2698 2236 2741 esse
2263 2687 2559 2760 confidens,
2589 2693 2760 2764 legem
2783 2702 3051 2758 conScribi
3079 2719 3300 2775 repente
3320 2724 3525 2779 praece-

1946 2771 2042 2840 pit,
2072 2781 2128 2828 et
2149 2778 2381 2845 propria:
2405 2778 2599 2838 litteris
2626 2774 2817 2843 manus
2842 2771 3200 2849 conﬁrmavit.
3232 2771 3349 2864 Quo
3379 2800 3522 2857 facto

1944 2863 2214 2920 vinculum
2244 2868 2359 2937 ejus
2391 2870 2550 2925 solvit
2586 2872 2927 2945 Ambrosius,
2972 2897 3092 2951 qua:
3128 2883 3216 2939 lex
3257 2863 3520 2948 hactenus

1944 2951 2281 3009 observatur.
2325 2957 2421 3014 llis
2451 2969 2506 3014 et
2544 2962 2665 3019 aliis
2710 2965 3004 3036 imperator
3042 2976 3444 3038 sacratissimus
3484 2998 3516 3037 a

1806 3006 1841 3009 V'
2120 3006 2279 3009 "’V—n
2325 3006 2418 3014 “”“’”
2454 3006 2506 3014 ⁷⁷
2545 3006 2665 3019 “’“’““’
2710 3006 2994 3036 ’ωννιυνυι
3042 3006 3444 3038 δαυιαυθδιωιιδ
3484 3006 3516 3037 ει

266 3006 698 3071 ceterorumque
744 3006 1065 3068 Arianorum
1106 3018 1407 3080 adiceretur
1450 3030 1683 3103 insidiis,
1732 3041 1839 3096 Do-
1869 3014 1915 3079 (ἶ
1946 3045 2233 3100 venerabili
2267 3048 2517 3120 episcopo
2554 3058 2981 3126 correptionibus
3022 3063 3344 3135 illustratus,
3389 3087 3516 3128 eum

268 3087 417 3135 mino
455 3092 722 3135 mvelnmp
767 3108 979 3135 nam.“
1009 3115 1129 3135 οη...
1176 3111 1219 3135 ,ις
1256 3125 1429 3135 ---μμ
1603 3124 1636 3135 η
1805 3131 1835 3135 --
2206 3132 2234 3135 __

268 3087 417 3143 mino
455 3092 742 3161 revelante,
767 3108 982 3156 ostensa
1007 3115 1133 3160 sunt
1173 3111 1220 3164 ei
1254 3125 1563 3177 sanctorum
1597 3124 1840 3186 Gcrvasii

263 3186 324 3231 et
349 3176 614 3237 Prothasii
649 3196 943 3258 martyrum
977 3208 1222 3266 corpora,
1252 3207 1406 3271 quasi
1434 3209 1549 3279 ipsa
1581 3215 1713 3273 hora
1739 3218 1841 3277 ibi-

263 3271 388 3325 dem
420 3278 674 3345 reposita,
718 3283 856 3339 miro
890 3289 1055 3346 odore
1096 3293 1412 3368 fragrantia.
1441 3271 1524 3363 Ad
1551 3322 1712 3384 caput
1736 3316 1839 3372 ita-

258 3378 372 3431 que
400 3377 583 3420 eorum
613 3368 849 3427 libellum
892 3382 1191 3447 appositum
1234 3388 1458 3462 invenit,
1505 3398 1557 3452 in
1589 3368 1695 3471 quo
1722 3406 1838 3465 hare

259 3452 678 3512 coiitinebantur
715 3479 728 3515 :
770 3463 881 3534 Ego
913 3482 1101 3528 servus
1136 3475 1335 3535 Christi
1379 3452 1655 3561 Pliilzppus
1696 3496 1836 3554 intra

1464 3540 1493 3541 ρ
1517 3540 1653 3561 η--

258 3540 480 3597 domum
504 3561 673 3604 meam
692 3564 1001 3614 sanctorum
1022 3577 1270 3635 corpora,
1294 3587 1413 3641 qua:
1435 3593 1557 3632 cum
1584 3582 1693 3638 lilio
1714 3601 1835 3644 meo

255 3632 438 3700 rapui,
462 3639 679 3708 sepelivi
707 3660 721 3696 :
753 3661 980 3714 quorum
1014 3632 1188 3711 mater
1212 3632 1439 3731 valeria,
1465 3632 1834 3737 pater—Vita“:

254 3722 390 3778 dicti
420 3738 563 3784 sunt.
591 3731 736 3800 Quos
761 3753 869 3793 uno
893 3750 1015 3796 ortu
1039 3747 1280 3814 geminos
1303 3769 1638 3824 genuerunt:
1666 3780 1831 3823 unum

254 3810 635 3887 Prothasium,
677 3824 905 3884 alterum
942 3831 1253 3894 Gcrvasium
1294 3858 1638 3907 vocaverunt.
1683 3855 1828 3924 Quo-

253 3919 380 3960 rum
410 3919 564 3977 pater
588 3913 777 3972 Vitalis
806 3921 1042 3980 militans
1066 3932 1252 3985 consul
1283 3934 1515 3994 Arianus
1555 3941 1675 3998 fuit.
1690 3913 1827 4018 wIpsi

251 4006 437 4081 autem
474 4001 671 4058 milites
697 4005 895 4066 Christi
923 4014 1121 4083 ell‘ecti,
1149 4022 1215 4076 de
1238 4026 1433 4093 quibus
1458 4032 1697 4100 perfecte

1039 4070 1049 4072 ἡ
1084 4070 1121 4083 -,
1155 4070 1212 4076 π
1242 4070 1251 4075 -
1281 4070 1433 4083 -..ην
1497 4070 1696 4092 ...ωηο
1721 4070 1823 4096 υιυ.

250 4070 433 4153 potest
475 4105 488 4140 :
532 4089 621 4145 Isti
662 4106 786 4150 sunt
825 4070 1334 4173 triumphatoreslet
1376 4070 1533 4173 amici
1574 4121 1691 4189 Dei,
1733 4129 1823 4194 qui

249 4188 660 4239 contemnentes
705 4187 853 4262 jussa
899 4195 1198 4267 principum
1246 4218 1557 4265 meruerunt
1602 4217 1821 4281 praemia

245 4277 474 4333 mterna,
493 4285 652 4331 ,nunc
680 4290 1007 4336 coronantur
1039 4295 1094 4340 et
1128 4292 1396 4361 accipiunt
1423 4299 1647 4366 palmas.
1678 4305 1821 4372 Quo-

250 4371 372 4410 rum
399 4360 684 4420 virtutibus
711 4375 1032 4445 venerabilis
1058 4360 1303 4449 antistes,
1334 4360 1583 4448 sulI‘ultus
1609 4360 1819 4465 sapien-
1843 4367 1896 4425 Β

249 4451 326 4504 tia
363 4465 428 4503 ac
463 4452 586 4508 vita:
611 4457 911 4528 honestate,
950 4467 1350 4544 insignibusque
1377 4484 1636 4552 exemplis
1658 4451 1817 4543 orna-

245 4545 357 4601 tus,
389 4538 832 4605 Mediolanensem
873 4538 1166 4615 Ecclesiam
1206 4538 1451 4635 munivit,
1492 4538 1549 4626 ei
1589 4590 1620 4628 a
1665 4590 1816 4646 peste

240 4627 446 4682 Ariana
473 4629 677 4690 Italiam
711 4638 974 4699 liberavit.

242 4714 248 4719 “
674 4812 683 4817 ε
794 4753 1017 4814 CAPUT
1054 4762 1260 4821 xxvu.

243 4832 484 4899 Qualiter
498 4837 835 4938 Theodosius,
853 4848 917 4938 olli
932 4850 1200 4909 Ambrosio
1220 4873 1508 4938 correptus,
1522 4871 1811 4938 pwnitendo

661 4914 1064 4983 satisfactionem
1090 4914 1391 4991 promeruit:

309 4995 509 5051 Eodem
539 5015 750 5072 quoque
793 5014 1028 5076 tempore
1064 5015 1266 5072 audivit
1301 5021 1618 5083 Ambrosius
1641 5035 1803 5100 quod,

222 5083 385 5152 jussu
416 5086 696 5145 Theodosii
739 5095 994 5165 principis
1023 5101 1076 5155 in
1107 5104 1503 5180 Thessalonica,
1532 5083 1807 5186 qua;ch

229 5172 388 5227 valde
431 5178 708 5247 populosa,
744 5199 915 5254 usque
954 5189 1019 5242 ad
1065 5204 1268 5262 septem
1310 5201 1475 5258 millia
1504 5206 1803 5280 hominum,

228 5261 545 5320 innOcentes
576 5270 778 5337 pariter
805 5289 925 5328 cum
965 5284 1301 5354 nocentibus,
1331 5304 1512 5349 essent
1548 5299 1803 5357 interem-

224 5351 330 5420 pti,
360 5353 560 5424 absque
582 5358 921 5429 discretione,
949 5383 1046 5437 per
1072 5373 1265 5431 milites
1284 5351 1375 5448 qui
1402 5397 1621 5456 propter
1645 5391 1801 5446 ultio-

225 5457 352 5495 nem
388 5442 661 5515 judicum,
692 5467 826 5521 quos
854 5460 1078 5526 populus
1124 5442 1354 5527 civitatis
1386 5442 1714 5551 lapidaverat
1743 5496 1797 5540 et

225 5540 485 5603 traxerat,
524 5538 733 5597 fuerant
766 5545 889 5602 illuc
919 5551 1125 5608 directi.
1174 5558 1345 5626 Quam
1375 5565 1791 5640 indignationem

625 5633 896 5695 Parnm.
935 5642 1085 5703 CVI.

1938 3144 2053 3200 pra:
2072 3132 2321 3190 omnibus
2355 3136 2622 3195 fatebatur
2658 3143 2713 3198 in
2738 3147 2966 3204 veritate
2999 3166 3060 3207 se
3092 3132 3376 3226 agnovisse
3401 3164 3517 3232 epi-

1938 3233 2178 3292 scopum.
2224 3223 2557 3284 Theodosius
2601 3233 2766 3301 enim,
2813 3223 3185 3301 Valentiniano
3221 3244 3515 3317 juvenculo

1937 3307 1994 3361 in
2031 3309 2260 3382 imperio
2302 3318 2569 3383 restituto,
2615 3321 2839 3379 Romam
2885 3332 3068 3386 senior
3094 3336 3336 3405 veniens,
3365 3340 3513 3413 leges

1936 3397 2132 3454 multas
2155 3404 2414 3470 correxit,
2458 3407 2682 3476 addidit,
2724 3412 3046 3485 immutavit,
3071 3430 3127 3476 et
3152 3427 3253 3481 sub
3286 3444 3387 3485 suo
3411 3397 3509 3486 no-

1936 3488 2082 3542 mine
2108 3493 2448 3562 conscripsit.
2485 3494 2613 3562 Qua:
2656 3508 2836 3558 autem
2877 3506 2933 3559 in
2961 3509 3179 3567 civitate
3204 3519 3509 3584 perniciosa

1935 3576 2109 3630 adhuc
2148 3592 2479 3648 supervacua
2519 3600 2585 3640 ex
2613 3595 3000 3652 consuetudine
3027 3602 3249 3672 antiqua
3276 3622 3506 3679 conspe-

1933 3661 2030 3727 xit,
2058 3663 2271 3722 auferre
2294 3673 2546 3741 sancivit,
2577 3688 2631 3731 et
2657 3694 2778 3748 qua:
2800 3685 3104 3754 reipublicae
3133 3661 3507 3766 supplemch

1931 3756 2236 3812 necessaria
2279 3759 2477 3818 addere
2525 3770 2771 3837 curavit;
2822 3774 2906 3829 his
2950 3793 3118 3848 prope
3165 3787 3331 3853 gestis
3371 3806 3507 3861 pace

1929 3846 2243 3914 composita,
2276 3850 2706 3917 Valentinianum
2733 3860 2789 3915 in
2813 3846 3071 3933 Hesperia
3101 3846 3503 3949 derelinquens,

1928 3947 2051 3989 cum
2078 3936 2188 3992 lilio
2218 3937 2453 4000 Honorio
2481 3944 3001 4023 Constantinopolim
3024 3966 3306 4022 remeavit.

2462 4078 2690 4138 CAPUT
2727 4083 2958 4144 XXVIII.

1924 4155 2159 4262 De‘ltello
2185 4164 2329 4262 guod'
2355 4163 2675 4262 {teodositts
2700 4179 2856 4262 gessit
2873 4193 3071 4262 contra
3103 4187 3422 4262 Arrogastan
3449 4211 3499 4254 et

1992 4227 2286 4324 {affui—um
2311 4242 2578 4303 lyramtos.
2607 4242 2656 4296 Ε
2657 4227 2676 4296 t
2700 4227 2783 4300 ‘de'
2792 4227 2946 4305 acti;
2956 4227 3496 4324 Faiiialﬁ"$£

1988 4407 2157 4477 Igitur
2198 4412 2604 4477 Valentinianus
2636 4422 2821 4491 junior
2863 4445 3029 4502 regno
3076 4434 3355 4500 restitutus
3396 4460 3493 4501 ex-

1919 4497 2118 4555 stincto
2153 4501 2385 4561 Maximo
2412 4508 2635 4581 ejusque
2662 4515 2776 4572 filio
2801 4497 3038 4592 Victore,
3067 4542 3226 4598 quem
3255 4535 3489 4607 impera-

1919 4594 2091 4644 torem
2134 4592 2302 4650 Gallis
2343 4595 2605 4658 Maximus
2645 4606 2954 4679 reliquerat,
2999 4592 3115 4686 ipse
3162 4621 3217 4675 in
3259 4592 3486 4685 caua"

1918 4682 2133 4738 transiit
2159 4703 2172 4739 :
2205 4686 2294 4742 ubi
2320 4703 2464 4757 cum,
2488 4698 2776 4766 tranquilla
2803 4682 3095 4776 republica,
3122 4711 3176 4765 in
3201 4728 3334 4783 pace
3356 4734 3483 4791 age-

1916 4779 2017 4836 ret,
2044 4778 2193 4844 ‘apud
2226 4776 2478 4835 Viennam
2518 4784 2640 4839 dolo
2667 4786 2979 4860 Arbogastis
3007 4776 3219 4857 comitis
3246 4806 3327 4860 sui
3356 4776 3481 4864 cor-

1917 4863 2087 4932 ruptis
2117 4869 2450 4936 custodibus,
2488 4881 2548 4927 ut
2582 4873 2778 4945 fertur,
2819 4887 3200 4957 strangulatus,
3233 4903 3393 4965 atque
3424 4910 3481 4953 ut
3564 4920 3567 4921 '

1914 4950 2269 5012 voluntariam
2308 4959 2409 5014 sibi
2445 4965 2773 5024 conscivisse
2807 4950 3038 5031 mortem
3072 4950 3369 5051 putaretur,
3401 4988 3479 5043 la-

1909 5130 2229 5203 Arbogastes
2272 5137 2568 5209 Eugenium
2615 5154 2901 5215 tyrannum
2930 5170 3055 5210 mox
3099 5130 3475 5225 creare‘ausus'

1907 5230 2017 5287 est,
2057 5221 2292 5293 legitque
2320 5227 2590 5285 hominem
2617 5236 2703 5289 cui
2746 5238 2959 5297 titulum
3000 5245 3339 5316 imperatoris

1903 5322 2162 5379 poneret,
2212 5315 2328 5385 ipse
2374 5329 2629 5380 aucturus
2681 5328 2964 5399 imperium
3010 5355 3025 5391 :
3078 5315 3162 5395 vir
3205 5342 3470 5405 barbarus

1901 5400 2102 5467 animo,
2127 5406 2370 5473 consilio,
2402 5426 2584 5481 manu,
2612 5418 2854 5488 audacia,
2880 5430 3228 5500 potentiaque
3247 5436 3464 5506 nimius,

1898 5495 2167 5547 contraxit
2194 5497 2426 5568 undique
2453 5503 2761 5566 innumeras
2788 5512 3119 5588 invictasque
3148 5526 3353 5595 copias,
3381 5535 3464 5587 vel

1900 5580 2256 5640 Romanorum
2282 5592 2566 5664 przesidiis,
2590 5599 2671 5653 vel
2691 5602 2904 5659 auxiliis
2930 5605 3311 5683 Barbarorum,
3334 5620 3459 5678 alibi

2950 5701 3028 5761 39
