3962 6174
479 250 607 303 tes-1

1412 228 1421 237 ‘
1496 235 1888 295 FRECULPIII
1926 230 2383 288 LEXOVIENSIS
2423 229 2731 287 EPISCOPI

3608 234 3743 289 ηεξ

465 369 735 432 potestate
758 398 776 425 ,
827 355 957 414 alibi
1006 356 1328 425 cognatione
1381 353 1664 408 subnixus.
1722 349 2050 419 Arbogastes
2077 348 2128 406 Α
2153 344 2366 399 sibimet
2397 344 2789 407 ﬁdelissimum,
2840 352 2900 397 ut
2939 350 3034 397 aut
3075 357 3222 408 eum,
3268 344 3315 398 si
3344 344 3509 399 vellet
3539 348 3748 414 venire,

469 453 774 519 Theodosio
796 447 997 521 paruit,
1031 447 1199 501 tantis
1245 447 1565 500 instructum
1610 440 1895 511 praesidiis.
1945 438 2055 493 Ila-

466 544 673 597 ximum
718 541 833 608 ipse
877 537 1134 593 minimus
1172 534 1334 603 cepit,
1375 541 1430 588 et
1460 547 1604 587 nunc
1642 545 1765 585 cum
1793 530 2053 584 adversus

466 633 713 688 eumdem
767 626 1158 689 Theodosium,
1206 624 1443 680 collectis
1486 621 1760 677 Gallorum
1809 620 2049 675 Franco-

465 732 694 788 rumque
733 716 958 780 viribus,
1006 714 1329 778 exundavit,
1377 712 1536 769 nixus
1579 710 1742 765 etiam
1782 708 2052 777 prmeipuo

462 810 609 863 cultu
643 809 866 863 deorum
898 821 1092 875 magna
1116 812 1294 857 tamen
1325 792 1582 856 facilitate
1608 799 1910 854 succubuit.
1945 798 2049 867 lgi-

465 907 552 951 tur
572 897 844 968 Eugenius
866 905 1028 962 atque
1051 894 1381 959 Arbogastes
1410 891 1700 945 instructas
1729 888 1875 943 acies
1897 903 2049 941 cam-

463 988 548 1057 pis
575 986 953 1056 expedierant,
986 992 1102 1036 arta
1132 981 1345 1050 Alpium
1376 982 1545 1034 latera
1576 989 1739 1047 atque
1770 978 2051 1031 inevitabi-

463 1078 541 1131 les
569 1077 828 1130 transitus
858 1073 1153 1145 przemissis
1177 1071 1365 1131 callide
1399 1070 1608 1125 insidiis
1629 1077 2047 1136 occupaverant,

462 1176 522 1221 ut
556 1169 722 1222 etiam
758 1166 802 1220 si
848 1178 1074 1218 munero
1099 1178 1163 1217 ac
1194 1161 1397 1215 viribus
1426 1161 1662 1230 impares
1702 1158 1902 1221 forent,
1934 1157 2047 1212 Sola

463 1269 639 1312 tamen
682 1257 807 1321 belli
849 1254 1198 1323 dispositione
1226 1252 1477 1307 victores.
1524 1251 1597 1305 At
1636 1264 1763 1305 vero
1805 1250 2050 1304 Theodo-

460 1347 574 1401 sius
621 1346 674 1399 in
720 1345 946 1399 summis
992 1343 1216 1411 Alpibus
1262 1342 1588 1397 constitutus
1621 1355 1818 1409 expers
1846 1339 1953 1394 cibi
1983 1355 2047 1395 ac

459 1436 656 1502 somni,
701 1435 880 1490 sciens
922 1433 1066 1503 quod
1112 1432 1405 1493 destitutus
1447 1430 1584 1494 suis,
1618 1430 1865 1484 nesciens
1902 1430 2047 1498 quod

458 1526 678 1582 clausus
707 1524 918 1588 alienis,
949 1522 1235 1579 Dominum
1265 1520 1539 1577 Christum
1577 1518 1724 1574 solus
1752 1518 1925 1574 solum
1953 1518 2044 1587 qui

456 1625 641 1688 posset
668 1614 871 1677 omnia,
902 1626 1132 1680 corpore
1160 1611 1309 1673 humi
1340 1608 1513 1674 fusus,
1542 1616 1723 1664 mente
1747 1608 1884 1663 coelo
1905 1608 2047 1663 ﬁxus

2153 436 2472 500 deduceret,
2503 445 2597 490 aut
2636 434 2905 490 nolentem
2934 436 3001 489 de
3027 444 3225 490 eventu
3258 437 3383 491 belli
3416 440 3753 507 requireret.

2118 525 2223 579 ‘At
2253 525 2341 579 ille
2382 524 2683 581 Johannem
2725 524 2942 594 quidem
2980 523 3248 578 deducere
3291 540 3396 579 non
3439 527 3754 595 pra-valuit,

2152 616 2248 673 sed
2294 616 2608 671 mandatum
2653 614 2839 668 retulit
2881 614 3020 684 ejus,
3059 615 3184 683 quia
3224 613 3365 669 bello
3405 616 3658 671 vinceret
3700 626 3757 672 et

2150 708 2444 777 perimeret
2472 716 2781 777 tyrannum,
2805 713 2861 759 et
2894 713 3015 774 post
3038 706 3323 760 victoriam
3355 708 3411 761 in
3445 707 3602 763 Italia
3636 726 3757 765 mo-

2152 808 2382 855 reretur.
2431 800 2602 870 Igitur
2626 798 2962 853 Theodosius
3002 814 3123 853 cum
3154 800 3224 853 ad
3262 816 3564 870 purpuram
3597 806 3756 872 regni

2149 892 2482 961 perveniret,
2514 890 2804 944 Placellam
2833 889 3065 944 habebat
3095 904 3342 953 uxorem,
3368 907 3493 959 quze
3522 894 3590 946 de
3615 895 3757 947 divi-

2150 983 2235 1036 nis
2264 982 2469 1051 legibus
2504 998 2627 1035 eum
2670 980 2868 1050 smpius
2901 980 3255 1045 admonebat,
3286 981 3524 1050 seipsam
3565 992 3754 1036 tamen

2151 1072 2387 1141 perfecte
2434 1071 2586 1140 prius
2630 1071 2919 1135 erudiens,
2971 1085 3078 1123 non
3121 1069 3265 1123 enim
3314 1072 3464 1139 regni
3514 1071 3755 1142 fastigiis

2149 1161 2355 1215 elevata
2383 1170 2484 1224 est,
2512 1160 2605 1215 sed
2634 1160 2815 1229 potius
2840 1159 3022 1213 divino
3049 1172 3235 1212 amore
3258 1173 3544 1213 succensa.
3577 1160 3753 1213 Bene-

2149 1254 2256 1307 ﬁcii
2305 1268 2536 1321 namque
2571 1248 2889 1321 magnitudo
2919 1251 3094 1321 majus
3138 1251 3187 1304 ei
3220 1250 3551 1305 desiderium
3586 1253 3755 1306 bene-

2149 1344 2369 1398 factoris
2392 1343 2700 1398 adhibebat.
2730 1342 2970 1411 Repente
2996 1356 3229 1410 namque
3258 1349 3318 1395 ut
3343 1342 3493 1396 venit
3522 1343 3594 1395 ad
3620 1358 3755 1411 pur-

2147 1449 2360 1504 puram,
2401 1432 2714 1487 elaudorum
2757 1440 2919 1501 atque
2966 1430 3221 1486 debilium
3266 1430 3501 1487 habebat
3536 1448 3753 1498 utram,

2148 1543 2255 1581 non
2294 1527 2484 1591 servis,
2515 1541 2621 1580 non
2651 1525 2773 1579 aliis
2794 1523 3059 1578 ministris
3088 1532 3266 1586 utens,
3296 1524 3389 1577 sed
3414 1538 3514 1592 per
3549 1535 3756 1578 semet.

2148 1617 2317 1686 ipsam
2347 1631 2512 1685 agens
2540 1624 2595 1669 et
2621 1615 2689 1669 ad
2715 1629 2901 1669 eorum
2929 1613 3237 1667 habitacula
3264 1614 3511 1679 veniens,
3540 1624 3597 1669 et
3626 1616 3756 1668 uni-

457 1708 668 1763 orabat.
697 1706 901 1773 Dehinc
929 1713 1211 1775 postquam
1255 1704 1552 1760 insomnem
1584 1711 1796 1756 noctem
1826 1717 2050 1771 precum
2076 1700 2123 1759 Β
2149 1708 2344 1777 cuique
2370 1705 2514 1776 quod
2541 1707 2766 1761 haberet
2792 1706 3054 1774 praebens.
3090 1703 3183 1757 Sic
3211 1704 3372 1757 etiam
3420 1720 3521 1775 per
3560 1705 3759 1760 Eccle-

457 1798 863 1865 continuatione
894 1796 1180 1867 transegit,
1219 1803 1274 1867 et
1311 1803 1478 1850 testes
1502 1795 1888 1865 propemodum
1911 1810 2048 1864 quas

457 1888 511 1943 in
540 1888 772 1959 pretium
798 1886 1034 1956 praesidii
1060 1884 1299 1941 caelestis
1323 1883 1655 1954 appenderat
1686 1883 2044 1954 lacrymarum

454 1979 684 2045 lacunas
727 1976 975 2046 reliquit.
1020 1974 1342 2033 fltlucialiter
1375 1989 1525 2028 arma
1570 1974 1834 2045 corripuit
1876 1974 2044 2039 solus,

455 2070 635 2126 sciens
669 2083 727 2124 se
756 2083 875 2123 esse
906 2081 1012 2122 non
1042 2065 1216 2123 solum
1236 2104 1251 2131 ,
1282 2064 1437 2134 signo
1464 2064 1645 2119 crucis
1669 2064 1880 2135 signum
1911 2079 2048 2133 prte-

455 2162 531 2216 lio
555 2159 723 2224 dedit,
753 2173 816 2214 ac
841 2171 899 2213 se
927 2157 981 2221 in
1004 2156 1227 2221 bellum,
1253 2155 1418 2212 etiam
1440 2154 1486 2209 si
1518 2169 1677 2210 nemo
1703 2163 2045 2224 sequeretur,

454 2253 627 2304 victor
655 2247 870 2315 futurus
899 2246 1139 2309 immisit.
1174 2245 1357 2305 Prima
1383 2244 1573 2299 salutis
1600 2245 1684 2298 via
1712 2245 1921 2305 exstitit
1946 2245 2046 2298 Ar-

452 2341 590 2396 bitio
636 2339 911 2399 hostilium
957 2339 1193 2408 partium
1241 2351 1442 2400 eomes,
1488 2336 1581 2405 qui
1627 2349 1749 2393 cum
1796 2335 2046 2405 ignarum

454 2432 840 2501 imperatorem
882 2429 1281 2500 circumpositis
1313 2428 1617 2497 excepisset
1659 2427 1889 2491 insidiis,
1918 2442 2047 2482 con-

451 2539 644 2580 versus
665 2525 733 2580 ad
760 2518 1129 2579 reverentiam
1148 2524 1431 2592 prtesentis
1457 2522 1707 2592 Augusti,
1735 2537 1841 2575 non
1871 2520 2044 2575 solum

453 2614 699 2684 periculo
742 2613 1021 2677 liberavit,
1068 2627 1257 2667 verum
1301 2611 1468 2665 etiam
1515 2610 1775 2665 instruxit
1822 2610 2040 2663 auxilio.

451 2704 524 2759 At
556 2703 647 2759 ubi
689 2703 759 2758 ad
787 2703 1038 2773 contigua
1081 2702 1448 2759 immiscendte
1490 2715 1682 2771 pugna)
1710 2700 1883 2769 spatia
1918 2714 2044 2769 per-

450 2804 672 2850 ventum
699 2802 802 2857 est,
837 2794 1094 2848 continuo
1120 2807 1348 2862 magnus
1379 2790 1466 2846 ille
1492 2798 1548 2846 et
1578 2788 1865 2845 ineﬂ'abilis
1890 2789 2046 2844 turbo

450 2892 738 2941 ventorum
764 2885 820 2939 in
842 2898 942 2938 ora
968 2884 1206 2939 hostium
1232 2884 1360 2938 ruit.
1389 2883 1723 2938 Ferebantur
1745 2897 1844 2952 per
1864 2896 2045 2936 aerem

453 2974 659 3045 spicula
690 2975 853 3029 missa
883 2973 938 3027 in
968 2973 1176 3038 hostes,
1215 2980 1379 3041 atque
1415 2972 1557 3026 ultra
1598 2987 1909 3028 mensuram
1939 2972 2043 3026 hu-

453 3039 601 3119 mani
624 3061 826 3131 jactus,
868 3078 965 3131 per
1006 3077 1262 3132 magnum
1290 3039 1465 3116 inane
1494 3069 1730 3131 portata,
1774 3077 2038 3131 nusquam
2069 3039 2114 3101 Ο

452 3153 841 3225 propemodum
877 3152 1091 3218 cadere,
1123 3153 1440 3222 priusquam
1477 3153 1865 3224 impingerent,
1904 3154 2046 3207 sine-

452 3246 670 3300 bantur.
700 3245 870 3301 Porro
895 3254 1078 3299 autem
1106 3245 1266 3299 turbo
1289 3244 1580 3297 continuus
1599 3258 1693 3299 ora
1720 3252 2046 3313 pectoraque

455 3343 695 3399 hostium
746 3356 891 3396 nunc
940 3339 1097 3395 illisis
1147 3339 1386 3410 graviter
1434 3339 1604 3393 scutis
1657 3338 2042 3403 everberabat,

454 3444 601 3484 nunc
654 3428 936 3499 impressis
988 3427 1341 3497 pertinaciter
1389 3427 1669 3482 obstructa
1724 3425 2041 3491 claudebat,

455 3534 599 3573 nunc
634 3518 836 3572 avulsis
869 3517 1135 3572 violenter
1162 3516 1423 3571 destituta
1460 3515 1730 3580 nudabat,
1769 3530 1913 3571 nunc
1949 3531 2045 3585 op-

452 3609 647 3680 positis
688 3609 889 3681 jugiter
936 3609 988 3663 in
1039 3617 1193 3680 terga
1241 3607 1512 3662 trudebat.
1551 3606 1680 3663 Tela
1722 3608 1886 3663 etiam
1924 3623 2045 3678 qua:

454 3700 559 3770 ipsi
588 3701 935 3756 vehementer
982 3700 1312 3754 intorserant
1350 3706 1576 3768 excepta
1623 3698 1799 3753 ventis
1840 3698 2043 3769 impetu

455 3790 725 3860 supinato,
754 3804 816 3848 ac
842 3797 1140 3846 retrorsum
1170 3796 1376 3852 coacta,
1411 3788 1559 3860 ipsos
1603 3787 1894 3845 infeliciter
1917 3804 2045 3844 con-

457 3880 713 3949 figebant.
742 3880 1027 3951 Prospexit
1052 3881 1153 3935 sibi
1184 3881 1433 3935 humanae
1461 3881 1809 3936 conscientia:
1836 3896 2040 3952 pavor;

455 3985 582 4023 nam
609 3971 865 4025 continuo
894 3985 1037 4036 sese,
1059 3984 1223 4039 parva
1252 3984 1470 4025 suorum
1496 3985 1657 4025 manu
1687 3971 1827 4037 fusa,
1851 3972 2043 4028 victori

456 4060 759 4116 Theodosio
814 4061 1026 4117 hostilis
1075 4061 1370 4132 prostravit
1422 4063 1715 4129 exercitus.
1770 4062 2043 4133 Eugenius

457 4159 649 4218 captus
672 4160 833 4219 atque
855 4148 1171 4205 interfectus
1191 4158 1292 4206 est.
1322 4150 1650 4221 Arbogastes
1674 4166 1769 4205 sua
1800 4166 1859 4206 se
1881 4163 2041 4207 manu

455 4239 702 4308 perculit.
747 4239 825 4295 lla
852 4249 908 4296 ct
952 4240 1041 4305 hic
1084 4241 1310 4296 duorum
1344 4242 1605 4311 sanguine
1647 4240 1843 4295 bellum
1886 4242 2043 4296 civile

456 4327 776 4382 restinctum
798 4336 901 4392 est,
924 4328 1128 4397 absque
1154 4327 1259 4382 illis
1280 4328 1462 4382 decem
1487 4328 1721 4383 millibus
1741 4328 2040 4383 Gothorum

456 4431 594 4486 quos
619 4417 924 4487 praamissos
951 4431 980 4479 a
1008 4416 1311 4479 Theodosio
1337 4416 1666 4487 Arbogastes
1694 4416 1900 4472 delesse
1928 4417 2043 4473 fun-

459 4505 602 4559 ditus
629 4505 820 4569 fertur,
857 4519 995 4574 quos
1021 4504 1203 4572 utique
1227 4505 1524 4573 perdidisse
1557 4506 1787 4571 lucrum,
1816 4515 1873 4561 et
1898 4507 2038 4561 vinci

458 4596 676 4648 vincere
704 4594 821 4667 fuit.
856 4594 1188 4663 Theodosius
1217 4595 1417 4661 itaque,
1448 4595 1743 4664 composita
1780 4596 2042 4665 tranquil-

460 4690 675 4761 lataque
694 4690 987 4763 republica,
1009 4688 1149 4759 apud
1175 4686 1532 4753 Mediolanum
1556 4690 1881 4744 constitutus
1896 4691 2043 4744 diem

461 4780 627 4844 obiit,
664 4788 951 4850 utramque
995 4777 1383 4848 rempublicam
1426 4777 1670 4846 utrisque
1696 4777 1843 4843 ﬁliis,
1876 4779 1930 4833 id
1959 4787 2042 4834 est

461 4870 695 4925 Arcadio
719 4879 774 4925 et
802 4869 1058 4935 Honorio,
1098 4869 1430 4939 relinquens.
1463 4868 1674 4939 Corpus
1707 4868 1825 4939 ejus
1852 4870 2043 4925 eodem

463 4978 607 5019 anno
641 4961 1160 5033 Constantinopolim
1205 4962 1524 5019 translatum
1565 4970 1729 5036 atque
1775 4962 2043 5032 sepultum

440 5064 567 5110 eest.
590 5052 738 5109 Vixit
756 5038 936 5110 autem
960 5054 1119 5109 annis
1133 5054 1433 5129 sexaginta,
1460 5069 1528 5108 ex
1551 5052 1750 5122 quibus
1771 5053 2044 5108 sexdecim

465 5144 768 5215 imperavit.
797 5142 1033 5214 Contigit
1073 5142 1253 5211 itaque
1290 5151 1352 5197 ut
1376 5141 1652 5197 Johannes
1678 5142 1729 5196 ei
1756 5143 2043 5197 retnanda-

465 5244 619 5291 verat
643 5236 710 5291 de
732 5245 927 5292 eventu
952 5234 1079 5293 belli
1102 5234 1167 5289 ad
1194 5234 1337 5304 quod
1367 5234 1827 5304 proﬁciscebatur,
1855 5244 2043 5289 contra

467 5325 762 5398 Eugenium
797 5335 1107 5399 tyrannum,
1156 5334 1211 5381 et
1241 5325 1307 5380 de
1335 5323 1452 5392 ejus
1493 5333 1667 5380 morte
1695 5325 1747 5378 in
1781 5323 1930 5379 Italia
1961 5322 2045 5377 fu-

468 5414 613 5471 tu‘ra.
644 5417 827 5487 itaque
852 5416 1124 5477 Iohannes
1154 5416 1210 5470 in
1242 5416 1516 5471 Thebaida
1559 5416 1910 5471 monasticam
1947 5415 2043 5468 du-

471 5505 629 5560 cebat
653 5508 837 5572 vitam,
866 5507 1055 5576 plenus
1087 5506 1262 5576 gratia
1286 5505 1398 5569 Dei,
1425 5504 1817 5573 praescientiam
1841 5505 2045 5558 habens

471 5592 794 5662 futurorum,
818 5598 886 5653 ad
909 5612 1068 5665 quem
1091 5596 1379 5652 destinavit
1402 5596 1719 5665 Eutropium
1738 5595 2043 5651 eunuchum

2145 1795 2347 1850 siarum
2394 1794 2729 1849 xenodocbia
2760 1794 3084 1854 discurrens,
3137 1793 3250 1847 suis
3291 1794 3547 1848 manibus
3586 1796 3759 1849 mini-

2145 1887 2354 1941 strabat
2389 1885 2618 1941 infirmis
2650 1904 2662 1938 :
2696 1884 2830 1939 ollas
2870 1898 3055 1938 eorum
3098 1892 3335 1953 tergens,
3370 1883 3463 1952 jus
3490 1894 3753 1955 gustans,

2144 1974 2378 2032 oﬂ‘erens
2401 1975 2730 2037 cochlearia,
2760 1989 2951 2043 panem
2978 1972 3253 2043 frangens,
3282 1974 3546 2043 cibosque
3579 1976 3757 2030 mini-

2147 2074 2345 2132 strans,
2377 2066 2599 2120 calicem
2635 2065 2868 2129 diluens,
2906 2073 2959 2119 et
2999 2064 3106 2118 alia
3150 2076 3342 2118 cuncta
3380 2064 3594 2119 faciens
3627 2082 3757 2134 qua:

2146 2158 2318 2213 servis
2346 2167 2400 2212 et
2428 2157 2693 2211 ministris
2735 2170 2853 2210 mos
2878 2165 2962 2209 est
3004 2155 3318 2209 solemniter
3360 2157 3604 2224 operari.
3654 2155 3755 2211 llis

2146 2257 2327 2302 autem
2360 2248 2451 2317 qui
2496 2262 2617 2302 eam
2648 2247 2715 2301 de
2761 2246 2922 2299 rebus
2974 2244 3174 2299 talibus
3204 2244 3520 2299 nitebantur
3563 2247 3753 2316 prohi-

2145 2341 2276 2397 bere
2314 2340 2530 2394 dicebat
2562 2357 2575 2392 :
2613 2338 2818 2391 Aurum
2852 2335 3199 2399 distribuere,
3230 2350 3365 2405 Opus
3396 2335 3616 2406 imperii
3642 2350 3747 2391 est.

2145 2430 2257 2501 Ego
2282 2438 2461 2483 autem
2496 2443 2595 2498 pro
2640 2429 2758 2496 ipso
2789 2427 3018 2496 imperio
3062 2426 3165 2481 hoc
3196 2441 3331 2496 opus
3375 2425 3574 2488 oll‘ero,
3604 2428 3748 2483 bona

2145 2522 2279 2575 mihi
2304 2519 2486 2574 omnia
2515 2517 2838 2573 conferenti.
2876 2517 3010 2571 Nam
3043 2518 3160 2571 viro
3189 2532 3285 2571 suo
3314 2531 3459 2585 saepe
3483 2518 3742 2572 dicebat:

2145 2608 2372 2679 Oportet
2418 2618 2471 2664 te
2523 2623 2755 2677 semper,
2805 2608 3022 2671 marite,
3072 2608 3312 2677 cogitare
3359 2607 3489 2674 quid
3541 2607 3747 2661 dudum

2145 2695 2313 2759 fuisti,
2348 2695 2476 2766 quid
2504 2696 2663 2749 modo
2697 2696 2793 2749 sis.
2825 2694 2950 2749 Haec
2978 2696 3022 2750 si
3053 2709 3266 2763 semper
3286 2696 3642 2764 cogitaveris,
3666 2697 3752 2749 in-

2144 2796 2334 2858 gratus
2361 2785 2691 2842 benefactori
2720 2801 2826 2839 non
2857 2786 2987 2848 eris,
3016 2786 3111 2840 sed
3143 2786 3425 2854 imperium
3453 2787 3605 2855 quod
3627 2803 3753 2841 sus-

2146 2876 2368 2946 cepisti,
2410 2874 2653 2946 legaliter
2678 2875 3025 2946 gubernabis,
3058 2884 3114 2929 et
3157 2876 3350 2928 harum
3392 2890 3585 2929 rerum
3630 2876 3753 2946 pla-

2145 2965 2297 3021 cabis
2327 2971 2624 3019 auctorem.

2701 3052 2930 3109 CAPUT
2976 3053 3170 3109 XXIX.

2211 3144 2291 3200 De
2320 3144 2621 3199 doctoribus
2626 3154 2700 3217 _et
2723 3145 3042 3217 mirafzﬂium
3071 3147 3428 3216 patruton’bus
3453 3149 3546 3217 qui
3574 3150 3675 3203 sub

2624 3212 2915 3269 Theodosio
2941 3212 3267 3269 claruerunt.

2211 3327 2381 3399 lgitttr
2417 3328 2722 3385 Theodosio
2758 3321 3078 3399 imperante,
3126 3347 3194 3386 ex
3238 3333 3326 3388 his
3362 3335 3459 3404 qui
3508 3335 3566 3389 in
3604 3334 3751 3390 Scri-

2142 3422 2320 3490 pturis
2366 3422 2677 3477 claruerunt
2724 3422 2827 3476 viri
2882 3422 3121 3488 divinis,
3179 3423 3369 3479 horum
3420 3428 3747 3482 memoriam

2144 3510 2384 3566 inserere
2431 3511 2628 3577 libuit,
2678 3511 2946 3566 Damasus
3003 3512 3262 3569 Romana:
3317 3516 3471 3572 urbis
3529 3519 3747 3587 episco-

2142 3615 2280 3671 pus,
2335 3600 2550 3671 elegans
2606 3602 2659 3655 in
2713 3602 2960 3657 versibus
3017 3605 3407 3673 componendis
3464 3607 3745 3675 ingenium

2143 3689 2331 3745 habuit
2387 3704 2402 3743 :
2461 3691 2629 3745 multa
2687 3691 2792 3745 alia
2849 3700 2906 3746 et
2958 3692 3143 3748 brevia
3199 3695 3463 3763 opuscula
3518 3699 3751 3754 heroico

2142 3788 2318 3835 metro
2363 3780 2549 3844 edidit,
2601 3789 2658 3835 et
2710 3796 2877 3852 prope
2922 3784 3296 3850 octogenarius
3345 3787 3451 3841 sub
3498 3787 3751 3845 Theodo-

2142 3869 2225 3924 sio
2276 3870 2521 3939 principe
2578 3882 2824 3926 mortuus
2873 3882 2976 3927 est.
3026 3873 3351 3944 Apollinaris
3403 3875 3752 3936 Laodiceam

2143 3958 2315 4031 Syria:
2364 3961 2685 4031 episcopus,
2743 3970 2899 4033 patre
2944 3962 3157 4030 Probo,
3208 3966 3382 4036 magis
3425 3972 3750 4038 grammati—

2142 4055 2221 4108 cis
2247 4053 2301 4107 in
2329 4052 2693 4108 adolescentia
2724 4069 2946 4122 operam
2975 4055 3145 4120 dedit,
3173 4064 3228 4109 et
3253 4067 3445 4125 postea
3476 4058 3531 4112 in
3560 4075 3753 4115 sacras

2143 4141 2451 4212 Scripturas
2503 4144 2910 4199 innumerabilia
2959 4145 3204 4200 scribens
3271 4146 3590 4215 volumina,
3646 4154 3753 4207 sub

2143 4238 2445 4293 Theodosio
2475 4239 2801 4307 imperatore
2835 4237 2990 4292 obiit.
3047 4238 3276 4293 Exstant
3302 4237 3421 4307 ejus
3443 4242 3745 4297 adversum

2146 4327 2504 4399 Prophyrium
2528 4328 2750 4398 triginta
2771 4327 2914 4392 libri,
2936 4329 3025 4396 qui
3055 4329 3197 4382 inter
3214 4338 3410 4384 caetera
3438 4329 3561 4398 ejus
3582 4348 3750 4402 Opera

2146 4418 2228 4473 vel
2262 4419 2496 4473 maxime
2535 4418 2853 4486 probantur.
2898 4417 3206 4473 Pachianus
3254 4420 3307 4472 in
3336 4418 3575 4475 Pirenaei
3599 4421 3754 4493 jugis

2146 4507 2461 4562 Barcillonze
2489 4507 2794 4577 episcopus,
2829 4515 3015 4561 castus
3043 4507 3375 4577 eloquentia,
3405 4518 3465 4563 et
3496 4519 3615 4564 tam
3637 4513 3753 4566 vita

2146 4614 2308 4668 quam
2355 4613 2605 4653 sermone
2647 4597 2848 4662 clarus,
2896 4597 3085 4652 scribit
3136 4597 3283 4651 varia
3315 4601 3583 4669 opuscula
3616 4642 3634 4667 ,
3682 4602 3751 4658 de

2147 4691 2342 4760 quibus
2364 4698 2448 4743 est
2476 4687 2668 4744 Certus
2695 4699 2751 4743 et
2775 4698 2961 4743 contra
2986 4688 3335 4754 Novatianos,
3374 4694 3432 4744 et
3452 4690 3556 4745 sub
3570 4690 3750 4746 Theo-

2148 4779 2302 4834 dosio
2331 4779 2574 4849 principe
2593 4780 2707 4849 jam
2730 4779 2782 4833 in
2822 4778 3008 4832 ultima
3052 4787 3333 4834 senectute
3361 4789 3620 4835 mortuus
3638 4793 3746 4836 est.

2149 4867 2380 4939 Cyrillus
2408 4867 2792 4939 Hierosolyma:
2817 4868 3129 4938 episcopus,
3150 4882 3293 4939 saepe
3316 4869 3505 4939 pulsus
3531 4880 3625 4926 est
3652 4871 3753 4925 Eo

2150 4957 2311 5012 clesia
2333 4966 2389 5012 et
2411 4967 2679 5028 receptus,
2715 4957 2783 5012 ad
2803 4968 3105 5013 extremum
3136 4960 3238 5014 sub
3260 4959 3576 5016 Theodosio
3597 4964 3757 5034 prin-

2149 5048 2270 5117 cipe
2298 5057 2504 5119 septem
2533 5048 2692 5103 annis
2719 5049 3097 5103 inconcussum
3134 5050 3507 5121 episcopatum
3540 5055 3753 5109 tenuit.

2150 5141 2382 5196 Exstant
2429 5143 2546 5213 ejus
2598 5157 2718 5212 ante
2762 5143 2815 5196 in
2853 5144 3214 5199 adolescentia
3263 5149 3571 5216 composuit
3612 5166 3754 5219 ομι-

2151 5232 2318 5287 scula.
2374 5231 2607 5287 Cuzoius
2635 5232 2775 5303 apud
2822 5232 3094 5301 Ephesum
3143 5234 3418 5289 rhetorem
3452 5250 3581 5291 cum
3609 5237 3760 5294 ϐαιὴ

2151 5324 2304 5393 gorio
2341 5322 2682 5378 Nazianzeno
2706 5324 2958 5392 episcopo
2980 5324 3299 5379 adolescens
3327 5324 3596 5382 Ctesareae
3617 5344 3753 5383 em-

2150 5412 2295 5466 ditus
2322 5421 2426 5477 est,
2456 5421 2509 5466 et
2531 5410 2768 5480 ejusdem
2796 5412 2945 5467 urbis
2968 5423 3153 5482 postea
3181 5417 3470 5486 episcopus
3495 5415 3746 5487 plurimo

2151 5502 2334 5557 labore
2377 5512 2686 5574 corruptam
2736 5503 2851 5573 jam
2899 5505 3278 5560 bibliothecam
3314 5507 3635 5562 Adamantii
3682 5521 3749 5562 ea

2151 5594 2416 5671 Pamphili
2463 5596 2516 5649 in
2545 5595 2873 5651 membranis
2923 5596 3226 5652 instaurare
3253 5608 3499 5654 conatus.
3530 5599 3619 5654 Ad.
3650 5614 3758 5653 ex-
