3962 6174
304 287 327 339 1
338 284 440 339 "1'29

1280 320 1293 329 .
1393 277 1799 335 CHRONICON.
1828 308 1892 320 --
1928 279 2094 334 'I'OIlil
2134 279 2173 332 ιι
2211 279 2338 333 LlB.
2380 281 2466 335 iV.

3415 286 3551 339 12Ἶο

299 406 529 452 tremum
559 394 659 450 sub
678 392 989 449 Theodosio
1017 393 1258 463 principe
1296 392 1533 447 Ecclesia
1564 392 1747 460 pulsus
1767 399 1869 445 est.
1902 395 1951 451 Α
1979 389 2184 458 basque
2232 390 2681 456 mansucfacerct,
2724 392 2945 461 quidam
2972 392 3240 448 Barbarus
3266 393 3554 452 arbitratus

292 486 567 541 Feruntur
618 483 736 552 ejus
763 486 896 539 varii
947 484 1377 553 multiplicesque
1406 492 1666 538 tractatus
1687 524 1701 547 ,
1736 499 1871 554 quos

293 592 455 631 nosse
492 563 878 645 perfacilecst.
916 574 1211 646 Gregorius
1250 574 1626 630 Nazianzenus
1667 575 1874 644 cpisco-

293 684 415 738 pus,
446 669 531 720 vir
556 667 1048 737 eloquentissimus,
1081 667 1147 721 ad
1177 666 1396 737 triginta
1427 667 1590 721 millia
1621 681 1871 721 versuum

291 762 471 815 omnia
506 774 671 830 opera
699 774 794 814 sua
823 760 1124 830 composuit
1151 778 1164 812 :
1208 776 1238 814 e
1263 761 1459 829 quibus
1485 760 1571 814 illa
1602 767 1730 814 sunt
1762 777 1773 811 :
1806 759 1873 812 de

294 852 465 906 Morte
481 851 666 905 fratris
688 849 928 915 Ctesarii,
954 850 1163 905 Laudes
1184 850 1632 913 Machabzcorum,
1663 851 1873 906 Laudes

287 926 563 1012 tlypriani,
592 943 805 996 Laudes
834 942 1133 1005 Athanasii,
1161 942 1373 998 Laudes
1403 941 1674 995 Maximini
1700 942 1871 1011 philo-

222 1055 233 1062 -
288 1031 442 1103 sopiti
472 1040 596 1099 post
638 1031 887 1087 exsilium
915 1033 1138 1096 reversi,
1167 1047 1327 1101 quem
1351 1030 1484 1086 falso
1511 1031 1727 1086 nomine
1751 1033 1869 1100 qui-

288 1126 415 1180 dam
449 1125 661 1181 ﬂeroua
701 1126 1106 1196 superscribunt
1131 1124 1278 1196 (quia
1308 1132 1362 1179 et
1392 1124 1528 1178 alius
1558 1124 1694 1178 liber
1738 1124 1872 1178 vitu-

284 1216 620 1285 perationem
658 1215 898 1293 ejusdem
936 1216 1215 1271 Maximini
1252 1216 1556 1280 continens,
1584 1217 1734 1285 quasi
1762 1231 1867 1271 non

287 1305 504 1360 licuerit
530 1306 779 1361 eumdem
809 1316 867 1361 et
914 1306 1131 1361 laudare
1166 1314 1220 1361 et
1252 1306 1556 1375 vituperare
1580 1321 1679 1375 pro
1729 1315 1867 1360 tem-

284 1399 478 1468 pore);
527 1406 583 1454 et
618 1399 757 1454 liber
788 1400 1108 1455 hexametro
1142 1415 1302 1454 versu
1318 1398 1656 1470 Virginitatis
1683 1408 1737 1454 et
1764 1397 1871 1452 Nu-

286 1487 520 1556 ptiarum
556 1497 745 1542 contra
795 1504 855 1543 se
879 1489 1297 1553 disserentium;
1325 1496 1512 1543 contra
1548 1487 1866 1542 Eunomium

281 1576 409 1631 libri
433 1577 561 1641 duo,
585 1578 652 1632 de
680 1576 884 1648 Spiritu
915 1587 1107 1634 sancto
1128 1579 1265 1634 liber
1295 1593 1456 1645 unus,
1488 1586 1674 1634 contra
1696 1576 1865 1632 Julia-

282 1681 413 1721 num
444 1666 825 1736 imperatorem
877 1667 999 1723 libri
1040 1669 1164 1723 duo.
1222 1667 1453 1724 Secutus
1497 1676 1584 1724 est
1622 1666 1867 1722 Polemo-

1978 495 2100 534 eum
2125 495 2245 535 esse
2272 480 2607 549 locupletem,
2659 485 2823 553 coepit
2846 484 3118 549 insidiati,
3158 492 3219 539 ut
3238 496 3362 540 eum
3389 501 3551 557 cape-

1978 579 2083 634 ret,
2132 569 2377 640 alligaret
2398 578 2453 625 et
2473 573 2790 627 attraheret.
2826 572 2963 628 Cum
2993 575 3095 630 hoc
3116 572 3232 643 jam
3255 590 3555 646 praeparas-

1976 668 2078 725 set,
2110 669 2165 714 et
2193 662 2471 716 dexteram
2503 662 2571 716 ad
2597 663 2698 718 hoc
2742 663 2966 719 haberet
2989 673 3293 733 emensam,
3324 678 3387 722 ut
3428 682 3554 724 eum

1969 749 2117 819 jactu
2148 749 2456 820 laquearet,
2488 767 2678 806 manus
2711 766 2839 807 aere
2884 768 3007 808 mox
3056 754 3239 826 ligata,
3270 766 3328 811 et
3353 757 3555 812 Barba-

1976 855 2068 894 rus
2090 840 2177 893 ille
2199 840 3205 901 invisibilibusvinculiseStobstrictus.
3257 846 3410 903 Tunc
3433 848 3556 903 aliis

1973 947 2070 1000 pro
2102 947 2166 987 eo
2196 932 2506 1002 rogantibus
2526 933 2846 1003 supplicavzt
2874 936 2982 989 Deo
2998 935 3318 993 Thotbimus
3346 949 3406 994 ut
3430 941 3557 995 Bar-

1972 1024 2137 1079 barus
2186 1025 2521 1090 solveretur,
2574 1012 2666 1096 qui
2721 1044 2842 1083 mox
2893 1030 3144 1099 precibus
3183 1032 3301 1103 ejus
3346 1035 3555 1092 solutus

1969 1126 2072 1169 εει.
2103 1115 2180 1170 Eo
2205 1129 2420 1185 quoque
2450 1125 2689 1187 tempore
2741 1118 2842 1174 fuit
2868 1104 3202 1191 Epiphanius
3229 1123 3550 1194 Cypriorum

1969 1205 2252 1275 episcOpus
2276 1246 2290 1270 ,
2336 1206 2402 1261 ad
2437 1206 2589 1276 cujus
2627 1209 2930 1277 sepulcrum
2977 1211 3239 1267 hactenus
3280 1213 3554 1272 daemones

1969 1296 2327 1365 expelluntur.
2360 1296 2409 1351 is
2443 1298 2585 1350 enim
2613 1298 2737 1351 dum
2766 1299 3121 1357 substantiam
3162 1306 3436 1375 propriam
3460 1320 3555 1360 nc—

1969 1387 2283 1441 cessitatem-
2302 1386 2691 1442 sustinentibus
2722 1400 3016 1458 crogasset,
3047 1401 3104 1446 et
3130 1394 3313 1449 multis
3341 1411 3556 1466 quoque

1967 1472 2316 1531 offerentibus
2339 1477 2387 1530 ei
2427 1478 2683 1544 pecunias
2719 1494 2881 1532 manu
2924 1479 3229 1551 largissima
3277 1484 3552 1554 dispensa-

1968 1580 2071 1634 ret,
2126 1568 2352 1639 contigit
2380 1576 2463 1632 ut,
2510 1569 2755 1637 pecuniis
2788 1568 3185 1637 deficientibus,
3238 1587 3555 1633 (ecouomus

1965 1660 2210 1716 ecclesiae
2236 1668 2615 1715 murmuraret.
2648 1660 2765 1727 Quo
2788 1660 2929 1717 facto
2964 1663 3225 1719 assistens
3248 1666 3468 1736 quidam
3498 1669 3553 1723 in

281 1761 411 1816 ηίοη
440 1762 656 1817 dicendi
699 1762 1036 1829 charactere,
1083 1765 1312 1834 vivoque
1356 1780 1415 1820 se
1457 1765 1769 1836 episcopum
1808 1764 1862 1818 ίη
1893 1744 1939 1802 Β
1967 1752 2127 1807 domo
2160 1766 2264 1821 qua
2290 1751 2547 1806 manebat
2572 1762 2905 1819 ceconomus,
2945 1754 3220 1809 sacculum
3260 1757 3551 1814 multarum

279 1848 403 1904 loco
435 1851 831 1907 suoordinatus
856 1891 871 1917 ,
923 1867 1049 1909 rure
1090 1853 1256 1908 vitam
1305 1854 1556 1909 monachi
1599 1854 1863 1918 exercuit,

276 1939 515 1995 decessit
540 1940 640 1995 sub
668 1940 972 1997 Theodosio
1001 1943 1260 2013 principe.
1321 1943 1521 1999 Lucius
1549 1953 1674 2014 post
1701 1945 1866 2000 Atha-

274 2031 495 2086 nasium
521 2030 738 2087 Arianae
770 2033 946 2102 partis
974 2033 1287 2103 episcOpus,
1320 2049 1492 2104 usque
1516 2034 1585 2089 ad
1628 2034 1865 2090 Theodo-

274 2121 418 2178 sium
448 2121 770 2193 principem,
825 2137 858 2176 a
904 2136 1012 2193 quo
1047 2131 1103 2178 et
1150 2123 1338 2194 pulsus
1383 2132 1487 2189 est,
1524 2123 1865 2180 Alexandria:

276 2212 578 2269 Ecclesiam
616 2213 804 2269 tenuit.
857 2214 1088 2270 Exstant
1123 2215 1242 2286 ejus
1267 2215 1535 2271 solemnes
1560 2216 1627 2271 de
1656 2216 1863 2272 Pascha

272 2304 518 2374 epistolae
543 2311 599 2358 et
622 2313 954 2360 tractatuum
1000 2318 1055 2361 et
1083 2306 1238 2376 pauci
1274 2306 1544 2361 variarum
1570 2305 1755 2361 libelli.
1788 2304 1863 2361 Ea

273 2391 544 2462 siquidem
579 2400 900 2462 tempestate
938 2394 1153 2465 plurimi
1204 2396 1348 2449 inter
1397 2396 1683 2465 episcopos
1709 2394 1864 2451 efful-

270 2485 497 2554 gebant,
528 2498 635 2537 non
659 2483 834 2539 solum
865 2484 918 2538 in
936 2484 1304 2555 philosophica
1327 2486 1596 2551 doctrina,
1620 2485 1713 2555 qui
1736 2487 1865 2541 scri-

270 2572 452 2630 bendo
478 2582 827 2629 monumenta
857 2574 925 2628 ad
959 2583 1199 2628 nostram
1248 2581 1608 2645 porrexerunt
1636 2574 1864 2645 posteri-

271 2672 460 2728 tatem,
487 2664 582 2719 sed
606 2672 662 2718 et
689 2665 907 2733 quidam
939 2666 1081 2720 inter
1110 2679 1204 2720 eos
1248 2665 1550 2736 insignibus
1575 2666 1863 2722 virtutibus

265 2756 600 2813 claruerunt.
652 2755 892 2823 Quorum
937 2772 1002 2812 ex
1046 2756 1231 2812 multis
1268 2757 1433 2812 trium
1485 2766 1730 2823 tantum,
1769 2760 1862 2827 qui

267 2846 451 2901 minus
480 2846 621 2916 apud
644 2862 753 2905 nos
774 2847 1041 2902 habentur
1070 2848 1207 2913 noti,
1241 2848 1587 2903 laudabiliter
1612 2848 1754 2903 facta
1780 2849 1863 2902 iu-

265 2950 453 2991 serere
480 2937 689 2990 curavi.
717 2937 956 2991 Donatus
983 2937 1234 3006 equidem
1277 2930 1455 2992 Euriae
1508 2937 1725 3008 Heperi,
1764 2955 1863 3009 per

261 3041 431 3096 quem
478 3009 839 3096 provinciales
891 3024 1011 3094 ejus
1061 3026 1325 3081 miracula
1384 3026 1551 3081 multa
1592 3037 1861 3082 testantur

1967 1846 2316 1915 pecuniarum
2346 1845 2514 1911 dedit,
2549 1853 2601 1900 et
2652 1846 2727 1900 ita
2756 1846 3039 1918 disparuit,
3081 1857 3141 1903 ut
3186 1865 3286 1905 nec
3303 1865 3425 1921 qua:
3455 1853 3551 1908 de-

1968 1934 2065 2001 dit,
2098 1951 2196 1992 nec
2218 1952 2338 2007 quae
2367 1936 2537 2002 misit,
2573 1948 2975 2008 agnosceretur.
3021 1939 3174 2008 Quod
3200 1942 3399 1998 factum
3430 1960 3551 2001 om-

1967 2042 2066 2083 nes
2097 2026 2339 2083 divinum
2376 2043 2497 2083 esse
2522 2026 2924 2097 judicaverunt.
2982 2031 3142 2086 Aliud
3187 2048 3403 2105 quoque
3436 2035 3553 2105 ejus

1965 2117 2095 2175 libet
2131 2118 2334 2175 referre
2373 2120 2712 2175 miraculum.
2762 2121 2990 2189 Quidam
3033 2137 3298 2194 pauperes
3328 2126 3551 2182 studen-

1966 2217 2048 2264 tes
2082 2210 2441 2280 Epiphanium
2487 2219 2604 2265 arte
2633 2210 2909 2277 deludere,
2959 2219 3019 2266 ut
3047 2213 3127 2268 eis
3150 2213 3353 2285 aliquid
3375 2218 3550 2271 daret.

1967 2298 2103 2352 Dum
2141 2300 2245 2354 iter
2270 2310 2473 2370 ageret,
2507 2312 2648 2356 unus
2672 2315 2860 2357 eorum
2887 2302 3137 2372 supinum
3167 2319 3225 2359 se
3260 2308 3552 2375 prostravit

1965 2387 2020 2441 in
2049 2396 2277 2453 terram,
2319 2389 2457 2444 alter
2481 2392 2657 2445 stabat
2694 2391 2846 2460 quasi
2877 2401 3147 2447 mortuum
3172 2393 3394 2464 deﬂens,
3450 2412 3551 2453 nec

1965 2479 2170 2535 habens
2206 2480 2349 2536 unde
2371 2495 2494 2535 cum
2523 2481 2756 2551 sepelire
2782 2484 3066 2553 potuisset.
3094 2485 3426 2556 Epiphanius
3460 2503 3555 2543 au-

1966 2580 2075 2624 tem
2108 2571 2493 2641 superveniens
2528 2572 2726 2639 oravit,
2759 2582 2819 2627 ut
2843 2575 2944 2629 sub
2971 2576 3153 2644 quiete
3172 2578 3451 2644 dormiret,
3496 2586 3552 2635 et

1964 2662 2251 2732 sepulturae
2277 2664 2580 2719 necesSaria
2634 2660 2899 2733 prmbuit,
2942 2666 3212 2737 simulque
3240 2670 3550 2726 consolatus

1962 2762 2048 2809 est
2095 2754 2331 2821 ﬂentem,
2380 2756 2603 2811 dicens:
2646 2756 2925 2823 Quiescea
2965 2757 3238 2830 lacrymis,
3290 2760 3387 2826 fili,
3440 2762 3548 2818 non

1962 2845 2108 2899 enim
2157 2845 2284 2900 fletu
2312 2846 2625 2900 resuscitari
2670 2847 2891 2916 poterit,
2936 2856 3022 2903 est
3049 2849 3192 2905 enim
3237 2849 3551 2907 inevitabile

1962 2936 2106 3006 quod
2130 2938 2330 2992 evenit.
2362 2934 2606 3006 cumque
2647 2937 2985 2994 discessisset
3025 2940 3376 3011 Epiphanius,
3433 2959 3547 3003 cce-

1961 3026 2041 3094 pit
2072 3025 2162 3080 ille
2218 3027 2435 3096 pulsare
2466 3026 2673 3081 socium
2723 3034 2783 3080 ut
2817 3038 3146 3100 exsurgeret.
3181 3031 3248 3086 Et
3276 3048 3400 3088 cum
3445 3034 3550 3089 hoc

265 3093 412 3173 facta
447 3093 793 3171 {maximum
824 3093 1001 3170 tamen
1034 3124 1138 3182 est,
1193 3117 1338 3186 quod
1366 3114 1433 3170 de
1473 3116 1709 3172 dracone
1735 3132 1854 3188 ges-
1884 3093 1927 3153 (ἶ
1958 3093 2466 3171 semelest—secundo
2504 3115 2741 3183 fecisset,
2775 3119 2958 3174 dicens
2979 3093 3008 3172 ἶ
3033 3119 3225 3191 Surge,
3252 3123 3412 3180 hodie
3440 3125 3548 3181 tuis

264 3208 360 3263 sit.
390 3207 441 3262 Is
469 3206 615 3262 enim
642 3208 786 3261 circa
815 3214 1033 3275 pontem
1066 3207 1119 3260 in
1172 3207 1259 3260 via
1284 3206 1501 3274 publica
1523 3205 1735 3275 jaccns,
1783 3206 1855 3261 ci-

264 3299 396 3353 bum
423 3297 659 3353 habebat
677 3311 828 3362 oves,
857 3311 1069 3367 crapas,
1097 3311 1290 3366 equos,
1315 3297 1502 3362 boves,
1528 3306 1583 3353 et
1611 3296 1854 3353 homines

262 3388 545 3459 abripiens
593 3388 904 3444 devorabat.
954 3388 1037 3444 Ad
1088 3402 1250 3459 quam
1311 3388 1541 3444 bestiam
1591 3368 1849 3453 Donatus,

261 3478 387 3534 sine
413 3461 612 3549 gladio,
657 3478 774 3533 sine
816 3478 1059 3547 quolibet
1082 3476 1264 3546 jaculo
1291 3479 1515 3533 veniens
1539 3520 1553 3545 ,
1589 3480 1717 3532 dum
1763 3479 1850 3533 illa

260 3568 503 3623 levasset
532 3576 694 3638 caput
719 3569 874 3637 quasi
901 3577 1157 3622 voratura
1178 3568 1375 3633 virum,
1410 3576 1537 3622 tunc
1576 3568 1663 3623 ille
1690 3570 1855 3623 vexil-

262 3661 379 3714 lum
404 3660 584 3715 crucis
611 3668 736 3715 ante
756 3659 948 3715 faciem
979 3659 1097 3730 ejus
1118 3659 1285 3729 digito
1309 3660 1597 3727 designans
1626 3661 1681 3713 in
1706 3675 1850 3723 aere,

262 3754 325 3807 in
365 3752 566 3823 osejus
597 3753 830 3823 exspuit.
864 3744 1055 3808 Bestia
1074 3767 1205 3807 vero
1243 3761 1458 3823 sputum
1502 3770 1625 3809 mox
1668 3755 1722 3809 in
1757 3769 1853 3810 ore

263 3859 371 3900 suo
397 3844 699 3914 suscipiens
724 3844 1042 3913 exspiravit,
1088 3858 1251 3914 quam
1272 3885 1287 3910 ,
1330 3844 1474 3898 sicut
1502 3844 1691 3910 fertur,
1730 3849 1852 3900 octo

260 3935 421 4008 paria
470 3936 633 3991 boum
680 3935 734 3989 in
802 3934 1041 3989 vicinum
1092 3949 1341 4004 campum
1414 3942 1732 4000 traxerunt;
1800 3934 1853 3988 et

262 4026 435 4081 misso
453 4024 562 4095 igni
588 4024 869 4079 combusta
912 4031 1011 4085 est,
1042 4037 1112 4077 ne
1131 4037 1312 4077 aerem
1340 4022 1513 4078 fetore
1542 4038 1853 4092 corrumpe-

260 4124 372 4170 ret.
403 4113 571 4182 Hujus
593 4114 772 4183 itaque
818 4112 1010 4167 Donati
1038 4112 1314 4182 sepultura
1350 4112 1577 4182 insignis
1609 4122 1716 4177 est,
1759 4112 1850 4166 ubi

258 4205 561 4261 oratorium
590 4219 658 4258 ex
689 4203 806 4274 ejus
844 4203 1060 4257 nomine
1091 4201 1376 4266 vocitatur,
1411 4202 1617 4256 habens
1647 4202 1849 4255 fontem

262 4309 553 4364 aquarum,
584 4308 744 4362 quem
787 4292 902 4362 ipse
953 4291 1128 4347 fertur
1170 4291 1507 4346 orationibus
1555 4276 1846 4346 invenisse.

261 4385 403 4441 Nam
428 4386 553 4440 dum
590 4393 734 4441 esset
758 4384 909 4440 locus
949 4384 1265 4454 inaquosus,
1302 4392 1358 4437 et
1403 4382 1527 4438 illuc
1558 4398 1624 4438 ex
1657 4383 1850 4437 itinere

261 4476 560 4547 aliquando
584 4477 840 4541 venisset,
890 4476 1044 4530 aiunt
1067 4476 1193 4545 quia
1215 4516 1230 4540 ,
1261 4473 1499 4544 fatigatis
1523 4474 1614 4543 qui
1638 4489 1761 4529 cum
1783 4491 1849 4531 eo

260 4575 442 4631 erant,
476 4578 687 4623 orasset
714 4576 771 4623 et
808 4582 932 4623 mox
959 4580 1114 4636 aqua:
1163 4566 1447 4621 inundatio
1490 4567 1846 4636 prorupisset,

258 4663 321 4709 et
351 4668 418 4709 ex
464 4654 556 4709 illo
588 4656 848 4710 hactenus
873 4663 1174 4725 permanet.
1232 4655 1310 4710 Eo
1358 4664 1600 4724 tempore
1629 4655 1849 4710 Thomi-

262 4752 451 4799 tanam
500 4752 557 4799 et
585 4742 820 4815 Scythiae
863 4745 1159 4801 Ecclesiam
1211 4745 1533 4800 Thothimus
1578 4746 1848 4815 guberna-

261 4835 380 4899 bat,
425 4834 509 4889 vir
562 4835 619 4889 in
670 4836 1009 4906 philosophia
1046 4837 1325 4892 nutritus:
1379 4836 1536 4907 cujus
1590 4838 1844 4892 virtutem

261 4924 551 4996 diligentes
593 4924 822 4981 Barbari
864 4938 1014 4982 trans
1052 4926 1295 4982 Histrum
1325 4928 1654 4994 habitantes,
1687 4929 1847 4983 deum

263 5014 635 5069 Romanorum
661 5016 807 5071 hunc
845 5030 965 5071 esse
991 5015 1376 5086 praedicabant.
1413 5016 1549 5071 Nam
1594 5033 1717 5073 cum
1745 5018 1846 5072 alio

260 5118 374 5176 quo
404 5113 643 5173 tempore
686 5106 791 5161 iter
814 5114 1023 5177 ageret,
1054 5105 1196 5160 illius
1222 5114 1382 5160 terra
1405 5105 1630 5162 Barbari
1652 5122 1846 5162 occur-

259 5205 459 5250 rerum
485 5194 557 5249 ei.
610 5194 678 5249 Et
702 5195 829 5251 dum
862 5197 955 5266 qui
975 5203 1133 5250 erant
1158 5196 1305 5251 circa
1336 5210 1459 5251 eum
1496 5202 1704 5251 terrore
1733 5205 1848 5251 tur-

257 5288 543 5351 barentur,
570 5288 727 5358 quasi
764 5288 1018 5344 continuo
1046 5287 1316 5351 morituri,
1363 5302 1429 5342 ex
1454 5301 1593 5357 equo
1621 5288 1843 5342 descen-

258 5380 420 5444 dens,
448 5380 642 5434 oravit.
700 5379 871 5436 Porro
909 5378 1134 5433 Barbari
1175 5393 1349 5448 neque
1394 5392 1518 5433 eum
1555 5393 1729 5448 neque
1758 5394 1844 5435 se-

259 5481 466 5536 quaces
506 5465 645 5536 ejus,
698 5482 800 5522 nec
849 5468 1019 5538 equos
1073 5466 1139 5521 de
1191 5466 1386 5535 quibus
1429 5464 1838 5530 descenderant,

258 5560 543 5624 videntes,
588 5569 1020 5631 permanserunt.
1065 5559 1203 5614 Dum
1246 5559 1414 5630 igitur
1447 5560 1639 5615 crebro
1663 5568 1842 5617 trans-

264 5657 461 5706 clintes
508 5647 739 5720 Scythas
787 5650 1105 5707 naturaliter
1141 5649 1350 5706 feroces
1386 5648 1556 5720 epulis
1604 5651 1843 5707 muneri-

1955 3208 2232 3263 lahoribus
2279 3208 2577 3278 epulemur,
2631 3217 2687 3264 et
2730 3209 2819 3265 ille
2866 3212 3082 3281 penitus
3136 3230 3241 3270 non
3294 3216 3543 3287 sentiret,

1953 3312 2287 3370 cognoscens
2325 3312 2453 3354 vere
2490 3309 2779 3366 mortuum,
2810 3303 3050 3358 cucurrit
3075 3305 3143 3359 ad
3188 3298 3544 3378 Epiphaniam

1955 3388 2089 3459 tiens
2135 3396 2190 3442 et
2237 3397 2427 3458 petens
2461 3396 2521 3443 ut
2568 3388 2686 3458 ejus
2737 3392 2942 3445 socium
2989 3393 3296 3451 suscitaret.
3342 3398 3414 3453 At
3457 3398 3545 3454 illa

1955 3476 2263 3532 consolatus
2313 3485 2417 3541 est,
2476 3489 2546 3531 ne
2596 3477 2762 3532 ferret
2814 3479 3051 3548 graviter
3079 3485 3222 3550 quod
3263 3478 3542 3549 evenerat,

1956 3581 2063 3619 non
2095 3574 2274 3618 tamen
2312 3565 2625 3620 defunctum
2669 3568 2845 3622 denuo
2887 3571 3185 3626 suscitavit.
3240 3572 3356 3629 Hoc
3397 3577 3541 3632 enim

1954 3654 2117 3708 credo
2143 3654 2370 3722 proinde
2402 3663 2632 3724 gestum,
2665 3664 2726 3710 ut
2751 3672 2857 3712 non
2890 3658 2983 3714 Dei
3012 3661 3243 3717 ministri
3276 3663 3432 3721 facile
3450 3665 3544 3721 de-

1955 3742 2225 3797 ludantur.
2281 3742 2489 3811 Quibus
2528 3743 2719 3800 diebus
2743 3749 2797 3800 in
2843 3746 3083 3804 Romana
3111 3749 3372 3809 Damasus
3397 3771 3540 3826 pra:-

1954 3832 2166 3888 sidebat
2182 3832 2436 3898 ecclesia,
2490 3833 2545 3888 in
2590 3834 2916 3891 Alexandria
2947 3837 3299 3909 Theophilus,
3345 3844 3536 3903 Hiero-

1954 3923 2177 3995 solymis
2209 3923 2485 3990 Joannes,
2540 3925 2869 3993 Flavianus,
2924 3928 3162 3999 depulsis
3208 3932 3537 3993 Arianorum

1953 4013 2245 4083 episcopis,
2287 4014 2684 4070 Antiochenam
2712 4017 2931 4072 tenebat
2959 4020 3141 4075 sedem
3166 4062 3182 4088 ,
3224 4024 3535 4083 Constanti—

1955 4105 2319 4175 nopolitanam
2351 4105 2653 4161 Nectarius.

2519 4217 2748 4273 CAPUT
2804 4220 2974 4275 XXX.

1953 4305 2031 4360 De
2069 4307 2398 4361 subversione
2446 4308 2757 4379 templorum
2786 4320 2940 4381 atque
2965 4312 3315 4374 destructione
3359 4323 3531 4378 idolo-

2666 4394 2804 4435 rum.

1877 4433 1928 4489 D
2025 4465 2192 4536 Igitur
2238 4467 2576 4523 Theodosius
2617 4469 2932 4526 decreverat
2958 4481 3017 4527 ut
3047 4474 3309 4532 idolorum
3340 4485 3534 4554 templa

1954 4557 2419 4622 subverterentur,
2452 4558 2525 4613 dii
2571 4558 2728 4630 lignei
2763 4561 2975 4632 ignibus
3026 4568 3384 4637 traderentur.
3423 4592 3536 4633 me.

1955 4647 2121 4703 tallini
2151 4662 2279 4704 vero
2307 4647 2689 4709 conflarentur.
2741 4651 2849 4709 Sed
2894 4654 3023 4709 dum
3062 4657 3176 4715 haec
3226 4662 3280 4716 in
3307 4665 3535 4723 diversis

1951 4748 2242 4809 agerentur
2268 4739 2424 4805 locis,
2450 4741 2502 4796 in
2527 4740 2852 4799 Alexandria
2880 4749 3116 4804 maxime
3148 4753 3238 4807 ubi
3269 4754 3531 4813 idolorum

1951 4829 2250 4885 inoleverat
2273 4832 2585 4901 superstitio
2605 4873 2619 4896 ,
2642 4833 2904 4901 juvabant
2927 4835 3283 4909 Theophilum
3320 4848 3530 4917 episco—

1951 4934 2081 4989 pum
2114 4921 2399 4990 praefectus
2422 4921 2792 4987 Alexandriae,
2833 4932 2890 4978 et
2937 4925 3045 4981 dux
3090 4931 3299 4989 ordinis
3326 4935 3531 4991 milita-

1950 5011 2048 5077 ris,
2079 5014 2146 5068 ad
2197 5013 2594 5081 exsequendam
2635 5013 2981 5083 imperatoris
3022 5016 3338 5086 iussionem.
3385 5025 3531 5080 idola

1951 5101 2217 5171 siquidem
2264 5102 2484 5156 deorum
2531 5103 2836 5159 conﬂantur
2881 5107 2948 5162 ad
2979 5107 3249 5167 faciendas
3272 5112 3427 5180 ollas,
3475 5125 3530 5171 et

1948 5190 2324 5247 Alexandriam
2344 5191 2590 5247 ecclesia:
2616 5192 2858 5251 diversas
2889 5199 3149 5254 utilitates
3174 5219 3187 5252 :
3222 5202 3308 5257 cui
3338 5204 3407 5259 ab
3433 5203 3529 5259 im-

1947 5290 2195 5349 peratore
2240 5282 2426 5337 donati
2466 5282 2677 5339 fuerant
2710 5286 2783 5341 dii
2829 5290 2897 5342 ad
2922 5279 3187 5359 expensas
3229 5295 3523 5362 egentium.

1947 5373 2083 5428 Cum
2107 5373 2272 5445 igitur
2295 5374 2623 5444 Theophilus
2646 5391 2836 5434 omnes
2863 5381 3158 5437 corruisset
3179 5384 3326 5448 deos,
3357 5401 3525 5441 unum

1950 5463 2319 5519 tantummodo
2348 5464 2563 5535 reliquit
2588 5465 2815 5538 Syrmize
2836 5471 3183 5528 simulacrum
3209 5514 3224 5539 ,
3248 5473 3445 5543 jubens
3472 5476 3526 5532 id

1946 5553 2157 5623 publice
2182 5554 2466 5626 palamque
2496 5559 2722 5624 servari,
2774 5577 2843 5615 ne
2888 5563 3133 5632 sequenti
3163 5572 3403 5636 tempore
3428 5574 3537 5638 pa-'

1947 5645 2070 5714 gani
2107 5654 2367 5716 negarent
2392 5645 2525 5701 tales
2555 5648 2809 5706 adorasse
2833 5650 2979 5706 deos.
3011 5648 3236 5722 Jamque
3264 5654 3523 5727 templum
