3976 6180
464 289 602 346 ⁷1251

468 492 880 551 Alexandrinos,
934 490 1241 539 everterant
1298 496 1403 534 non
1446 479 1563 533 sine
1608 478 1810 547 ingenti
1844 477 2047 541 labore,

468 586 753 655 ipsumque
785 578 1031 647 Serapim
1078 576 1236 630 deum
1265 574 1318 628 in
1350 572 1517 626 frusta
1547 571 1892 637 concidentes
1941 570 2047 640 igni

466 676 844 737 tradiderunt,
900 668 1239 737 verendaque
1287 664 1402 732 ejus
1447 664 1780 732 aliorumque
1826 662 2048 716 deorum

468 766 579 820 risu
611 763 767 833 plena
815 776 913 831 per
946 759 1150 829 plateas
1179 754 1447 826 deportari
1495 754 1792 824 jusserunt.
1844 749 2049 817 Quibus

460 853 734 925 portentis
763 847 1284 922 ignominiosissimis
1328 843 1520 915 pagani
1552 840 1781 905 confusi,
1813 840 1903 893 alii
1927 838 2049 907 qui-

467 947 588 998 deut
630 944 698 997 ad
738 942 912 996 caedes
938 938 1400 997 Christianorum,
1452 941 1570 988 orta
1594 931 1884 992 seditione,
1920 942 2047 981 rue-

468 1039 622 1100 bant,
673 1037 745 1090 ita
775 1034 938 1089 etiam
987 1028 1239 1087 commoti
1292 1042 1391 1095 pro
1425 1024 1650 1079 aliorum
1679 1020 2052 1076 destructione

469 1128 815 1197 templorum,
858 1124 1074 1193 etquod
1104 1119 1333 1175 nefanda
1361 1119 1681 1185 detegantur
1709 1126 1897 1167 eorum
1933 1125 2050 1180 my—

469 1257 3090 1290 Μ

1473 276 1861 334 FRECUI.PIII
1900 274 2351 333 LEXOVIENSIS
2391 270 2699 328 EPISCOPI

364 460 369 463 _
459 402 710 473 ’Serapis,
762 397 906 471 quod
950 397 1004 451 In
1055 392 1291 446 maxime
1340 391 1640 445 habebatur
1667 391 1871 443 honore
1910 388 2049 456 apud
2080 391 2124 448 Λ
2154 376 2339 446 stet-ia,
2387 386 2512 438 dum
2544 383 2745 436 Mctrirc
2780 395 2960 446 sacra,
3010 379 3100 434 ubi
3135 378 3429 435 homicidia
3460 391 3747 448 perpetra-

3609 262 3743 321 I233

2156 479 2307 539 haut,
2346 477 2489 531 inter
2527 482 2753 528 caeteros
2786 472 2923 527 ritus
2971 464 3353 542 spttrcissiuios
3382 470 3601 538 publice
3632 486 3749 523 ma-

2154 565 2351 621 nifesta
2387 566 2579 619 tierent
2606 580 2621 628 ;
2682 562 2770 617 alii
2795 563 3010 632 quidem
3040 577 3107 616 ex
3138 561 3364 630 paganis
3393 574 3613 614 errores
3639 559 3752 627 pri-

2153 657 2323 711 stinos
2358 655 2693 719 abdicantcs,
2738 654 2804 707 ad
2835 668 3020 707 veram
3061 650 3497 706 Christianorum
3527 649 3747 720 religio-

2130 762 2276 821 _nem
2308 760 2368 801 se
2390 745 2751 799 contulerunt.
2785 742 2952 814 Igitur
2979 742 3302 813 praecedenti
3326 741 3486 806 libro,
3528 740 3621 794 ubi
3647 737 3753 793 sub

2152 836 2395 908 principe
2419 834 2772 891 Constantino
2794 848 3127 904 paganorum
3160 832 3341 887 clausa
3371 842 3496 886 sunt
3526 830 3749 900 templa,

2153 929 2314 984 finem
2343 929 2715 998 imposuimus.
2764 925 2901 981 Huic
2926 934 3107 980 autem
3136 925 3401 979 terminus
3450 925 3525 979 sit
3571 923 3626 976 in
3650 924 3745 976 ile-

2151 1019 2448 1074 structioue
2500 1017 2724 1071 deorum
2772 1014 3030 1070 falsorum
3060 1023 3114 1068 et
3136 1014 3190 1068 in
3221 1013 3578 1069 subversione
3610 1025 3748 1067 tem-

2154 1110 2388 1179 piorum.

3097 1251 3717 1268 ﬂ.”

1675 1391 1976 1471 LIBER
2034 1387 2529 1483 QUINTUS.

1955 1555 2270 1573 ’-

988 1640 1216 1698 CAPUT
1263 1634 1551 1695 PRIMUM.

469 1765 549 1822 De
576 1763 896 1837 provectioris
927 1756 1141 1811 Arcadii
1182 1751 1497 1837 etJlIongrii
1522 1757 1636 1837 post
1671 1744 2054 1837 ἔρρηξε

931 1838 978 1883 et
1004 1826 1358 1902 persecutione
1383 1812 1641 1902 alta'unis
1667 1812 1897 1902 episcopi
1919 1812 2056 1868 Con-

541 1887 1015 1973 ξῆιηιίἶαοροιὶεαηὶξ
1031 1897 1120 1967 qui
1141 1888 1335 1965 injuste
1360 1893 1640 1946 damnatus
1660 1887 1714 1941 in
1739 1887 1922 1943 exsilio
1945 1900 2057 1938 mo-

545 1977 700 2029 ritur.

545 2105 842 2167 Defuncto,
894 2108 955 2157 ut
999 2097 1400 2170 prmmisimus,
1457 2090 1760 2148 Theodosio
1816 2089 2057 2162 Augusto

472 2201 697 2272 majore,
722 2195 986 2252 Arcadius
1011 2202 1066 2249 et
1089 2190 1360 2247 Honorius
1390 2188 1485 2243 filii
1510 2188 1627 2258 ejus
1653 2194 1943 2254 utrumque
1964 2183 2058 2238 im-

466 2295 677 2367 perium
707 2290 892 2347 divisis
922 2278 1131 2344 tantum
1158 2283 1376 2341 sedibus
1405 2290 1592 2337 tenere
1617 2285 1916 2349 cmperunt.
1953 2275 2057 2343 Qui

470 2382 884 2456 quadragesimo
911 2377 1147 2434 secundo
1169 2383 1291 2446 post
1337 2372 1694 2430 Octavianum
1720 2370 1868 2434 loco,
1910 2384 2059 2424 com-

469 2477 707 2532 muniter
768 2472 1154 2542 rempublicam
1201 2467 1735 2524 administraverunt.
1792 2462 2058 2518 Arcadius

470 2566 688 2636 quidem
744 2562 951 2618 Orienti
1000 2559 1238 2631 praefuit,
1289 2557 1561 2612 Honorius
1603 2570 1734 2610 vero
1768 2554 2057 2610 admodum

469 2671 606 2727 puer
635 2653 883 2725 partibus
917 2649 1188 2706 Oeciduis.
1219 2647 1386 2719 Igitur
1422 2645 1644 2711 milites,
1680 2644 1771 2715 qui
1801 2646 1944 2699 circa
1975 2651 2059 2715 ty-

469 2760 702 2802 rannum
759 2742 1055 2812 Eugenium
1108 2736 1333 2810 profecti
1381 2736 1596 2791 fuerant
1639 2751 1762 2791 cum
1793 2736 2055 2806 principe,

469 2848 593 2913 post
614 2839 732 2909 ejus
757 2836 961 2891 obitum
985 2875 1002 2900 ,
1035 2845 1201 2904 parvo
1228 2839 1473 2901 tempore
1512 2826 1817 2897 interiecto,
1853 2826 2058 2882 reversi

471 2927 992 2998 Constantimpolim
1020 2932 1165 2981 sunt.
1206 2923 1345 2978 Dum
1370 2936 1501 2976 vero
1549 2922 1846 2991 imperator
1889 2920 2058 2974 A‘rea-

473 3022 594 3077 dius
619 3019 913 3075 secundum
944 3013 1386 3071 consuetudinem
1416 3012 1483 3065 ad
1518 3021 1703 3080 portas
1732 3009 2058 3065 occurrisset

472 3110 735 3171 exercitui
769 3106 1056 3170 remeanti,
1087 3114 1216 3159 tunc
1236 3103 1436 3157 milites
1464 3101 1718 3156 Ruﬁnum
1745 3100 2058 3172 praefectum

411 3241 421 3251 .
472 3196 820 3268 imperatoris
847 3200 1214 3264 peremerunt.
1245 3191 1375 3245 Erat
1411 3190 1555 3244 enim
1578 3199 1877 3260 suspectus,
1905 3190 2059 3258 quasi

474 3284 815 3358 tyrannidem
836 3289 1022 3354 posset
1047 3295 1345 3336 assumere.
1379 3279 1666 3334 Dicebatur
1706 3288 1906 3345 autem,
1933 3279 2061 3349 quia

472 3376 659 3433 Hunos
688 3374 802 3445 ipse
828 3374 883 3428 in
919 3371 1284 3427 Romanorum
1311 3368 1620 3440 provincias
1647 3381 1944 3435 evocasset,
1968 3370 2060 3441 qui

473 3476 605 3523 tunc
628 3464 939 3520 Armeniam
963 3470 1018 3518 et
1063 3469 1250 3532 partes
1294 3459 1532 3516 Orientis
1559 3459 1718 3515 valde
1749 3459 2059 3527 vastabant,

474 3567 530 3615 et
559 3555 873 3628 imperatori
900 3554 1126 3610 insidias
1150 3552 1412 3608 tenderet.
1450 3550 1625 3622 Caput
1649 3548 1767 3620 ejus
1790 3551 2061 3608 abscisum

475 3666 599 3707 cum
619 3650 838 3705 dextera
861 3662 1021 3702 manu
1042 3660 1140 3714 per
1150 3643 1669 3713 Constantinopolim
1683 3644 1749 3699 ad
1771 3643 2059 3700 ludibrium

474 3738 902 3795 circumductum
919 3776 935 3801 ,
964 3748 1241 3803 uxoreque
1264 3733 1406 3788 illius
1432 3732 1485 3786 in
1514 3732 1764 3788 exsilium
1791 3732 2057 3805 ablegata,

473 3845 608 3902 epes
626 3826 1152 3894 cunetasEutropius
1174 3824 1341 3893 spado
1367 3823 1684 3893 promeruit.
1712 3821 1891 3878 Pauco
1920 3831 2060 3877 tem-

473 3935 609 3992 pore
636 3925 967 3982 transeunte,
1008 3916 1172 3970 etiam
1200 3914 1482 3972 Nectarius
1508 3913 2058 3985 Constantinopolita-

475 4026 579 4066 nus
605 4009 892 4080 episcopus
919 4004 1204 4060 defunctus
1240 4012 1343 4058 est.
1386 4002 1750 4069 Quamobrem
1789 4003 2059 4057 communi

476 4102 721 4159 consultu
753 4098 951 4170 placuit
980 4095 1295 4166 imperatori
1330 4102 1392 4149 ut
1416 4091 1653 4148 Joannes
1679 4092 1964 4163 presbyter
1992 4092 2060 4147 de

476 4193 783 4257 Antiochia,
830 4191 916 4245 vir
959 4187 1223 4243 mirabilis
1269 4186 1395 4240 vita:
1424 4183 1869 4248 conversationis,
1912 4190 1968 4237 et
2004 4181 2057 4237 in

478 4285 775 4356 disciplinis
814 4279 1201 4353 philosophicis
1250 4276 1519 4347 prazcipue
1567 4274 1852 4339 eruditus,
1904 4272 2059 4328 ﬂeret

2087 1633 2134 1692 B
2161 1624 2326 1695 Cujus
2361 1626 2769 1694 intercessione,
2798 1627 3017 1684 hortatu
3053 1637 3216 1685 etiam
3253 1630 3639 1701 imperatricis,
3668 1650 3757 1690 re-

2156 1726 2381 1774 vocatus
2425 1727 2512 1774 est
2539 1720 2607 1775 ab
2641 1719 2852 1785 exsilio,
2881 1735 2950 1774 ne
2990 1720 3187 1775 seditio
3214 1722 3457 1777 oriretur
3490 1722 3545 1778 in
3575 1724 3753 1795 plebe.

2153 1810 2257 1877 Qui
2283 1825 2535 1865 reversus
2561 1825 2662 1866 nec
2689 1811 2770 1865 sic
2792 1811 3018 1880 quievit,
3046 1812 3530 1870 intolerabiliorem
3555 1815 3623 1888 (si
3645 1816 3756 1873 dici

2154 1899 2236 1956 fas
2259 1899 2366 1971 est)
2413 1916 2473 1956 se
2500 1901 2729 1970 praebuit
2761 1901 2969 1957 aemulis
2998 1902 3129 1957 suis.
3158 1902 3525 1970 Quamobrem
3554 1907 3754 1961 iterum

2156 2006 2254 2060 per
2288 1992 2569 2062 eonjugem
2600 1992 2869 2046 excitatus
2896 1991 3194 2061 imperator
3228 1994 3458 2049 concilia
3482 1995 3753 2052 celebrari

2148 2077 2306 2148 jubet
2329 2087 2522 2136 contra
2544 2077 2844 2136 Iohannem
2864 2081 3196 2151 episcopum,
3237 2084 3490 2152 quamvis
3526 2094 3583 2139 et
3602 2087 3759 2155 prius

2157 2172 2213 2226 in
2272 2171 2503 2227 diversis
2551 2170 2686 2227 locis
2746 2173 3176 2239 machinationes
3227 2174 3516 2245 Theophili
3562 2186 3757 2232 wntra

2156 2260 2406 2317 eumdem
2431 2260 2643 2317 fierent.
2689 2260 2931 2330 Denique
2952 2261 3149 2316 iterum
3171 2261 3359 2332 pulsus
3394 2263 3449 2317 in
3477 2265 3754 2330 exsilium,

2158 2369 2329 2423 usque
2360 2353 2428 2408 ad
2452 2352 2586 2407 fines
2613 2351 2846 2407 Romani
2874 2338 3086 2423 imperii
3112 2355 3452 2423 perducitur.
3485 2355 3757 2412 Exsulans

2158 2446 2342 2516 itaque
2370 2445 2631 2511 moritur,
2681 2460 2841 2515 quem
2871 2459 3065 2515 magna
3090 2461 3217 2516 pars
3267 2446 3449 2517 populi
3478 2446 3752 2503 Constan-

2157 2538 2499 2609 tinopolitani
2530 2546 2738 2604 secuta,
2765 2546 2820 2592 et
2847 2539 2890 2593 si
2923 2553 3029 2594 non
3057 2540 3270 2595 incessu
3298 2542 3497 2612 pedum
3516 2583 3532 2607 ,
3561 2557 3748 2598 amore

2158 2638 2361 2695 tamen,
2413 2644 2659 2685 seorsum
2710 2628 2966 2684 collectas
2997 2628 3261 2694 fecerunt,
3290 2639 3347 2686 et
3373 2633 3587 2687 acutulis
3611 2633 3754 2687 illius

2158 2720 2562 2775 communicare
2587 2719 2898 2784 noluerunt,
2921 2735 3100 2790 neque
3132 2722 3434 2777 successori
3471 2722 3596 2791 ejus
3620 2723 3757 2778 Aca-

2162 2810 2257 2865 tio.
2323 2808 2474 2865 Unde
2515 2809 2699 2864 multa:
2749 2809 3061 2871 seditiones
3095 2810 3238 2865 inter
3289 2810 3587 2868 alterutros
3632 2822 3761 2867 sunt

2159 2906 2364 2954 exortae
2385 2939 2400 2963 ,
2438 2907 2601 2968 atque
2653 2898 2869 2969 plurimi
2923 2899 3135 2955 diversa
3166 2901 3408 2970 perpessi
3435 2911 3562 2956 sunt
3591 2904 3759 2959 mala.

2084 2976 2129 3038 C
2159 2986 2303 3045 Inter
2331 2990 2447 3044 ha‘c
2467 2988 2811 3044 Innocentius
2838 2989 3113 3046 Romanus
3137 2992 3396 3056 antistes,
3424 2994 3662 3050 audiens
3691 2996 3763 3052 de

2157 3078 2404 3134 Iohanne
2427 3085 2482 3134 et
2508 3078 2731 3134 moleste
2777 3079 2977 3143 ferens,
3004 3081 3294 3152 volensque
3321 3085 3575 3153 generale
3612 3088 3762 3143 cele-

2158 3168 2322 3223 brare
2347 3167 2657 3234 concilium,
2704 3168 2922 3240 scripsit
2950 3170 3183 3227 Iohanni
3209 3182 3265 3228 et
3290 3174 3441 3230 clero
3483 3177 3762 3233 Constan-

2160 3258 2484 3329 tinopoleos,
2513 3274 2621 3314 non
2669 3268 2920 3330 oportere
2949 3260 3180 3317 Iohanni
3216 3279 3587 3322 successorem
3619 3270 3762 3333 dari,

2158 3363 2260 3407 nec
2317 3349 2435 3419 ejus
2485 3350 2692 3406 clerum
2747 3351 2838 3406 alii
2868 3367 3061 3421 parere
3095 3353 3358 3424 pontifici.
3408 3356 3583 3412 Aiunt
3615 3359 3760 3415 enim

2158 3441 2479 3507 Iohannem,
2510 3456 2634 3497 cum
2664 3441 2717 3495 in
2750 3442 2999 3497 exsilium
3021 3445 3327 3509 duceretur,
3366 3463 3465 3517 per
3489 3432 3760 3506 visionem

2159 3532 2477 3599 cognovisse
2508 3531 2649 3588 diem
2689 3547 2796 3602 qua
2835 3535 3131 3590 moriturus
3160 3546 3326 3592 esset.
3383 3537 3555 3610 Hujus
3588 3541 3760 3610 igitur

2160 3620 2437 3691 injustitiae
2478 3636 2673 3677 causas
2713 3623 3009 3678 abominati
3051 3633 3178 3679 sunt
3215 3627 3489 3697 praecipue
3528 3628 3760 3703 Europa:

2158 3716 2464 3787 pontiﬁces.
2503 3716 2585 3771 Ab
2614 3732 2802 3772 eorum
2848 3732 2907 3773 se
2954 3733 3187 3789 namque
3233 3721 3572 3790 suspendere
3597 3738 3756 3778 com-

2159 3809 2417 3864 munione
2466 3810 2558 3880 qui
2599 3823 2993 3867 consenserunt
3035 3814 3089 3868 in
3138 3815 3545 3872 damnationem
3595 3816 3759 3885 ejus:

2158 3898 2364 3966 pariter
2387 3914 2578 3955 omnes
2602 3899 2800 3972 Illyrici
2830 3900 2945 3970 ejus
2982 3904 3152 3974 partis
3181 3905 3359 3960 eﬂ’ecti
3385 3917 3532 3963 sunt.
3564 3908 3763 3964 Oriea~

2159 3987 2292 4042 tales
2329 3997 2507 4043 autem
2545 3989 2765 4059 plurimi
2814 3992 3032 4061 quidem
3082 3992 3407 4063 injustitiam
3446 3997 3764 4053 declinave—

2158 4088 2325 4145 runt,
2381 4096 2580 4151 corpus
2633 4090 2812 4138 tamen
2866 4084 3119 4141 Ecclesia:
3149 4086 3393 4144 dividere
3441 4089 3761 4144 noluerunt.

2160 4170 2361 4225 Verum
2389 4172 2655 4228 moriente
2677 4174 2767 4229 illo
2795 4177 3040 4231 omnium
3072 4178 3294 4234 doctore
3326 4188 3627 4246 terrarum,
3652 4197 3767 4235 non

2158 4261 2311 4329 prius
2338 4261 2715 4320 Occidentales
2755 4266 2992 4337 episcopi
3016 4266 3396 4340 .‘Egyptiorum
3423 4279 3480 4325 et
3502 4268 3766 4326 Orienta-

478 4335 762 4446 cpiseropus
808 4335 1433 4438 Constantinopolitana;
1465 4365 1626 4442 sedis.
1682 4335 1847 4432 Quod
1880 4363 2056 4418 Theo-
2086 4335 2137 4394 Ῑ)
2164 4351 2314 4416 lium,
2352 4335 2808 4422 Bosphorensium
2831 4335 2994 4426 atque
3018 4335 3455 4423 Tharatensium,
3491 4369 3621 4414 sunt
3645 4377 3769 4416 am-

478 4465 626 4538 pbilo
696 4462 1062 4517 Alexandrino
1114 4459 1368 4528 episcopo
1429 4471 1766 4527 nequaquam
1834 4454 2059 4525 placuit,

480 4555 733 4625 quoniam
762 4552 1005 4606 eamdem
1055 4548 1235 4603 sedem
1271 4562 1371 4602 suo
1408 4546 1727 4617 presbytero
1754 4545 1911 4601 valde
1931 4544 2063 4600 dile-

482 4655 572 4701 eto
597 4643 917 4699 contradere
941 4639 1232 4694 nitebatur.
1262 4637 1380 4692 Sed
1407 4637 1686 4706 pnevaluit
1712 4637 2062 4706 plurimorum

483 4734 769 4793 sententia.
823 4731 1098 4788 Iohannes
1129 4728 1346 4799 quidem
1375 4726 1551 4782 factus
1584 4727 1887 4797 episcopus,
1936 4727 2063 4782 dum

481 4826 612 4884 nulli
639 4831 908 4896 parceret,
943 4820 1123 4877 evenit
1148 4819 1225 4875 illi
1253 4818 1395 4889 quod
1427 4817 1482 4873 in
1512 4806 1732 4888 antiquo
1757 4818 2065 4872 continetur

481 4915 768 4991 proverbio
798 4933 811 4969 :
841 4913 1056 4970 Veritas
1082 4912 1265 4968 odium
1294 4920 1350 4966 et
1378 4908 1696 4979 obsequium
1725 4909 1929 4965 amicos
1970 4922 2065 4978 pa-

481 5018 587 5066 rat.
629 5006 866 5065 Oﬂ‘endit
900 5005 1044 5061 enim
1067 5005 1272 5060 clerum
1322 5002 1422 5059 sibi
1447 5001 1793 5057 commissum
1816 5042 1831 5066 ,
1853 5017 1953 5072 pro
1985 5000 2071 5056 dio

481 5101 657 5155 versis
679 5098 1077 5161 occasionibus,
1116 5104 1277 5163 atque
1304 5094 1725 5165 imperatricem,
1748 5104 1806 5149 et
1829 5094 2064 5147 maxime

484 5187 839 5258 Theophilum
867 5201 988 5240 cum
1017 5185 1131 5240 suis
1182 5184 1533 5252 sequacibus,
1569 5200 1599 5236 a
1641 5199 1870 5252 quorum
1908 5184 2064 5237 dero—

485 5277 792 5349 gationibus
838 5275 1031 5345 saepius
1072 5273 1314 5343 pulsatus
1359 5272 1551 5329 fuerat.
1600 5274 1655 5327 lu
1683 5282 1888 5328 tantum
1919 5274 2061 5327 enim

490 5366 829 5423 inimicorum
851 5364 1248 5434 praevaluerunt
1270 5364 1410 5433 apud
1450 5363 1736 5421 Arcadium
1768 5364 2062 5434 principem

484 5458 714 5520 insidiis,
749 5456 983 5510 maxime
1010 5455 1195 5510 uxoris
1218 5494 1233 5519 ,
1282 5463 1342 5508 ut
1378 5455 1668 5524 pelleretur
1708 5452 1981 5510 Iohannes
2008 5456 2063 5511 in

488 5546 755 5602 usilium.
788 5544 1023 5616 Populus
1041 5553 1220 5599 autem
1246 5558 1368 5598 eum
1396 5555 1618 5614 propter
1644 5545 1949 5601 sanctitatis
1978 5561 2063 5601 re-

490 5637 806 5699 verentiam,
834 5645 887 5691 et
923 5635 1039 5706 ejus
1066 5635 1523 5705 praedicationem,
1552 5635 1766 5693 fortiter
1785 5636 2057 5709 diligebat.

2160 4444 2303 4514 plexi
2334 4446 2789 4512 communionem,
2836 4464 2999 4518 quam
3050 4449 3193 4506 illius
3249 4452 3611 4506 sacratissimi
3654 4453 3767 4509 viri

2162 4550 2357 4590 nomen
2389 4534 2530 4591 inter
2565 4538 2987 4607 prmdrccssores
3033 4550 3326 4611 poneretur
3365 4542 3682 4613 episcopos,
3710 4553 3771 4600 et

2160 4626 2406 4683 Acatium
2437 4628 2676 4697 quidem,
2705 4630 2796 4700 qui
2833 4640 2957 4701 post
3000 4648 3128 4687 eum
3159 4633 3443 4689 ordinatus
3471 4643 3578 4699 est,
3607 4635 3769 4691 nullo

2162 4718 2469 4773 habuerunt
2529 4734 2780 4775 sermone
2832 4721 3076 4793 dignum.
3145 4722 3224 4777 Eo
3279 4732 3523 4793 tempore
3590 4726 3765 4781 etiam

2162 4809 2366 4879 grando
2431 4809 2721 4865 vehemens
2774 4809 3295 4883 Constantinopolim
3342 4824 3399 4871 et
3438 4818 3585 4871 circa
3637 4816 3769 4885 ejus

2163 4897 2468 4953 suburbana
2490 4899 2789 4954 descendit.
2832 4902 3094 4958 Dicebant
3126 4905 3309 4974 itaque
3336 4905 3430 4959 Dei
3472 4906 3769 4961 iracundia

2162 4996 2374 5059 gestum
2394 5028 2408 5052 ,
2452 5004 2518 5043 eo
2542 4990 2686 5059 quod
2736 4992 2853 5046 sine
2889 4991 3093 5060 judicio
3115 4992 3390 5050 Iohannes
3418 4994 3596 5050 fuerat
3619 5012 3769 5051 con-

2163 5078 2464 5132 demuatus.
2495 5077 2699 5144 Quibus
2720 5082 2900 5136 verbis
2923 5082 3081 5139 ﬁdem
3113 5084 3260 5139 dedit
3296 5099 3444 5140 mors
3474 5085 3767 5156 Auguste,

2161 5171 2419 5224 continuo
2445 5172 2753 5226 subsecuta.
2789 5173 2992 5239 Quarta
3025 5192 3258 5246 namque
3295 5178 3383 5233 die
3432 5188 3553 5248 post
3584 5195 3771 5249 gran-

2164 5262 2346 5319 dinem
2371 5271 2454 5318 est
2481 5262 2731 5318 defuncta
3668 5262 3681 5267 ”

2796 5394 3022 5451 CAPUT
3050 5396 3112 5451 ll.

2162 5480 2242 5537 De
2267 5483 2501 5552 tyrannis
2523 5499 2617 5553 per
2645 5482 2742 5560 Dei
2787 5488 3067 5560 potentiam
3091 5488 3380 5560 exstinetis,
3410 5498 3459 5543 et
3490 5505 3609 5560 rege
3636 5506 3771 5546 ma-

2572 5568 2672 5621 gno
2700 5552 2927 5624 Scythia!
2958 5556 3051 5610 sub
3080 5556 3326 5610 Arcadio.

2237 5638 2438 5697 Gainas
2481 5642 2695 5712 quidem
2750 5657 2947 5713 genere
2984 5644 3240 5713 Celticus,
3287 5644 3515 5704 consilio
3542 5647 3777 5705 Barba-
