3962 6174
265 357 405 414 1253

258 583 384 624 cum
431 571 578 619 esset
622 561 880 632 magister
923 559 1176 624 militum,
1242 560 1442 614 mullos
1488 575 1600 614 sua:
1649 557 1843 628 gentis,

258 653 459 710 multos
487 650 651 706 etiam
696 650 1059 704 Romanorum
1107 649 1209 703 sub
1253 663 1350 702 suo
1401 648 1712 718 magisterio
1752 647 1848 702 ha-

261 745 411 804 bens,
449 751 712 796 terrorem
741 738 991 810 plurimis
1019 738 1182 793 etiam
1237 737 1336 807 ipsi
1362 737 1592 806 principi
1622 736 1847 792 medita-

260 836 411 890 tione
441 829 741 902 tyrannidis
770 827 1054 883 inferebat.
1094 827 1330 896 Eratque
1367 826 1612 880 Arianus.
1646 825 1695 880 ls
1723 840 1845 880 cum

261 930 420 984 vellet
453 927 630 981 fasces
671 923 884 994 imperii
925 922 1189 992 arripere.
1237 921 1728 990 imperatoremque
1755 934 1846 972 cn-

261 1028 412 1091 peret
441 1016 805 1086 exstinguere,
851 1027 1070 1066 manum
1091 1011 1322 1064 validam
1349 1023 1570 1064 suorum
1593 1007 1758 1068 misit,
1791 1015 1850 1062 ut

262 1108 466 1180 regalia
493 1116 656 1161 noctu
703 1104 1073 1160 incenderent.
1125 1101 1350 1156 Barbari
1381 1116 1508 1154 vero
1535 1099 1848 1170 angelorum

262 1198 408 1252 circa
442 1195 698 1266 palatium
725 1191 976 1264 praesidia
1025 1199 1310 1245 cernentes
1358 1189 1412 1244 in
1457 1189 1733 1243 schemate
1768 1201 1852 1239 ar-

263 1295 530 1340 matorum
566 1284 821 1346 militum,
857 1281 1057 1336 infecto
1079 1279 1294 1351 negotio
1333 1285 1678 1334 revertuntur
1707 1277 1773 1332 ad
1797 1276 1853 1330 il-

261 1377 395 1431 lum.
431 1376 524 1432 ille
546 1392 676 1430 vero
701 1373 924 1429 minime
945 1375 1172 1428 credens
1196 1372 1407 1427 illorum
1441 1370 1850 1436 assertionibus,

265 1467 392 1522 dum
419 1465 718 1521 exercitum
739 1480 770 1518 a
793 1463 940 1535 regia
967 1463 1100 1518 urbe
1127 1463 1427 1532 dispersum
1458 1460 1644 1524 sciret,
1669 1459 1854 1530 plures

265 1555 418 1612 misit
463 1554 706 1626 sequenti
735 1561 911 1608 nocte.
961 1551 1296 1608 Adeuntibus
1321 1559 1502 1605 autem
1531 1565 1669 1619 quos
1692 1549 1854 1603 mise-

263 1653 352 1699 rat
387 1645 564 1700 aulam
611 1645 834 1715 regiam,
867 1642 1122 1697 viderunt
1166 1650 1221 1696 et
1248 1641 1350 1711 ipsi
1381 1639 1620 1709 undique
1639 1639 1854 1711 agmina

266 1737 470 1808 regalia
497 1735 858 1810 protegentis.
905 1733 1023 1800 Qua
1050 1732 1254 1788 visione
1283 1731 1457 1787 territi
1485 1738 1848 1787 recesserunt.

261 1799 467 1885 Cavinas
485 1799 636 1892 vero,
657 1799 768 1883 hoc
793 1835 1091 1896 comperto,
1124 1833 1290 1880 totam
1327 1825 1514 1880 urbem
1542 1823 1654 1894 igni
1680 1822 1852 1879 ferro—
1881 1799 1926 1857 Β

261 1935 372 1990 que
418 1917 675 1983 turbavit,
723 1917 1042 1987 fugiensque
1081 1915 1426 1985 Hellesponto
1469 1914 1701 1984 piratico
1747 1913 1853 1968 ritu

264 2011 500 2073 vivebat.
527 2009 729 2066 Contra
760 2025 920 2079 quem
955 2008 1132 2063 navali
1163 2007 1351 2078 przelio
1380 2009 1527 2072 dato,
1573 2007 1731 2062 multi
1751 2007 1858 2063 Co-

269 2101 492 2156 thorum
528 2097 646 2167 ejus
687 2099 972 2164 exstincti,
1025 2099 1138 2170 ipse
1182 2114 1398 2169 quoque
1420 2099 1563 2154 bello
1601 2101 1855 2165 evadens,

266 2205 392 2244 mox
419 2198 596 2244 tamen
618 2189 796 2260 capite
820 2189 1094 2260 plectitur.
1125 2189 1256 2246 Post
1277 2193 1430 2259 cujus
1455 2190 1858 2260 oppressionem

266 2279 441 2334 lsauri
489 2293 587 2349 per
623 2287 862 2335 montem
891 2280 1054 2334 Tauri
1092 2279 1482 2346 discurrentes,
1521 2280 1711 2350 ingens
1743 2279 1858 2335 dis-

265 2371 522 2440 pendium
561 2370 870 2440 reipubliete
894 2371 1274 2440 importarunt.
1311 2371 1513 2427 Contra
1546 2386 1685 2441 quos
1723 2369 1860 2424 Nar-

272 2459 529 2516 bazaieus
561 2458 822 2525 directus,
868 2460 1044 2532 majus
1069 2461 1326 2516 continuo
1363 2461 1608 2532 rependit
1649 2461 1857 2516 incom-

268 2550 509 2604 modum.
540 2549 654 2617 Qua
686 2559 1002 2620 tempestate
1035 2551 1222 2607 Roilus
1251 2552 1358 2606 dux
1397 2551 1635 2624 Scythiae
1680 2559 1860 2608 trans-

269 2639 370 2694 ivit
409 2638 680 2704 Histrum,
729 2648 786 2694 et
824 2655 947 2695 cum
987 2640 1270 2697 innumero
1299 2641 1538 2697 exercitu
1571 2643 1862 2698 vehemen-

267 2738 356 2786 ter
379 2728 639 2783 Thracias
665 2728 953 2798 populatus
993 2738 1077 2785 est
1095 2771 1110 2795 ,
1142 2731 1423 2800 ipsamque
1445 2731 1648 2802 regiam
1674 2731 1862 2786 civita-

267 2828 382 2872 tem
431 2817 682 2873 obsidere
727 2825 784 2872 et
831 2819 1146 2874 subvertere
1203 2819 1530 2874 minabatur.
1601 2819 1863 2889 Supernis

265 2923 431 2978 quem
469 2907 667 2978 jaculis
705 2917 868 2976 atque
897 2907 1210 2964 fulminibus
1237 2907 1492 2978 majestas
1531 2909 1710 2964 divina
1738 2925 1864 2980 per-

267 2999 506 3064 cutiens,
533 3008 590 3053 et
615 2998 788 3068 ipsum
814 3007 870 3054 et
889 3013 1103 3054 omnem
1126 2999 1287 3054 simul
1325 3000 1691 3074 concremavit
1709 3015 1865 3055 exer-

265 3088 464 3142 citum.
495 3087 624 3141 Tale
645 3087 846 3157 aliquid
877 3103 907 3141 a
935 3087 1155 3142 domino
1179 3085 1298 3156 ejus
1322 3087 1663 3143 consolatore
1693 3088 1859 3154 etiam

271 3178 528 3233 Parthico
569 3177 754 3248 pnelio
781 3185 992 3250 gestum
1016 3185 1118 3232 est.
1149 3176 1282 3232 Nam
1322 3193 1446 3232 cum
1487 3177 1561 3234 ibi
1591 3177 1866 3232 Romanos

273 3285 473 3324 vacare
501 3269 884 3340 cognovissent
909 3309 924 3333 ,
953 3278 1009 3324 et
1035 3269 1283 3324 civitates
1309 3268 1363 3323 in
1411 3269 1644 3324 confinio
1665 3268 1867 3324 consti-

273 3370 426 3418 tutas
474 3359 825 3426 debellarent,
877 3361 1135 3430 pacisque
1192 3367 1350 3430 pacta
1399 3359 1865 3424 transcenderent,

276 3453 507 3508 vastatis
558 3453 756 3508 finibus
797 3469 956 3509 nemo
988 3452 1198 3508 ferebat
1247 3451 1524 3506 auxilium.
1575 3451 1870 3522 imperator

279 3561 516 3614 namque
538 3545 603 3600 de
626 3560 757 3615 pace
782 3559 1134 3614 prmsumcns,
1165 3543 1332 3598 duces
1365 3550 1421 3598 et
1447 3541 1644 3596 milites
1671 3543 1738 3596 ad
1764 3541 1870 3596 alia

281 3633 421 3687 bella
455 3631 749 3686 direxerat.
797 3631 948 3686 Tune
989 3645 1119 3702 ergo
1146 3631 1318 3686 imbre
1346 3627 1819 3686 vehementissimo
1835 3635 1892 3682 et

277 3723 543 3794 grandine
569 3723 834 3793 deposita,
884 3721 1112 3777 ulterius
1159 3736 1254 3776 eos
1278 3721 1424 3776 Deus
1453 3719 1715 3775 accedere
1762 3733 1870 3776 non

279 3813 566 3883 permisit,
608 3828 904 3884 eorumque
953 3812 1140 3884 ligavit
1181 3826 1438 3874 cursum,
1481 3810 1555 3864 ita
1591 3817 1654 3864 ut
1683 3807 1872 3880 viginti

281 3903 477 3958 diebus
504 3905 724 3958 totidem
751 3904 1028 3960 ambulare
1069 3903 1242 3958 stadia
1270 3919 1377 3958 non
1406 3901 1667 3957 valerent.
1699 3900 1875 3954 Duces

281 3990 568 4047 venientes
597 4000 653 4047 et
701 4001 1092 4064 congregantes
1140 3991 1438 4046 exercitum
1463 4030 1478 4054 ,
1522 3990 1696 4060 primo
1733 3987 1874 4044 bello

278 4085 596 4142 obsidentes
619 4085 828 4148 urbem,
862 4083 1204 4154 imperatoris
1235 4081 1496 4137 vocabulo
1517 4081 1872 4144 nominatam,

284 4175 505 4245 reprobi
543 4182 670 4230 sunt
706 4174 930 4228 inventi.
977 4173 1112 4229 Cum
1139 4173 1286 4228 enim
1333 4164 1620 4241 plusquam
1648 4169 1873 4240 triginta

285 4264 482 4320 diebus
506 4263 818 4318 Gororanus
866 4277 964 4317 rex
999 4261 1312 4333 praedictam
1362 4259 1637 4314 obsideret
1687 4257 1878 4312 civita-

289 4364 423 4418 tem,
474 4361 532 4408 et
581 4353 749 4408 multa
795 4352 1234 4408 machinamenta
1283 4357 1650 4416 construeret,
1702 4356 1880 4404 turres

288 4453 480 4500 contra
502 4459 685 4498 muros
712 4442 948 4498 civitatis
977 4441 1221 4497 excelsas
1247 4439 1560 4505 adiﬁcaret,
1593 4437 1738 4494 solus
1765 4437 1875 4494 Eu-

289 4536 505 4592 nomius
531 4535 930 4590 sacratissimus
970 4534 1088 4604 ejus
1129 4532 1364 4588 civitatis
1388 4531 1672 4601 episcopus
1712 4529 1874 4585 resti-

291 4627 379 4690 tit,
422 4634 478 4681 et
516 4626 776 4696 impetum
819 4624 1114 4679 moliminis
1141 4637 1328 4678 eorum
1357 4620 1742 4689 machinasque
1785 4617 1879 4674 de-

290 4716 515 4772 struxit.
545 4715 612 4770 Et
643 4715 771 4770 licet
799 4708 966 4770 duces
993 4713 1164 4768 nostri
1202 4712 1450 4768 hostibus
1487 4709 1738 4766 bellando
1759 4725 1880 4765 ces-

292 4807 514 4871 sissent,
544 4814 599 4860 et
631 4805 837 4860 obsessi
868 4805 1018 4860 cives
1047 4805 1300 4858 resistere
1338 4819 1445 4857 non
1473 4801 1756 4866 auderent,
1780 4801 1881 4856 iste

293 4896 448 4952 solus
467 4894 673 4950 orando
705 4894 824 4948 siue
849 4892 1152 4948 vastatione
1182 4892 1414 4948 reddidit
1437 4891 1732 4946 civitatem.
1764 4889 1880 4944 Non

297 4986 470 5042 multo
497 4993 620 5057 post
647 4993 910 5053 tempore,
959 4997 1122 5052 quam
1149 4981 1422 5037 Iohannes
1453 4979 1740 5036 defunctus
1778 4987 1884 5044 est,

297 5077 532 5133 moritur
567 5085 624 5132 et
652 5077 919 5131 Arcadius
949 5075 1262 5144 imperator,
1291 5073 1376 5128 vir
1399 5073 1545 5128 mitis
1562 5081 1616 5126 et
1650 5072 1886 5143 quietus,

299 5169 397 5225 sed
423 5168 476 5221 in
496 5167 600 5222 hoc
621 5167 940 5237 culpabilem
968 5181 1026 5220 se
1057 5163 1320 5228 exhibuit,
1348 5164 1492 5233 quod
1514 5163 1890 5233 dcrogationes

299 5274 412 5314 non
441 5257 663 5312 evitavit
690 5273 810 5327 quae
833 5255 973 5311 odiis
995 5254 1373 5310 excitabantur
1397 5261 1584 5308 contra
1611 5245 1890 5308 ministros

300 5348 527 5405 Christi.
572 5347 624 5402 is
659 5363 788 5418 ergo
823 5362 947 5402 eum
991 5353 1144 5416 patre
1184 5342 1399 5413 quidem
1433 5341 1742 5398 Theodosio
1784 5351 1892 5397 tre-

300 5439 480 5496 decim
513 5440 754 5511 regnavit
782 5439 960 5503 anuis,
991 5444 1112 5508 post
1143 5443 1370 5490 mortem
1397 5449 1526 5489 vero
1555 5433 1724 5504 patris
1759 5449 1892 5504 quae

306 5529 640 5598 tuordecim;
673 5528 1175 5603 vixitquadragiuta
1204 5534 1262 5591 et
1288 5541 1394 5588 uno
1419 5525 1595 5581 annis.

1349 342 1763 401 CllltONlCON.
1802 374 1872 383 —
1912 341 2074 398 TOMl
2113 341 2155 396 ll
2194 342 2319 396 LIB.
2364 342 2422 396 ν.

260 493 378 540 rus,
413 473 592 529 studio
619 470 896 542 tyrannieo
923 469 1268 522 vehementer
1289 468 1480 531 elatus,
1507 483 1572 522 eo
1601 474 1842 537 tempore
1869 478 1917 536 Α

1891 3134 1938 3196 C

3386 345 3517 401 12ὂῶ

2548 467 2771 525 CAPUT
2813 471 2892 524 ΙΙΙ.

1947 556 2023 610 De
2064 557 2359 611 doctoribus
2387 559 2475 626 qui
2515 559 2608 611 sub
2639 557 2862 612 Arcadio
2899 570 2947 612 et
2987 557 3220 612 Honorio
3247 543 3518 614 scribendo

2563 626 2882 682 claruerunt.

2016 737 2184 808 igitur
2200 747 2490 810 antequam
2514 740 2579 794 de
2605 740 2848 796 cladibus
2877 743 3236 810 miseriarum,
3265 759 3384 814 qme
3409 746 3524 800 exi-

1947 828 2195 898 gentibus
2223 829 2458 898 peccatis
2491 829 2542 882 in
2575 830 2819 898 partibus
2852 831 3248 902 llcsperiartnn,
3279 849 3372 888 seu
3395 835 3522 890 Gal-

1949 920 2140 972 liarum
2169 931 2329 988 atque
2360 919 2758 989 Hispaniarum,
2789 937 2886 976 nec
2931 938 3034 976 non
3075 930 3128 975 et
3164 922 3432 992 Aphriue,
3457 940 3520 979 ea

1949 1019 2269 1078 tempestate
2292 1010 2655 1080 contigerunt,
2680 1011 2943 1076 dicamus,
2977 1011 3042 1066 de
3067 1011 3362 1075 illustribus
3395 1011 3525 1066 viris

1948 1100 2037 1168 qni
2069 1100 2244 1155 adhuc
2272 1101 2326 1153 in
2357 1100 2612 1154 Ecclesiis
2655 1101 2816 1155 veluti
2847 1101 3021 1156 sidera
3065 1101 3318 1155 micantia
3349 1102 3523 1156 radia~

1949 1185 2097 1251 bant,
2130 1187 2519 1257 imperantibus
2553 1186 2783 1243 Arcadio
2825 1197 2986 1258 atque
3010 1187 3127 1256 ejus
3155 1188 3321 1244 fratre
3347 1189 3529 1244 Hono-

1951 1277 2051 1340 rio,
2078 1276 2393 1330 memoriam
2427 1275 2601 1332 facere
2626 1277 2952 1333 censuimus.
2976 1277 3272 1349 Gregorius
3291 1279 3526 1344 Bcticus,

1952 1366 2135 1422 Hiberi
2178 1368 2480 1437 episcopus,
2524 1383 2694 1438 usque
2729 1370 2796 1423 ad
2843 1379 3143 1426 extremam
3193 1379 3526 1426 senectutem

1951 1457 2195 1513 diversos
2240 1458 2498 1513 mediocri
2537 1472 2786 1516 sermone
2828 1468 3092 1515 tractatus
3121 1462 3444 1530 composuit,
3476 1468 3532 1515 et

1953 1549 2019 1604 de
2039 1547 2142 1602 fide
2162 1547 2459 1618 elegantem
2486 1549 2683 1604 librum
2704 1549 2985 1606 Tmbadius
3004 1551 3209 1622 Agenni
3232 1551 3530 1605 Galliarum

1953 1639 2259 1709 episcopus,
2301 1639 2699 1702 edidit,contra-
2736 1639 2968 1695 Arianos
3007 1640 3227 1695 librum.
3272 1641 3534 1694 Dicuntur

1954 1730 2070 1800 ejus
2100 1739 2154 1786 et
2187 1729 2291 1784 alia
2317 1745 2439 1786 esse
2466 1730 2742 1802 opuscula.
2787 1732 3139 1802 Epiphanius,
3165 1731 3325 1804 Cypri
3375 1731 3532 1787 Sala-

1957 1819 2114 1875 mina:
2147 1820 2452 1891 episcopus,
2489 1821 2704 1892 scripsit
2747 1823 3032 1877 adversuzn
3065 1837 3256 1878 omnes
3301 1824 3536 1878 haereses

1956 1911 2144 1976 libros,
2173 1920 2228 1967 et
2254 1911 2419 1966 multa
2450 1911 2554 1966 alia
2582 1911 2860 1981 opuscula,
2890 1927 3009 1982 qua:
3037 1913 3104 1967 ab
3129 1913 3374 1978 eruditis,
3405 1927 3534 1983 pro-

1957 2009 2078 2071 pter
2126 2015 2214 2055 rcs
2260 2015 2291 2055 a
2339 2001 2794 2071 simplicioribus,
2837 2011 3056 2072 propter
3103 2005 3267 2058 verba
3323 2017 3538 2072 quoque

1958 2090 2162 2162 ignota,
2190 2091 2524 2147 lectitantur.
2559 2092 2825 2148 Diodorus
2867 2093 3190 2149 Tbarsensis
3228 2094 3537 2163 episcopus,

1958 2180 2084 2235 dum
2133 2181 2433 2237 Antiochia:
2463 2189 2606 2238 esset
2649 2182 2954 2253 presbyter,
2983 2184 3155 2254 magis
3186 2183 3399 2238 claruit.
3428 2183 3540 2238 Ex-

1958 2279 2106 2325 stant
2137 2269 2254 2338 ejus
2285 2271 2340 2325 in
2383 2271 2701 2341 Apostolum
2729 2274 3128 2339 commentarii,
3155 2283 3212 2330 et
3237 2268 3406 2328 multa
3434 2274 3539 2329 alia

1959 2363 2026 2418 de
2069 2361 2285 2418 Eusebii
2320 2363 2492 2434 magis
2533 2362 2800 2420 Etnisseni
2828 2365 3148 2420 charactere
3192 2363 3538 2434 pertinentia,

1959 2447 2114 2520 cujus
2156 2465 2280 2506 eum
2318 2465 2534 2506 sensum
2572 2459 2788 2508 secutus
2825 2451 2917 2517 sit,
2943 2451 3304 2522 eloquentiam
3343 2452 3550 2512 imitari,

1961 2555 2066 2596 non
2095 2541 2289 2611 potuit,
2320 2549 2544 2611 propter
2580 2541 2940 2613 ignorantiam
2973 2541 3312 2598 szecularium
3343 2541 3548 2604 littera».-

1962 2648 2102 2688 rum.
2128 2632 2425 2688 Ennomius
2459 2632 2674 2688 Ariana:
2715 2635 2886 2703 partis
2928 2633 3212 2689 Cicizenns
3239 2633 3553 2704 episcopusm

1963 2721 2019 2778 in
2047 2730 2288 2792 apertam
2317 2723 2587 2778 haereseos
2615 2737 2728 2778 sua:
2748 2739 3110 2802 prorumpens
3129 2723 3542 2794 blasphemiam,

1963 2825 2023 2872 ut
2055 2817 2197 2886 quod
2239 2817 2328 2871 alii
2361 2825 2547 2888 tegunt
2588 2817 2691 2872 iste
2716 2818 2928 2894 publice
2975 2817 3254 2881 fateretur,
3277 2825 3334 2871 et
3377 2819 3546 2872 multa

1965 2917 2154 2963 contra
2217 2907 2514 2962 Ecclesium
2579 2907 2819 2963 scribere
2877 2920 3062 2968 ausus.
3133 2905 3558 2975 Responderunt.

1964 2996 2318 3066 Apollinaris,
2353 2995 2630 3075 Didymus,
2667 2997 2896 3053 Basilius
2938 2997 3306 3061 Cmsariensis,
3339 2998 3548 3070 (ἔνθεοφ

1966 3089 2080 3144 rius
2105 3087 2476 3144 Nazianzenus
2501 3096 2556 3144 et
2589 3087 2925 3146 Emissenus.
2972 3089 3342 3150 Priscillianns
3380 3089 3559 3146 Abilat

1969 3183 2280 3252 episcopus,
2308 3182 2400 3255 qui
2449 3181 2682 3236 factione
2727 3181 2906 3236 Hidati
2935 3191 2990 3237 et
3019 3180 3216 3236 Hitacii
3251 3180 3491 3252 Treviris
3519 3197 3556 3241 a.

1971 3273 2204 3329 Maximo
2245 3284 2472 3345 tyranno
2511 3289 2684 3338 czesus
2725 3281 2828 3338 est,
2867 3272 3036 3330 edidit
3063 3273 3230 3327 multa
3259 3257 3559 3344 opuscula;

1969 3365 2060 3434 qui
2095 3380 2128 3420 a
2157 3363 2430 3420 nonnullis
2459 3363 2750 3429 Gnosticte,
2783 3363 2838 3418 id
2881 3372 2967 3420 est
2997 3363 3248 3418 Basilidis
3273 3363 3358 3418 vel
3385 3361 3554 3417 Marci

1972 3455 2061 3528 (de
2087 3456 2284 3524 quibus
2307 3455 2542 3513 [renatus
2568 3455 2808 3526 scripsit)
2837 3455 3104 3510 haereseos
3129 3463 3433 3518 accusatur,
3460 3453 3554 3509 dc-

1970 3547 2315 3603 fendentibus
2355 3548 2475 3602 aliis
2504 3563 2612 3601 non
2651 3547 2725 3601 ita
2761 3562 2884 3600 eum
2915 3545 3168 3610 sensisse,
3197 3553 3258 3600 ut
3283 3545 3552 3615 arguitur.

1970 3634 2291 3691 Latroianns
2318 3634 2588 3704 Hispaniae
2610 3635 2916 3707 provinciae,
2936 3634 3020 3694 vir
3048 3634 3202 3694 valde
3227 3633 3472 3690 eruditus
3497 3641 3557 3688 et

1975 3725 2028 3779 in
2073 3724 2296 3778 metrico
2329 3739 2493 3794 opere
2529 3725 2803 3795 veteribus
2829 3723 3242 3796 comparandus,
3269 3737 3442 3783 exesus
3471 3729 3558 3779 est

1973 3824 2030 3872 et
2078 3816 2192 3886 ipse
2239 3815 2500 3881 Treviris,
2530 3831 2653 3870 cum
2690 3813 3050 3880 Priscilliano,
3079 3813 3434 3878 Felicissimo,
3461 3809 3558 3868 Ju-

1973 3907 2138 3974 liano,
2169 3906 2444 3971 Eucrotia,
2476 3906 2718 3978 ejusdem
2767 3904 3018 3960 factionis
3063 3903 3393 3958 auctoribus.
3423 3891 3555 3958 Ἐχ-

1975 4004 2123 4052 stant
2148 3995 2264 4066 ejus
2304 3995 2505 4066 ingenii
2531 4009 2697 4064 opera
2729 3993 2960 4049 diversis
3001 3992 3192 4048 metris
3233 3992 3400 4048 edita.
3449 3993 3557 4063 'l‘y-

1975 4086 2231 4144 berianus
2275 4084 2504 4140 Baeticus
2547 4083 2766 4164 scripsit
2807 4099 2905 4154 pro
2934 4083 3258 4154 suspicione,
3296 4097 3403 4150 qua
3430 4097 3566 4140 cum

1977 4177 2314 4234 Priscilliano
2341 4175 2698 4232 accusabatur
2721 4177 3008 4239 haereseos,
3037 4174 3446 4246 Apologeticum
3475 4185 3559 4240 tu-

1979 4267 2146 4322 menti
2179 4267 2586 4337 compositoque
2625 4281 2894 4321 sermone.
2929 4263 3034 4320 Sed
3067 4274 3190 4336 post
3215 4279 3435 4320 suorum
3459 4279 3562 4330 ea"

1980 4359 2101 4414 dem
2153 4358 2310 4414 taedio
2355 4359 2532 4414 victus
2579 4357 2780 4423 exsilii,
2815 4357 3048 4412 mutavit
3082 4357 3558 4429 propositum,_et,

1975 4447 2128 4516 juxta
2157 4459 2398 4505 sanctam
2427 4447 2764 4518 Scripturam
2784 4487 2802 4513 ,
2829 4447 2982 4503 canis
3014 4461 3264 4503 reversus
3293 4445 3362 4512 ad
3389 4445 3561 4506 vomi-

1985 4550 2098 4595 tum
2130 4555 2308 4606 suum,
2354 4538 2519 4594 filiam
2549 4539 2796 4594 devotam
2840 4537 3056 4596 Christo
3085 4536 3346 4613 virginem
3359 4537 3561 4603 ,matrl-

1985 4629 2166 4684 monio
2190 4628 2479 4698 copulavit.
2517 4627 2836 4683 Ambrosius
2865 4615 3564 4692 Mediolanensis_.Ecclesim

1985 4721 2299 4796 episcopus,
2330 4721 2397 4777 de
2441 4736 2549 4791 quo
2597 4735 2760 4790 supra
2805 4719 3430 4785 mentionemfecimus,
3467 4716 3562 4787 qui

1987 4812 2152 4870 multa
2183 4811 2435 4866 nobiliter
2455 4810 2626 4866 edidit
2650 4807 2926 4878 opuscula,
2957 4823 3076 4880 quae
3103 4808 3318 4879 quidem
3341 4813 3565 4876 propter

1989 4901 2239 4957 notitiam
2269 4900 2486 4954 assidue
2523 4899 2812 4967 legentium
2851 4912 2974 4952 reor
3000 4912 3114 4962 non,
3143 4911 3264 4962 esse
3292 4893 3564 4964 recapitu-

1986 4990 2102 5046 lare
2127 4989 2516 5046 necessarium.
2543 4987 2624 5041 Eo
2645 4995 2884 5057 tempore
2915 4985 3201 5051 defunctus
3228 4993 3315 5041 est
3339 4983 3566 5040 Ambro—

1987 5083 2100 5138 sius
2125 5081 2522 5136 Alexandrinus
2547 5079 2758 5140 auditor
2779 5078 3030 5150 Didymi:
3056 5076 3276 5146 scripsit
3301 5075 3566 5130 adversus

1987 5173 2354 5244 Apollinarem
2383 5169 2630 5226 volumen
2653 5169 2944 5236 multorum
2968 5182 3222 5230 versuum
3249 5165 3316 5221 de
3337 5167 3562 5237 dogma-

1989 5265 2154 5328 tibus,
2181 5271 2238 5317 et
2282 5260 2702 5322 commentarios
2745 5260 2801 5314 in
2840 5255 2960 5316 Job.
3003 5257 3340 5328 Sophronius
3361 5257 3446 5312 vir
3473 5271 3570 5326 ap-

1992 5357 2164 5425 prime
2189 5353 2453 5416 eruditus,
2485 5351 2670 5407 laudes
2695 5351 3008 5407 Bethlehem
3035 5349 3210 5404 adhuc
3234 5361 3390 5417 puer,
3416 5353 3474 5400 et
3501 5345 3570 5399 de

1992 5445 2344 5501 subversione
2370 5442 2590 5512 Serapis
2619 5442 2884 5514 insignem
2909 5440 3104 5496 librum
3141 5434 3462 5507 composuit.
3491 5433 3576 5492 De.

1991 5537 2314 5606 Virginitate
2335 5549 2548 5605 quoque
2571 5533 2637 5587 ad
2665 5531 3034 5610 Eustochium,
3051 5539 3106 5585 et
3129 5527 3252 5583 Vita
3277 5523 3579 5584 Hilarionis

1992 5629 2259 5690 monachi,
2289 5625 2543 5696 opuscula
2572 5623 2884 5702 Hieronymi
2915 5623 2968 5676 in
2991 5623 3235 5678 Graecum
3261 5629 3582 5675 sermonem

1988 5719 2388 5790 elegantissime
2432 5715 2724 5773 transtulit.
2778 5713 3156 5784 Hieronymus,
3208 5717 3366 5768 natus
3413 5710 3580 5783 palm
