3962 6174
338 291 366 312 .μῖ
375 291 401 312 Ψ

338 291 401 312 .Ἱ¹¹Ρ

305 288 441 344 ἰἰἹ

1395 281 1808 338 CIIRONICON.
1849 312 1918 320 —
1956 281 2118 336 TOMI
2157 282 2197 335 11
2238 282 2363 336 LIB.
2404 285 2460 339 Υ.
2997 313 3022 336 ο

3423 290 3585 344 1233'

3012 342 3019 350 ι
3035 337 3061 354 o’

296 408 469 453 verat.
501 397 616 463 Quo
643 393 908 449 moriente
943 393 1058 463 ejus
1095 394 1185 448 ﬁlii
1218 395 1569 464 imperatores
1608 393 1752 458 facti,
1781 394 1874 448 do—
1903 396 1949 454 Α
1978 393 2201 462 positus,
2255 395 2556 463 peccatoris
2609 396 2788 465 populi
2845 412 2949 450 non
3008 399 3215 451 videret
3264 401 3551 456 excidium.

297 490 479 544 nativa
507 495 730 556 paterna
757 486 1158 548 subtraxerunt,
1188 501 1216 538 a
1258 485 1448 539 Gothis
1474 495 1661 555 sponte
1694 486 1874 554 reipu-

294 583 450 637 blicae
503 581 777 650 subjectis”.
841 579 954 645 Qua
1004 578 1324 632 necessitate
1378 576 1636 644 compulsi
1687 585 1873 629 contra

300 675 569 726 Romanos
591 670 988 738 conspiravere,
1009 670 1252 736 quamvis
1275 667 1565 721 Christiani
1590 666 1875 719 doluerunt

295 781 353 819 se
388 766 454 818 ab
484 765 806 832 imperatore
850 770 1083 830 spretos,
1119 776 1293 830 regem
1343 760 1610 812 Alarieum
1663 767 1868 812 creant.

295 850 500 905 Relicta
529 850 822 912 Pannonia,
855 858 1138 919 penetrant
1184 849 1409 902 Italiam.
1460 849 1727 901 Honorius
1754 849 1872 916 qui-

292 941 416 994 dem
446 941 758 994 Ravennate
781 939 914 992 urbe
943 940 1088 1009 regia
1119 939 1384 992 residebat
1422 938 1731 1006 imperator.
1763 938 1870 991 Cu-

285 1030 377 1098 jus
405 1031 678 1084 voluntate
704 1029 924 1097 etjussu
953 1031 1314 1098 properabant
1346 1029 1412 1082 ad
1441 1028 1639 1082 Gallias
1666 1029 1870 1097 absque

291 1122 508 1176 Imsione
559 1122 752 1184 Italiae,
786 1121 876 1175 sed
925 1120 1198 1174 Stiliconis
1243 1119 1384 1173 facto
1430 1120 1731 1182 saevientes,
1765 1136 1868 1173 non

289 1213 462 1267 solum
511 1211 716 1264 Italiam
758 1210 1038 1276 diripiunt,
1085 1210 1177 1262 sed
1216 1217 1268 1261 et
1313 1208 1539 1261 Romam
1591 1208 1865 1262 invadunt.

280 1301 440 1356 Alius
469 1317 597 1355 vero
643 1315 882 1369 paganus
910 1299 1178 1352 Barbarus
1210 1308 1265 1350 et
1295 1312 1418 1350 vere
1463 1297 1664 1366 Scytha
1693 1297 1870 1351 Rada-

286 1393 493 1462 gaisus,
524 1392 612 1455 qui
656 1407 760 1442 non
800 1397 1008 1442 tantum
1041 1388 1264 1454 gloriam
1301 1395 1389 1439 aut
1429 1387 1664 1454 prmdam
1701 1403 1869 1457 quan-

287 1491 402 1534 tum
427 1480 828 1534 inexsaturahili
856 1479 1174 1532 crudelitate
1195 1478 1364 1545 ipsam
1387 1478 1584 1531 credent
1609 1487 1863 1542 armaret;

286 1580 342 1623 et
379 1571 465 1624 hic
488 1571 599 1639 jam
640 1571 760 1623 sinu
809 1578 1055 1637 receptus
1101 1568 1268 1621 Italia:
1317 1567 1542 1620 Romam
1570 1583 1599 1619 e
1624 1568 1868 1638 proximo

287 1668 605 1713 trementem
635 1668 840 1712 terrore
867 1658 1175 1726 quassabat.
1204 1657 1405 1710 Assunt
1433 1654 1589 1709 Uldin
1613 1665 1666 1710 et
1697 1656 1864 1710 Sarus

1978 484 2414 538 Diseurrentibus
2441 501 2537 554 per
2575 487 2763 540 urbem
2800 487 3071 551 Barbaris,
3106 487 3244 540 forte
3285 505 3421 541 unus
3449 490 3558 544 Go-

1975 574 2207 638 thorum,
2238 583 2427 643 potens
2468 584 2521 628 et
2547 574 2904 639 Christianus,
2931 590 3138 630 sacram
3169 576 3259 630 Dei
3293 578 3555 648 virginem

1964 663 2078 731 jam
2113 673 2268 718 :etate
2293 673 2625 734 provectam,
2661 664 2712 716 in
2744 665 2973 733 quadam
3005 666 3364 721 ecclesiastica
3395 668 3556 723 domo

1975 757 2192 824 reperit.
2233 756 2472 823 Cumque
2506 756 2574 809 ab
2599 770 2660 810 ea
2690 771 2876 807 aurum
2913 763 3300 826 argentumque
3331 759 3556 814 honeste

1971 858 2305 918 exposceret,
2337 849 2424 900 illa
2455 848 2594 901 ﬁdeli
2641 847 2939 901 constantia
2972 860 3093 900 esse
3131 849 3270 917 apud
3300 843 3553 915 sehpluri-

1973 953 2138 1001 mum,
2157 947 2210 992 et
2233 955 2353 992 mox
2384 936 2708 991 afferendum
2732 939 3014 1006 spopondit
3035 954 3098 993 ac
3119 939 3358 1007 protulit.
3389 941 3553 996 Cum-

1971 1041 2074 1095 que
2109 1027 2366 1095 expositis
2394 1027 2586 1095 opibus
2627 1027 2917 1079 attonitum
2958 1026 3256 1081 Barbarum
3287 1030 3553 1098 magnitu-

1971 1115 2093 1168 dine
2121 1115 2369 1182 pouderis
2393 1124 2444 1167 et
2476 1115 2888 1182 puleln‘itudine,
2915 1114 3089 1182 ignota
3116 1116 3277 1168 etiam
3301 1131 3553 1170 vasorum

1969 1202 2223 1270 qualitate
2251 1202 2593 1270 intelligeret,
2616 1203 2768 1272 virgo
2793 1202 2993 1256 Christi
3020 1204 3084 1256 ad
3115 1193 3412 1257 Barbarum
3442 1205 3547 1258 ait:

1970 1290 2093 1344 Ihec
2121 1290 2263 1344 Petri
2292 1291 2517 1360 apostoli
2565 1307 2718 1345 sacra
2768 1294 3018 1361 mysteria
3065 1303 3207 1346 sunt.
3258 1293 3554 1360 Praesume,

1969 1382 2012 1435 si
2044 1383 2228 1445 audes,
2259 1383 2322 1436 de
2352 1383 2489 1436 facto
2520 1392 2573 1436 tu
2604 1383 2820 1437 videris.
2855 1384 2962 1453 Ego
2989 1385 3112 1452 quia
3143 1385 3429 1440 defendere
3460 1404 3551 1441 ne-

1968 1487 2127 1540 queo,
2153 1481 2331 1526 tcnere
2379 1489 2482 1525 non
2514 1474 2704 1526 audeo.
2748 1474 3019 1529 Barbarus
3050 1491 3177 1529 vero
3209 1478 3275 1530 ad
3307 1494 3553 1533 reveren-

1970 1563 2098 1615 tiam
2131 1563 2421 1634 religionis,
2449 1565 2642 1619 timore
2678 1566 2769 1619 Dei
2798 1573 2850 1618 et
2883 1566 2985 1619 ﬁde
3010 1568 3230 1638 virginis
3256 1577 3450 1631 motus,
3484 1573 3552 1625 ad

1967 1649 2237 1707 Alaricum
2285 1655 2399 1708 hrcc
2450 1671 2545 1724 per
2592 1657 2839 1709 nuntium
2880 1657 3080 1710 retulit.
3152 1657 3251 1724 Qui
3298 1660 3551 1714 continuo

283 1743 559 1799 Hunorum
584 1754 638 1800 et
667 1745 966 1799 Gothorum
1009 1744 1173 1799 duces
1199 1744 1451 1813 prtesidio
1479 1743 1866 1798 Romanorum.
1898 1733 1944 1790 Β
1974 1743 2235 1810 reportari
2267 1744 2333 1797 ad
2377 1745 2603 1812 apostoli
2649 1743 2924 1800 basilicam
2969 1747 3238 1809 universa,
3273 1757 3328 1802 ut
3370 1758 3549 1815 erant,

283 1831 466 1906 Itaque
495 1839 694 1907 pietate
722 1838 813 1890 Dei
835 1837 1187 1891 conterritum
1216 1836 1476 1889 divinitus
1507 1835 1867 1905 Radagaisum

280 1930 445 1982 timor
477 1930 530 1982 in
576 1927 870 1982 chulanos
920 1933 1132 1979 montes
1187 1925 1382 1995 coegit,
1426 1926 1652 1978 ducenta
1701 1925 1866 1978 millia

278 2021 558 2074 hominum
600 2020 652 2072 in
689 2034 882 2088 aspero
919 2019 1118 2071 montis
1152 2017 1281 2086 jugo
1327 2017 1600 2081 conclusa,
1630 2018 1866 2087 agmina,

273 2110 474 2177 quibus
522 2108 719 2161 dudum
770 2119 995 2175 angusta
1036 2107 1320 2160 videbatur
1349 2107 1527 2168 Italia,
1557 2105 1740 2159 latenti
1773 2122 1867 2176 spe

277 2203 333 2254 in
364 2217 530 2254 unum
554 2216 615 2254 ac
642 2215 736 2268 per
757 2213 922 2252 unum
952 2199 1208 2252 verticem
1241 2206 1387 2249 trusa
1406 2237 1420 2259 ,
1449 2197 1539 2249 ubi
1566 2195 1866 2250 esurientes

275 2291 350 2344 illi
385 2298 496 2344 tam
526 2290 788 2343 immanes
833 2289 1015 2342 hostes
1052 2288 1297 2341 sitientes
1338 2286 1758 2355 languentesque
1784 2286 1862 2338 in-

275 2382 485 2435 terfecti
514 2390 657 2435 sunt.
692 2380 856 2450 Igitur
889 2395 980 2432 rex
1012 2378 1345 2449 Ragadaisus
1374 2378 1520 2432 solus
1545 2393 1693 2446 spem
1728 2378 1864 2449 fugin

273 2488 519 2530 sumens.
547 2473 685 2525 clam
710 2487 835 2525 suos
861 2471 1122 2535 deseruit,
1152 2479 1314 2539 atque
1343 2470 1400 2522 in"
1419 2476 1632 2523 nostros
1658 2470 1861 2523 incidit.

274 2550 326 2616 AI
357 2563 554 2631 quibus
601 2572 790 2632 captus
839 2571 892 2616 et
941 2562 1215 2631 paulisper
1259 2569 1534 2625 retentus,
1563 2575 1626 2614 ac
1669 2560 1864 2614 deinde

273 2651 592 2707 interfectus
636 2662 735 2707 cst.
789 2652 958 2705 Tanta
1016 2668 1143 2704 vero
1195 2651 1480 2704 multitudo
1527 2651 1862 2719 captivorum

271 2741 571 2798 Gothorum
623 2743 786 2797 fuisse
830 2743 1166 2812 perhibetur,
1198 2751 1256 2795 ut
1284 2742 1672 2796 vilissimarum
1700 2758 1862 2811 pecu-

271 2832 402 2885 dum
435 2848 604 2894 more,
631 2831 855 2901 singulis
895 2829 1075 2884 aureis
1111 2830 1310 2898 passim
1355 2845 1545 2900 greges
1584 2830 1862 2882 hominum

272 2922 655 2977 venderentur.
703 2921 913 2975 Interea
939 2934 1123 2974 comes
1151 2918 1358 2983 Stilico,
1389 2921 1476 2973 cui
1519 2935 1727 2973 summa
1758 2919 1861 2974 IIe-

271 3018 573 3086 Spetiarum
618 3017 830 3086 negotia
891 3015 1161 3069 Honorius
1211 3015 1578 3078 commiserat,
1610 3023 1665 3067 et
1710 3023 1862 3083 pater

272 3107 614 3162 Theodosius
651 3107 886 3160 moriens
931 3107 1030 3159 hoc
1079 3106 1195 3158 ﬁeri
1242 3105 1576 3168 decreverat,
1605 3103 1744 3157 fastu
1773 3120 1861 3157 sn-

271 3198 476 3266 perbiae
522 3197 714 3261 elatus,
763 3196 1156 3265 parvipendens
1199 3194 1341 3263 quod
1393 3195 1492 3247 sub
1541 3194 1863 3262 imperatore

272 3286 613 3355 imperabat,
669 3285 994 3339 Eucherium
1050 3284 1218 3338 ﬁlium
1278 3299 1433 3338 suum
1486 3282 1864 3352 imperatorem

272 3371 456 3431 facere
503 3377 782 3431 deliberat.
827 3376 1189 3443 Quamobrem
1239 3374 1509 3430 Alarieum
1562 3374 1864 3430 Gothorum

274 3483 456 3535 regem
483 3484 579 3536 pro
602 3483 733 3535 pace
754 3468 955 3537 optima
979 3475 1033 3519 et
1059 3464 1468 3535 quibuseunque
1494 3467 1712 3521 sedibus
1739 3483 1864 3536 sup-

271 3555 488 3624 pliciter
517 3571 579 3608 ac
611 3555 926 3623 simpliciter
968 3549 1236 3616 orantem,
1270 3553 1479 3608 occulto
1511 3553 1712 3607 fmdere
1738 3570 1861 3608 cor-

272 3644 443 3712 rupit,
476 3643 686 3712 publiee
735 3644 937 3696 bellum
983 3643 1331 3707 denuntians,
1364 3652 1423 3695 ut
1471 3652 1660 3712 negata
1712 3644 1863 3712 pacis

273 3735 429 3802 capia
477 3736 542 3788 ad
593 3735 900 3789 terrendam
943 3735 1325 3803 rempublicam
1377 3735 1724 3789 excitaretur.
1759 3735 1861 3810 Qui

274 3841 383 3877 non
430 3824 601 3877 solum
647 3824 876 3888 Gothos,
905 3825 996 3879 sed
1028 3833 1082 3878 et
1111 3825 1333 3888 Alanos,
1366 3836 1420 3879 et
1447 3825 1668 3888 Suevos,
1700 3826 1865 3880 Watt-

274 3916 431 3970 dalos
460 3917 624 3984 ipsos,
655 3918 815 3970 etiam
839 3917 1264 3985 Burgundiones,
1293 3918 1344 3970 in
1367 3934 1515 3970 arma
1548 3918 1862 3983 sollicitans,

272 4004 492 4073 pulsare
521 4004 720 4058 Gallias
751 4004 938 4067 voluit,
969 4020 1192 4074 sperans
1228 4005 1391 4058 miser
1425 4008 1523 4061 sub
1556 4008 1656 4061 hac
1679 4022 1864 4061 neces-

272 4097 437 4150 sitate
468 4096 753 4164 imperium
793 4097 899 4150 ﬁlio
924 4097 1266 4160 contradere,
1298 4107 1352 4152 ct
1378 4100 1640 4154 barbaras
1676 4107 1864 4170 gentes

273 4197 388 4239 tam
429 4186 580 4240 facile
616 4187 898 4257 comprimi
929 4203 1107 4257 posse,
1136 4205 1297 4257 quam
1325 4199 1708 4244 commoverat.
1754 4191 1862 4246 Ita-

269 4292 381 4345 que
423 4276 512 4328 ubi
560 4277 870 4346 imperatori
921 4277 1158 4331 Honorio
1202 4279 1568 4348 exercituique
1620 4279 1863 4334 Romano

275 4371 379 4423 hoc
409 4377 676 4422 tantorum
701 4369 964 4423 scelerum
987 4371 1205 4425 schema
1234 4371 1560 4439 patefactum
1589 4379 1693 4436 est,
1716 4386 1864 4424 com-

274 4471 428 4515 moto
453 4459 753 4530 justissime
779 4462 1040 4523 exercitu,
1069 4463 1281 4516 occisus
1328 4472 1412 4516 est
1449 4462 1658 4526 Stilico,
1686 4463 1778 4531 qui
1805 4471 1865 4516 ut

275 4565 445 4603 unum
487 4565 712 4619 puerum
759 4564 1054 4618 purpuram
1111 4551 1384 4615 indueret,
1438 4552 1601 4605 totius
1652 4552 1864 4620 generis

276 4641 500 4699 humani
556 4641 873 4711 sanguinem
921 4641 1143 4694 dedidit.
1179 4643 1401 4697 Occisus
1430 4653 1510 4697 est
1541 4643 1859 4697 Eucherius.

277 4733 447 4784 Adest
493 4731 774 4796 Alaricus,
812 4732 1074 4800 trepidant
1122 4733 1346 4787 Romam
1388 4734 1628 4797 obsidet,
1660 4735 1859 4799 turbat,

276 4822 534 4890 irrumpit
577 4821 762 4875 urbem
791 4841 803 4874 :
830 4823 953 4875 dato
981 4832 1158 4878 tamen
1184 4837 1473 4898 prtecepto,
1509 4836 1565 4880 ut
1595 4828 1639 4880 si
1671 4828 1762 4896 qui
1792 4828 1860 4880 ad

277 4920 465 4966 sancta
496 4911 636 4974 loca,
668 4913 1043 4982 prmcipueque
1069 4914 1120 4967 in
1153 4924 1462 4970 sanctorum
1493 4918 1859 4986 apostolorum

277 5000 426 5055 Petri
470 5009 524 5054 et
568 5001 718 5054 Pauli
753 5001 1002 5056 basilicas
1046 5003 1430 5073 confugissent,
1461 5005 1556 5059 hos
1596 5006 1861 5074 imprimis

279 5091 597 5154 inviolatos,
642 5108 968 5160 securosque
1017 5110 1136 5147 esse
1182 5096 1460 5158 sinerent;
1507 5106 1617 5150 tum
1670 5098 1862 5152 deinde

276 5194 543 5252 quantum
575 5192 795 5252 possent
829 5187 1021 5252 prtedae
1068 5186 1358 5249 inhiantes,
1385 5202 1413 5240 a
1445 5189 1701 5255 sanguine
1730 5197 1863 5242 t'em-

278 5286 557 5344 perarent.
597 5275 808 5330 Accidit
843 5291 1056 5344 quoque
1091 5292 1196 5344 quo
1232 5277 1402 5346 magis
1447 5277 1594 5331 urbis
1637 5278 1864 5346 irruptio

279 5366 651 5434 indignatione
691 5367 782 5420 Dei
817 5375 956 5429 acta,
985 5383 1144 5435 quam
1189 5368 1357 5420 hostis
1387 5367 1699 5421 fortitudine
1741 5386 1865 5438 pro—

277 5455 528 5520 baretur,
565 5464 623 5508 ut
660 5457 850 5510 beatus
886 5457 1228 5511 Innocentius
1275 5457 1529 5511 Romamn
1567 5458 1713 5512 urbis
1752 5461 1865 5528 cpi-

280 5562 499 5615 scopus,
536 5555 788 5618 tanquam
828 5548 1002 5615 justus
1046 5549 1179 5602 Loth
1226 5548 1534 5602 subtractus
1559 5566 1587 5602 a
1616 5549 1863 5608 Sodomis

282 5639 496 5695 occulta
526 5640 619 5696 Dei
649 5642 982 5710 providentia
1014 5641 1149 5710 apud
1181 5640 1492 5695 Ravennam
1519 5644 1704 5698 urbem
1739 5653 1863 5700 tunc

1968 1849 2093 1887 vasa
2143 1835 2457 1904 imperavit;
2504 1835 2763 1905 virginem
2809 1839 2994 1900 etiam,
3023 1837 3288 1907 simulque
3336 1855 3548 1903 onmes,

1965 1924 2056 1992 qui
2085 1939 2142 1977 se
2168 1924 2522 1994 adjungerent
2549 1925 2904 1990 Christianos,
2945 1925 3035 1980 illo
3081 1943 3202 1980 cum
3239 1926 3551 1982 defensione

1966 2015 2177 2068 deduci.
2211 2015 2282 2068 Ea
2315 2015 2507 2069 domus
2534 2031 2562 2068 a
2589 2017 2790 2071 sanctis
2820 2016 3034 2071 sedibus
3059 2017 3237 2088 longo,
3267 2027 3326 2070 ut
3358 2017 3547 2084 fcrtnr,

1964 2116 2019 2161 et
2049 2108 2225 2162 medio
2257 2108 2540 2177 interjectu
2567 2110 2715 2164 urbis
2753 2110 2956 2164 aderat.
2995 2112 3180 2180 Itaque
3208 2127 3400 2180 magno
3428 2127 3548 2180 spc-

1963 2197 2174 2252 clacqu
2219 2199 2459 2252 omnium
2506 2199 2763 2269 disposita
2798 2217 2896 2270 per
2940 2201 3182 2268 singulos
3228 2202 3460 2272 singula,
3494 2211 3549 2256 et

1964 2305 2124 2360 super
2147 2292 2321 2360 capita
2348 2293 2486 2345 elata
2515 2292 2688 2362 palam
2719 2308 2883 2346 aurea
2910 2301 3072 2362 atque
3113 2302 3364 2362 argentea
3416 2307 3547 2346 vasa

1962 2389 2264 2450 portantur,
2292 2383 2521 2437 exsertis
2562 2383 2797 2452 undique
2826 2384 2893 2436 ad
2933 2383 3303 2438 defensionem
3333 2383 3550 2454 gladiis,

1963 2470 2104 2540 piam
2156 2487 2407 2541 pompam
2464 2474 2810 2538 munientes,
2862 2474 3089 2544 hymnos
3134 2473 3244 2528 Deo
3294 2473 3552 2530 Romanis

1962 2562 2323 2633 Barbarisque
2370 2566 2799 2628 concinentibus,
2845 2566 3056 2635 publice
3105 2566 3338 2619 canitur.
3384 2565 3554 2634 Igitur

1964 2652 2016 2705 in
2056 2669 2118 2708 ea
2163 2655 2458 2723 irruptione
2497 2655 2732 2710 Placidia
2779 2655 2819 2708 Τ
2827 2656 3065 2710 hcoiosii
3115 2656 3373 2725 principis
3419 2655 3548 2721 ﬁlia,

1960 2743 2174 2796 Arcadii
2224 2752 2278 2797 et
2323 2744 2545 2798 Ilonorii
2598 2745 2985 2813 imperatorum
3029 2760 3201 2806 soror,
3233 2745 3302 2797 ab
3330 2743 3549 2800 Ataulfo

1961 2833 2160 2888 Alarici
2195 2837 2497 2905 propinquo
2526 2846 2682 2904 capta
2712 2845 2873 2904 atque
2911 2836 2965 2888 in
2997 2850 3218 2889 uxorem
3249 2845 3548 2906 assumpta,

1961 2923 2113 2992 quasi
2145 2940 2263 2978 eam
2291 2925 2473 2979 divino
2498 2925 2700 2994 judicio
2729 2925 2872 2979 velut
2915 2925 3147 2994 speciale
3184 2927 3376 2995 pignus
3413 2926 3554 2980 obsi-

1965 3016 2085 3068 dem
2110 3016 2278 3070 Roma
2311 3017 2610 3080 tradiderit,
2635 3017 2707 3071 ita
2731 3016 2920 3084 juncta
2943 3017 3300 3086 potentissimi
3323 3016 3552 3072 Barbari

1967 3105 2106 3174 regis
2133 3104 2382 3175 conjugio
2411 3106 2578 3159 multo
2612 3107 2915 3174 reipublicae
2961 3108 3242 3161 commodo
3273 3107 3390 3161 fuit.
3421 3107 3555 3160 Ala-

1963 3195 2107 3249 ricus
2147 3204 2323 3249 autem
2369 3196 2503 3249 mira
2548 3196 2640 3248 Dei
2674 3197 3074 3266 dispensatione
3122 3196 3310 3250 urbem
3360 3197 3556 3265 irrupit

1963 3296 2125 3357 atque
2153 3287 2401 3350 vastavit,
2431 3287 2793 3356 populumque
2829 3288 2921 3357 qui
2967 3289 3021 3342 in
3063 3287 3246 3342 multis
3273 3289 3442 3343 Deum
3471 3290 3554 3343 ol-

1965 3377 2208 3432 fendcrat
2241 3381 2561 3441 Romanum,
2590 3381 2762 3448 magis
2805 3387 3011 3434 terrore
3047 3395 3206 3450 quam
3243 3380 3387 3434 casdc
3433 3394 3563 3433 cor.-

1964 3469 2137 3536 rupit;
2174 3477 2294 3535 post
2342 3469 2575 3520 triduum
2603 3467 2669 3520 ab
2701 3468 2844 3522 Urbe
2873 3468 3139 3522 discessit.
3171 3467 3288 3533 Quo
3316 3476 3550 3531 mortuo,

1963 3557 2208 3609 Ataulfus
2240 3558 2328 3623 qui
2371 3557 2667 3611 Gothorum
2721 3571 2814 3609 rex
2858 3571 2978 3610 mox
3027 3556 3204 3611 fuerat
3235 3565 3467 3619 creatus,
3497 3565 3554 3610 et

1963 3645 2256 3700 Plaeizliam
2303 3662 2546 3700 sororem
2596 3647 2982 3716 imperatorum
3029 3648 3257 3701 duxerat
3300 3664 3546 3712 uxorem,

1963 3752 2082 3789 cum
2110 3736 2353 3789 consultu
2380 3736 2821 3791 Honoriiltaliam
2848 3738 3083 3806 reliquit,
3101 3748 3154 3793 et
3175 3739 3340 3792 citato
3360 3755 3554 3808 gressu

1964 3828 2030 3879 ad
2073 3825 2275 3880 Gallias
2319 3827 2508 3905 tendit,
2537 3843 2671 3898 quas
2711 3829 2935 3883 diversae
2982 3839 3314 3905 occuparant
3357 3838 3561 3900 gentes

1963 3918 2229 3973 barbarae.
2419 3901 2425 3905 ⁷
3059 3901 3074 3912 “

2574 4008 2801 4063 CAPUT
2851 4007 2920 4063 VI

1962 4098 2042 4151 De
2069 4098 2286 4151 diversis
2314 4098 2582 4168 gentibus,
2609 4115 2725 4168 qua:
2760 4115 2815 4151 se
2846 4097 3152 4166 infuderunt
3193 4116 3284 4168 per
3324 4098 3559 4159 Calliae.

2034 4190 2240 4242 Interea
2277 4199 2404 4242 ante
2447 4189 2721 4242 biennium
2763 4188 3020 4242 Romanae
3063 4190 3377 4260 irruptionis
3403 4192 3554 4246 exci~

1967 4286 2088 4332 take
2115 4294 2212 4346 per
2243 4278 2554 4332 Stiliconem
2578 4288 2766 4345 gentes
2795 4278 3150 4343 Halanorum,
3169 4289 3228 4333 ut
3255 4281 3388 4338 dixi.
3416 4281 3552 4337 Sue-

1891 4409 1940 4467 D
1965 4370 2178 4434 borum,
2213 4370 2597 4424 Wandalorum
2617 4411 2632 4434 ,
2664 4370 2950 4438 multaeque
2977 4386 3098 4424 eum
3131 4373 3216 4425 his
3245 4371 3364 4426 alia:
3406 4373 3553 4428 Rhe-

1967 4478 2094 4514 num
2125 4469 2426 4526 transeunt,
2454 4460 2655 4514 Gallias
2683 4461 2964 4524 invadunt,
2992 4461 3302 4529 directoque
3345 4463 3556 4530 impetu

1965 4550 2250 4605 Pireneum
2296 4567 2467 4620 usque
2513 4552 2856 4620 perveniunt,
2880 4553 3037 4619 cujus
3058 4553 3211 4608 obice
3238 4555 3303 4609 ad
3338 4565 3548 4624 tempus

1966 4641 2194 4710 repulsa:
2223 4657 2319 4711 per
2361 4643 2808 4710 circumjacentes
2835 4644 3142 4711 provincias
3171 4644 3547 4699 refundantur.

1965 4730 2060 4785 His
2085 4747 2180 4800 per
2207 4731 2408 4785 Gallias
2446 4733 2852 4795 bacchantibus,
2883 4734 3023 4800 apud
3075 4734 3378 4789 Britannias
3411 4735 3546 4790 Gra-

1966 4823 2141 4877 tianus
2191 4825 2468 4892 municeps
2517 4822 2757 4890 ejusdem
2805 4826 2992 4879 insula:
3023 4835 3280 4894 tyrannus
3324 4836 3546 4882 creatur

1967 4921 2021 4966 et
2048 4914 2329 4967 occiditur.
2364 4911 2531 4979 Hujus
2568 4913 2686 4967 loco
2723 4911 3104 4968 Constantinus
3129 4930 3194 4968 ex
3223 4914 3405 4967 inﬁma
3443 4915 3543 4968 mi-

1967 5003 2081 5056 litia
2109 5013 2327 5071 propter
2353 5003 2520 5056 solam
2551 5017 2704 5072 spem
2731 5003 2982 5064 nominis,
3014 5003 3132 5058 sine
3158 5003 3351 5057 merito
3373 5003 3545 5056 virtu-

1970 5092 2060 5154 tis,
2092 5093 2325 5160 eligitur.
2368 5091 2468 5157 Qui
2516 5092 2770 5145 continuo
2811 5100 2869 5145 ut
2916 5093 3112 5144 invasit
3159 5091 3462 5160 imperium,
3491 5092 3544 5145 in

1969 5183 2168 5238 Gallias
2199 5182 2429 5236 transiit.
2461 5183 2534 5236 Ibi
2567 5198 2706 5251 smpe
2729 5199 2759 5235 a
2785 5182 3039 5235 Barbaris
3078 5181 3298 5235 incertis
3328 5179 3544 5235 ﬁndet-i-

1969 5279 2069 5331 bus
2115 5276 2320 5338 illusus,
2347 5275 2667 5328 detrimento
2699 5274 2870 5344 magis
2899 5273 3204 5342 reipublicae
3233 5273 3351 5327 fuit.
3402 5273 3548 5327 Misit.

1969 5368 2023 5420 in
2076 5365 2385 5434 Hispaniam
2423 5364 2665 5434 jndices,
2717 5380 2944 5434 quorum
2995 5365 3278 5418 occasione
3319 5364 3546 5420 Barbari

1968 5458 2175 5511 I‘irenei
2232 5458 2472 5511 custodia
2531 5456 2781 5526 prodita,
2832 5457 3188 5524 claustrisque
3240 5455 3521 5524 patefactis

1969 5555 2191 5602 cunctas
2216 5556 2402 5614 gentes
2442 5563 2561 5615 quze
2601 5562 2696 5615 per
2738 5547 2938 5599 Gallias
2975 5547 3323 5616 vagabantur,
3354 5545 3546 5613 Hispa-

1969 5642 2178 5694 niarum
2209 5639 2498 5709 provinciis
2539 5639 2851 5704 immittunt,
2881 5640 3174 5708 iisdemque
3213 5641 3310 5709 ipsi
3351 5639 3541 5708 adjun-v
