3976 6180
427 240 565 312 49,39

1413 235 1794 292 FRECULPHI
1832 237 2281 295 LEXOVIENSIS
2319 237 2621 303 EPISCOPI

3511 244 3533 294 1
3546 242 3657 294 Ξ-ἱι)

426 363 643 427 guntur.
709 352 806 411 Ubi
836 353 989 409 'actis
1037 350 1342 420 aliquandiu
1387 350 1594 419 magnis
1642 351 1984 419 cruentisque
2012 356 2061 413 Α
2087 352 2271 407 urbem
2298 352 2420 407 dolo
2447 367 2664 407 suorum
2690 353 2900 407 occisus
2927 361 3029 406 est.
3052 352 3180 407 Post
3197 353 3337 407 hunc
3358 351 3663 423 Segericus

427 442 775 505 discursibus,
801 449 922 511 post
947 454 1139 509 graves
1177 453 1354 494 rerum
1392 445 1551 508 alque
1589 437 1860 491 hominum
1892 454 1984 491 va-

427 532 707 598 stationes,
731 529 909 584 habita
930 537 1074 583 sorte
1093 538 1149 583 et
1170 528 1454 583 distributa
1479 527 1818 596 possessione
1844 542 1985 583 resc-

427 622 638 677 derunt.
1626 641 1631 646 ·

1018 706 1243 762 CAPUT
1281 706 1391 762 VII.

429 819 503 875 De
529 818 764 889 tyrannis
791 818 885 889 sub
918 815 1152 889 Honorio
1178 818 1570 889 emergentibus,
1596 816 1766 889 subito
1794 825 1843 869 et
1864 832 1984 870 exs-

498 884 686 944 tinctis.
718 886 794 940 De
822 886 1122 956 constantio
1158 897 1204 939 et
1243 884 1358 956 ejus
1385 886 1533 954 ﬁdeli
1569 884 1800 956 consule,
1837 902 1985 955 quem

494 958 699 1011 demum
723 954 910 1016 creavit
937 954 1219 1008 consulem.
1266 954 1276 956 “
1723 955 1741 966 ’

494 1072 677 1141 Itaque
726 1068 991 1125 Honorius
1035 1069 1326 1138 imperator
1367 1069 1556 1125 videns
1603 1076 1683 1124 tot
1728 1067 1988 1138 oppositis

423 1162 668 1235 tyrannis
712 1160 845 1216 nihil
892 1159 1147 1215 adversus
1183 1161 1451 1215 Barbaros
1496 1160 1581 1229 agi
1633 1173 1815 1228 posse,
1842 1159 1987 1227 ipsos

422 1256 574 1328 prius
603 1261 856 1323 tyrannos
878 1250 1043 1304 deleri
1064 1249 1236 1320 jubet,
1267 1248 1581 1304 Constantio
1607 1247 1791 1303 comiti
1830 1245 1988 1314 hujus

423 1341 546 1395 belli
564 1353 828 1394 summam
855 1338 1213 1392 committens.
1237 1336 1583 1391 Constantius
1607 1344 1785 1390 autem
1807 1348 1988 1389 comes

425 1431 477 1488 lu
523 1428 751 1484 Galliam
785 1441 909 1483 cum
953 1427 1192 1481 exercitu
1239 1425 1530 1496 profectus,
1574 1425 1987 1481 Constantinum
2054 1414 2061 1417 ⁷

423 1521 801 1588 imperatorem
820 1516 959 1585 apud
983 1516 1249 1571 Arelatem
1276 1516 1551 1571 civitatem
1570 1516 1793 1581 clausit,
1822 1515 1983 1585 cepit,

421 1608 645 1674 occidit;
684 1606 957 1675 liliumque
983 1605 1100 1676 ejus
1143 1604 1496 1661 Constantem
1522 1604 1824 1661 'Gerontius
1846 1603 1987 1675 apud

422 1695 685 1751 Viennam
731 1695 1032 1759 interfecit,
1078 1703 1134 1749 et
1189 1695 1242 1750 in
1295 1695 1471 1750 locum
1521 1695 1638 1765 ejus
1696 1694 1984 1751 Maximum
2014 1680 2061 1739 Β

422 1790 705 1860 quemdam
734 1787 1012 1844 substituit
1038 1806 1050 1841 :
1082 1788 1195 1858 ipse
1228 1803 1357 1843 vero
1379 1787 1667 1843 Gerontius
1694 1803 1723 1842 a
1751 1788 1864 1843 suis
1894 1788 1990 1842 mi-

422 1878 604 1932 litibus
625 1877 853 1932 occisus.
886 1876 1151 1932 Maximus
1177 1890 1303 1932 vero
1331 1885 1524 1932 exutus
1545 1891 1802 1946 purpura,
1828 1876 1990 1932 desti-

424 1976 678 2034 tutusque
691 1980 720 2019 a
734 1964 994 2020 militibus
1006 1963 1294 2020 Gallicanis
1307 1963 1531 2034 aufugit.
1547 1962 1768 2019 Jovinus
1779 1973 1987 2033 postea,

422 2055 508 2109 vir
528 2054 820 2110 Galliarum
843 2053 1226 2120 nobilissimus,
1252 2054 1304 2107 in
1330 2054 1663 2123 tyrannidem
1685 2068 1811 2107 mox
1835 2061 1893 2107 ut
1912 2068 1993 2108 as-

425 2145 735 2209 surrexerit,
776 2144 987 2199 cecidit.
1035 2141 1383 2197 Sebastianus
1419 2141 1589 2198 frater
1621 2142 1863 2214 ejusdem
1891 2143 1993 2199 hoc

425 2236 597 2291 solum
633 2235 812 2307 elegit,
834 2242 894 2288 ut
919 2242 1179 2304 tyrannus
1220 2241 1538 2289 moreretur.
1567 2232 1701 2288 Nam
1738 2234 1993 2289 continuo

426 2335 485 2380 ut
510 2335 742 2389 creatus,
783 2325 996 2380 occisus
1027 2332 1129 2379 est.
1176 2323 1387 2380 Attalus
1414 2340 1541 2381 vero
1572 2326 1712 2381 inter
1736 2335 1992 2398 tyrannos

427 2410 564 2465 mori
599 2410 812 2480 delegit.
857 2408 959 2476 Qui
989 2423 1111 2463 cum
1138 2408 1387 2478 Apbrica:
1415 2410 1751 2465 consulatum
1776 2425 1994 2466 assecu-

430 2509 517 2553 tus
540 2505 702 2562 esset,
746 2497 871 2551 inde
897 2496 1069 2551 elatus
1092 2496 1400 2566 supercilio,
1435 2497 1691 2553 Sabinum
1732 2500 1990 2555 domesti-

428 2602 549 2643 cum
581 2601 737 2641 suum
773 2585 947 2639 virum
974 2585 1188 2652 ingenio
1213 2585 1465 2641 callidum
1508 2586 1876 2657 industriaque
1909 2602 1995 2643 so-

428 2676 640 2739 lertem,
683 2682 737 2729 et
777 2674 1070 2743 sapientem
1101 2674 1149 2729 si
1193 2675 1359 2729 animi
1386 2675 1531 2730 vires
1561 2676 1860 2746 tranquillis
1882 2686 1996 2733 stu-

428 2766 531 2821 diis
569 2764 1082 2821 accommodavisset
1104 2805 1120 2830 ,
1162 2781 1416 2837 generum
1460 2766 1661 2838 allegit,
1699 2782 1858 2837 quem
1895 2784 1994 2839 pro

429 2856 780 2926 quorumdam
818 2855 1179 2925 periculorum
1218 2858 1525 2928 suspicione
1576 2859 1882 2926 interfecit;
1915 2870 1996 2916 at-

428 2962 533 3017 que
555 2948 863 3016 aliquandiu
888 2947 1124 3017 Apbrica
1148 2949 1216 3004 ab
1244 2964 1309 3005 eo
1338 2965 1549 3006 annona
1571 2960 1725 3005 extra
1748 2952 1994 3007 ordinem

431 3041 666 3106 detenta,
696 3040 810 3110 ipse
836 3040 1051 3094 tandem
1086 3054 1206 3095 cum
1245 3041 1507 3097 immensa
1555 3052 1702 3097 certe
1744 3043 1999 3113 tempori-
2024 3008 2070 3070 (δ

430 3127 532 3183 bus
554 3128 754 3183 nostris
790 3128 919 3183 satis
962 3127 1262 3183 incredibili
1313 3127 1486 3183 classe
1535 3130 1750 3185 navium
1772 3129 2000 3186 Romam

433 3219 724 3277 contendit.
748 3215 883 3271 Nam
914 3217 1168 3271 habuisse
1191 3224 1317 3271 tunc
1344 3217 1448 3272 tria
1469 3218 1633 3272 millia
1664 3219 2003 3289 septingenta

433 3323 597 3369 naves
621 3307 838 3363 dicitur.
865 3304 1035 3373 Quem
1060 3320 1342 3360 numerum
1365 3320 1433 3361 ne
1458 3306 1597 3375 apud
1626 3307 1860 3363 Xerxem
1886 3308 2005 3379 qui-

433 3400 576 3465 dem,
605 3397 921 3469 praeclarum
954 3396 1102 3451 illum
1133 3395 1419 3452 Persarum
1457 3411 1664 3468 regem,
1693 3406 1749 3453 et
1770 3397 2004 3453 Alexan-

433 3490 588 3545 drum
618 3489 887 3559 Magnum,
921 3487 1007 3544 vel
1048 3487 1211 3542 alium
1243 3502 1565 3558 quemquam
1603 3504 1789 3559 regum
1815 3488 2000 3553 fuisse,

438 3580 672 3635 historiae
706 3578 905 3634 ferunt.
949 3578 1000 3634 Is
1048 3577 1207 3634 simul
1251 3593 1374 3634 cum
1406 3579 1620 3650 agmine
1661 3579 1894 3634 militum
1938 3581 2006 3634 ad

436 3667 623 3724 urbem
656 3682 885 3738 pergens
908 3667 1085 3722 littore
1112 3681 1364 3739 egressus
1410 3674 1511 3732 est,
1541 3680 1768 3721 occursu
1794 3665 2008 3721 comitis

437 3756 627 3811 Marini
666 3756 904 3822 territus,
936 3763 992 3811 et
1035 3757 1089 3811 in
1127 3755 1309 3827 fugam
1350 3770 1558 3821 versus,
1607 3763 1822 3825 arrepta
1858 3756 2001 3821 navi,

439 3846 584 3901 solus
603 3845 986 3917 Carthaginem
1016 3846 1195 3909 rediit,
1226 3855 1387 3916 atque
1406 3846 1479 3900 ibi
1502 3844 1757 3901 continuo
1784 3845 2007 3901 militari

441 3951 602 3995 manu
644 3934 960 3990 interfectus
1002 3942 1104 3989 est.
1142 3932 1300 3988 Hunc
1341 3948 1557 3988 omnem
1601 3933 1920 4004 catalogum,
1950 3942 2011 3988 ut

440 4026 571 4090 dixi,
605 4025 687 4081 vel
716 4023 1122 4079 manifestorum
1164 4032 1536 4094 tyrannorum,
1580 4024 1666 4080 vel
1695 4024 2007 4080 inobedien-

443 4116 575 4169 tium
623 4115 839 4179 ducum,
878 4097 1077 4183 optima
1126 4112 1394 4168 Honorius
1429 4113 1719 4183 imperator
1755 4111 2011 4182 religione

442 4213 498 4258 et
523 4203 779 4259 felicitate
799 4202 938 4258 scire
963 4201 1176 4268 meruit,
1198 4209 1252 4255 et
1277 4216 1474 4272 magna
1499 4202 1714 4270 quidem
1751 4200 2006 4257 Constan-

445 4295 551 4348 tius
583 4307 766 4348 comes
795 4292 1056 4346 industria
1102 4299 1157 4345 et
1204 4290 1486 4345 celeritate
1525 4288 1773 4353 confecit,
1818 4290 2012 4344 merito

446 4398 599 4448 sane,
625 4383 749 4452 quia
787 4381 839 4435 iu
862 4381 949 4434 his
965 4379 1155 4435 diebus
1178 4379 1525 4448 praecipiente
1548 4376 1808 4442 Honorio,
1836 4386 1891 4431 et
1918 4379 2011 4433 ad-

441 4472 663 4539 juvante
715 4471 1053 4536 Constantio,
1084 4485 1189 4539 pax
1238 4478 1293 4524 et
1336 4469 1517 4523 unitas
1559 4484 1655 4539 per
1706 4470 2009 4526 universam

448 4561 735 4629 Aphricam
774 4557 1026 4613 Ecclesia:
1067 4557 1343 4612 catholica:
1365 4558 1570 4612 reddita
1604 4565 1706 4613 est.
1747 4558 2012 4613 Constan-

452 4653 557 4705 tius
582 4638 760 4719 itaque
787 4662 967 4704 comes
988 4648 1127 4717 apud
1153 4647 1629 4712 Arelaten,urbem
1659 4648 1863 4715 Galliae,
1884 4664 2015 4704 con-

447 4740 666 4806 sistens,
700 4753 892 4809 magna
938 4753 1115 4792 rerum
1161 4737 1421 4793 industria
1464 4736 1668 4793 Gothos
1704 4753 1735 4791 a
1766 4738 2013 4794 Narbona

450 4828 673 4899 expulit,
703 4836 866 4897 atque
893 4826 1042 4883 abire
1071 4827 1122 4881 in
1146 4827 1455 4896 Hispaniam
1495 4827 1687 4899 coegit.
1717 4827 2014 4883 Gothorum

452 4929 580 4974 tunc
605 4916 817 4988 populis
842 4914 1090 4979 Ataulfus
1110 4931 1202 4971 rex
1229 4925 1480 4986 prmerat,
1510 4916 1600 4985 qui
1626 4924 1747 4986 post
1768 4916 2017 4986 irruptio-

450 5024 574 5065 nem
618 5007 769 5062 urbis
808 5021 877 5061 ac
912 5012 1141 5059 mortem
1190 5005 1408 5071 Alarici,
1461 5005 1724 5070 Placidia,
1773 5013 1833 5058 ut
1881 5005 2015 5071 dixi,

451 5098 660 5168 captiva
714 5109 901 5153 sorore
966 5094 1305 5162 imperatoris
1356 5094 1408 5147 in
1458 5109 1680 5149 uxorem
1722 5102 2022 5161 assumpta,

452 5189 665 5242 Alarico
692 5192 1044 5241 successerat.
1086 5183 1157 5247 Is,
1181 5191 1240 5236 ut
1271 5197 1408 5251 stepe
1437 5182 1675 5237 auditum
1706 5190 1864 5250 atque
1889 5180 2015 5234 ultiq

453 5291 543 5331 mo
562 5275 709 5331 exitu
733 5271 850 5343 ejus
880 5274 1162 5343 probatum
1207 5279 1307 5335 est,
1338 5272 1471 5326 satis
1519 5271 1754 5326 studiose
1782 5278 2017 5324 sectator

451 5369 618 5439 pacis,
646 5366 882 5422 militare
929 5363 1159 5420 ﬁdeliter
1202 5363 1441 5424 Honorio
1467 5361 1773 5431 imperatori
1814 5374 1878 5414 ac
1919 5375 2019 5429 pro

455 5459 784 5516 defendenda
798 5459 1037 5515 Romana
1054 5457 1343 5528 Republica
1369 5458 1625 5526 impedire
1649 5458 1791 5513 vires
1811 5456 2015 5512 Gotho-

461 5550 938 5621 rutupra’optavit.
1005 5549 1103 5617 Qui
1156 5549 1292 5617 apud
1344 5547 1694 5602 Barcillonem
1748 5546 2017 5616 Hispania)

2036 4335 2088 4393 D

2084 456 2178 494 rex
2226 438 2414 494 Gothis
2451 449 2682 504 creatus,
2732 440 3081 496 nihilominus
3109 456 3140 494 a
3166 442 3278 496 suis
3331 443 3665 497 interfectus

2082 539 2183 582 est.
2216 528 2416 589 Deinde
2460 527 2608 582 Valia
2653 530 2912 584 successit
2950 529 3006 583 in
3032 544 3251 600 regnum
3286 548 3298 583 :
3336 531 3429 600 qui
3461 546 3665 600 pacem

1992 652 1995 655 -
2083 619 2336 687 optimam
2361 632 2483 672 cum
2508 617 2745 672 Honorio
2785 618 3129 689 imperatore,
3158 619 3298 676 datis
3344 619 3668 675 lectissimis

2083 706 2469 771 obsidionibus,
2494 706 2712 777 pepigit.
2739 705 3028 761 Placidiam
3044 708 3384 776 imperatoris
3406 723 3663 763 sororem

2084 796 2375 852 honorifice
2405 796 2544 865 apud
2565 811 2624 851 se
2650 796 2978 866 honesteque
3012 796 3249 852 habitam
3279 796 3439 852 fratri
3478 798 3665 854 reddi-

2084 892 2179 947 dit.
2212 892 2382 958 Quam
2437 891 2704 949 Honorius
2742 892 3078 959 Constantio,
3106 893 3217 963 {qui
3256 908 3380 949 eam
3426 908 3663 949 revoca-

2087 990 2253 1047 verat,
2292 983 2633 1037 matrimonio
2662 981 2913 1053 iungens,
2937 983 3318 1054 imperatorem
3362 984 3509 1054 apud
3550 983 3664 1037 Ra-

2085 1087 2314 1126 vennam
2341 1073 2563 1127 creavit.

2669 1181 2895 1239 CAPUT
2933 1182 3064 1239 Vill.

2189 1291 2266 1346 De
2287 1290 2546 1347 Johannis
2578 1294 2874 1363 tyrannide,
2900 1304 2949 1348 et
2982 1294 3095 1364 ejus
3123 1303 3332 1349 matura
3355 1305 3550 1350 morte.

2155 1425 2323 1497 Igitur
2342 1424 2630 1492 Honorius,
2658 1405 2895 1495 quicum
2923 1423 3090 1480 fratre
3113 1424 3363 1491 Arcadio,
3394 1425 3664 1480 tredecim

2088 1516 2369 1587 imperavit
2399 1516 2575 1581 annis,
2600 1530 2666 1571 ac
2689 1514 2941 1585 deinceps
2967 1530 3088 1570 cum
3119 1514 3419 1569 Theodosio
3439 1514 3665 1582 junione

2087 1605 2300 1661 Arcadii
2330 1604 2515 1661 fratris
2542 1605 2653 1660 ﬁlio
2680 1604 2970 1670 sexdecim,
2999 1603 3248 1659 humanis
3278 1605 3439 1659 rebus
3461 1618 3666 1658 exces-

2087 1696 2177 1752 sit.
2204 1695 2320 1763 Quo
2344 1696 2595 1752 defuncto
2621 1693 2854 1751 Joannes
2885 1704 3146 1765 tyrannus
3172 1693 3553 1762 Hesperiarnm
3577 1693 3668 1747 in-

2087 1785 2228 1841 vasit
2250 1785 2552 1855 imperium.
2581 1783 2778 1839 Contra
2811 1797 2968 1853 quem
2994 1780 3327 1838 Ardaburius
3345 1797 3377 1835 a
3408 1781 3668 1836 Theodo-

2088 1874 2170 1928 sio
2193 1874 2518 1944 imperatore
2550 1871 2808 1942 patricius
2850 1869 3115 1940 dirigitur,
3155 1870 3247 1938 qui
3284 1882 3425 1938 sape
3464 1878 3663 1924 contra

2088 1962 2318 2017 Parthos
2353 1960 2657 2016 dimicando
2684 1967 3038 2031 pugnaverat,
3071 1973 3136 2014 ac
3173 1957 3397 2014 feliciter
3422 1959 3662 2013 vicerat.

2091 2052 2197 2107 Sed
2216 2067 2339 2107 cum
2359 2050 2656 2135 navigando
2685 2048 2984 2119 Aquileiam
3007 2048 3252 2102 tenderet
3270 2062 3391 2102 cum
3413 2048 3665 2102 exercitu

2091 2151 2284 2197 ventus
2327 2155 2451 2197 mox
2480 2139 2786 2195 contrarius
2832 2153 3075 2209 surgens,
3110 2138 3418 2207 perturbata
3460 2138 3666 2204 classi,

2092 2234 2295 2305 appulit
2316 2248 2439 2288 eum
2481 2232 2548 2286 ad
2573 2234 2774 2288 hostes.
2806 2230 2907 2298 Qui
2933 2232 3350 2301 comprehensus
3373 2244 3404 2283 a
3428 2239 3666 2301 tyranno

2091 2341 2341 2396 magnam
2390 2324 2760 2380 :estuationem
2803 2323 2982 2377 intulit
3009 2321 3336 2390 imperatori.
3364 2320 3464 2389 Qui
3495 2319 3667 2375 solito

2092 2427 2241 2469 more
2266 2427 2323 2468 se
2347 2413 2414 2467 ad
2445 2411 2653 2467 Domini
2679 2411 2905 2466 contulit
2925 2409 3369 2475 misericordiam,
3397 2425 3517 2465 cum
3543 2422 3668 2478 pre~

2092 2503 2245 2559 cibus
2267 2511 2322 2558 et
2350 2503 2599 2573 lacrymis
2615 2516 2712 2572 pro
2735 2501 3051 2557 liberatione
3078 2501 3265 2571 patriae
3284 2509 3340 2554 et
3361 2499 3512 2554 ducis
3535 2498 3667 2555 lide-

2093 2591 2283 2646 lissimi
2317 2591 2571 2646 instabat.
2604 2590 2745 2658 Quid
2791 2597 2922 2645 tunc
2957 2588 3298 2658 imperatoris
3322 2588 3492 2643 oratio
3522 2602 3667 2658 pra:-

2093 2679 2282 2744 valuit,
2310 2679 2592 2734 dicendum
2626 2693 2767 2733 reor.
2812 2678 3046 2750 Angelus
3083 2678 3226 2732 enim
3255 2676 3349 2732 Dei
3374 2677 3470 2731 sub
3496 2678 3668 2732 sche-

2095 2778 2238 2824 mate
2261 2769 2494 2839 pastoris
2533 2767 2718 2823 eduxit
2764 2767 3022 2836 Asparem
3070 2765 3337 2820 Ardaburi
3387 2764 3583 2827 lilium.
3612 2774 3672 2820 et

2095 2875 2283 2915 omnes
2307 2860 2398 2929 qui
2422 2874 2543 2915 cum
2568 2872 2634 2913 eo
2658 2865 2833 2923 erant,
2857 2873 2922 2913 ac
2946 2872 3041 2927 per
3062 2854 3310 2926 paludem
3331 2854 3671 2924 adiacentem

2096 2951 2367 3005 Ravenna:
2400 2949 2466 3004 ad
2496 2949 2859 3018 loca'sperata
2890 2954 3269 3017 pervenerunt,
3298 2946 3437 2999 unde
3483 2944 3672 3000 nullus

2097 3039 2388 3109 aliquando
2418 3037 2676 3093 transisse
2715 3035 2909 3090 fertur.
2941 3035 3092 3090 Tunc
3111 3049 3239 3104 ergo
3270 3034 3409 3089 Deus
3436 3034 3674 3089 inadibi—

2103 3131 2207 3186 lem
2244 3139 2442 3185 terram
2470 3128 2596 3184 fecit
2626 3127 2898 3183 adibilem.
2928 3128 3292 3183 Transeuntes
3313 3141 3543 3194 namque
3573 3141 3676 3196 per

2101 3221 2306 3276 siccum
2334 3218 2542 3289 paludis
2591 3233 2760 3288 aquas
2806 3232 2913 3272 non
2943 3215 3298 3281 oﬂ‘enderunt,
3345 3224 3675 3286 apertasque

2103 3311 2438 3367 invenientes
2458 3310 2691 3366 civitatis
2714 3309 2982 3364 Ravenna:
3017 3316 3199 3381 portas
3225 3315 3511 3378 tyrannum
3536 3322 3674 3376 quo-

2100 3417 2205 3473 que
2253 3403 2615 3458 detinuerunt.
2666 3401 2725 3457 ln
2780 3416 2844 3457 ea
2888 3416 3119 3470 namque
3150 3400 3366 3455 civitate
3413 3408 3674 3469 tyrannus

2103 3494 2323 3563 degens,
2362 3492 2599 3546 habebat
2642 3491 2958 3546 exercitum.
3014 3488 3163 3545 Tunc
3221 3503 3350 3558 ergo
3399 3487 3675 3558 piissimus

2108 3583 2406 3652 imperator
2426 3581 2812 3646 reverentiam,
2838 3595 2997 3652 quam
3027 3580 3170 3635 circa
3195 3578 3538 3633 Divinitatem
3577 3577 3676 3630 ha-

2104 3671 2285 3737 bebat,
2309 3671 2561 3726 ostendit.
2592 3670 2723 3724 Dum
2746 3670 2890 3725 enim
2921 3668 3416 3738 circumspectaret,
3457 3666 3676 3722 nuntia-

2106 3772 2217 3816 tum
2240 3772 2323 3817 est
2346 3762 2395 3816 ei
2425 3770 2710 3830 tyrannum
2739 3759 2903 3815 fuisse
2929 3766 3282 3829 peremptum.
3313 3755 3675 3824 Quamobrem

2108 3851 2236 3905 fecit
2264 3866 2566 3907 sermonem
2594 3852 2646 3905 in
2672 3851 2868 3921 populo
2902 3850 3086 3905 dicens
3112 3863 3127 3903 :
3161 3848 3370 3913 Venite,
3401 3848 3446 3903 si
3477 3847 3675 3918 placet,

2106 3941 2472 4010 relinquentes
2501 3939 2642 3993 hanc
2670 3938 3018 4008 voluptatem,
3057 3945 3112 3992 et
3148 3946 3432 4007 pergentes
3465 3937 3530 3990 ad
3574 3935 3679 3991 Ec-

2109 4029 2328 4084 clesiam
2357 4027 2628 4099 gratificos
2651 4026 2763 4081 Deo
2791 4026 3061 4081 solvamus
3093 4027 3345 4095 hymnos,
3367 4024 3517 4093 cujus
3555 4040 3675 4079 ma-

2109 4135 2212 4173 nus
2258 4117 2470 4188 tyranni
2522 4116 3027 4186 praesumptionihus
3069 4113 3323 4169 obviavit.
3370 4114 3488 4181 Quo
3532 4114 3680 4169 dicto

2111 4205 2416 4276 spectaculo
2443 4213 2707 4270 cessante,
2734 4218 2832 4274 per
2855 4204 3087 4259 medium
3114 4204 3317 4259 circum
3350 4202 3530 4258 cuncti
3556 4217 3678 4257 cum

2113 4312 2178 4352 eo
2205 4296 2543 4351 concorditer
2567 4294 2769 4365 gratias
2796 4303 3036 4365 agentes,
3073 4293 3140 4348 ad
3170 4293 3453 4347 ecclesiam
3480 4306 3679 4346 conve-

2113 4396 2327 4450 nerunt,
2365 4386 2439 4440 ita
2468 4393 2528 4439 ut
2563 4393 2676 4438 tota
2715 4384 2903 4437 civitas
2952 4397 3060 4437 una
3104 4383 3383 4438 videretur
3427 4381 3679 4445 ecclesia,

2114 4475 2389 4529 venientes
2410 4472 2476 4527 ad
2506 4473 2681 4527 locum
2708 4472 2968 4527 orationis
2984 4469 3095 4541 jugi
3120 4472 3206 4525 die
3229 4471 3430 4541 gratias
3454 4470 3682 4524 Domino

2116 4562 2434 4618 retulerunt.
2464 4561 2647 4630 Igitur,
2675 4562 2856 4615 occiso
2880 4570 3125 4630 tyranno,
3145 4559 3414 4627 cogitabat
3435 4557 3680 4613 Theodo-

2117 4654 2230 4708 sius
2251 4655 2564 4722 imperator,
2592 4651 2675 4704 cui
2697 4651 2916 4705 deberet
2938 4648 3317 4718 Hesperiamm
3346 4662 3509 4717 regna
3534 4662 3681 4702 com-

2120 4742 2353 4796 mittere.
2387 4742 2537 4794 Tunc
2568 4739 2972 4795 Valentinianus
3000 4745 3120 4792 erat
3158 4737 3313 4791 valde
3336 4751 3492 4806 puer,
3523 4745 3679 4789 natus

2117 4848 2182 4888 ex
2213 4844 2384 4888 matre
2420 4831 2657 4887 Placidia
2686 4829 2801 4899 eius
2824 4829 3039 4898 quidem
3071 4828 3254 4891 amita,
3284 4825 3394 4880 lilia
3415 4841 3542 4881 vero
3569 4840 3683 4880 ma—

2113 4924 2248 4994 joris
2276 4921 2586 4986 Theodosii,
2629 4919 2844 4974 Arcadii
2881 4926 2937 4973 et
2964 4917 3186 4973 Honorii
3226 4930 3414 4971 sumre
3437 4916 3505 4970 de
3527 4924 3685 4985 patre

2119 5012 2453 5077 Constantio,
2490 5011 2581 5081 qui
2613 5010 2680 5064 ah
2702 5008 2939 5063 Honorio
2967 5007 3174 5077 imperii
3198 5005 3321 5075 jura
3349 5012 3681 5074 susceperat,

2120 5115 2394 5173 parvoque
2436 5112 2676 5173 tempore
2717 5114 2837 5154 cum
2884 5112 2949 5153 eo
3002 5104 3337 5168 regnaverat.
3375 5094 3529 5149 Hunc
3555 5108 3688 5163 ergo

2124 5190 2557 5245 Valentinianum
2587 5187 2966 5244 consobrinum
2997 5201 3153 5241 suum
3183 5184 3452 5240 Ctesarem
3483 5184 3688 5238 factum

2122 5280 2288 5334 mittit
2345 5279 2413 5333 ad
2465 5286 2649 5348 partes
2695 5277 2860 5334 Italia:
2906 5290 3026 5331 cum
3074 5289 3181 5344 quo
3232 5282 3462 5327 matrem
3512 5270 3685 5326 Placi-

2121 5368 2287 5433 diam,
2317 5369 2472 5438 eique
2500 5369 2805 5428 universam
2846 5365 3248 5436 dispositionem
3287 5361 3557 5421 commisit
3580 5361 3685 5417 im-

2120 5461 2273 5531 perii.
