3976 6180
298 222 441 286 ιειι·

908 344 1134 403 CAPUT
1172 349 1262 407 IX.

296 429 376 487 De
394 435 564 512 gestis
599 434 852 512 memgria
890 438 1171 512 ᾴίρηὶεχίη
1215 444 1452 512 partibus
1503 445 1733 503 Orientis
1780 451 1875 504 sub

388 505 700 575 imperatore
726 504 1034 563 Theodosio.
1070 504 1300 566 Item'de
1322 514 1495 568 Attico
1524 518 1782 589 episcopo.

363 614 533 687 Igitur
557 614 933 676 Valentiniano
958 623 1099 693 apud
1141 623 1452 682 Ravennam
1498 644 1751 685 coronam
1778 632 1875 687 im-

288 706 428 774 perii
465 718 798 774 assumente,
830 718 885 766 et
914 712 1155 781 partibus
1177 716 1418 773 occiduis
1461 729 1721 789 regnante
1745 737 1871 777 cum

289 805 484 860 matre,
510 813 631 866 quae
653 800 754 854 sub
785 800 1072 859 Theodosii
1102 805 1327 874 imperio
1355 810 1582 878 sceptris
1604 810 1659 864 in
1683 811 1873 866 Orien-

290 887 489 943 talibus
511 901 830 956 evenerunt,
866 902 922 948 et
958 898 1218 952 memoria
1266 897 1534 955 habentur
1560 900 1741 973 digna,
1773 904 1873 959 ali-

285 992 394 1049 qua
440 974 751 1038 summatim
794 987 1126 1055 praelibanbo
1152 1005 1459 1061 carpamus.
1516 994 1631 1061 Qua
1669 1005 1870 1069 tempe-

284 1080 428 1126 state
473 1072 685 1130 Atticus
730 1074 1226 1149 Constantinopolis
1276 1094 1396 1139 erat
1432 1085 1716 1157 episcopus
1740 1105 1755 1144 :
1783 1090 1870 1145 vir

284 1165 553 1221 mirabilis
581 1167 636 1221 in
666 1168 934 1235 doctrina,
970 1172 1252 1243 religione,
1302 1185 1358 1228 et
1391 1176 1638 1246 largitate
1672 1182 1866 1249 praeci-

279 1270 444 1325 puus.
473 1257 640 1327 Cujus
684 1259 825 1314 inter
852 1268 1066 1326 caetera,
1098 1262 1228 1317 dum
1267 1265 1484 1333 quidam
1515 1265 1733 1324 Judmus
1773 1269 1863 1339 ja-

278 1358 430 1404 ceret
455 1350 805 1422 paralyticos,
828 1354 1159 1408 medicorum
1186 1357 1425 1411 omnium
1452 1360 1673 1415 medelis
1701 1369 1863 1432 atque

275 1439 589 1497 Judmorum
650 1444 1045 1513 superstitiosis
1098 1448 1514 1516 purgationibus
1579 1451 1857 1518 adhibitis,

275 1533 411 1586 nihil
438 1533 541 1588 sibi
581 1535 841 1602 prodesse
878 1535 1160 1600 sensisset,
1188 1537 1402 1591 demum
1430 1540 1642 1594 caeteris
1669 1541 1859 1611 despe-

1393 234 1807 300 CIIRONICON.
1846 277 1917 287 —
1955 247 2119 305 TOMI
2150 198 2357 309 IIJLIB.
2397 254 2461 312 ν.

1910 360 1959 420 Α
1987 360 2051 416 lis
2073 376 2348 434 magorum
2375 368 2847 444 incantationibus,
2866 386 3308 445 autsacerdotum
3336 407 3555 453 suorum

3420 281 3557 335 ίξιςι.

1979 457 2402 546 purgationibus,
2426 462 2510 516 vel
2557 464 2719 518 etiam
2750 470 3079 529 medicorum
3109 478 3324 546 studiis,
3373 488 3554 541 curari

1976 544 2169 611 potuit.
2219 545 2389 613 Quem
2439 554 2764 611 venerabilis
2809 560 3093 633 episcopus
3145 567 3257 623 sola
3306 544 3554 632 oratione

1975 637 2188 690 sanavit
2215 648 2271 693 et
2292 655 2321 693 a
2348 641 2458 695 ﬁlio
2492 642 2611 711 ejus
2649 647 3086 709 molestissimum
3123 657 3445 717 dremonium
3473 665 3557 720 fu-

1973 728 2139 796 gavit.
2173 729 2343 797 Quam
2374 733 2445 787 ob
2470 751 2584 789 rem
2616 740 2755 806 apud
2786 740 2979 799 Persas
3033 746 3415 811 Christianitas
3465 766 3553 814 est

1972 814 2217 882 dilatata,
2247 826 2304 872 et
2329 835 2606 891 magorum
2643 826 2785 882 illius
2814 828 3034 888 fraudes
3066 836 3308 895 detectae.
3340 843 3546 908 Quibus

1971 907 2132 961 etiam
2161 908 2349 964 diebus
2391 909 2560 967 Judaei
2611 916 2921 975 habitantes
2951 922 3003 975 in
3036 923 3218 991 Creta,
3270 907 3544 989 sollicitati

1969 1007 2096 1053 sunt
2120 1015 2149 1053 a
2180 1002 2431 1069 quodam,
2465 1006 2555 1074 qui
2580 1022 2639 1060 se
2664 1008 2844 1065 Mosen
2875 1011 3238 1083 legislaturem
3260 1037 3290 1075 a
3314 1024 3450 1079 C(BIO
3475 1027 3545 1082 ad

1967 1100 2062 1143 eos
2090 1088 2264 1142 denuo
2286 1091 2510 1146 missum
2534 1096 2853 1164 testabatur,
2883 1118 3110 1159 monens
3132 1114 3189 1159 ut
3211 1122 3398 1165 omnes
3418 1129 3549 1170 suas

1966 1178 2331 1246 relinquerent
2369 1186 2740 1251 possessiones
2782 1198 2944 1259 atque
2983 1196 3261 1262 pecunias,
3287 1205 3542 1269 quoniam

1964 1266 2056 1322 illo
2107 1269 2324 1326 doctore
2365 1289 2464 1342 per
2508 1276 2710 1331 siccum
2763 1297 2935 1348 mare,
2988 1287 3055 1339 ad
3105 1266 3544 1358 repromissionis

1961 1358 2155 1430 gaudia
2177 1364 2540 1429 pervenirent.
2566 1366 2635 1420 At
2656 1368 2750 1432 illi,
2781 1370 2882 1426 hac
2902 1388 2996 1441 spe
3018 1378 3185 1445 capti,
3206 1381 3386 1434 omnia
3416 1398 3544 1436 con-

1960 1458 2295 1517 tempserunt
2313 1466 2430 1505 sua.
2450 1453 2692 1523 Cumque
2714 1460 2948 1515 venisset
2969 1463 3083 1518 dies
3104 1481 3266 1534 quam
3291 1468 3542 1540 designa-

1958 1545 2109 1591 verat
2135 1537 2389 1592 seductor
2412 1540 2523 1606 ille,
2548 1543 2770 1600 deduxit
2813 1563 2905 1603 eos
2932 1551 2998 1603 ad
3024 1557 3312 1620 quamdam
3345 1537 3532 1627 rupem

184 1641 191 1645 ’
272 1625 430 1689 ratis,
461 1625 528 1680 ad
558 1624 759 1681 Christi
785 1641 845 1681 se
874 1627 1102 1681 contulit
1124 1627 1435 1686 sanitatem.
1465 1630 1578 1686 Hoc
1597 1632 1855 1688 velociter
1881 1701 1927 1719 ﬁ
1956 1624 2213 1680 dediViUS
2234 1626 2652 1696 incumbentem.
2671 1631 2941 1705 iussitque
2965 1646 3026 1691 ut
3044 1640 3385 1697 thaumarum
3412 1624 3535 1719 (sic)

270 1718 528 1788 episcopo
548 1718 730 1774 Auico
751 1719 1033 1774 nuntiatur
1061 1738 1074 1774 ε
1107 1737 1265 1791 quem
1296 1725 1745 1779 catechumenum
1769 1726 1851 1780 fa-
1881 1701 1928 1761 Β
1956 1715 2234 1771 schemate
2259 1720 2579 1789 semetipsos
2598 1701 2929 1780 evolverem.
2960 1727 3074 1784 Hoc
3102 1744 3231 1802 ergo
3266 1701 3536 1791 faciebant

268 1815 522 1872 ctum,et
546 1822 695 1878 spem
749 1808 949 1865 Christi
996 1811 1336 1881 promittens,
1392 1813 1679 1882 deportare
1730 1830 1853 1870 cum

266 1898 410 1953 lecto
437 1899 692 1969 praecepit
732 1899 799 1952 ad
840 1899 1190 1969 baptismum.
1219 1899 1418 1956 Verum
1449 1899 1667 1957 Judzeus
1687 1918 1850 1972 para-

266 1989 488 2059 lytieus,
540 1988 865 2058 baptismum
907 2004 1032 2044 vera
1083 1989 1187 2045 ﬁde
1242 1992 1563 2062 suscipiens,
1615 2007 1738 2047 eum
1785 1993 1851 2048 de

264 2083 417 2134 fonte
479 2078 666 2135 fuisset
715 2079 942 2145 levatus,
973 2081 1292 2153 aegritudine
1328 2090 1551 2152 repente
1603 2085 1850 2154 privatus

264 2180 370 2237 est,
397 2179 455 2226 et
481 2172 547 2228 de
570 2184 766 2228 caetero
795 2189 960 2229 sanus
986 2174 1105 2230 fuit.
1137 2175 1287 2231 [Iane
1324 2176 1490 2249 igitur
1515 2194 1703 2234 curam
1733 2180 1847 2234 vir-

258 2278 354 2323 tus
396 2260 598 2317 Christi
641 2264 807 2317 etiam
851 2279 917 2318 eo
974 2273 1214 2334 tempore
1261 2265 1675 2323 demonstravit.
1729 2268 1846 2336 Qua

259 2367 425 2406 causa
459 2351 675 2421 plurimi
710 2368 1041 2423 paganorum
1091 2355 1375 2410 credentes
1403 2357 1661 2427 baptizati
1693 2368 1842 2414 sunt.

258 2442 473 2497 Atticus
517 2450 699 2496 autem
744 2441 924 2512 largus
954 2442 1031 2499 sic
1061 2453 1198 2511 erat,
1227 2457 1285 2500 ut
1310 2462 1418 2501 non
1445 2447 1616 2502 solum
1645 2463 1845 2518 paupe-

257 2536 415 2589 ribus
450 2550 666 2589 suarum
694 2535 1099 2605 parochiarum,
1124 2538 1218 2590 sed
1244 2537 1410 2593 etiam
1452 2538 1504 2593 in
1535 2539 1727 2595 vicinis
1766 2541 1845 2595 ei-

254 2624 518 2679 vitatibus
542 2624 742 2678 multas
767 2626 1021 2693 pecunias
1047 2641 1145 2694 pro
1168 2628 1441 2696 egentium
1473 2629 1842 2685 consolatione

254 2712 674 2768 transmitteret.
716 2713 974 2782 Calliopio
1020 2730 1252 2783 namque
1294 2717 1610 2787 presbytero
1656 2717 1841 2773 Eccle-

259 2804 357 2858 siae
385 2803 616 2859 Nicaeum
641 2813 912 2859 trecentos
926 2819 1122 2859 aureos
1150 2805 1367 2871 direxit,
1391 2807 1507 2861 haec
1535 2809 1834 2864 mandans:

251 2895 366 2950 llos
417 2903 689 2950 trecentos
743 2895 945 2950 solidos
993 2896 1234 2963 expende
1288 2896 1430 2950 sicut
1494 2898 1752 2963 volueris,
1783 2908 1840 2955 et

251 2986 488 3040 maxime
510 2986 613 3041 illis
641 2986 733 3055 qui
765 2994 949 3055 petere
974 2986 1396 3053 confunduntur,
1425 2996 1481 3043 et
1506 3004 1613 3043 non
1638 2990 1719 3045 eis
1742 2991 1832 3060 qui

250 3086 475 3147 propter
490 3072 731 3131 ventrem
755 3077 928 3147 magis
956 3078 1318 3148 negotiantur.
1346 3079 1427 3133 Ex
1456 3079 1649 3135 talibus
1674 3097 1835 3135 unam

249 3174 461 3219 tantum
490 3180 602 3220 rem
639 3166 888 3230 observa,
921 3176 980 3220 ut
1010 3167 1222 3223 nutrias
1259 3167 1580 3239 indigentes.
1609 3169 1662 3224 Is
1685 3186 1840 3246 nam-

246 3271 355 3325 que
379 3256 553 3311 eidem
581 3255 841 3326 Calliopio
866 3267 1093 3312 mortem
1133 3273 1288 3314 suam
1328 3259 1485 3330 longe
1529 3269 1655 3315 ante
1700 3276 1838 3331 pra:-

245 3345 410 3408 dixit,
439 3360 544 3414 quo
584 3345 729 3401 dicto
758 3361 863 3401 non
889 3356 975 3402 est
1002 3349 1275 3404 mentitus.
1303 3348 1405 3417 Qui
1436 3351 1604 3406 etiam
1649 3366 1836 3420 quem-

243 3435 370 3490 dam
399 3434 643 3491 Judaeum
669 3438 1164 3509 haptizaverat,qui
1194 3449 1372 3495 tamen
1401 3438 1641 3508 Judazus,
1662 3442 1835 3512 turpis

242 3526 383 3581 lucri
408 3528 603 3598 gratia,
631 3544 729 3598 per
752 3530 997 3584 diversas
1021 3530 1253 3589 haereses
1279 3530 1474 3600 saepius
1498 3532 1830 3600 baptizabat,

243 3625 301 3672 et
337 3617 443 3672 hac
478 3627 595 3674 arte
621 3620 879 3688 pecunias
908 3621 1291 3691 congregabat.
1323 3619 1606 3677 Postremo
1634 3623 1703 3676 ad
1730 3622 1833 3677 Ec-

242 3709 466 3765 clesiam
491 3710 687 3765 iterum
727 3712 877 3766 venit
915 3712 1361 3768 orthodoxorum.
1394 3711 1493 3767 Cui
1524 3721 1647 3782 post
1689 3711 1832 3783 jeju-

242 3800 459 3854 niorum
477 3808 685 3870 tempus
710 3809 1049 3871 praeparatur
1070 3801 1363 3871 baptisma,
1379 3802 1543 3857 vestis
1564 3817 1824 3873 congrua.

241 3886 490 3958 Cumque
520 3888 655 3946 foris
690 3890 880 3947 fuisset
901 3891 1174 3961 impletus,
1203 3892 1490 3947 deducitur
1517 3890 1736 3948 Judteus
1760 3892 1829 3949 ad

239 3982 648 4052 baptizandum.
681 3982 834 4038 Tune
883 3984 1129 4054 qumdam
1181 3982 1276 4038 Dei
1326 3984 1499 4037 virtus
1543 3984 1828 4041 invisibilis

240 4088 443 4144 aquam
486 4074 761 4144 disparere
793 4075 1070 4144 praecepit.
1102 4074 1346 4145 Cumque
1383 4083 1680 4145 praesentes
1718 4091 1824 4130 non

237 4164 543 4234 cogitantes
573 4163 667 4218 Dei
698 4164 975 4228 virtutem,
1003 4179 1200 4235 aquam
1234 4180 1331 4236 per
1358 4165 1668 4220 cuniculum
1700 4182 1826 4235 pro-

235 4257 421 4328 prium
457 4255 743 4312 deﬂuxisse
789 4257 1215 4327 suspicarentur,
1264 4257 1549 4329 diligenter
1587 4258 1825 4328 undique

1950 1805 2188 1874 priores;
2218 1816 2416 1863 etcum
2446 1811 2692 1866 venirent
2737 1814 2806 1868 ad
2853 1831 3031 1891 rupes,
3079 1831 3300 1890 repente
3336 1825 3534 1880 morie-

1949 1895 2164 1960 bantur,
2201 1907 2309 1952 lam
2331 1900 2607 1956 dilacerati
2636 1905 2811 1959 acutis
2838 1890 3091 1976 rupibus,
3123 1926 3285 1979 quam
3310 1913 3362 1966 in
3391 1929 3531 1983 aqua

1949 1989 2147 2043 necati.
2182 1989 2371 2046 Plures
2398 1999 2577 2047 tamen
2618 1996 2753 2050 mori
2783 2006 3053 2065 poterant,
3086 2001 3191 2056 nisi
3212 2002 3323 2057 Deo
3349 2006 3542 2075 pravi--

1947 2078 2107 2134 dente
2132 2080 2353 2150 quidam
2378 2082 2479 2136 viri
2502 2082 2797 2141 Christiani
2823 2091 3265 2158 supervenissent
3292 2094 3530 2162 piscato-

1946 2181 2035 2224 res
2064 2177 2227 2240 atque
2260 2173 2640 2242 negotiatores,
2681 2177 2770 2245 qui
2820 2178 2976 2243 alios,
3008 2196 3130 2235 cum
3180 2192 3525 2250 necarentur,

1944 2260 2238 2329 eripientes
2292 2274 2688 2319 recreaverunt.
2721 2266 2822 2333 Qui
2873 2278 3051 2325 autem
3082 2282 3367 2329 evaserant
3401 2289 3524 2329 eum

1943 2349 2236 2405 voluissent
2257 2351 2403 2406 illum
2431 2355 2700 2422 perimere
2726 2358 3084 2423 seductorem,
3110 2370 3331 2430 repente
3350 2363 3529 2434 dispa-

1944 2438 2052 2492 ruit
2084 2452 2099 2491 :
2130 2455 2290 2509 quem
2345 2442 2668 2497 dmmonium
2717 2447 2976 2515 suspicati
3026 2459 3151 2504 sunt
3204 2450 3387 2507 fuisse.
3419 2453 3527 2509 Pro

1942 2528 2043 2583 hac
2063 2529 2248 2599 itaque
2264 2532 2516 2599 passione
2540 2534 2691 2587 multi
2718 2542 2844 2590 tunc
2861 2536 3196 2593 Cretensium
3216 2540 3524 2598 Judarorum

1941 2618 2010 2672 ad
2032 2618 2399 2674 Christianam
2429 2623 2676 2677 conversi
2709 2632 2836 2704 sunt
2863 2625 3042 2681 ﬁdem.
3076 2628 3245 2698 Igitur
3277 2630 3525 2686 Theodo-

1942 2709 2058 2762 sius
2088 2718 2247 2780 pacta
2276 2709 2563 2765 Persarum
2588 2722 2742 2781 rupta
2773 2730 2872 2782 pro
2900 2714 3228 2771 Christianis
3249 2719 3317 2773 ai)
3343 2718 3522 2775 Attico

1939 2800 2204 2868 susceptis
2229 2801 2504 2869 episcopo,
2529 2801 2613 2856 Vel
2636 2803 2702 2856 ab
2729 2802 2849 2856 aliis
2872 2804 2927 2856 in
2955 2805 3087 2859 orbe
3114 2805 3359 2861 Romano
3390 2824 3402 2861 :
3428 2809 3521 2876 qui

1939 2890 2066 2945 dum
2089 2899 2544 2960 persequerentur
2564 2907 2595 2946 a
2620 2908 2744 2964 rege
2763 2892 3051 2949 Persarum
3076 2896 3200 2951 inde
3228 2897 3517 2967 fugissent;

1941 2980 2035 3036 sed
2064 2982 2190 3037 dum
2216 2990 2482 3052 repeteret
2503 2999 2597 3039 eos
2627 2984 2769 3038 idem
2799 3000 2915 3050 rex,
2944 3001 2974 3039 a
2997 2986 3249 3055 religioso
3274 2990 3519 3060 principe

1942 3072 2163 3127 minime
2190 3081 2316 3128 sunt
2342 3073 2555 3127 redditi.
2598 3072 2759 3129 Nefas
2799 3075 2943 3129 enim
2981 3075 3229 3141 ducebat,
3252 3085 3311 3130 ut
3334 3077 3519 3134 ﬁdeles

1938 3160 2009 3215 ad
2042 3176 2100 3215 se
2154 3158 2526 3231 confugientes
2576 3160 2884 3217 inﬁdelibus
2920 3163 3172 3219 redderet
3202 3165 3269 3219 ad
3304 3181 3514 3234 poenas.

1896 3256 1904 3265 ‘
1938 3251 2108 3323 Magis
2135 3252 2282 3306 enim
2324 3251 2463 3306 bella
2495 3252 2770 3322 suscipere
2794 3253 2977 3325 elegit,
3006 3269 3126 3324 quae
3146 3271 3242 3325 per
3266 3256 3515 3312 Ardabu—

1937 3341 2076 3396 rium
2096 3342 2300 3397 militia:
2332 3343 2651 3413 magistrum
2682 3350 2903 3399 strenue
2928 3352 3055 3399 sunt
3079 3355 3247 3416 gesta.
3285 3347 3335 3403 Is
3370 3348 3516 3404 enim

1933 3436 2208 3491 Persicam
2255 3436 2529 3505 regionem
2565 3451 2660 3505 per
2688 3436 2959 3492 Armeniae
3008 3432 3144 3493 ﬁnes
3187 3437 3513 3507 ingrediens,

1933 3541 2094 3578 unam
2123 3524 2241 3592 ejus
2265 3525 2597 3593 provinciam
2646 3525 3004 3581 Azamensem
3051 3527 3209 3581 valde
3257 3529 3510 3581 vastavit.

1932 3612 2027 3668 Cui
2054 3628 2175 3667 cum
2210 3613 2442 3681 plurimo
2470 3615 2713 3668 exercitu
2759 3615 2997 3670 Narseus
3029 3616 3137 3669 dux
3186 3616 3510 3671 Parthorum

1929 3702 2187 3767 occurrit,
2230 3701 2480 3772 factaque
2520 3705 2903 3774 congressione
2931 3704 3174 3759 devictus
3201 3713 3304 3759 est.
3332 3704 3425 3759 Sic
3456 3714 3513 3760 et

1930 3795 2050 3850 aliis
2079 3794 2300 3864 pratliis,
2346 3795 2575 3851 Domino
2610 3796 2923 3861 auxiliante,
2963 3795 3129 3850 duces
3155 3802 3211 3850 et
3239 3795 3512 3851 exercitus

1927 3886 2153 3956 piissimi
2226 3886 2483 3955 principis
2540 3886 2848 3954 superiores
2907 3892 2962 3939 et
3012 3885 3249 3941 victores
3305 3886 3509 3941 inventi

1927 3984 2054 4030 sunt
2086 3994 2100 4030 :
2129 3976 2232 4030 hoc
2257 3975 2364 4030 illis
2388 3975 2804 4046 prtedicentibus
2830 3974 3054 4042 angelis,
3091 3982 3149 4028 ut
3178 3974 3510 4030 conﬁderent

1926 4076 1982 4122 et
2008 4073 2251 4131 orarent,
2277 4073 2332 4119 et
2350 4067 2462 4119 Deo
2492 4065 2797 4129 crederent,
2824 4063 2947 4133 quia
2978 4064 3249 4118 Romanos
3277 4064 3506 4119 victoria

1926 4163 2264 4226 sequeretur,
2313 4154 2554 4209 dicentes
2582 4167 2641 4207 se
2667 4152 2992 4207 mediatores
3032 4151 3158 4206 belli
3204 4152 3437 4207 directos
3470 4168 3504 4207 a

1925 4248 2055 4302 Deo.
2089 4246 2329 4302 Tandem
2352 4246 2406 4300 in
2437 4243 2670 4300 conﬁnio
2699 4243 3098 4313 Mesopotamia:
3124 4244 3504 4313 congressione

236 4347 485 4404 clausum
530 4363 748 4402 rursum
780 4347 1138 4418 impleverunt
1183 4347 1404 4414 fontem,
1439 4357 1495 4403 et
1525 4349 1702 4403 denuo
1730 4349 1824 4404 de-
1846 4370 1900 4429 D
1926 4334 2068 4391 τειοω
2120 4335 2449 4429 fortissimi“
2502 4335 2789 4429 Ρθτεῦτξω
2841 4335 3134 4429 εἰςτοῖιιιεν
3186 4334 3277 4403 ﬁni
3326 4334 3395 4429 ab
3423 4334 3505 4389 eis

233 4439 407 4494 ducto
445 4437 652 4505 Judteo,
703 4454 842 4509 aqua
872 4440 1155 4510 disparuit.
1190 4439 1341 4495 Tunc
1387 4442 1659 4506 sacerdos,
1681 4440 1823 4508 Quid

236 4530 391 4596 mali,
419 4531 609 4601 inquit,
644 4530 840 4595 fecisti,
870 4546 903 4586 ο
928 4532 1126 4586 homo?
1158 4531 1243 4587 An
1272 4542 1417 4588 certe
1439 4533 1687 4588 nesciens
1728 4534 1821 4588 ba-

232 4625 493 4695 ptismate
510 4624 627 4695 jam
662 4625 864 4695 potitus
885 4626 983 4680 es?
1021 4625 1102 4681 Ob
1128 4626 1269 4681 hanc
1308 4642 1420 4681 rem
1460 4642 1584 4681 cum
1617 4625 1821 4682 diversi

231 4725 645 4780 concurrerent,
704 4717 922 4786 quidam
980 4717 1222 4773 Judaeum
1274 4721 1607 4788 recognovit,
1656 4734 1818 4790 quem

228 4805 568 4876 baptizatum
605 4807 674 4861 ab
708 4806 888 4862 Attico
934 4808 1187 4878 episcopo
1237 4808 1351 4879 ipse
1400 4819 1736 4881 susceperat,
1762 4817 1818 4865 et

229 4896 337 4951 hoc
361 4896 522 4950 modo
549 4895 692 4952 illius
715 4896 865 4952 fraus
889 4897 1159 4953 universis
1190 4900 1456 4968 apparuit.

847 5006 1073 5063 CAPUT
1124 5007 1191 5061 Χ.

222 5095 309 5155 lle
336 5092 593 5150 Harutha
622 5085 671 5149 et
708 5097 877 5150 Attico
903 5094 1176 5205 spiswpis,
1216 5105 1263 5149 et
1306 5097 1372 5149 de
1397 5096 1592 5164 prcrliis
1624 5108 1808 5153 contra

526 5166 746 5205 Dnrlhn:
774 5182 867 5205 nm
930 5165 1216 5205 ,Ιινίιήιηιὸι
1254 5167 1502 5205 nigranti:

520 5166 746 5220 Parthos
772 5182 867 5236 pro
903 5165 1216 5218 Christianis
1252 5167 1523 5235 susceptis.

300 5256 382 5310 Eo
406 5264 649 5327 tempore
691 5254 968 5310 Maruthas
1016 5253 1482 5323 Mesopotamenus
1533 5255 1820 5325 episc0pus

223 5346 462 5418 insignis
492 5346 813 5411 habebatur,
852 5360 1013 5416 quem
1041 5343 1376 5399 Theodosius
1419 5344 1711 5415 imperator
1736 5345 1813 5399 le-

223 5439 468 5510 gationis
502 5437 670 5508 gratia
701 5437 765 5491 ad
795 5436 1084 5491 Persarum
1115 5450 1296 5504 regem
1339 5434 1556 5488 direxit.
1591 5435 1690 5500 Qui
1717 5450 1809 5488 vc-

224 5531 389 5588 uicns
422 5529 475 5583 in
501 5527 774 5583 Persidem
803 5526 868 5581 ad
907 5526 1185 5595 Sigerdem
1230 5540 1406 5592 regem
1435 5525 1600 5578 nimio
1629 5525 1813 5580 dolore

223 5620 424 5689 capitis
448 5635 511 5675 ex
540 5618 695 5691 longo
725 5627 963 5688 tempore
1005 5627 1254 5675 vexatum
1288 5616 1491 5673 invenit
1523 5632 1535 5671 :
1569 5617 1660 5687 qui
1686 5617 1808 5672 nul-

1926 4424 2246 4479 immortalis
2274 4424 2574 4488 dicebatur,
2625 4438 2655 4476 a
2703 4421 2962 4477 Romanis
2989 4437 3164 4476 caesus
3197 4430 3300 4476 est.
3330 4418 3504 4476 Porro

1923 4530 2017 4570 rex
2046 4514 2337 4569 Persarum
2368 4513 2643 4567 infortunii
2677 4512 2759 4566 sui
2784 4526 2976 4565 causas
3009 4526 3330 4581 agnoscens,
3356 4509 3501 4579 lega-

1923 4606 2122 4661 tionem
2147 4605 2509 4658 Romanorum
2535 4602 2856 4672 suscipiens,
2891 4616 3076 4669 pacem
3100 4615 3223 4655 cum
3251 4599 3331 4654 eis
3356 4614 3504 4653 com-

1920 4695 2118 4764 posuit.
2155 4693 2233 4746 ΕΙ
2271 4693 2374 4747 hoc
2427 4694 2586 4747 modo
2634 4692 2832 4745 bellum
2883 4698 3104 4760 propter
3166 4688 3501 4743 Christianos

1921 4792 2195 4846 exortum,
2234 4781 2301 4836 de
2326 4781 2652 4836 Parthorum
2685 4779 2903 4847 regione
2924 4776 3176 4832 cessavit.

2540 4885 2765 4941 CAPUT
2801 4884 2892 4938 XI.

2184 4979 2264 5034 De
2294 4976 2567 5032 Theodosii
2591 4975 2697 5028 vita
2730 4975 2923 5044 optima
2948 4983 2998 5026 et
3028 4973 3229 5026 uxoris.

1992 5075 2178 5143 Itaque
2206 5078 2325 5126 erat
2365 5066 2677 5137 imperatori
2722 5066 2829 5119 ﬁlia
2876 5081 2942 5119 ex
2991 5064 3232 5117 Eudoxia
3282 5064 3498 5119 nomine

1921 5163 2177 5219 Eudocia.
2206 5159 2356 5214 Hanc
2385 5155 2793 5212 Valentinianus
2840 5153 3193 5209 consobrinus
3227 5152 3345 5221 ejus
3385 5152 3494 5207 IIe-

1919 5254 2218 5323 speriarum
2282 5247 2516 5316 partium
2561 5245 2629 5298 ab
2676 5257 2741 5298 eo
2776 5241 2949 5296 factus
2986 5238 3280 5308 imperator
3340 5240 3497 5309 petiit

1919 5358 2161 5399 uxorem.
2190 5341 2433 5409 Cumque
2463 5332 2799 5389 Theodosius
2836 5331 3133 5393 annuisset,
3162 5329 3495 5384 Valentinia-

1917 5450 2041 5497 nus,
2079 5429 2328 5485 muniens
2363 5424 2669 5495 Hesperias,
2697 5419 3214 5487 Constantinopolim
3249 5419 3395 5473 venit
3422 5419 3490 5473 ad

1918 5522 2151 5593 nuptias.
2183 5516 2390 5584 Quibus
2436 5512 2745 5573 celebratis,
2771 5525 2937 5564 uxore
2984 5520 3215 5578 sumpta,
3243 5522 3492 5588 reversus

1915 5622 2012 5671 est.
2042 5608 2376 5667 Theodosius
2407 5606 2569 5677 igitur
2620 5604 2912 5673 imperator
2938 5616 3036 5677 pro
3078 5597 3352 5655 beneﬁciis
3384 5596 3489 5656 Sidi
