3976 6180
478 259 620 314 12έῦ

476 367 696 424 collatis
727 381 757 420 a
788 365 901 421 Deo
928 365 1134 435 gratias
1162 364 1453 431 referebat,
1482 368 1729 437 plurimis
1765 369 2062 424 honoribus
2091 372 2138 430 Α

475 456 695 512 Christo
738 470 834 510 sua
893 462 1015 508 vota
1066 469 1446 524 compensans,
1486 457 1876 529 conjugemque
1902 475 2055 513 suam

477 548 770 603 Eudoxiam
801 546 869 600 ad
890 544 1318 617 Hierosolymam
1359 548 1667 602 destinavit.
1694 548 1805 604 Hoc
1829 549 1973 603 enim
2003 558 2060 604 et

477 639 591 706 ipsa
625 646 808 690 votum
839 636 1121 700 habuerat,
1148 637 1193 691 si
1227 637 1391 693 ﬁliam
1421 639 1628 693 videret
1655 648 1898 708 nuptam.
1928 639 2058 706 Quae

478 737 588 781 tam
636 726 1024 798 Hierosolymis
1069 727 1327 783 ecclesias
1366 728 1712 793 constitutas,
1751 744 1915 796 quam
1962 744 2058 797 per

477 816 715 886 singulas
746 816 994 871 civitates
1040 816 1246 886 positas
1290 817 1576 871 honoravit
1600 835 1613 869 τ
1639 832 1762 872 cum
1788 825 2056 887 pergeret,

476 916 675 961 etcum
707 906 880 959 denuo
908 914 1174 960 remearet
1204 906 1560 961 Theodosius.
1586 907 1774 976 Itaque
1803 906 2061 975 regaliter

477 1008 636 1055 natus
661 1006 823 1067 atque
852 998 1088 1051 nutritus
1137 997 1269 1051 nihil
1317 998 1505 1052 habuit
1562 999 1819 1065 tepidum,
1858 997 1951 1051 sed
1980 998 2060 1051 sic

475 1094 577 1149 fuit
606 1093 846 1162 sapiens,
878 1100 938 1144 ut.
970 1091 1113 1145 inter.
1146 1090 1447 1145 fabulantes
1473 1091 1905 1160 experimentum
1942 1105 2061 1144 crc-

475 1184 698 1237 deretur
749 1183 953 1236 habere
1007 1196 1318 1236 causarum.
1369 1179 1708 1235 Perdurabat
1766 1181 1819 1234 in
1861 1179 2061 1249 frigore

474 1273 726 1327 similiter
759 1281 814 1326 et
860 1271 916 1324 in
955 1278 1112 1333 aestu,
1146 1271 1462 1340 plerumque
1479 1269 1776 1340 jejunabat,
1804 1278 1859 1325 et
1884 1269 2059 1323 maxi-

476 1376 563 1414 me
591 1376 644 1414 ιν
672 1359 806 1415 feria
857 1366 912 1412 et
958 1374 1010 1411 v1
1072 1358 1248 1413 studio
1304 1357 1751 1421 Christianitatis,
1780 1372 1880 1412 nec
1902 1356 2061 1411 aliter

476 1466 639 1519 quam
679 1449 1068 1507 monasterium
1114 1438 1313 1518 regalia
1346 1449 1649 1504 videbatur.
1682 1449 1799 1517 Ipse
1826 1462 2061 1517 namque

1471 259 1861 316 FRECULPHI
1896 257 2359 315 LEXOVIENSIS
2399 257 2706 314 EPISCOI’I
2774 282 2777 291 η

3605 262 3742 315 1255

2743 368 2969 424 CAPUT
3018 370 3150 425 XIII.

2163 456 2238 511 De
2266 456 2481 530 diversis
2506 459 2647 528 apud
2693 460 2971 530 dphricam
2998 470 3058 530 et
3086 460 3422 516 Britanniam
3467 466 3648 530 gestis,
3693 477 3744 524 α

2337 527 2478 581 obitu
2502 529 2745 596 Augusti,
2775 538 2824 581 et
2843 530 2963 582 hinc
2993 528 3268 583 Theodosii
3285 527 3559 601 principis.

2230 635 2344 704 Qua
2374 638 2540 697 etiam
2593 647 2911 708 tempestate
2954 641 3260 711 Apbricaua
3307 645 3613 713 provincia,
3648 662 3745 716 per

2162 725 2492 781 Bonifacium
2546 729 2799 783 comitem
2846 730 3122 786 Wandalis
3163 735 3385 801 tradita,
3444 746 3499 791 et
3557 754 3588 791 a
3640 739 3745 793 Ro-

2160 834 2321 873 mano
2340 818 2464 885 jure
2493 822 2771 875 subtracta
2802 830 2904 877 est.
2945 822 3046 890 Qui
3071 824 3378 880 Bonifacius
3415 829 3543 882 dum
3574 829 3626 883 in
3658 830 3741 884 of.

2159 908 2365 964 fensam
2398 910 2760 965 Valentiniani
2782 912 3040 977 venisset,
3063 914 3204 967 malo
3226 916 3442 984 publico
3470 933 3531 972 se
3558 919 3663 972 def.
3684 938 3745 974 ιιι

2159 999 2287 1061 dere
2304 1000 2468 1054 voluit
2493 1017 2507 1064 ;
2537 1001 2874 1070 invitatoqne
2899 1004 2966 1055 ab
2993 1002 3246 1072 Ilispauis
3271 1004 3553 1061 Girzerico
3582 1008 3745 1061 Wau-

2160 1088 2401 1142 dalorum
2442 1104 2586 1159 rege,
2636 1090 2726 1159 qui
2791 1091 3134 1146 interfecerat
3186 1094 3597 1165 Ermeugarium
3654 1114 3734 1153 re-

2159 1194 2279 1247 gem
2327 1178 2648 1243 Sucvorum,
2700 1179 2947 1247 iujuriant
2977 1192 3177 1237 sancta:
3210 1184 3431 1239 Eulalia:
3467 1188 3521 1240 in
3551 1188 3741 1243 eodem

2160 1282 2225 1321 ac
2251 1267 2295 1322 si
2329 1267 2516 1322 uolens
2542 1269 2839 1323 ulciscitur.
2887 1270 3258 1326 Conscderant
3296 1274 3440 1327 enim
3492 1274 3741 1331 Wandali

2160 1358 2214 1410 in
2263 1356 2445 1413 Belica
2477 1358 2745 1428 Hispania:
2783 1362 3020 1430 regione,
3074 1364 3231 1417 annis
3257 1364 3343 1417 54.
3377 1365 3516 1420 IIiuc
3568 1376 3743 1421 trans-

2159 1456 2288 1500 eunt
2317 1446 2371 1500 in
2423 1446 2713 1515 Apln‘icam
2749 1466 2870 1503 cum
2900 1452 3047 1504 omni
3083 1451 3307 1516 familia,
3338 1453 3525 1508 Alanis
3552 1470 3740 1509 secum

473 1538 745 1592 matutino
796 1538 863 1591 ad
911 1553 1038 1592 suas
1072 1553 1288 1592 sorores
1313 1552 1567 1607 pergens,
1600 1537 1812 1590 divinas
1845 1535 2065 1590 dicebat
2151 1524 2354 1602 junctis
2375 1536 2658 1600 etCothis,
2681 1540 2863 1593 omnia
2894 1540 3058 1605 ferro,
3082 1540 3320 1607 ﬂamma,
3349 1545 3558 1613 rapinis
3578 1545 3740 1599 simul

474 1628 679 1682 laudes.
707 1627 878 1695 Quam
916 1629 987 1682 ob
1027 1644 1151 1683 rem-
1176 1629 1340 1683 etiam
1379 1643 1562 1682 sacras
1592 1628 1800 1681 litteras
1823 1626 1940 1680 sine
1966 1641 2058 1680 θοι-

2160 1634 2215 1679 et
2242 1625 2441 1677 Ariana
2472 1624 2749 1693 impietate
2797 1627 3159 1683 fmdaverunt.
3211 1631 3362 1686 Tunc
3393 1633 3590 1688 beatus
3630 1632 3743 1688 Au-

475 1718 597 1773 dice
625 1718 906 1773 recitabat.
937 1718 1307 1787 Loquentibus
1337 1718 1605 1787 episcopis
1632 1716 1777 1771 velut
1810 1716 1938 1771 olim
1966 1731 2052 1770 sa-
2079 1709 2133 1768 B
2154 1716 2401 1784 gustiuus
2442 1714 2801 1785 Hipponensis
2840 1719 3124 1790 episcopus
3158 1731 3214 1776 et
3256 1725 3498 1778 omnium
3552 1726 3744 1780 doctor

473 1809 664 1863 certius
701 1808 900 1873 factus,
924 1824 991 1863 ex
1017 1808 1195 1863 divina
1229 1808 1461 1862 lectione
1499 1807 1876 1877 respondebat,
1920 1821 2051 1860 con-

473 1900 840 1969 gregabatque
885 1915 1071 1955 sacros
1102 1900 1337 1961 codices,
1368 1908 1423 1953 et
1449 1897 1939 1968 quoscunquelibet
1963 1912 2057 1951 eo-

474 2003 597 2041 rum
634 1987 959 2057 interpretes
1021 2003 1113 2057 seu
1162 1988 1520 2056 expositores.
1574 1987 1840 2041 Patientia
1895 1995 2056 2056 atque

473 2076 759 2132 clementia
806 2077 1073 2131 universis
1110 2077 1417 2132 hominibus
1444 2077 1719 2132 eminebat
1751 2093 1765 2128 :
1805 2076 2057 2146 operibus

473 2167 634 2232 iram,
667 2168 961 2231 tristitiam,
991 2169 1376 2239 libidinemque
1404 2170 1714 2234 devincens,
1747 2169 1881 2224 etin
1911 2169 2058 2224 nullo

477 2274 537 2314 se
559 2259 750 2314 ulcisci
780 2259 1116 2314 desiderans.
1145 2258 1287 2313 Dum
1314 2260 1476 2330 igitur
1506 2275 1537 2314 a
1571 2259 1801 2328 quodam
1830 2259 2057 2314 familia-

473 2350 616 2404 rium
666 2350 1110 2419 interrogaretur,
1137 2366 1237 2406 cur
1269 2350 1471 2405 nullum
1501 2366 1560 2406 se
1585 2352 1866 2406 laedentem
1893 2351 2065 2406 morti.

473 2436 802 2505 subjiceret:
840 2439 1080 2504 Utinam,
1117 2440 1309 2508 inquit,
1356 2447 1499 2496 esset
1528 2440 1660 2495 mihi
1688 2440 1944 2510 possibile
1988 2439 2059 2495 ad

471 2525 641 2579 vitam
689 2527 856 2581 etiam
910 2535 1153 2582 mortuos
1177 2531 1472 2583 revocare!
1510 2528 1601 2583 Sic
1639 2530 1782 2583 enim
1814 2528 1915 2582 fuit
1943 2529 2059 2582 cle-

473 2629 650 2679 mens,
680 2624 740 2668 ut
765 2616 812 2670 si
840 2616 1058 2685 quando
1083 2617 1352 2685 quispiam
1400 2618 1621 2688 dignum
1652 2617 1856 2687 aliquid
1882 2627 2058 2674 morte

476 2706 858 2768 committeret,
890 2721 993 2761 nec
1022 2722 1194 2776 usque
1242 2708 1310 2761 ad
1353 2708 1593 2763 civitatis
1615 2715 1809 2778 portas
1826 2709 2057 2762 moritu-

472 2806 568 2845 rus
605 2792 970 2861 perveniebat,
1015 2792 1109 2849 sed
1138 2808 1206 2848 ex
1233 2793 1351 2863 ejus
1378 2794 1661 2851 clementia
1691 2796 1946 2851 continuo
1973 2811 2057 2852 re-

472 2881 684 2936 vocatio
713 2881 1065 2952 sequebatur.
1154 2948 1155 2951 η

1068 3037 1297 3095 CAPUT
1343 3036 1455 3096 XII.

475 3186 555 3241 De
578 3185 812 3257 reliquiis
840 3186 976 3241 beati
1010 3185 1264 3258 Stephani
1282 3205 1375 3311 glei-
1404 3188 1649 3243 Orosium
1670 3191 1751 3244 ad-
1768 3190 2058 3245 Occiduum

490 3282 493 3285 λ
1136 3273 1289 3311 nam
1342 3275 1406 3311 ιε.

490 3282 493 3285 λ
1136 3273 1406 3327 porrectis.

545 3427 708 3498 Igitur
732 3428 1032 3484 Theodosio
1058 3438 1321 3497 regnante
1363 3445 1486 3486 cum
1526 3439 1722 3501 patruo
1751 3446 1849 3487 suo
1877 3431 2059 3487 IIono—

474 3520 576 3585 rio,
606 3520 690 3574 vel
712 3520 1035 3577 consobrino
1059 3521 1722 3592 deincepsValentiniauo
1750 3523 2058 3579 Constantii

472 3606 605 3671 ﬁlio,
631 3618 690 3662 ut
722 3608 924 3665 omissa
953 3620 1262 3680 repetamus
1296 3612 1536 3666 breviter
1583 3627 1703 3681 quae
1735 3621 1883 3682 gesta
1909 3622 2056 3669 sunt.

472 3695 741 3753 Lucianus
778 3698 1079 3769 presbyter,
1130 3700 1219 3754 cui
1259 3700 1522 3755 revelavit
1564 3702 1707 3755 Deus
1749 3702 1926 3756 locum
1971 3717 2061 3758 se-

470 3789 644 3858 pulcri
674 3798 730 3845 et
761 3789 1113 3859 reliquiarum
1145 3790 1288 3846 beati
1324 3793 1740 3863 protomartyris
1772 3792 2055 3864 Stephani,

470 3878 691 3947 scripsit
718 3878 890 3948 ipsam
920 3879 1303 3934 revelationem
1343 3880 1534 3936 Graeco
1562 3896 1814 3936 sermone
1845 3882 1912 3936 ad
1941 3897 2057 3937 om—

473 3968 623 4022 nium
664 3969 1016 4024 ecclesiarum
1074 3986 1381 4040 personam.
1434 3971 1608 4038 Quam
1664 3972 2055 4027 revelationem

474 4056 667 4114 Avitus
697 4060 1002 4130 presbyter,
1034 4059 1304 4132 Hispanus
1333 4077 1555 4133 genere,
1584 4063 1637 4116 in
1666 4062 1917 4117 Latinum
1940 4079 2059 4118 ver-

478 4147 543 4199 tit
563 4147 859 4216 eloquium,
886 4158 942 4203 et
991 4149 1200 4219 adjecta
1226 4152 1452 4220 epistola
1500 4166 1598 4206 sua
1648 4167 1747 4221 per
1800 4151 2055 4209 Orosium

475 4236 851 4306 presbyterum
915 4240 1340 4296 occidentalibus
1396 4243 1656 4312 porrexit.
1726 4243 1828 4310 Qui
1889 4246 2054 4299 etiam

475 4325 699 4382 Orosius
741 4328 809 4382 ad
838 4329 953 4385 loca
982 4340 1168 4386 sancta
1214 4335 1556 4400 perveniens,
1581 4350 1688 4404 quo
1722 4349 1845 4390 eum
1876 4335 2056 4406 Augu-

2156 1805 2543 1870 Ecclcsiarum,
2570 1800 2653 1861 ne
2675 1807 2911 1863 civitatis
2937 1825 3047 1863 sum
3077 1812 3286 1865 ruinam
3317 1814 3545 1878 videret,
3577 1817 3739 1869 tertio

2155 1897 2451 1951 obsidionis
2476 1895 2593 1963 ejus
2614 1911 2802 1952 mense
2842 1900 3094 1967 migravit
3125 1900 3190 1954 ad
3219 1901 3522 1959 Dominum.
3552 1919 3585 1956 v
3616 1903 3737 1957 Kal.

2158 1986 2332 2056 Sept.,
2360 2001 2482 2039 cum
2505 1986 2727 2041 vixisset
2758 1989 2916 2042 annis
2938 1989 3026 2042 76.
3054 1989 3169 2055 Quo
3199 1998 3441 2059 tempore
3466 1992 3738 2060 Wandali,

2156 2084 2311 2145 capta
2342 2074 2692 2141 Carthagine.
2741 2074 2984 2132 Siciliam
3016 2094 3229 2148 quoque
3278 2080 3611 2136 deleverunt.
3646 2083 3739 2137 llis

2158 2164 2211 2218 in
2260 2162 2450 2218 diebus
2488 2162 2710 2234 Agetius
2757 2165 2867 2219 dux
2905 2166 3188 2234 utriusque
3237 2168 3445 2222 militiae
3485 2172 3739 2238 patritius

2157 2255 2472 2326 appellatur.
2504 2254 2603 2322 Qui
2626 2255 3029 2327 Burgundiones
3054 2267 3242 2313 contra
3265 2258 3536 2315 Romanos
3562 2262 3739 2317 rebel-

2158 2345 2332 2400 lantes
2359 2345 2850 2414 perdomuitzcazsa
2873 2346 3061 2416 viginti
3082 2348 3247 2402 millia
3274 2348 3737 2420 Burgundionum,

2156 2438 2453 2493 Gothorum
2486 2454 2615 2493 vero
2660 2439 2859 2493 auxilia
2901 2440 2980 2494 eis
3007 2440 3358 2509 praebentium
3386 2442 3576 2496 novem
3619 2444 3738 2497 mil-

2158 2531 2248 2585 lia.
2278 2530 2393 2598 Qua
2428 2539 2746 2600 tempestate
2783 2530 2988 2584 Britoni
3029 2530 3315 2585 Scotorum
3356 2533 3735 2605 Pictorumque

2159 2620 2560 2676 infestationem
2590 2637 2697 2677 non
2727 2619 2962 2676 ferentes
2998 2621 3225 2677 Romam
3264 2623 3513 2688 mittunt,
3560 2632 3617 2679 et
3656 2625 3738 2677 sui

2159 2708 2492 2778 subiectione
2514 2711 2781 2780 promissa
2802 2719 2989 2765 contra
3014 2711 3224 2766 hostem
3248 2712 3446 2766 auxilia
3470 2711 3737 2783 ﬂagitant.

2158 2802 2365 2869 Quibus
2416 2804 2599 2858 statim
2655 2805 2821 2859 missa
2866 2804 3005 2875 legio
3064 2820 3314 2876 magnam
3370 2806 3738 2863 Barbarorum

2157 2892 2557 2949 multitudinem
2586 2897 2802 2962 sternit,
2825 2907 3047 2953 caeteros
3076 2898 3368 2953 Britannia:
3398 2897 3594 2952 ﬁnibus
3622 2897 3740 2968 pel-

2160 2982 2239 3037 lit.
2270 2983 2403 3049 Ilaec,
2422 2984 2563 3057 legio
2601 2986 2819 3041 domum
2851 3003 3132 3043 reversura
3171 2989 3426 3058 praecepit
3457 2990 3641 3054 sociis,
3675 2989 3746 3043 ad

2080 3061 2127 3122 Ο
2157 3076 2418 3130 arcendos
2469 3076 2681 3143 hostes,
2722 3093 2937 3132 murum
2989 3086 3139 3133 trans
3176 3076 3401 3132 insulam
3451 3077 3591 3131 inter
3634 3077 3747 3131 duo

2158 3167 2326 3220 maria
2364 3174 2621 3233 statuere,
2648 3168 2741 3238 qui
2771 3168 2976 3238 absque
2999 3167 3207 3222 artiﬁce
3247 3176 3303 3221 et
3338 3168 3598 3236 magistro
3620 3182 3743 3220 ma-

2096 3280 2099 3283 λ
2159 3256 2240 3326 gis
2268 3257 2469 3325 cespite
2504 3272 2665 3326 quam
2688 3257 2863 3327 lapide
2897 3257 3094 3322 factus,
3127 3257 3201 3311 nil
3226 3258 3580 3327 Operantihus
3615 3272 3744 3325 pro-

2162 3344 2279 3400 fuit.
2322 3344 2455 3399 Nam
2482 3360 2609 3400 mox
2637 3354 2696 3399 ut
2724 3347 3021 3402 discessere
3067 3345 3317 3409 Romani,
3360 3345 3617 3399 advectus
3646 3361 3743 3399 na-

2157 3436 2315 3490 vibus
2349 3436 2496 3506 prior
2537 3437 2735 3503 hostis,
2772 3438 2925 3508 quasi
2964 3446 3234 3492 maturam
3270 3447 3528 3507 segetem,
3581 3438 3741 3491 obvia

2159 3544 2386 3597 qumque
2413 3530 2651 3600 subjicit,
2692 3532 2870 3596 ca‘dit,
2909 3532 3097 3595 calcat,
3142 3531 3379 3586 devorat.
3417 3531 3619 3585 Iterum
3648 3547 3742 3601 pe-

2159 3620 2308 3673 tituri
2337 3621 2535 3676 auxilia
2567 3623 2794 3677 Romam
2830 3624 3098 3678 advolant.
3139 3622 3267 3690 Qua:
3294 3624 3601 3694 impetrata,
3638 3639 3740 3678 meo

2159 3727 2278 3766 sum
2307 3713 2517 3768 hostem
2547 3723 2696 3770 trans
2730 3716 2898 3769 maria
2929 3715 3148 3786 fugant,
3192 3715 3602 3785 conjunctisque
3634 3717 3740 3771 sibi

2159 3800 2448 3861 Britannis,
2481 3819 2694 3858 murum
2719 3820 2823 3859 non
2853 3814 2995 3860 terra
3024 3815 3083 3859 ut
3108 3814 3255 3868 ante,
3284 3813 3341 3861 et
3360 3806 3603 3875 pulvere,
3636 3808 3739 3860 sed

2159 3906 2292 3946 saxo
2338 3893 2564 3948 solidum
2610 3894 2752 3949 inter
2781 3896 3026 3951 civitates
3054 3910 3173 3966 quae
3201 3896 3398 3950 ibidem
3428 3896 3496 3950 ob
3533 3906 3743 3950 metum

2159 3982 2393 4037 hostium
2421 3981 2633 4037 fuerant
2658 3983 2833 4048 factm,
2862 4001 2894 4039 a
2927 4001 3081 4040 muro
3106 4001 3277 4056 usque
3297 3985 3365 4040 ad
3397 4002 3547 4041 mare
3571 3987 3747 4041 collo-

2157 4081 2305 4126 cant.
2339 4070 2444 4127 Sed
2467 4081 2523 4127 et
2551 4074 2603 4127 in
2629 4074 2808 4130 littore
2838 4076 3138 4131 meridiano
3165 4076 3350 4138 maris,
3385 4077 3509 4145 quia
3536 4086 3594 4131 et
3618 4077 3747 4132 inde

2158 4161 2327 4216 hostis
2361 4162 2682 4236 timebatur,
2728 4172 2905 4218 turres
2952 4178 3049 4234 per
3087 4164 3366 4219 intervalla
3403 4166 3472 4219 ad
3517 4181 3752 4236 prospe-

2158 4260 2304 4305 ctum
2355 4252 2524 4305 maris
2571 4262 2831 4307 statuunt.
2889 4252 2981 4309 Sic
3022 4254 3143 4308 vale
3175 4255 3362 4309 dicunt
3406 4257 3570 4311 sociis
3623 4266 3750 4312 tan-

2158 4357 2320 4411 quam
2351 4343 2494 4396 ultra
2524 4358 2630 4397 non
2664 4344 2953 4399 reversuri.
2984 4344 3135 4400 Tunc
3172 4345 3422 4415 equidem
3448 4347 3515 4400 ad
3550 4344 3753 4402 Scotos

476 4414 651 4504 stinus
675 4417 743 4471 ad
774 4417 1161 4490 Hieronymum
1203 4437 1301 4490 pro
1338 4423 1547 4478 ratione
1578 4425 1832 4479 discenda
1861 4427 2056 4482 animat
2081 4396 2135 4455 Β
2161 4396 2213 4486 in
2239 4432 2514 4487 Christum
2549 4432 2833 4487 credentes
2874 4433 3155 4487 ordinatus
3196 4396 3239 4486 ί
3266 4449 3406 4504 papa
3456 4434 3751 4489 Caelestino

477 4502 725 4566 miserat,
782 4506 1043 4574 reliquias
1097 4508 1244 4562 beati
1275 4509 1537 4577 Stephani
1595 4514 1821 4582 accepit,
1856 4522 1910 4569 et
1962 4531 2055 4585 pag

478 4591 642 4645 triam
676 4608 925 4649 reversus
954 4597 1163 4663 primus
1194 4601 1425 4654 contulit
1469 4601 1766 4657 Occidenti.
1798 4604 2056 4660 Miraeula

475 4700 629 4751 vero,
653 4703 772 4756 quae
820 4688 1078 4746 Dominus
1122 4707 1222 4762 per
1262 4696 1597 4750 venerandas
1627 4698 1886 4767 reliquias
1912 4698 2056 4754 beati

477 4772 733 4844 Stephani
760 4778 949 4846 gessit,
983 4780 1186 4835 eisdem
1215 4781 1404 4837 diebus
1443 4783 1495 4838 in
1534 4784 1790 4854 Aphrica,
1822 4788 2056 4843 eximius

473 4864 664 4919 doctor
684 4865 1013 4936 Augustinus
1050 4869 1279 4938 plurima
1325 4882 1380 4927 et
1431 4873 1588 4929 valde
1638 4875 1901 4938 miranda,
1936 4892 2055 4946 qua:

473 4972 573 5025 pro
594 4968 742 5013 certo
763 4968 987 5014 noverat
1015 4959 1178 5029 facta,
1204 4963 1254 5018 in
1278 4963 1433 5020 libris
1456 4965 1521 5019 de
1544 4964 1772 5021 Civitate
1803 4966 1895 5022 Dei
1927 4984 2054 5022 con-

471 5048 710 5117 scripsit.
743 5046 909 5118 Cujus
952 5051 1152 5123 ingenii
1211 5062 1292 5109 tot
1340 5064 1555 5110 exstant
1587 5056 1859 5111 volumina
1913 5073 2049 5112 sano

470 5154 634 5194 sensu
675 5149 732 5193 et
773 5138 1229 5210 irreprehensihili
1283 5145 1494 5200 ratione
1538 5147 1705 5212 edita,
1732 5157 1790 5201 ut
1829 5148 2047 5216 quidam

469 5227 749 5282 doctorum
777 5229 844 5284 de
871 5244 938 5284 eo
963 5230 1052 5284 'ita
1101 5231 1300 5285 dixerit
1325 5250 1337 5285 :
1372 5232 1649 5298 Mentitur,
1675 5235 1766 5304 qui
1792 5251 1848 5289 se
1877 5243 2047 5289 totum

468 5312 663 5383 legisse
688 5314 909 5370 fatetur.
942 5317 1037 5371 Illo
1062 5319 1224 5372 etiam
1240 5319 1484 5389 jubcnte,
1512 5322 1735 5377 Orosius
1755 5322 2050 5392 discipulus

469 5402 587 5470 ejus
614 5407 902 5473 praedictus
931 5407 1103 5464 libros
1138 5425 1211 5464 vn
1268 5411 1527 5468 adversus
1561 5423 1748 5485 gentes
1797 5415 2049 5470 nobiliter

465 5503 519 5548 et
558 5495 762 5551 utiliter
789 5499 1108 5569 couiposuit.

2158 4520 2453 4577 Pallada‘us
2504 4523 2709 4593 primus
2751 4522 3036 4593 episcopus
3079 4523 3331 4578 mittitur.
3375 4523 3549 4593 Igitur
3594 4539 3753 4579 rece-

2158 4611 2317 4666 dente
2346 4629 2376 4666 a
2407 4612 2683 4666 Britannia
2706 4612 2950 4666 Romano
2971 4612 3231 4677 exercitu,
3271 4614 3376 4669 hoc
3410 4627 3753 4682 cognoscen-

2158 4712 2239 4758 tes
2265 4702 2413 4758 Scoti
2442 4712 2497 4759 et
2520 4703 2655 4757 Picti
2690 4712 3064 4768 revertuntur,
3113 4711 3169 4758 et
3198 4712 3363 4758 totam
3389 4703 3462 4757 ab
3490 4703 3749 4773 aquilone

2160 4795 2390 4850 insulam
2445 4810 2541 4865 pro
2582 4795 2845 4864 indigenis
2895 4803 3213 4850 murotenus
3265 4806 3576 4865 capessunt.
3630 4794 3753 4850 Nec

2160 4901 2332 4949 mora,
2361 4886 2535 4949 cmsis,
2563 4884 2754 4954 captis,
2783 4883 2979 4955 fugatis
3007 4884 3323 4940 custodibus
3351 4886 3517 4950 muri,
3540 4894 3595 4939 et
3622 4885 3751 4953 ipso

2159 4976 2480 5042 interrupto,
2511 4975 2672 5028 etiam
2700 4973 2838 5027 intra
2880 4974 3025 5028 illum
3055 4973 3288 5028 crudelis
3313 4972 3497 5043 praedo
3525 4986 3755 5043 grassae

2159 5073 2264 5118 tur.
2313 5064 2543 5117 Mittitur
2578 5062 2803 5131 epistola
2851 5062 3103 5133 lacrymis
3141 5065 3507 5131 :erumnisque
3542 5061 3753 5117 referta

2156 5158 2223 5209 ad
2251 5154 2507 5208 Romanm
2544 5140 2826 5223 potestatis
2862 5153 3035 5206 virum
3076 5152 3290 5207 Actium
3331 5161 3415 5206 ter
3440 5150 3751 5217 consulem,

2151 5246 2341 5317 viginti
2379 5244 2538 5298 tertio
2565 5242 2848 5297 Theodosii
2882 5243 3143 5313 principis
3168 5260 3331 5307 anno,
3361 5253 3554 5313 petens
3586 5244 3760 5299 anxi-

2150 5336 2302 5400 Iium,
2354 5352 2452 5389 nec
2485 5336 2756 5404 impetrat.
2789 5334 2996 5388 Interea
3026 5333 3201 5388 fames
3246 5333 3367 5387 dira
3395 5349 3462 5388 ac
3492 5333 3759 5390 famosis-

2152 5431 2288 5485 sima
2315 5429 2568 5500 profugos
2596 5429 2834 5483 infestat.
2859 5428 2975 5496 Qua
2997 5428 3194 5491 coacti,
3229 5428 3452 5497 quidam
3494 5426 3756 5483 hostibus

2153 5521 2349 5575 dedere
2396 5537 2623 5586 manus;
2651 5520 2740 5575 alii
2770 5521 2835 5575 de
2867 5520 3158 5585 montibus,
3189 5518 3465 5589 speluncis
3491 5533 3555 5573 ac
3586 5518 3755 5572 salti-

2152 5611 2253 5666 bus
2294 5621 2511 5665 strenue
2566 5610 2962 5682 repugnabant,
3009 5623 3075 5663 ac
3106 5616 3317 5680 strages
3360 5608 3609 5665 hostibus
3645 5608 3756 5661 da-
