3962 6174
237 295 375 352 1245

1317 283 1731 341 cnnomcon.
1770 312 1839 322 -
1886 280 2049 336 TOMI
2088 281 2128 335 ιι
2168 280 2296 335 us.
2331 256 2392 335 v.

3352 281 3489 337 1246

230 412 381 465 bant.
423 404 789 461 Revertantur
833 399 980 455 Scoti
1009 399 1249 462 domum,
1275 405 1395 467 post
1440 412 1544 451 non
1583 394 1807 449 multum
1837 396 1886 453 Α
1913 393 2072 447 dente
2118 401 2276 446 nocte
2321 392 2388 446 ad
2426 400 2605 447 castra
2650 403 2977 459 remearent,
3009 394 3091 449 sin
3134 403 3314 450 autem
3335 396 3487 460 victi,

232 510 445 569 tempus
494 493 785 551 reversuri.
838 491 973 547 Picti
1021 498 1317 546 extremam
1363 489 1552 543 insula:
1598 496 1802 557 partem

232 597 348 643 tum
385 587 619 657 primum
653 591 708 637 et
742 582 993 651 deinceps
1032 580 1384 635 inhabitaturi
1414 578 1674 634 detinent.
1705 577 1810 631 Fa-

229 693 377 733 mem
420 673 698 746 prtefatam
746 686 938 740 magna
983 670 1194 741 frugum
1244 669 1535 739 opulentia,
1590 666 1809 736 opulen-

231 769 365 821 tiam
387 765 621 828 luxuria,
656 772 710 818 et
735 762 1076 832 negligentia,
1119 760 1495 831 negligentiam
1523 758 1639 812 lues
1658 772 1808 812 acer-

230 858 395 922 rima,
434 865 489 911 et
513 855 691 909 acrior
714 867 836 907 mox
870 852 1104 906 hostium
1146 865 1407 904 novorum
1427 889 1441 912 ,
1473 848 1525 903 id
1552 856 1665 912 est,
1698 847 1809 901 An-

229 944 460 1013 glorum,
500 941 654 1011 plaga
685 948 864 995 secuta
895 948 997 994 est.
1032 939 1173 1009 Ergo
1218 939 1302 992 his
1342 938 1416 991 ita
1446 937 1613 1008 gestis
1641 937 1809 1005 parti-

228 1036 331 1086 bus
356 1031 592 1087 Orientis
625 1040 678 1085 et
723 1028 993 1092 Occiduis,
1038 1028 1372 1083 Theodosius
1409 1028 1639 1082 moritur
1665 1026 1807 1082 Con-

228 1120 598 1190 stantinopoli,
626 1128 745 1188 post
767 1120 967 1174 Honori
983 1120 1187 1174 obitum
1210 1134 1353 1173 anno
1374 1119 1631 1188 vigesimo
1657 1127 1810 1173 sexto

228 1211 405 1277 regni,
452 1210 627 1264 :etatis
654 1225 764 1263 sua:
793 1211 1204 1279 quadragesimo
1248 1219 1459 1268 octavo.
1498 1219 1620 1278 post
1647 1218 1809 1279 quem

228 1298 525 1353 llartianus
562 1313 590 1350 a
630 1298 887 1353 militibus
936 1308 992 1354 et
1030 1302 1100 1353 ab
1124 1300 1366 1354 exercitu
1396 1302 1668 1370 Augustus
1708 1314 1808 1368 ap—

230 1388 474 1457 pellatus,
507 1387 826 1441 sublimatur
854 1388 907 1440 in
938 1402 1183 1456 regnum.

817 1493 1043 1551 CAPUT
1081 1494 1220 1549 XIV.

230 1581 308 1636 De
336 1582 531 1653 praelii:
568 1581 850 1636 Hunorum
873 1584 1007 1653 regis
1041 1594 1222 1637 contra
1251 1583 1544 1647 Romanos,
1580 1594 1629 1638 et
1673 1583 1810 1639 alia:

923 1662 1112 1722 gentes.

1908 482 2081 536 noctis
2108 482 2359 551 pncsidio
2378 480 2501 550 juti,
2526 483 2670 537 vires
2701 494 3061 539 resumerent.
3100 486 3217 550 Quo
3237 486 3379 542 bello
3409 486 3487 541 fa-

1910 573 2236 636 mosissima,
2278 571 2510 635 165,000
2545 572 2615 626 ab
2648 574 2892 643 utrisque
2937 576 3179 645 partibus
3222 592 3360 631 etesa
3400 593 3491 631 re-

1908 662 2177 727 feruntur,
2199 662 2439 732 exceptis
2470 663 2666 727 l5,000
2682 663 3014 720 Francorum
3048 676 3103 721 et
3129 666 3483 735 Gepitlarum,

1908 756 1998 823 qui
2037 755 2239 808 mutuis
2265 754 2578 807 vulneribus
2604 755 2974 809 conciderunt.
3013 757 3199 826 Itaque
3238 757 3485 813 Theodo-

1909 843 2053 897 ricus
2073 842 2371 897 Gothorum
2402 858 2495 896 rex
2521 844 2591 896 ibi
2616 845 2886 898 occubuit.
2920 843 3083 899 Attila
3108 862 3200 900 rex
3229 848 3402 902 victus
3434 849 3488 902 iu

1909 943 2109 996 eastra,
2134 948 2254 1001 qtae
2295 933 2361 986 de
2407 933 2664 1001 plaustris
2708 947 3129 1004 praeparaverat,
3162 953 3220 992 se
3263 940 3483 1009 recepit.

1909 1023 2096 1079 Aetius
2124 1032 2303 1077 autem
2342 1023 2755 1079 Thorismodum
2785 1026 3103 1081 Theolorici
3143 1030 3284 1098 regis
3327 1032 3490 1085 inter-

1910 1113 2034 1167 fecti
2066 1113 2231 1166 lllium
2254 1112 2574 1180 sollicitans,
2608 1131 2675 1169 ne
2705 1115 2899 1171 fratres
2938 1116 3082 1172 illius
3122 1121 3293 1187 patris
3321 1123 3487 1176 occisi

1910 1202 2227 1256 invaderent
2248 1218 2496 1273 regnum,
2522 1221 2644 1259 mox
2673 1207 2741 1259 ad
2766 1207 3019 1261 Tolosam
3042 1209 3122 1263 ire
3144 1212 3340 1280 coegit,
3369 1229 3490 1281 quae

1911 1296 2065 1349 sedes
2097 1303 2213 1349 erat
2243 1296 2665 1367 Vesegotbarum
2697 1302 2866 1371 regni.
2914 1300 3078 1356 Attila
3110 1320 3240 1359 vero
3278 1322 3375 1374 per
3414 1306 3489 1359 lc-

1911 1392 2068 1454 gatos
2105 1387 2312 1440 monuit
2353 1388 2615 1444 simulans
2647 1391 2934 1457 amicitias,
2961 1402 3021 1446 ut
3043 1394 3153 1448 cito
3186 1397 3252 1449 ad
3284 1412 3382 1449 sua
3412 1413 3491 1450 re-

1911 1477 2130 1545 pedaret
2156 1493 2340 1546 regna,
2366 1488 2652 1550 antequam
2679 1484 2799 1536 novi
2830 1484 3014 1539 hostes
3033 1486 3346 1542 circumfusi
3378 1505 3489 1542 ma-

1905 1563 2026 1633 jora
2069 1567 2171 1620 sibi
2220 1567 2482 1623 inferrent
2518 1571 2860 1626 detrimenta.
2915 1575 3031 1643 Ipse
3073 1584 3251 1630 autem
3302 1578 3489 1633 Aetius

1911 1663 2168 1725 utrosque
2197 1658 2503 1726 reipublicae
2539 1660 2801 1730 deputans
2833 1663 3037 1729 hostes,
3069 1665 3147 1719 sic
3173 1668 3385 1734 negotio
3410 1668 3492 1721 in-

246 1773 253 1776 η
303 1741 517 1797 Interea
532 1741 808 1796 Hunorum
830 1757 922 1797 rex
950 1741 1117 1797 Attila
1138 1743 1349 1799 vinctos
1368 1757 1549 1798 secum
1578 1742 1811 1813 Gepidas
1840 1754 1886 1813 Β
1914 1744 2057 1799 fecto
2098 1747 2365 1802 discessit.
2404 1747 2569 1804 Attila
2607 1759 2785 1806 autem
2826 1761 2982 1807 nacta
3025 1755 3330 1820 occasione,
3379 1758 3491 1812 dis-

227 1847 352 1886 eum
378 1833 658 1898 Ardarico,
682 1826 994 1903 Gothosque
1018 1848 1142 1887 cum
1172 1833 1431 1898 Valamir,
1461 1834 1807 1904 diversasque

227 1921 364 1977 alias
414 1925 661 1978 nationes
688 1924 801 1978 suis
826 1938 948 1978 cum
986 1923 1227 1993 regibus,
1277 1939 1492 1978 omnem
1538 1924 1805 1995 Illyricum

226 2011 647 2081 Tbraciamque,
684 2021 741 2066 et
771 2022 1056 2081 utramque
1104 2012 1343 2079 Daciam,
1384 2011 1612 2077 Misiam,
1667 2012 1803 2083 Scy-

225 2103 397 2157 thiam
442 2104 729 2174 populatus
749 2112 851 2160 est.
896 2104 1095 2160 Contra
1139 2119 1298 2173 quem
1324 2104 1658 2175 Argenisdus
1692 2121 1806 2159 ma-

222 2191 396 2262 gister
428 2191 659 2245 militum
687 2191 852 2246 Misiae
877 2206 1149 2260 egressus,
1176 2192 1242 2246 ad
1266 2190 1668 2261 Marciouoplim
1692 2192 1806 2247 for-

226 2281 356 2334 titer
378 2280 682 2345 dimicavit,
728 2282 823 2351 qui
849 2295 989 2350 equo
1023 2281 1125 2336 sub
1160 2296 1219 2336 se
1251 2281 1531 2336 decidente
1559 2296 1804 2351 praeven-

224 2383 316 2428 tus
343 2383 448 2438 est,
491 2383 548 2429 et
576 2388 678 2429 nec
720 2374 800 2435 sic
848 2374 1134 2443 quiescens
1180 2373 1403 2439 bellare,
1444 2374 1656 2428 occisus
1697 2383 1801 2429 est.

222 2466 395 2536 Igitur
435 2465 603 2521 Attila
648 2466 832 2521 multis
869 2466 1159 2535 triumphis
1191 2466 1528 2521 diversarum
1564 2467 1806 2537 gentium

224 2567 391 2627 atque
436 2559 791 2628 plurimorum
832 2573 1040 2628 regum,
1072 2573 1210 2627 quos
1238 2555 1543 2625 subiecerat
1587 2574 1698 2613 sua:
1724 2558 1807 2613 di-

224 2650 385 2714 tioni,
411 2649 684 2720 obsequiis
707 2649 897 2712 elatus,
921 2650 1253 2719 subjectione
1294 2649 1459 2704 etiam
1492 2649 1807 2721 Ostrogoto-

222 2754 346 2792 rum
379 2739 634 2803 tumidus,
662 2737 866 2793 Gallias
894 2738 1149 2793 invadere
1171 2739 1606 2809 Vesegothasque
1625 2741 1806 2809 oppri-

221 2843 372 2883 mere
417 2829 777 2898 pracparabat.
831 2827 975 2881 Misit
1027 2828 1210 2896 itaque
1253 2830 1320 2883 ad
1366 2829 1814 2884 Valentinianum-

223 2919 609 2986 imperatorem
636 2916 863 2988 legatos,
892 2917 1152 2972 simulans
1170 2932 1378 2987 pacem,
1409 2918 1639 2973 dicendo
1659 2920 1804 2989 quod

219 3007 294 3061 ob
320 3007 570 3078 intui-iam
604 3006 971 3061 Romanorum
995 3006 1358 3062 ulciscendam
1391 3015 1713 3077 properaret
1734 3008 1801 3062 ad

1909 1850 2065 1889 cessa
2119 1834 2542 1906 Vesegotbarum
2595 1838 2708 1907 jam
2760 1856 3016 1906 securus,
3072 1842 3272 1899 Gallias
3328 1846 3490 1900 relin-

1908 1938 2098 1992 quens,
2145 1924 2211 1979 ad
2234 1928 2639 1996 oppressionem
2662 1929 3026 1986 Romanorum
3068 1936 3236 1989 movit
3276 1937 3490 2004 procin-

1908 2022 2074 2068 ctum.
2100 2014 2389 2087 Primaque
2418 2020 2761 2088 aggressione
2780 2062 2793 2085 ,
2828 2023 3193 2092 Aquilienscm
3231 2027 3319 2080 diu
3347 2026 3497 2080 obsi-

1908 2105 2066 2160 debat
2112 2108 2403 2171 civitatem,
2461 2125 2621 2179 quam
2664 2122 2876 2182 captam
2909 2115 2978 2167 ita
3024 2116 3238 2182 penitus
3267 2116 3486 2183 delevit,

1908 2204 1965 2249 ut
1988 2197 2217 2267 vestigia
2246 2197 2362 2266 ejus
2388 2199 2558 2253 ruinae
2595 2201 2680 2254 vix
2726 2212 3038 2272 appareant.
3074 2204 3199 2260 Inde
3228 2206 3483 2260 audacior

1907 2284 2100 2351 factus,
2154 2286 2513 2344 Mediolanum
2539 2300 2770 2360 occupat
2798 2293 3156 2363 metropolim,
3183 2296 3391 2363 pariter
3431 2303 3488 2350 et

1907 2373 2149 2429 Ticinum
2170 2378 2348 2447 regias
2377 2380 2557 2444 urbes,
2584 2387 2643 2433 et
2668 2381 2859 2449 :equali
2898 2391 3045 2437 sorte
3073 2384 3257 2453 dejicit
3282 2385 3489 2439 vicina-

1906 2479 2010 2533 que
2058 2465 2175 2520 loca
2218 2468 2443 2522 sazviens
2482 2469 2790 2525 demolitur.
2832 2471 3074 2543 Cumque
3132 2474 3355 2529 Romam
3406 2477 3490 2529 in—

1907 2564 2086 2611 tentus
2110 2566 2254 2612 esset
2274 2560 2601 2629 opprimere,
2627 2561 2738 2616 Leo
2759 2577 2893 2631 papa
2918 2580 3017 2633 per
3036 2577 3095 2618 se
3121 2566 3389 2620 accedens
3414 2568 3481 2620 ad
3558 2574 3573 2589 ‘

1902 2660 2048 2710 eum,
2081 2647 2351 2701 mitiorem
2388 2649 2638 2703 reddidit.
2672 2649 2797 2716 Qui,
2825 2652 3071 2720 deposito
3108 2652 3311 2720 furore,
3345 2653 3486 2708 ultra

1904 2736 2208 2793 Danubium
2239 2740 2504 2807 promissa
2531 2755 2666 2809 pace
2691 2742 2961 2796 discessit.

2499 2842 2727 2904 CAPUT
2752 2849 2866 2903 XV.

1905 2913 1982 2973 De
2021 2914 2161 2968 Aetii
2189 2931 2310 2969 nece
2334 2924 2383 2969 et
2415 2916 2804 2987 deprwdatione
2841 2919 3024 2974 Roma:
3049 2936 3144 2991 per
3169 2920 3482 2977 Wandalos.

1972 3004 2160 3059 Aetius
2185 3013 2364 3060 autem
2393 3007 2665 3075 patritius,
2693 3024 2885 3079 magna
2909 3007 3272 3066 Occidentalis
3303 3012 3485 3081 reipu-

219 3095 591 3161 Occidentem,
613 3104 675 3150 ut
697 3096 886 3151 deletis
901 3096 1219 3167 Vesegothis
1242 3096 1468 3166 aliisque
1492 3096 1807 3151 nationibus
1831 3093 1875 3154 G
1906 3094 2060 3149 blicae
2081 3095 2247 3160 salus,
2275 3097 2343 3151 ab
2364 3097 2610 3152 hostibus
2635 3097 2865 3153 liberata
2889 3099 3082 3165 Gallia,
3109 3102 3398 3155 revertitur
3425 3103 3482 3156 in

217 3194 403 3256 partes
439 3185 731 3241 Galliarum
777 3192 941 3254 atque
974 3185 1320 3255 Hispaniam,
1350 3202 1485 3255 quas
1532 3186 1608 3240 illi
1651 3195 1799 3240 tene-

217 3279 371 3342 bant,
402 3275 709 3347 reipublica:
744 3274 1152 3345 redintegraret.
1178 3274 1378 3345 Regem
1407 3290 1535 3329 vero
1567 3274 1802 3343 Vesego«

220 3370 443 3423 tharum
481 3362 770 3423 sollicitare
794 3366 949 3421 nisus
988 3375 1090 3431 est,
1122 3373 1184 3420 ut
1214 3366 1421 3435 pariter
1450 3381 1571 3420 cum
1601 3380 1669 3420 eo
1694 3365 1802 3420 Ro-

220 3473 443 3513 manum
489 3458 769 3514 invaderet
816 3457 1100 3526 imperium
1153 3466 1208 3510 et
1257 3472 1411 3525 azqua
1464 3456 1803 3526 possiderent

219 3546 385 3601 forte.
418 3544 522 3602 Sed
551 3546 708 3601 dolus
752 3562 858 3601 non
892 3546 1048 3599 latuit
1085 3545 1490 3614 imperatorem.
1530 3544 1632 3611 Qui
1660 3544 1801 3599 cele-
1840 3563 1842 3565 ’

219 3639 356 3692 riter
380 3652 478 3706 per
492 3637 706 3692 Aetium
727 3638 820 3707 qui
853 3636 1040 3693 Galliis
1078 3646 1208 3691 tunc
1244 3644 1473 3705 prteerat
1497 3635 1799 3705 patritium,

220 3726 615 3781 Theodoricum
657 3725 956 3782 Gothorum
995 3741 1176 3796 regem
1206 3724 1453 3795 partibus
1478 3726 1592 3781 suis
1617 3723 1802 3780 favere

219 3816 374 3871 fecit.
415 3814 552 3871 IIine
571 3815 687 3884 jam
712 3816 1220 3873 struculentissimus
1257 3830 1353 3870 rex
1393 3816 1560 3871 Attila
1606 3815 1802 3872 Gallia-

219 3920 345 3961 rum
367 3906 616 3962 civitates
651 3915 815 3977 atque
846 3906 1055 3976 oppida.
1085 3906 1240 3977 longe
1268 3906 1482 3976 lateque
1519 3907 1798 3970 subversa,

217 3994 289 4048 ad
316 3996 659 4050 evertendam
697 3994 1111 4051 Aurelianorum
1134 3995 1322 4050 urbem
1360 3995 1591 4051 festinus
1608 4012 1804 4066 prope-

219 4083 399 4137 rabat.
428 4082 596 4138 'Tunc
631 4099 728 4154 per
776 4085 1146 4141 beatissimum
1185 4084 1456 4139 Anianum
1486 4085 1804 4141 Aureliano-

219 4191 343 4230 rum
385 4175 696 4245 episcopum
735 4184 845 4231 tam
878 4175 1067 4231 Aetius
1113 4175 1480 4231 Romanorum
1525 4177 1801 4245 patritius,

219 4279 387 4334 quam
424 4273 481 4319 et
504 4265 801 4321 Gothorum
842 4282 937 4322 rex
969 4267 1357 4333 Theodoricus,
1405 4283 1527 4322 cum
1564 4268 1676 4323 tilio
1705 4284 1804 4326 suo

220 4354 611 4420 Thorismodo,
662 4355 935 4424 foederati,
964 4357 1176 4411 obviam
1234 4357 1314 4412 ire
1361 4357 1532 4413 [Iunis
1581 4357 1804 4414 festina-

1904 3186 2131 3241 Italiam.
2159 3188 2400 3257 Denique
2422 3189 2655 3243 factione
2681 3189 2913 3245 Heraclii
2948 3193 3202 3262 spadonis
3234 3208 3263 3246 a
3291 3193 3487 3248 Valen-

1906 3276 2107 3333 tiniano
2160 3278 2402 3347 principe
2447 3279 2732 3345 occiditur,
2791 3296 2912 3335 cum
2957 3297 3065 3352 quo
3102 3282 3487 3352 Hesperiarum

1903 3370 2101 3424 cecidit
2138 3385 2384 3440 regnum.
2426 3369 2837 3426 Valentinianus
2876 3381 3054 3427 autem
3092 3387 3123 3426 a
3162 3374 3485 3429 satellitibus

1903 3459 2068 3523 Aetii,
2097 3476 2235 3529 quos
2267 3462 2370 3515 sibi
2401 3461 2679 3528 delegerat
2718 3462 2938 3527 milites,
2971 3462 3100 3516 dolo
3122 3463 3340 3517 Maximi
3363 3478 3489 3532 per-

1905 3550 2101 3613 fossus,
2140 3550 2368 3615 interiit,
2397 3550 2681 3618 imperium
2704 3565 2919 3619 quoque
2948 3551 3188 3620 ejusdem
3219 3552 3495 3607 Maximus

1904 3639 2118 3693 invasit.
2161 3639 2263 3705 Qui
2299 3654 2421 3694 cum
2458 3639 2766 3709 reipublicae
2807 3640 3121 3710 profuturus
3162 3656 3258 3711 per
3298 3643 3493 3698 omnia.

1902 3729 2235 3793 crederetur,
2284 3744 2390 3783 non
2428 3730 2905 3785 serodocumento
2935 3732 3065 3801 quid
3093 3734 3274 3788 animo
3323 3734 3488 3789 habe-

1902 3819 1995 3873 bat
2021 3808 2289 3889 probavit.
2323 3818 2602 3889 Siquidem
2627 3821 3009 3878 interfectores
3034 3823 3390 3880 Valentiniani
3427 3826 3482 3881 in

1904 3916 2197 3973 amicitiam
2242 3917 2451 3986 recipit;
2501 3927 2723 3972 uxorem
2754 3918 2870 3987 ejus
2904 3920 3199 3989 Augustam
3241 3923 3487 3978 amissio-

1902 4018 2031 4058 nem
2049 4004 2153 4057 viri
2177 4003 2359 4075 lugere
2380 4006 2675 4074 prohibuit,
2715 4014 2772 4060 et
2802 4007 2941 4061 intra
2970 4009 3326 4078 paucissimos
3367 4010 3486 4065 dies

1904 4093 2295 4164 in-conjugium
2322 4109 2477 4149 suum
2509 4098 2742 4151 transire
2783 4100 2989 4169 coegit,
3037 4100 3129 4154 Sed
3158 4101 3259 4156 hac
3296 4101 3487 4156 incon-

1903 4182 2128 4237 tinentia
2182 4197 2289 4237 non
2347 4182 2437 4237 ditt
2489 4185 2691 4253 potitus
2749 4193 2851 4240 est.
2903 4186 3038 4241 Nam
3085 4196 3205 4257 post
3251 4188 3482 4244 alterum

1903 4286 2142 4329 mensem
2166 4273 2414 4327 nuntiato
2434 4286 2502 4327 ex
2520 4272 2755 4343 Aphrica
2775 4275 3040 4333 Gaizerici
3061 4279 3200 4348 regis
3222 4282 3476 4348 adventu,

1902 4362 2193 4431 multisque
2220 4362 2491 4419 nobilibus
2525 4379 2588 4418 ac
2618 4366 2966 4434 popularibus
3001 4382 3067 4422 ex
3094 4371 3228 4424 urbe
3273 4369 3483 4440 fugien-

218 4443 373 4508 ἰδίω,
420 4444 757 4516 congregatis
786 4436 1023 4517 undique
1049 4445 1398 4502 bellatoribus
1426 4447 1684 4502 adversus
1713 4463 1800 4503 re-
1824 4459 1875 4519 D
1902 4459 2063 4523 tibus,
2092 4440 2215 4511 cum
2259 4457 2371 4526 ipse
2392 4473 2623 4526 quoque,
2666 4458 2791 4512 data
2819 4459 3029 4513 cunctis
3054 4458 3281 4514 abeundi
3312 4436 3483 4515 licen-

220 4547 345 4605 gcm
390 4530 648 4588 ferocem.
697 4533 762 4588 Hi
798 4535 940 4589 enim
968 4534 1257 4590 adfuerunt
1278 4550 1465 4591 eorum
1513 4537 1801 4591 auxiliato-

216 4639 333 4684 res,
364 4624 581 4691 Franci,
622 4624 904 4694 Sarmatis,
946 4628 1326 4693 Armoriciaui,
1368 4629 1796 4702 Burgundiones,

217 4714 504 4781 Saxones,
565 4715 1040 4785 Ripariolibriones
1107 4720 1379 4788 quondam
1448 4720 1646 4775 milites
1694 4720 1802 4774 Bo-

216 4803 392 4866 mani,
438 4805 680 4859 nonnulli
721 4806 886 4860 etiam
931 4805 1141 4872 Celtici,
1196 4816 1252 4861 et
1299 4807 1576 4863 Germani.
1633 4807 1799 4862 Attila

215 4905 357 4946 vero
400 4892 527 4949 dum
564 4894 761 4949 multas
805 4895 1054 4950 nationes
1101 4897 1405 4966 multosque
1445 4913 1620 4969 reges,
1665 4914 1803 4969 quos

215 4981 415 5036 ditioni
460 4997 571 5037 suae
598 4984 924 5050 subdiderat,
955 5000 1137 5040 secum
1166 4987 1409 5052 haberet,
1450 4988 1802 5060 Ostrogotha-

216 5087 345 5126 rum
372 5074 642 5129 exercitus
665 5077 1033 5144 praeminebat.
1064 5077 1149 5131 Fit
1178 5079 1350 5146 prima
1378 5083 1712 5151 congressio,
1742 5092 1803 5138 ut

214 5161 427 5223 ferunt,
449 5162 590 5217 circa
613 5164 868 5237 Ligerim,
892 5168 986 5222 sed
1003 5178 1333 5237 protractum
1372 5182 1455 5226 est
1492 5172 1708 5238 bellum,
1744 5183 1801 5229 et

215 5253 278 5307 in
324 5255 526 5322 campis
574 5255 940 5313 Catalaunicis
966 5299 981 5324 ,
1038 5260 1127 5328 qui
1177 5259 1431 5317 Mauriaci
1489 5273 1794 5333 vocantur,

216 5351 384 5397 atrox
412 5343 612 5400 bellum
651 5356 708 5402 et
741 5349 989 5418 pertinax
1028 5352 1365 5415 conseritur,
1412 5353 1498 5407 cui
1538 5354 1715 5409 simile
1740 5356 1796 5411 in

215 5430 412 5501 paucis
431 5434 776 5502 antiquorum
806 5436 1078 5491 invenitur
1105 5439 1289 5508 gestis.
1314 5439 1428 5495 Rex
1461 5442 1601 5497 enim
1630 5444 1796 5500 Attila

219 5520 370 5574 circa
398 5522 584 5578 horam
636 5526 742 5580 diei
780 5542 974 5583 nonam
1019 5528 1135 5583 fieri
1166 5539 1440 5587 certamen
1472 5537 1700 5599 censuit,
1734 5544 1795 5590 ut

221 5607 271 5660 si
303 5620 486 5672 essent
510 5613 745 5671 victores
771 5617 881 5683 sui,
914 5617 1123 5689 longius
1162 5625 1536 5692 prosequendo
1567 5626 1789 5683 interci-

1902 4548 1997 4612 tia,
2049 4547 2254 4615 trepide
2301 4547 2462 4602 vellet
2509 4549 2822 4613 abscedere,
2861 4562 2892 4601 a
2934 4548 3149 4604 famulis
3191 4549 3489 4605 dilaniatus

1900 4645 2002 4692 est.
2035 4644 2090 4690 et
2132 4636 2481 4691 membratim
2508 4637 2751 4705 dcjeetus
2781 4639 2834 4692 in
2878 4638 3153 4710 Tyberim,
3201 4640 3482 4711 sepultura

1901 4742 2114 4796 quoque
2143 4727 2339 4782 caruit.
2375 4728 2503 4782 Post
2528 4730 2670 4783 hunc
2698 4730 2914 4784 Maximi
2959 4734 3161 4786 exitum
3192 4734 3482 4789 confestim

1903 4825 2087 4871 secuta
2125 4827 2208 4871 est
2250 4818 2433 4872 multis
2468 4819 2625 4889 digna
2672 4820 2926 4889 laerymis
2962 4821 3204 4877 Romana
3248 4822 3479 4892 captivi-

1904 4915 2008 4972 tas,
2037 4915 2091 4961 et
2118 4909 2307 4962 urbem
2333 4909 2479 4961 omni
2515 4909 2764 4976 praesidio
2791 4924 3016 4964 vacuam
3045 4910 3356 4967 Gaizcricus
3381 4911 3479 4967 ob-

1901 4997 2080 5061 tinuit,
2123 5003 2443 5051 oecurrente
2474 4996 2575 5050 sibi
2625 5004 2778 5050 extra
2814 5008 2998 5066 portas
3036 4999 3094 5053 S.
3141 4998 3319 5054 Leone
3359 4999 3477 5068 epi—

1902 5100 2085 5154 scopo.
2147 5085 2310 5153 Cujus
2362 5086 2679 5155 supplicatio
2730 5085 2805 5141 ita
2850 5102 2972 5142 eum
3010 5089 3238 5143 Domino
3284 5095 3479 5159 agente

1902 5173 2109 5237 lenivit,
2137 5183 2196 5227 ut
2216 5188 2338 5227 cum
2361 5175 2541 5228 omnia
2572 5177 2824 5244 potestati
2848 5177 3014 5248 ipsius
3046 5186 3228 5232 essent
3254 5178 3474 5243 tradita,

1901 5265 2176 5320 civitatem
2197 5266 2266 5319 ab
2288 5266 2393 5335 igni
2420 5273 2599 5321 tamen
2621 5276 2676 5321 et
2702 5269 2848 5323 czcde
2868 5279 3030 5337 atque
3056 5269 3331 5339 suppliciis
3359 5284 3476 5324 ser-

1899 5355 2059 5408 varit.
2083 5354 2189 5409 Per
2213 5357 2624 5424 quatuordeeim
2656 5358 2822 5428 igitur
2857 5359 2973 5414 dies
3003 5374 3192 5415 secura
3215 5368 3269 5414 ct
3302 5360 3474 5416 libera

1900 5446 2232 5502 scrutatione
2273 5447 2523 5501 omnibus
2555 5449 2747 5517 opibus
2775 5451 2888 5506 suis
2911 5450 3078 5506 Roma
3106 5462 3329 5506 vacuata
3358 5461 3474 5517 est;

1901 5535 2172 5606 multaque
2201 5536 2364 5590 millia
2395 5539 2728 5607 captivorum
2757 5541 2941 5595 secum
2981 5542 3202 5607 ducens,
3231 5559 3354 5600 cum
3389 5557 3474 5596 rc-

1901 5628 2022 5697 giua
2050 5628 2311 5694 Eudoxia,
2335 5643 2453 5699 qua:
2478 5646 2609 5709 eum
2630 5631 2971 5710 invitaverat,
3014 5643 3072 5690 ut
3106 5633 3303 5701 ferunt,
3333 5643 3386 5690 et
3410 5634 3475 5687 li-
