3962 6174
492 273 628 328 ΙΞΠ

1486 261 1875 319 FRECULPIll
1919 257 2372 318 LEXOVIENSIS
2411 257 2717 315 EPISCOPI

3618 266 3750 322 1238

472 386 650 441 Iiabus
697 381 814 452 ejus
865 378 1245 450 Carthaginem
1299 379 1474 432 victor
1511 377 1827 432 Gaizcricus
1876 392 2055 432 rever—
2083 379 2130 437 A
2160 374 2528 430 Theudoricus
2573 374 2880 444 opprimere
2934 383 3097 443 atque
3138 376 3435 447 depraedari
3483 377 3747 446 jusscrat.

473 493 567 532 SIIS
592 483 695 531 85L

1058 555 1286 613 CAPUT
1330 554 1463 610 XVI.

473 670 550 724 De
609 668 989 722 instauratione
1042 664 1272 720 Orientis
1318 664 1523 733 imperii
1576 680 1669 733 per
1723 664 2057 719 Marcianum

540 739 826 808 principem
873 746 921 791 ct
959 738 1114 807 gestis
1167 733 1413 789 Germani
1463 735 1690 805 episc0pi
1744 735 1883 806 apud
1929 734 2055 790 Bri-

543 820 704 864 tones.

546 924 712 994 Igitur
738 920 1043 976 Marcianus
1057 917 1296 974 Orientis
1318 919 1613 988 imperator
1640 933 1887 988 regnum,
1911 918 2054 986 quod

475 1013 789 1067 decessorcs
844 1010 1376 1081 praedecessoresque
1419 1007 1535 1076 ejus
1575 1022 1672 1075 per
1716 1022 1889 1062 annos
1944 1006 2057 1063 fere

475 1102 754 1172 sexaginta
813 1100 1052 1155 vicissim
1106 1099 1432 1169 imperantes
1485 1098 1817 1162 minuerunt,
1871 1096 2055 1152 divina

476 1191 829 1263 pcrmissione
856 1190 936 1244 sic
962 1189 1254 1259 reparavit,
1294 1196 1351 1241 ut
1377 1186 1670 1242 exsultatio
1710 1187 1898 1257 ingens
1923 1201 2058 1241 cun-

476 1285 579 1337 ctis
629 1290 970 1338 accresceret
1017 1279 1118 1334 sibi
1166 1278 1442 1348 subjectis.
1498 1276 1598 1331 llic
1650 1291 1884 1346 namque
1929 1292 2057 1333 eum

477 1374 636 1429 Avito
669 1372 1051 1443 Hesperiarum
1089 1371 1434 1440 imperatore,
1469 1384 1629 1439 quem
1669 1369 1900 1424 Romani
1935 1377 2059 1439 post

479 1462 695 1517 Maximi
724 1478 912 1517 necem
947 1461 1160 1533 tyranni
1195 1469 1250 1515 et
1276 1461 1425 1514 urbis
1456 1459 1910 1528 deprardationem
1937 1459 2057 1514 Cae-

476 1568 655 1607 sarem
691 1560 1033 1615 creaverant,
1087 1548 1461 1603 unanimitatis
1512 1546 1688 1602 fmdus
1732 1548 2053 1618 composuit,

476 1643 578 1709 Qui
601 1652 886 1711 utramque
906 1640 1292 1710 rempublicam
1308 1639 1650 1694 concorditer
1673 1639 2058 1694 administran-

2158 465 2484 535 Majorianns
2522 475 2702 520 autem
2754 465 3069 535 imperator,
3116 483 3247 536 pace
3272 472 3577 539 composita
3625 488 3752 527 cum

2158 557 2495 613 Theoderico
2517 573 2662 629 rege,
2692 559 2864 613 tendit
2883 559 2951 613 ad
2973 559 3276 629 Hispanias,
3306 574 3589 631 navesque
3617 580 3753 632 pne

2155 664 2349 718 parare
2382 649 2638 718 jusscrat,
2680 658 2738 703 ut
2766 648 2892 704 inde
2936 650 3194 705 transiret
3219 661 3407 706 contra
3450 654 3753 709 Wan'lales

2156 739 2212 794 in
2245 741 2558 811 Aphricam.
2598 742 2705 795 Sed
2747 741 2876 795 dum
2901 742 3233 811 pervenisset
3258 746 3326 799 ad
3359 744 3752 815 Carthaginem

2156 829 2510 900 Spartariam,
2545 831 2791 885 Wandali
2815 831 3066 895 classem,
3096 847 3258 902 quam
3291 849 3603 903 praeparare
3628 833 3750 900 jus-

2157 930 2324 984 serat,
2359 922 2613 976 invadunt
2660 930 2822 991 atque
2871 921 3152 992 diripiunt.
3214 922 3400 991 Itaque
3448 924 3752 993 imperator

2156 1020 2335 1079 empto
2358 1011 2569 1080 negotio
2596 1009 2893 1065 frustratus
2910 1011 3200 1065 revertitur
3223 1011 3276 1064 in
3300 1010 3511 1065 Italiam
3533 1021 3592 1067 ct
3606 1014 3750 1081 apud

2158 1101 2448 1158 Terrenam
2473 1103 2765 1167 occiditur,
2787 1102 3072 1172 locumque
3099 1101 3217 1170 ejus
3243 1102 3578 1158 Severianus
3602 1105 3750 1156 inva-

2156 1197 2249 1260 sit,
2273 1197 2365 1252 sed
2391 1197 2526 1266 ipse,
2552 1196 2852 1268 tyrannidis
2879 1211 2987 1250 sua:
3025 1178 3184 1249 tertio
3221 1211 3362 1249 anno
3387 1196 3477 1249 vix
3504 1195 3745 1263 explete,

2157 1289 2343 1344 Romae
2388 1288 2658 1343 occubuit.
2696 1286 2813 1354 Qua
2860 1294 3178 1356 tempestate
3217 1287 3358 1341 inter
3405 1286 3652 1340 Francos
3692 1296 3747 1339 ct

2157 1378 2569 1449 Burgundiones
2603 1377 2828 1432 Divione
2864 1384 3078 1447 gestum
3106 1385 3192 1430 est
3211 1376 3473 1445 przelium.
3499 1376 3748 1431 Gnndci-

2155 1472 2228 1526 llo
2255 1473 2357 1525 hoc
2385 1470 2567 1526 dolose
2593 1469 2936 1523 maehinante
2953 1477 3142 1523 contra
3167 1468 3391 1522 fratrem
3414 1483 3576 1522 suum
3599 1466 3746 1521 Cau-

2156 1561 2481 1617 debaudum.
2511 1546 2696 1629 Itaque
2713 1558 3029 1615 Gundeiﬁus
3055 1574 3176 1614 cum
3219 1558 3332 1614 suis
3357 1559 3619 1613 adversus
3640 1558 3749 1612 fra-

2158 1659 2295 1707 trem
2348 1666 2506 1706 suum
2563 1666 2687 1705 cum
2740 1650 2966 1705 Francis
3020 1650 3333 1714 dimicavit,
3390 1648 3748 1720 fugatumque

478 1740 560 1784 tes
597 1740 888 1794 rexcruut;
939 1729 1153 1784 demum
1193 1741 1345 1782 sexto
1380 1739 1523 1782 anno
1558 1735 1822 1797 sextoque
1866 1743 2052 1785 mense
2080 1741 2128 1802 Β
2154 1741 2377 1796 [mtrem
2419 1756 2642 1810 regnum
2694 1741 2863 1811 ipsius
2911 1739 3185 1809 paulisper
3224 1740 3478 1796 obtinuit.
3532 1740 3748 1796 Gaude-

478 1819 689 1888 imperii
739 1818 821 1873 sui
868 1817 1172 1872 Marcianus
1203 1817 1255 1871 in
1285 1832 1418 1887 pace
1452 1817 1607 1872 obiit.
1656 1816 1754 1872 Cui
1796 1817 1905 1873 Leo
1931 1833 2056 1874 sue-

477 1909 642 1964 ccssit
670 1910 723 1963 in
754 1924 996 1980 regnum.
1037 1908 1227 1963 Avitus
1267 1917 1449 1963 autem
1487 1909 1554 1963 de
1593 1908 1745 1964 Italia
1771 1909 1825 1963 in
1858 1908 2057 1964 Gallias
2106 1935 2110 1938 ι

478 2000 720 2062 secessit,
753 2002 842 2055 ubi
872 2002 940 2055 ab
966 2002 1210 2056 exercitu
1241 2009 1297 2056 et
1324 1998 1625 2056 Gothorum
1647 2000 1862 2055 auxiliis
1890 2000 2056 2056 desti-

480 2100 628 2145 tutus
668 2106 916 2147 reversus
953 2092 1182 2157 Italiam,
1234 2092 1520 2161 episcopus
1563 2091 1618 2146 in
1662 2091 1938 2147 Placentia
1972 2100 2058 2147 est

480 2181 676 2237 factus.
718 2181 885 2250 Cujus
921 2183 1179 2238 instinctu
1209 2182 1576 2238 Theodericus
1622 2197 1718 2238 rex
1755 2181 2057 2239 Gothorum

478 2283 668 2329 contra
708 2273 914 2330 Suevos
953 2275 1119 2331 movit
1163 2276 1483 2339 exercitum,
1528 2277 1785 2347 quoniam
1833 2278 1935 2347 ipsi
1973 2293 2058 2334 re-

479 2365 666 2433 giones
685 2381 820 2434 quas
845 2366 1103 2421 Romanis
1130 2367 1476 2423 reddiderant
1497 2368 1856 2439 depnedande
1880 2380 2059 2425 vasta-

483 2456 631 2510 bant.
664 2456 858 2524 Fitque
892 2457 1206 2526 congressio
1251 2467 1437 2513 contra
1469 2458 1674 2514 Suevos
1705 2460 1761 2514 in
1800 2459 2059 2516 Tarraco-

409 2564 434 2589 ο
484 2543 640 2598 nensi
677 2544 1003 2613 Campania,
1055 2546 1145 2600 ubi
1173 2547 1393 2616 plurimi
1440 2547 1742 2603 Suevorqu
1778 2550 2055 2607 exstincti.

483 2632 771 2687 Richarius
799 2649 891 2688 rex
930 2633 1230 2691 Suevorum
1256 2637 1469 2708 fugiens
1501 2638 1790 2694 novissime
1814 2655 2060 2711 compre—

484 2724 688 2778 hensus
716 2731 770 2779 et
797 2725 849 2778 in
879 2727 1179 2781 custodiam
1213 2736 1413 2783 trusus.
1462 2727 1645 2794 Suevi,
1670 2730 1945 2787 destructo
1966 2746 2061 2787 eo-

483 2831 602 2869 rum
632 2832 815 2886 regno,
871 2816 1208 2897 tradiderunt
1243 2835 1302 2875 se
1327 2819 1663 2877 Theoderico
1700 2823 1814 2894 regi
1850 2822 2057 2880 Gothe-

482 2920 621 2959 rum.
654 2905 768 2973 Qua
796 2913 1116 2977 tempestate
1144 2923 1277 2979 gens
1300 2898 1594 2981 Anglorum
1625 2910 1739 2966 sive
1759 2910 2057 2978 Saxonum,

483 2994 815 3050 Britanniam
843 2998 1015 3053 tribus
1048 2997 1223 3069 longis
1258 2999 1488 3055 navibus
1516 3001 1818 3057 advehitur.
1852 3002 2059 3070 Quibus

2154 1829 2365 1886 baudus
2394 1837 2575 1884 autem
2603 1829 2879 1884 Avenione
2905 1844 2965 1883 se
2990 1823 3235 1882 munivit.
3260 1828 3575 1898 Eodemque
3602 1844 3747 1884 anno

2155 1921 2446 1991 resumptis
2473 1920 2677 1975 viribus
2704 1919 2965 1974 Viennam
3010 1919 3240 1982 obsedit,
3282 1932 3338 1973 et
3376 1929 3600 1988 captum
3636 1921 3744 1973 fra-

2155 2019 2294 2065 trem
2321 2025 2481 2065 suum
2513 2008 2855 2066 Cundeiﬁum
2883 2007 3153 2064 interfecit
3182 2009 3475 2078 pluresque
3502 2010 3749 2079 Burgun-

2155 2099 2374 2156 dionum
2406 2110 2582 2154 morte
2619 2099 2917 2162 damnavit,
2951 2113 3284 2168 regnumque
3318 2098 3509 2154 fratris
3535 2115 3639 2153 suo
3661 2115 3746 2153 co-

2152 2190 2358 2261 pulavit
2402 2201 2459 2246 et
2506 2191 2697 2246 tenuit.
2745 2189 2898 2245 Tunc
2937 2189 3047 2244 Leo
3099 2189 3393 2258 imperator
3436 2190 3744 2244 Artemium

2156 2282 2263 2339 divi
2305 2280 2564 2337 Marciani
2592 2295 2849 2352 generum
2888 2294 2956 2334 ex
3002 2278 3232 2334 Patritio
3268 2277 3547 2335 Caasarem
3594 2282 3739 2335 ordi-

2156 2387 2315 2437 nans,
2348 2370 2417 2426 ad
2460 2369 2777 2441 Hesperium
2824 2368 3114 2424 destinavit
3158 2368 3569 2438 imperatorem.
3614 2368 3743 2424 Hinc

2155 2478 2255 2534 per
2288 2461 2628 2517 Ardaburem
2670 2459 2894 2529 Asperis
2942 2459 3112 2514 ﬁlium
3145 2458 3399 2528 Bigenem
3445 2456 3743 2515 Gethanuu

2156 2567 2341 2624 regem
2387 2551 2679 2607 interemit.
2712 2550 2814 2617 Qui
2842 2550 3007 2605 etiam
3035 2549 3353 2605 Basiliscum
3382 2548 3614 2605 fratrem
3640 2566 3744 2605 sua:

2157 2643 2338 2699 Austae
2379 2651 2570 2698 contra
2622 2640 2917 2696 Wandalos
2968 2655 3091 2695 cum
3143 2640 3386 2695 exercitu
3440 2640 3647 2695 direxit
3693 2641 3745 2695 in

2157 2732 2470 2803 Aphricam.
2503 2731 2604 2799 Qui
2635 2729 2810 2786 navali
2856 2729 3041 2800 praelle
3066 2728 3448 2800 Carthaginem
3477 2745 3625 2798 szepe
3651 2746 3746 2799 ag-

2159 2836 2401 2893 gressus,
2426 2820 2669 2890 pecuniis
2690 2819 2949 2875 delinitus
2975 2817 3257 2873 abscessit.
3279 2818 3451 2888 Igitur
3467 2818 3749 2873 Artemius

2159 2912 2300 2968 illico
2326 2920 2384 2966 ut
2410 2911 2640 2967 Romam
2684 2894 2853 2975 venit,
2900 2909 3239 2965 Recimerem
3282 2924 3543 2979 generum
3591 2925 3749 2964 suum

2159 3010 2347 3058 contra
2378 3001 2577 3056 Alanos
2607 2988 2806 3055 direxit
2829 2999 3002 3054 virum
3032 2999 3326 3068 egregium,
3353 3001 3446 3067 qui
3472 3009 3530 3053 et
3564 2999 3750 3052 multi-

481 3083 609 3136 dum
648 3084 753 3138 iter
786 3094 1165 3154 prOSperatum
1189 3088 1331 3142 domi
1369 3087 1513 3143 fama
1556 3089 1802 3157 referret,
1827 3094 2063 3149 mittitur
2088 3080 2134 3142 C
2170 3090 2411 3147 tudinem
2451 3090 2746 3145 Alanorum
2793 3088 3031 3161 fugavit,
3061 3095 3117 3144 et
3141 3103 3324 3159 regem
3362 3102 3554 3143 eorum
3586 3086 3753 3141 Bem-

480 3174 752 3227 exercitus
781 3173 993 3241 fortior,
1019 3177 1110 3245 qui
1126 3174 1349 3243 junctus
1371 3178 1644 3247 prioribus
1678 3181 1852 3249 primo
1875 3183 2060 3239 hostes

482 3264 672 3334 abigit.
707 3264 906 3320 Deinde
929 3266 982 3320 in
1009 3268 1186 3323 socios
1221 3284 1372 3323 arma
1400 3278 1637 3337 vertens,
1686 3280 1857 3329 totam
1891 3289 2062 3345 prope

482 3350 735 3418 insulam,
781 3355 849 3409 ab
872 3354 1132 3411 Orientali
1162 3358 1278 3427 ejus
1307 3358 1458 3430 plaga
1486 3376 1656 3429 usque
1687 3364 1756 3418 ad
1797 3362 2062 3420 Occiden-

485 3440 647 3495 talem
677 3442 783 3511 igni
811 3443 895 3497 vel
922 3458 1053 3500 ense
1092 3446 1313 3517 subigit,
1347 3447 1578 3504 conﬁcta
1608 3452 1890 3507 occasione
1917 3452 2062 3522 quod

484 3545 582 3598 pro
625 3545 684 3585 se
723 3532 1077 3590 militantibus
1123 3536 1366 3592 Britones
1414 3537 1742 3596 sufﬁcienter
1791 3543 2061 3613 stipendia

484 3624 752 3691 promissa
797 3641 903 3680 non
932 3627 1140 3683 darent.
1174 3629 1328 3685 Tunc
1362 3631 1585 3687 haeresis
1628 3631 1917 3704 Pelagiana
1945 3636 2063 3691 Bri-

489 3720 773 3768 tannorum
822 3717 1004 3771 turbat
1038 3718 1236 3774 ﬁdem:
1264 3720 1356 3790 qui
1393 3734 1424 3773 a
1464 3719 1758 3776 Gallicanis
1795 3723 2064 3794 episcopis

483 3802 747 3857 auxilium
810 3816 1113 3873 quaerentes
1142 3847 1158 3872 ,
1208 3808 1535 3864 Germanum
1610 3808 2063 3871 Utissiedorensis

488 3891 741 3948 Ecclesia:
789 3896 1102 3967 episcopum
1152 3905 1208 3953 et
1256 3898 1465 3969 Lupum
1522 3900 1871 3959 Treeasinum
1907 3921 2063 3975 teque

488 3981 795 4049 apostolica).
829 3984 1014 4052 gratia:
1054 3986 1350 4042 antistitem
1392 3989 1514 4044 ﬁdei
1557 3989 1872 4048 defensores
1911 3995 2062 4051 acci--

486 4069 660 4138 piunt.
712 4072 1048 4130 Conﬁrmant
1087 4076 1359 4134 antistites
1407 4078 1568 4134 ﬁdem
1615 4080 1779 4137 verbo
1818 4084 2063 4142 veritatis

487 4157 649 4213 simul
694 4168 749 4214 et
779 4161 1161 4219 miraculorum
1197 4166 1385 4237 signis.
1419 4167 1523 4222 Sed
1552 4178 1609 4223 et
1648 4170 1846 4225 bellum
1887 4170 2063 4229 Saxo-

489 4263 617 4302 num
666 4249 1048 4323 Pictorumque
1097 4255 1356 4312 adversus
1405 4255 1652 4321 Britones
1704 4275 1772 4316 eo
1821 4269 2064 4332 tempore

480 4335 684 4404 junctis
713 4341 915 4395 viribus
955 4354 1260 4415 susceptum
1289 4347 1470 4402 divina
1510 4349 1710 4405 virtute
1746 4352 2059 4408 retundunt.

2162 3200 2290 3255 gum
2338 3186 2393 3240 in
2441 3185 2620 3256 primo
2657 3176 2843 3239 statim
2882 3183 3180 3238 certamine
3223 3191 3539 3251 superatum
3585 3181 3754 3236 inter-

2161 3277 2315 3332 emit.
2349 3275 2718 3331 Tlieedoricus
2749 3288 2881 3345 ergo
2908 3273 3339 3343 Vesegotharum
3375 3286 3473 3325 rex
3498 3271 3751 3326 crebram

2159 3368 2515 3423 mutationem
2545 3365 2911 3420 Romanorum
2935 3363 3239 3433 principum
3259 3374 3511 3425 cernens,
3548 3360 3750 3416 Gallias

2161 3474 2258 3515 suo
2278 3458 2401 3530 jure
2426 3458 2576 3512 nisus
2605 3464 2688 3511 est
2709 3469 2994 3526 occupare.
3026 3453 3180 3521 Quod
3219 3452 3565 3521 comperiens
3595 3456 3747 3505 Arte-

2161 3550 2303 3605 mius
2349 3548 2662 3618 imperator,
2713 3545 2994 3600 Britonum
3024 3543 3214 3599 solatia
3249 3541 3571 3613 postulavit.
3610 3542 3748 3608 Quo-

2161 3653 2282 3693 rum
2311 3651 2408 3691 rex
2436 3635 2685 3691 Retimns
2711 3649 2837 3689 cum
2868 3631 3069 3699 12,000
3093 3631 3261 3696 venit,
3309 3639 3369 3685 ut
3393 3629 3567 3685 ferret
3601 3630 3748 3683 auxi—

2161 3729 2232 3784 lia
2269 3747 2284 3783 ε
2324 3736 2517 3785 contra
2562 3742 2698 3797 quos
2757 3742 2853 3781 rex
2902 3725 3331 3794 Vesegetbarum
3381 3721 3752 3777 Theodericus

2161 3822 2509 3887 innumerum
2532 3820 2759 3875 ductans
2777 3819 3095 3882 exercitum,
3121 3818 3319 3887 diuque
3342 3832 3613 3889 pugnans,
3645 3817 3753 3872 Ro-

2162 3911 2352 3966 timum
2379 3908 2664 3964 Britonum
2693 3924 2874 3980 regem
2897 3916 3188 3976 antequam
3218 3908 3481 3962 Romanis
3517 3908 3750 3977 conjun-

2162 4007 2398 4072 geretur,
2453 3997 2726 4069 ell‘ugavit.
2780 3997 2883 4066 Qui
2929 3998 3164 4067 amplam
3215 4006 3431 4067 partem
3478 3999 3755 4052 exercitus

2164 4090 2439 4154 amissam,
2464 4103 2589 4144 eum
2617 4088 2814 4158 quibus
2839 4087 3043 4158 potuit,
3066 4086 3276 4158 fugiens
3304 4087 3374 4141 ad
3407 4087 3753 4155 Burgundio-

2165 4194 2293 4234 num
2336 4187 2550 4250 gentem
2585 4178 2842 4244 vicinam,
2879 4178 3245 4248 Romanisque
3269 4192 3337 4233 ee
3380 4187 3631 4248 tempore
3658 4178 3757 4233 fm-

2165 4271 2432 4333 deratam,
2459 4267 2694 4323 advenit.
2739 4268 3108 4324 Theodericus
3135 4283 3265 4324 vero
3295 4284 3391 4323 rex
3420 4268 3755 4338 Vesegotba-

2165 4374 2286 4413 rum
2312 4358 2611 4413 Arvernam
2648 4356 2836 4413 Gallia:
2877 4358 3177 4424 civitatem,
3216 4358 3465 4413 Artemie
3507 4359 3755 4429 principe

489 4428 622 4519 Cum
671 4429 973 4488 Germanus
1028 4435 1141 4502 ipse
1195 4437 1299 4491 dux
1358 4439 1480 4494 belli
1537 4440 1732 4507 factus,
1781 4459 1889 4499 non
1923 4446 2065 4502 tuba:
2090 4419 2142 4479 D
2161 4446 2276 4517 jam
2298 4447 2569 4512 defuncto,
2596 4447 2835 4516 quicum
2862 4437 3131 4503 Ricimere
3153 4419 3354 4519 genere
3375 4419 3756 4503 suointestino

488 4516 759 4584 clangore,
791 4520 883 4573 sed
931 4523 1166 4577 clamore
1197 4526 1410 4582 alfeluia
1458 4531 1620 4586 totius
1644 4533 1914 4589 exercitus
1936 4550 2069 4592 voce

488 4606 557 4662 ad
583 4608 762 4662 sidera
790 4610 984 4677 levato,
1014 4613 1198 4668 hostes
1229 4616 1280 4669 in
1314 4616 1493 4687 fugam
1523 4621 1686 4676 vertit
1711 4623 1995 4683 immanes.

1061 4722 1285 4779 CAPUT
1341 4728 1498 4782 XVII.

492 4803 569 4859 De
595 4805 786 4887 crebris
806 4811 1198 4891 .mutationibns
1227 4816 1538 4891 principum.
1570 4819 1636 4891 Et
1660 4837 1762 4890 quo
1788 4835 1938 4891 pacto
1971 4825 2068 4880 0c-

730 4878 949 4933 cidcntis
976 4878 1248 4953 imperium
1272 4878 1537 4943 amiserint
1566 4878 1812 4945 Romani.

518 5030 524 5035 ,
558 4965 691 5032 Leo,
723 4977 782 5022 ut
809 4969 1066 5036 diximus,
1097 4973 1333 5031 Orientis
1359 4976 1653 5046 imperator
1684 4990 1808 5049 post
1840 4981 2068 5039 Marcia-

490 5070 618 5119 num
651 5054 841 5124 factus,
871 5061 1013 5129 apud
1041 5061 1349 5119 Ravennam
1379 5075 1558 5121 autem
1599 5068 1922 5139 Majorianus
1947 5074 2065 5129 Cte-

490 5163 582 5200 sar
594 5156 680 5202 est
698 5151 996 5207 ordinatus.
1029 5152 1132 5219 Qui
1165 5170 1289 5210 cum
1314 5157 1648 5215 Theodorum
1676 5178 1801 5234 rege
1829 5163 2064 5234 Yesego-

491 5237 706 5292 tharum
730 5239 905 5296 fcedus
929 5242 1050 5298 iniit
1076 5259 1175 5313 per
1193 5246 1415 5317 legatos,
1440 5258 1495 5304 et
1520 5249 1590 5305 ab
1615 5251 1853 5307 Emerita
1877 5253 2063 5325 Hispa-

492 5329 596 5384 niae
615 5330 854 5398 civitate,
880 5350 1044 5403 quam
1066 5344 1193 5391 tunc
1220 5343 1486 5407 vastabat,
1522 5343 1590 5397 ad
1623 5344 1826 5401 Gallias
1851 5354 1939 5401 est
1976 5361 2068 5401 re-

493 5428 719 5477 vocatus
742 5439 846 5479 non
875 5434 1054 5481 tamen
1079 5429 1198 5483 sine
1223 5445 1414 5501 magna
1454 5441 1633 5503 strage
1658 5445 1822 5504 atque
1847 5437 2069 5506 popula-

498 5512 640 5572 tione
674 5512 994 5583 Suevorum,
1039 5519 1375 5589 aliarumque
1408 5523 1663 5591 gentium
1700 5523 1969 5592 Hispaniae
2014 5526 2067 5581 in

505 5597 726 5660 inversis
753 5608 993 5672 partibus
1027 5611 1404 5675 habitantium,
1444 5631 1581 5683 quas
1612 5632 1707 5685 per
1734 5615 1899 5670 duces
1941 5632 2067 5673 sues

2166 4537 2308 4593 bello
2354 4536 2604 4602 saeviens,
2652 4537 2878 4592 Romam
2909 4538 3180 4604 trivissct,
3222 4539 3447 4608 ipseque
3491 4555 3523 4593 a
3554 4555 3756 4610 genere

2099 4701 2109 4710 δ
2165 4635 2498 4697 peremptus,
2526 4627 2744 4696 reliquit
2770 4643 2991 4698 regnum
3012 4628 3252 4699 Olybrio.
3282 4629 3402 4695 Quo
3428 4637 3677 4700 tempore
3696 4631 3751 4685 in

2166 4716 2626 4787 Constantinopoli
2671 4717 2868 4787 Aspar,
2911 4719 3118 4788 primus
3151 4720 3505 4776 Patritiormn
3555 4732 3616 4776 et
3647 4722 3753 4776 Go-

2167 4808 2383 4862 thorum
2410 4822 2615 4878 genere
2661 4809 2843 4864 clarus
2879 4826 3001 4864 cum
3038 4809 3321 4866 Ardnbure
3370 4821 3426 4866 et
3467 4812 3753 4867 Patrit’ole

2171 4895 2314 4961 ﬁliis,
2344 4895 2434 4950 ille
2453 4896 2667 4966 quidem
2697 4896 2825 4951 olim
2848 4896 3264 4968 patre‘mtritie,
3294 4901 3397 4953 hoc
3428 4911 3615 4955 autem
3638 4902 3753 4956 (ἷξο-

2169 5000 2294 5041 sare
2328 5001 2632 5057 generoque
2671 4987 2867 5042 Leonis
2905 4989 3165 5059 principis
3212 4990 3501 5059 appellato,
3557 4991 3755 5060 spado-

2171 5090 2297 5129 num
2325 5075 2547 5130 ensibus
2581 5076 2636 5130 in
2680 5076 2881 5146 palatio
2918 5078 3228 5134 vulneratus
3270 5080 3494 5143 interiit,
3520 5091 3580 5134 et
3627 5097 3755 5135 nec-

2169 5166 2298 5221 dum
2338 5164 2558 5235 Olybrio
2595 5175 2787 5221 octavo
2820 5182 3004 5222 mense
3046 5168 3100 5221 in
3150 5182 3313 5238 regno
3364 5168 3616 5239 ingresso
3656 5171 3756 5223 ob-

2167 5263 2348 5309 eunte.
2379 5253 2646 5310 Glicerius
2682 5256 2821 5325 apud
2866 5255 3178 5315 Ravennam
3227 5256 3347 5324 plus
3383 5258 3453 5312 de
3482 5273 3751 5327 prasen-

2168 5344 2350 5412 ptione
2378 5359 2539 5413 quam
2573 5344 2836 5400 electione
2859 5346 3044 5401 Caesar
3079 5345 3334 5401 effectus:
3375 5362 3564 5415 quem,
3608 5364 3755 5404 anns

2168 5434 2259 5487 vix
2288 5435 2520 5503 expleto,
2566 5451 2733 5504 nepos
2763 5435 3055 5491 Marcellini
3084 5439 3357 5506 quendam
3399 5439 3640 5507 patritia:
3664 5456 3753 5493 so-

2170 5526 2310 5579 roris
2341 5525 2480 5580 ﬁlius
2508 5542 2672 5595 regno
2708 5526 2988 5595 dejiciens,
3025 5528 3079 5581 in
3105 5537 3264 5597 portu
3307 5528 3495 5584 Reum
3534 5530 3753 5599 episco-

2169 5634 2296 5686 pum
2323 5620 2612 5684 ordinavit,
2657 5630 2710 5675 et
2738 5621 2849 5691 ἱρέα)
2889 5635 3110 5690 regnum
3137 5621 3388 5677 obtinuit.
3426 5620 3633 5679 Tantas
3657 5637 3752 5676 va-
