3962 6174
215 272 360 327 ιρις)

1313 272 1727 331 cunemcen.
1768 305 1836 314 —
1877 274 2040 330 rem
2079 242 2287 330 utin.
2330 277 2390 333 v.

3344 290 3485 348 I250

212 388 439 438 rietatcs
467 382 897 454 mutationesque
918 383 1282 439 Romanorum
1309 386 1610 454 principum
1633 384 1800 439 Theo-
1828 387 1874 446 Α
1903 385 1970 439 ad
1994 398 2116 439 eum
2141 385 2432 457 legatione,
2462 390 2681 447 mamlat
2702 391 2885 450 Zenon
2911 405 2972 449 ut
2991 394 3061 450 ad
3081 411 3140 452 se
3163 399 3350 456 venire
3375 418 3485 460 non

210 473 431 526 dericus
481 486 711 526 cernens
759 472 840 542 (ut
883 474 1120 528 diximus
1171 474 1451 545 superius)
1499 475 1799 527 Arvernam

210 561 501 629 occupavit
557 562 865 624 civitatem,
933 563 1025 617 ubi
1077 571 1205 617 tunc
1268 563 1634 618 Romanorum
1693 564 1796 617 dux

209 660 441 721 przccrat
482 651 752 718 Cedicius,
801 654 1168 709 nobilissimus
1221 667 1557 718 senatorum,
1599 664 1654 707 et
1696 654 1799 708 dn-

212 744 343 797 dnm
375 743 517 797 Aviti
567 745 925 814 imperatoris,
971 747 1061 815 qui
1093 746 1160 800 ad
1199 760 1397 816 paucos
1435 746 1551 800 dies
1580 759 1800 814 regnum

212 835 506 898 invaserat,
536 833 676 888 filius
717 833 901 898 Gothi,
950 845 1107 905 capta
1155 837 1373 891 civitate
1405 833 1795 897 Arvernorum,

211 924 523 979 Nabornam
573 923 737 978 etiam
790 924 1070 979 invadunt.
1124 924 1323 980 Contra
1374 940 1509 994 quos
1552 922 1799 979 Orestem

212 1017 533 1087 magistrum
557 1016 761 1086 militia:
788 1015 963 1085 Nepos
996 1017 1289 1086 imperator
1333 1017 1548 1071 direxit.
1581 1015 1802 1069 Orestes

212 1122 344 1160 vero
372 1114 621 1173 suscepto
653 1106 892 1159 exercitu
922 1106 1071 1159 venit
1098 1104 1428 1163 Ravennam.
1464 1105 1644 1174 ibique
1684 1120 1800 1159 me—

212 1207 368 1252 ratus
395 1198 751 1268 Augustulum
808 1198 975 1251 filium
1015 1215 1170 1252 suum
1217 1199 1599 1267 imperatorem
1651 1197 1800 1252 fecit.

212 1292 368 1358 Quod
399 1293 623 1345 audiens
669 1290 845 1359 Nepos
891 1291 1027 1362 fugit
1066 1293 1381 1356 Dalmatius,
1414 1293 1595 1362 ibique
1638 1306 1804 1363 regno

212 1383 460 1452 privatus
484 1380 697 1441 defecit,
725 1380 813 1433 ubi
832 1380 944 1450 jam
984 1380 1248 1435 Clicerius
1284 1382 1485 1435 dudum
1512 1383 1805 1453 imperatur

212 1471 583 1540 episcopatum
609 1468 983 1523 Solonitanum
1014 1470 1266 1524 habebat.
1296 1470 1594 1540 Augustulo
1620 1486 1751 1524 vero
1772 1486 1802 1524 a

211 1568 369 1628 patre
395 1557 586 1613 Oreste
632 1557 687 1610 in
737 1557 991 1611 Ravenna
1028 1558 1352 1627 imperatore
1381 1558 1651 1623 ordinato,
1697 1575 1804 1613 non

214 1648 388 1701 nmlto
414 1655 533 1716 post
553 1645 814 1708 Odoacer,
844 1644 1276 1715 Tercilingerum
1311 1662 1428 1711 rex,
1463 1647 1672 1701 habens
1717 1662 1804 1703 se-

213 1753 340 1792 cum
366 1736 565 1807 Scyros
606 1734 831 1788 Herules
870 1735 1316 1804 diversarumque
1363 1736 1604 1806 gentium
1654 1737 1805 1790 anxi-
1833 1728 1881 1787 B

216 1826 426 1890 liarios,
454 1825 662 1879 Italiam
709 1825 1026 1894 occupavit,
1063 1836 1118 1880 et
1157 1825 1347 1881 Oreste
1375 1826 1660 1881 interfecto
1704 1826 1810 1881 Au-

215 1916 486 1989 gustulum
521 1914 833 1983 ﬁliumejus
864 1915 931 1970 de
970 1930 1136 1985 regno
1164 1915 1379 1986 pulsum
1416 1917 1468 1971 in
1517 1916 1823 1986 Lucullano~

213 2005 522 2075 Campaniae
552 2004 774 2059 castello
804 2004 978 2060 exsilii
1013 2019 1172 2074 poena
1213 2006 1509 2060 damnavit.
1543 2005 1634 2061 Sic
1672 2023 1810 2077 que-

213 2111 324 2167 que
375 2095 695 2166 Hesperium
760 2095 1020 2150 Romanae
1068 2096 1243 2166 gentis
1290 2097 1607 2177 imperium,
1665 2099 1811 2169 quod

214 2187 698 2257 septingentesimo
748 2202 893 2241 nono
939 2185 1101 2242 Urbis
1146 2188 1377 2243 conditae
1418 2202 1561 2244 anno
1601 2189 1811 2259 primus

214 2282 581 2353 Augustorum
608 2281 842 2336 obtinuit
862 2280 1215 2348 Octavianus,
1241 2297 1364 2337 cum
1390 2283 1491 2338 hoc
1513 2282 1811 2354 Augustulo

212 2371 423 2441 periit,
478 2386 620 2425 anno
666 2370 1011 2427 decesserum
1071 2372 1600 2440 praedecessorumve
1658 2374 1809 2445 regni

214 2465 648 2536 quingentesimo
693 2465 956 2535 vigesimo
982 2465 1243 2520 secundo.
1286 2465 1422 2521 Hinc
1466 2465 1578 2534 jam
1624 2481 1811 2537 respu-

214 2557 358 2611 blica
386 2557 749 2611 Romanorum
774 2556 1018 2626 partibus
1044 2555 1448 2627 Hesperiarum,
1474 2572 1597 2627 qua:
1624 2556 1811 2611 hacte-

215 2659 322 2700 nus
348 2644 596 2715 gentibus
635 2644 1018 2716 imperaverat,
1050 2646 1267 2719 regibus
1314 2647 1554 2718 gentium
1589 2660 1811 2718 gemens

223 2734 535 2790 succubuit.
1654 2736 1657 2737 ⁷

788 2842 1016 2900 CAPUT
1056 2842 1239 2899 XVIII.

213 2949 301 3009 De
331 2950 921 3024 Theodoro_Gothorum
960 2968 1099 3022 rege,
1140 2953 1367 3024 quoliwr
1392 2952 1674 3024 obtinuerit
1695 2954 1811 3009 Ita-

290 3024 416 3104 linm
452 3040 543 3093 per
579 3021 807 3077 Zenonis
837 3021 1167 3093 imperatoris
1193 3022 1398 3077 datum.
1437 3021 1507 3077 Et
1548 3025 1614 3078 de
1650 3027 1809 3096 gestis

290 3110 425 3164 ejus.

291 3204 407 3271 Qua
440 3211 759 3273 tempestate
780 3203 892 3279 Leo
915 3205 1209 3275 imperator
1227 3218 1327 3274 pro
1353 3203 1559 3259 Thema
1581 3204 1808 3262 Chalce-

215 3298 461 3353 donense
492 3313 589 3367 per
617 3298 930 3353 universum
974 3298 1161 3352 orbem
1201 3296 1427 3368 singulis
1476 3298 1806 3354 orthodoxe-

216 3406 341 3445 rum
363 3390 652 3459 episcopis,
676 3383 916 3459 singulas
940 3395 1408 3458 consonantesque
1435 3389 1583 3443 misit
1603 3389 1810 3459 episto-

214 3480 303 3535 las
327 3480 455 3549 quid
485 3480 552 3534 de
586 3479 777 3535 eodem
804 3478 1009 3533 Thema
1037 3478 1320 3543 sentirent,
1347 3479 1575 3534 rescribi
1600 3480 1680 3535 sui
1708 3495 1806 3550 po-

214 3568 447 3626 stulans.
465 3566 702 3635 Quorum
724 3568 860 3622 adeo
878 3566 1231 3622 consonantia
1254 3566 1322 3621 de
1346 3580 1476 3621 vera
1500 3565 1702 3621 Christi
1728 3567 1807 3621 in-

217 3659 539 3715 carnatione
563 3658 800 3728 suscepit
826 3658 1066 3714 omnium
1090 3658 1458 3726 rescriptamac
1478 3657 1523 3712 si
1545 3671 1653 3712 uno
1676 3665 1813 3712 tem-

216 3764 354 3820 pore
380 3762 594 3818 unoque
623 3748 861 3803 dictante
907 3746 1139 3803 fuissent
1184 3747 1435 3802 universa
1479 3747 1808 3817 conscripta.

217 3838 430 3906 Quibus
456 3839 648 3895 diebus
668 3840 989 3895 Theodorus
1015 3840 1300 3910 episcopus
1321 3838 1577 3905 civitatis,
1609 3853 1749 3909 quae,
1778 3855 1809 3895 a

216 3927 365 3999 Cyre
408 3928 695 3983 Persarum
737 3924 862 3999 rege
903 3930 1148 3997 condita,
1188 3928 1364 4001 Cyria:
1398 3944 1596 3985 nomen
1627 3930 1807 3997 habet,

217 4018 443 4089 scripsit
472 4020 537 4074 de
561 4035 690 4075 vera
720 4020 1091 4074 incarnatione
1138 4019 1350 4074 Domini
1390 4019 1690 4075 Salvateris
1718 4021 1812 4074 ad-

218 4123 415 4164 versus
442 4110 723 4180 Eutychen
754 4117 811 4164 et
850 4108 1166 4164 Dioscorum
1207 4110 1550 4165 Alexandria:
1596 4110 1810 4181 episco-

216 4214 374 4269 pum,
404 4199 494 4268 qui
521 4200 812 4253 humanam
841 4198 892 4252 in
920 4197 1137 4253 Christo
1160 4214 1381 4255 carnem
1412 4207 1630 4271 negant.
1664 4198 1812 4254 Scri-

219 4290 340 4361 psit
362 4298 417 4344 et
442 4289 731 4345 Historiam
762 4289 1194 4345 Ecclesiasticam
1220 4306 1249 4344 a
1276 4290 1384 4347 line
1410 4291 1671 4347 librorum
1699 4292 1808 4347 Eu-

220 4380 362 4436 sebii
399 4395 569 4450 usque
594 4380 664 4434 ad
693 4394 852 4435 suum
885 4388 1122 4449 tempus,
1171 4380 1225 4434 id
1253 4388 1356 4446 est,
1387 4395 1561 4450 usque
1596 4382 1663 4435 ad
1700 4381 1804 4435 im-

220 4471 435 4541 perium
470 4470 665 4526 Leonis
691 4470 870 4540 hujus,
906 4472 1009 4526 sub
1036 4486 1145 4539 quo
1168 4479 1225 4526 et
1248 4483 1494 4528 mortuus
1521 4484 1624 4528 est.
1656 4473 1808 4530 Tunc

220 4569 282 4615 et
308 4559 600 4626 Victorius,
635 4558 860 4628 iubente
897 4575 1037 4631 papa
1063 4560 1293 4628 Hilario,
1332 4562 1552 4632 scripsit
1579 4563 1821 4632 pascha-,

219 4649 334 4704 lem
373 4648 661 4703 terminum
691 4648 797 4703 5‘52
835 4664 1126 4705 annorum.
1179 4650 1286 4706 Leo
1330 4656 1524 4707 autem“
1554 4661 1805 4723 nepotem

217 4754 384 4797 suum
429 4738 664 4795 Leonem
706 4740 959 4797 manibus
1000 4741 1115 4796 suis
1161 4744 1442 4798 coronavit
1469 4762 1483 4798 :
1512 4759 1620 4813 quo
1661 4745 1804 4799 facto

218 4831 573 4899 imperatore,
606 4830 835 4884 moritur
860 4845 1003 4886 anno
1032 4831 1243 4886 decimo
1273 4841 1428 4888 sexto
1454 4833 1668 4904 imperii
1697 4833 1806 4889 sui.‘

216 4925 411 4992 Itaque
456 4921 742 4976 admodum
785 4936 923 4992 puer
969 4922 1080 4979 Leo
1130 4924 1257 4979 dum
1299 4940 1466 4995 parvo
1504 4935 1810 4995 superesset

221 5026 494 5085 tempore,
517 5021 725 5083 patrem
751 5030 908 5069 suum
934 5015 1206 5072 Zenonem
1255 5017 1638 5086 imperatorem
1678 5033 1811 5074 con-

218 5108 477 5173 stituens,
527 5107 690 5162 rebus
715 5108 951 5162 excessit
977 5106 1253 5162 humanis.
1286 5106 1473 5163 Zenon
1503 5117 1681 5162 autem
1706 5124 1807 5163 an-

218 5212 355 5255 num
402 5198 669 5254 decimum
709 5198 998 5268 septimum
1037 5196 1275 5253 Orientis
1321 5199 1463 5253 rexit
1498 5199 1805 5268 imperium.

217 5288 452 5358 Cognita
497 5288 821 5343 Theoderici
869 5287 1247 5358 prosperitatis
1279 5286 1559 5352 felicitate,
1588 5289 1730 5358 quod
1752 5288 1808 5343 in

218 5377 438 5446 Illyrico
454 5392 576 5432 cum
596 5377 1044 5449 Ostrogotharum
1067 5378 1310 5434 exercitu
1332 5376 1643 5443 resedisset,
1667 5387 1813 5448 post-

218 5480 391 5533 quam
416 5481 448 5521 e
475 5466 753 5522 Pannonia
781 5483 906 5523 cum
939 5475 1092 5538 patre
1116 5467 1470 5534 Theodomir,
1498 5467 1633 5523 alias
1656 5484 1809 5538 quat-

222 5554 398 5609 rende
425 5557 605 5623 sedes,
643 5557 918 5627 profectus
961 5568 1125 5625 esset,
1168 5559 1483 5630 vicinasque
1521 5568 1708 5632 gentes
1742 5562 1810 5618 ad

231 5657 367 5713 quas
411 5656 770 5714 accesserant,
818 5649 1150 5718 perdomitas
1197 5649 1594 5722 subjugassent,
1645 5652 1808 5709 missa

1832 4424 1886 4483 D

1906 473 2290 542 dissimularet,
2336 494 2543 533 memor
2576 482 2738 536 etiam
2769 494 2915 539 esset
2946 488 3162 554 quantis
3189 489 3488 548 honoribus

1902 564 2226 621 sublimatus
2253 582 2282 620 a
2317 567 2495 623 Leone
2528 572 2791 641 principe,
2822 575 2948 629 dum
2972 574 3086 631 fere
3114 578 3300 634 decem
3328 582 3487 638 annis

1900 653 2051 722 prius
2077 655 2238 710 obses
2277 657 2417 726 apud
2447 672 2569 712 eum
2596 668 2761 726 esset,
2820 663 2887 716 ad
2935 665 3168 734 genitale
3214 666 3388 723 solum
3430 678 3489 725 et

1901 745 2162 814 genitoris
2195 750 2536 816 praesentiam
2574 749 2765 806 fuisset
2801 756 3081 812 remissus.
3113 757 3488 818 Theodericus

1903 835 2084 905 itaque
2106 837 2237 891 nihil
2262 839 2518 894 Iucsitans
2537 842 2603 895 ad
2632 858 2831 912 regiam
2857 843 3086 902 festinus
3105 835 3250 904 venit
3274 853 3484 918 urbem,

1903 927 1993 980 ubi
2019 927 2088 981 ab
2114 928 2441 998 imperatore
2475 933 2711 1000 Zenone,
2761 936 2989 1008 benigne
3027 952 3340 1011 susceptus,
3373 961 3488 1000 ma-

1903 1020 2202 1092 gnificeque
2246 1025 2589 1092 sublimatus,
2628 1037 2683 1081 et
2722 1030 2910 1084 consul
2955 1034 3266 1091 ordinarius
3291 1045 3373 1091 est
3402 1039 3485 1093 fa—

1903 1120 2044 1167 ctus.
2077 1112 2185 1168 Nec
2214 1123 2418 1170 tantum
2451 1118 2574 1180 hoc,
2606 1121 2699 1174 sed
2730 1129 2786 1175 et
2814 1133 3121 1192 equestrem
3152 1136 3386 1184 statuam
3418 1132 3487 1185 ab

1904 1200 2229 1269 imperatore
2266 1208 2567 1273 promeruit
2608 1219 2733 1263 ante
2773 1213 2978 1282 regiam
3021 1214 3298 1271 collocari.
3343 1219 3488 1273 Inter

1905 1289 2022 1345 ban
2048 1306 2179 1361 ergo
2208 1291 2576 1351 Theodericus
2618 1297 2720 1352 sub
2762 1299 2995 1356 Zenonis
3035 1303 3263 1372 imperio
3287 1305 3490 1361 fmdere

1904 1381 2165 1446 sociatus,
2194 1384 2318 1437 dum
2352 1385 2541 1454 ipsein
2566 1387 2700 1441 urbe
2729 1390 2981 1445 omnibus
3008 1392 3164 1448 bonis
3194 1393 3488 1461 frueretur,

1905 1482 2225 1543 gentemque
2254 1492 2408 1531 suam
2438 1478 2490 1531 in
2522 1479 2733 1549 Illyrico
2762 1480 2841 1552 (ut
2876 1484 3130 1555 diximus)
3161 1486 3489 1543 residentem

1905 1576 2012 1615 non
2057 1564 2278 1618 omnino
2325 1566 2575 1621 ideueam
2611 1578 2705 1622 aut
2744 1570 3001 1627 refertam
3046 1575 3281 1641 audiret,
3326 1577 3492 1648 elegit

1904 1654 2086 1722 potius
2126 1656 2285 1710 solito
2323 1674 2473 1714 more
2516 1661 2692 1729 gentis
2740 1678 2852 1718 suae
2896 1664 3080 1720 labere
3126 1681 3369 1736 quaerere
3411 1671 3493 1724 vi-

1908 1754 2077 1810 ctum,
2107 1762 2269 1815 quam
2301 1748 2415 1818 ipse
2449 1752 2620 1806 otiose
2641 1752 2748 1814 frui
2782 1755 2928 1825 regni
2962 1755 3191 1812 Romani
3226 1759 3404 1823 bonis,
3436 1770 3492 1815 et

1910 1847 2123 1908 gentem
2161 1856 2314 1895 suam
2344 1843 2691 1900 medioeriter
2732 1846 3005 1913 victitare,
3047 1864 3339 1921 secumque
3360 1851 3493 1907 deli-

1908 1931 2128 1997 berans,
2160 1936 2227 1987 ad
2257 1934 2555 2005 principem
2600 1937 2715 1992 ait:
2746 1938 3006 2006 Quamvis
3050 1941 3182 1996 nihil
3211 1943 3362 1998 deest
3395 1958 3491 2001 no-

1909 2021 1994 2075 bis
2035 2022 2263 2092 imperio
2310 2034 2495 2081 vestro
2535 2025 2939 2095 famulantibus,
2988 2038 3166 2086 tamen
3192 2033 3239 2086 si
3269 2032 3491 2103 dignum

1907 2109 2057 2167 ducit
2100 2114 2273 2184 pietas
2319 2124 2520 2181 vestra,
2564 2118 2888 2174 desiderium
2925 2120 3029 2174 mei
3059 2121 3240 2177 cordis
3263 2122 3495 2177 libenter

1908 2207 2182 2261 exaudiat.
2225 2207 2469 2279 Cumque
2494 2210 2544 2264 ei
2575 2209 2656 2281 (ut
2687 2210 2914 2282 solebat)
2948 2208 3289 2268 familiariter
3317 2213 3491 2270 facul-

1910 2304 1994 2350 tas
2044 2296 2236 2352 fuisset
2287 2298 2542 2367 loquendi
2601 2313 2860 2357 concessa
2891 2320 2904 2355 :
2935 2301 3194 2373 Hesperia
3221 2345 3237 2371 ,
3293 2305 3489 2377 inquit,

1908 2386 2064 2456 plaga
2110 2401 2232 2457 quae
2280 2387 2482 2443 dudum
2528 2388 2871 2447 decessurum
2918 2395 3489 2467 prmdeeessorumque

1906 2484 2210 2530 vestrorum
2243 2477 2508 2547 regimine
2536 2478 2834 2548 gubernata
2879 2494 2985 2549 est,
3025 2492 3080 2539 et
3116 2487 3247 2541 urbs
3276 2486 3364 2540 illa
3392 2502 3492 2542 ca-

1882 2573 2004 2636 .put
2027 2565 2176 2620 orbis
2213 2575 2270 2620 et
2306 2568 2525 2622 domina
2557 2584 2730 2638 quare
2758 2586 2902 2628 nunc
2925 2575 3027 2629 sub
3052 2575 3194 2644 regis
3222 2575 3492 2632 Tercilin—
3540 2602 3578 2635 ο

1906 2673 2096 2729 gerum
2144 2659 2528 2730 Rugorumque
2556 2662 2845 2733 tyrannide
2887 2663 3146 2721 ﬂuctuat?
3190 2666 3371 2739 Dirige
3406 2684 3493 2724 me

1907 2764 2028 2803 cum
2060 2758 2222 2819 gente
2261 2764 2403 2815 mea,
2444 2750 2489 2805 si
2527 2752 2796 2822 prmcipis,
2842 2762 2901 2808 ut
2926 2762 2981 2807 et
3008 2754 3099 2809 hic
3134 2769 3491 2825 expensamm

1906 2841 2143 2909 pondere
2175 2856 2397 2906 careas;
2440 2852 2495 2897 et
2521 2844 2593 2897 ibi
2624 2845 2670 2899 si
2708 2844 2921 2914 adjutus
2940 2846 2981 2901 ‘a
3011 2847 3239 2904 Domino
3272 2849 3491 2915 vicero,

1908 2930 2048 2985 fama
2090 2941 2283 2987 vestrae
2323 2935 2541 3002 pietatis
2566 2935 2874 2992 irradietur.
2913 2939 3145 3008 Expedit
3172 2956 3405 3010 namque
3435 2953 3496 2996 ut

1910 3035 2033 3091 ego,
2068 3022 2160 3090 qui
2206 3038 2326 3077 sum
2350 3038 2540 3079 servus
2564 3034 2745 3081 vester
2763 3036 2819 3082 et
2846 3028 3010 3094 filius,
3040 3030 3085 3085 si
3112 3031 3316 3096 vicero,
3342 3031 3495 3086 vobis

1834 3084 1880 3146 (ἶ
1912 3111 2254 3175 donantibus,
2299 3128 2522 3183 regnum
2566 3115 2695 3172 illud
2745 3084 3072 3187 possideam,
3123 3084 3378 3191 quam'ut
3407 3124 3500 3179 ille

1911 3201 2085 3256 hostis
2116 3204 2394 3272 tyrannico
2427 3204 2559 3274 jnge
2606 3216 2852 3262 senatum
2895 3219 3135 3266 vestrum
3174 3223 3496 3286 partemque

1912 3292 2219 3361 reipublica:
2247 3296 2574 3365 captivitatis
2611 3298 2837 3354 servitio
2865 3311 3094 3371 premat.
3126 3303 3240 3374 Ego
3274 3306 3418 3360 enim
3445 3307 3493 3363 si

1910 3382 2113 3447 vicero,
2140 3392 2323 3439 vestro
2347 3386 2487 3441 dono
2509 3396 2799 3459 vestroque
2820 3406 3046 3447 munere
3079 3395 3367 3461 pessidebo
3403 3411 3419 3450 :
3445 3398 3492 3452 si

1908 3473 2084 3529 victus
2112 3473 2285 3540 fuero,
2309 3487 2488 3532 vestra
2511 3481 2689 3548 pietas
2713 3482 2846 3537 nihil
2873 3484 3091 3549 amittit,
3124 3486 3252 3551 imo,
3271 3497 3331 3541 nt
3349 3490 3494 3543 dixi-

1910 3580 2054 3630 nus,
2100 3566 2344 3621 Iucratur
2379 3583 2666 3637 expensas.
2698 3571 2814 3638 Quo
2839 3574 3043 3638 audito,
3077 3579 3323 3644 quamvis
3349 3593 3504 3648 a'gre‘

1911 3653 2079 3708 ferret
2116 3655 2417 3723 imperator
2456 3672 2740 3714 excessum
2780 3661 2918 3731 ejus,
2953 3663 3140 3719 nolens
3161 3674 3341 3720 tamen
3367 3682 3492 3722 eum

1910 3744 2256 3810 contristare,
2304 3748 2498 3802 annuit
2523 3763 2644 3818 qua:
2663 3752 2942 3820 poscebat,
2992 3755 3307 3826 magnisque
3345 3757 3489 3813 dita-

1913 3841 2026 3888 tum
2073 3835 2389 3892 muneribus
2435 3837 2799 3905 dimisitase,
2850 3851 3096 3899 senatum
3135 3846 3495 3919 populumque

1910 3923 1961 3979 ei
1984 3925 2372 3982 commendans
2406 3927 2726 3985 Romanum.
2763 3932 2931 4003 Igitur
2958 3950 3212 4006 egressus
3239 3938 3374 3993 urbe
3398 3954 3490 3993 re-

1911 4013 1997 4085 gia
2026 4015 2416 4085 Theodericus,
2465 4028 2521 4075 et
2562 4021 2630 4076 ad
2672 4036 2803 4079 suos
2851 4033 3154 4092 revertens,
3196 4042 3319 4082 cum
3344 4031 3494 4086 omni

1911 4113 2070 4174 gente
2110 4104 2432 4176 Gothorum,
2477 4111 2568 4180 qui
2599 4119 2780 4168 tamen
2811 4113 2862 4169 ei
2890 4116 3236 4185 prrebueruut
3263 4132 3493 4176 censen-

1911 4210 2053 4260 sum,
2106 4194 2423 4267 IIesperiam
2462 4199 2657 4266 tendit,
2691 4211 2947 4274 rectoque
2969 4204 3164 4260 itinere
3188 4221 3288 4276 per
3314 4207 3492 4263 Smir—

1911 4300 2010 4341 nos
2054 4288 2301 4342 ascendit
2339 4288 2514 4343 vicina
2543 4289 2860 4358 Pannoniae,
2887 4294 3118 4365 indeque
3147 4296 3493 4353 Venetiarum

1913 4376 2048 4432 fines
2084 4378 2385 4448 ingressus,
2410 4380 2477 4434 ad
2511 4380 2756 4438 Pentem.
2777 4381 2952 4440 Sontii
2998 4396 3364 4459 nuncupatum
3397 4403 3492 4444 ca—

1912 4477 2022 4523 stra
2067 4477 2302 4525 metatus
2335 4479 2441 4526 est.
2471 4471 2716 4543 Cumque
2746 4475 2819 4531 ibi
2849 4476 2917 4531 ad
2944 4477 3234 4534 reficienda
3264 4494 3494 4549 corpora

1911 4558 2190 4615 hominum
2202 4557 2685 4633 jumentorumque
2711 4564 2894 4636 aliquo
2918 4573 3160 4637 tempore
3181 4570 3493 4638 resedisset,

1911 4647 2157 4706 Odoacer
2197 4660 2467 4707 armatum
2511 4662 2701 4709 contra
2747 4669 2870 4710 eum
2920 4656 3118 4712 direxit
3168 4659 3492 4715 exercitum.

1912 4739 2083 4807 Quem
2129 4740 2498 4798 Theodericus
2528 4743 2583 4798 in
2614 4744 2821 4814 campis
2862 4745 3262 4802 Veronensibus
3294 4763 3490 4819 magna

1911 4840 2093 4905 strage
2138 4833 2355 4901 delevit,
2405 4846 2694 4905 castraque
2747 4836 2922 4891 soluta
2978 4838 3222 4908 diripuit,
3280 4838 3490 4894 Italiam
3562 4828 3573 4838 ’

1911 4938 2035 4978 cum
2092 4924 2304 4993 potiere
2368 4925 2592 4980 audacia
2658 4924 2870 4990 intrat;
2923 4933 3307 4998 trensacteque
3346 4928 3496 4983 Pado

1912 5029 2091 5080 amne,
2121 5014 2189 5069 ad
2211 5015 2526 5070 Ravennam
2550 5013 2751 5084 regiam
2775 5013 2963 5069 urbem
2990 5024 3169 5070 castra
3197 5017 3491 5086 componit.

1912 5104 2097 5162 Tertio
2142 5106 2328 5176 itaque
2372 5120 2516 5161 anno
2557 5106 2840 5162 obsessum
2884 5105 3187 5163 Odeacrum
3218 5122 3399 5179 regem
3426 5110 3495 5164 ad

1912 5198 2237 5255 deditionem
2285 5197 2482 5269 coegit,
2522 5197 2668 5253 hunc
2710 5199 2980 5269 primatum
3007 5211 3177 5268 regno
3196 5197 3491 5254 interemit.

1896 5285 2053 5347 .Hinc
2068 5287 2183 5357 jam
2214 5295 2329 5345 tota
2364 5287 2519 5342 Italia
2561 5287 2898 5344 Theoderico
2926 5285 3187 5357 subjecta,
3223 5287 3383 5344 tertio
3406 5288 3493 5342 in-

1914 5394 2134 5449 gressus
2183 5379 2267 5434 sui
2310 5392 2455 5433 anno
2489 5376 2701 5433 Italiam
2731 5377 2978 5434 consultu
3015 5378 3359 5450 imperatoris
3385 5379 3498 5448 prio

1912 5478 2099 5527 vatum
2146 5485 2258 5526 sua:
2306 5469 2484 5540 gentis
2520 5469 2777 5524 vestitum
2805 5468 3081 5539 deponens
3111 5470 3317 5541 regiqu
3343 5483 3496 5523 assu—

1913 5562 2017 5619 mit
2043 5562 2328 5628 amictum,
2357 5561 2512 5632 quasi
2546 5561 2660 5633 jam
2697 5562 2991 5619 Gothorum
3021 5561 3498 5631 Romanorumque

1915 5662 2189 5727 regnator.
2223 5653 2320 5710 His
2340 5653 2413 5709 ita
2439 5653 2606 5725 gestis
2624 5667 2906 5725 prospere,
2929 5661 3143 5726 gentem
3166 5653 3495 5711 Francorum
