3962 6174
502 272 637 327 1254

501 472 746 528 devicum
774 483 954 538 regem
997 478 1206 532 eorum,
1248 468 1423 522 filiam
1441 466 1565 537 ej.
1584 479 1801 539 νοω,
1823 470 2075 540 impura-

497 571 611 615 tam
654 556 999 611 matrimonio
1027 570 1125 610 suo
1150 555 1441 626 copulavit,
1476 566 1534 610 ut
1556 557 1812 611 .lerdanis
1846 557 2075 611 histori-

496 668 596 707 cus
635 650 820 713 refert,
854 648 1101 717 ﬁliasque
1135 664 1262 704 suas
1288 649 1480 707 vicinis
1508 650 1724 720 regibus
1752 649 1804 704 in
1829 650 2075 721 conjugio

499 741 790 811 copulavit,
824 756 987 794 uuam
1014 740 1229 794 Alarico
1266 738 1685 810 Vesegotharum
1715 749 1770 794 et
1799 741 1957 795 aliaat
1983 741 2073 813 Si-

497 814 803 902 gismundo.
830 831 1298 901 Burgundionum,
1342 840 1665 902 neptemque
1712 847 1807 886 sua
1852 832 2072 886 Amala-

498 924 720 991 burgam
774 920 1176 991 Thuringorum
1230 922 1341 991 regi
1396 921 1738 976 Ermeufrido
1763 963 1776 983 ,
1831 937 2072 977 sororem

497 1028 628 1066 vero
675 1026 828 1065 suam
881 1015 990 1081 regi
1036 1010 1429 1065 Wandalorum
1476 1012 1847 1066 Trasemundo
1904 1012 2070 1077 dedit,

498 1100 720 1168 cupiens
746 1101 827 1153 sic
854 1082 1023 1168 genus
1052 1114 1206 1153 suum
1239 1099 1491 1154 nobiliter
1519 1101 1763 1154 dilatare.
1793 1101 1910 1168 Quo
1934 1112 2073 1157 tem-

497 1205 627 1259 pore
637 1189 876 1244 Joannes
892 1190 1149 1245 Romanae
1162 1191 1416 1246 Ecclesia:
1439 1192 1676 1260 pontifex
1689 1191 2072 1248 Constantine-

497 1281 660 1349 polim
685 1281 925 1345 veniens,
941 1282 1007 1335 ad
1026 1290 1234 1351 portam
1257 1296 1376 1351 qum
1402 1291 1624 1337 vocatur
1638 1284 1833 1348 Aurea,
1857 1285 2077 1354 pepule-

496 1389 617 1427 rum
654 1374 826 1427 turbis
856 1375 910 1447 ei
949 1375 1379 1438 occurrentibus,
1415 1376 1467 1428 in
1497 1384 1791 1444 conspectu
1829 1378 2072 1431 omnium

496 1473 706 1534 rogantt
728 1481 871 1520 εωεο
890 1465 1070 1521 lumen
1093 1467 1343 1526 reddidit.
1363 1466 1464 1534 Qui
1486 1468 1610 1522 dum
1643 1454 1854 1523 rediens
1867 1468 2075 1522 Raven-

495 1571 619 1609 nam
646 1557 903 1622 venisset,
938 1556 1307 1613 Theodericus
1334 1573 1459 1613 eum
1481 1574 1606 1614 cum
1635 1559 1925 1614 comitibus
1952 1574 2075 1614 car-

495 1648 634 1702 ceris
662 1646 951 1703 afﬂictione
978 1650 1228 1718 peremit,
1260 1650 1457 1704 invidia
1486 1651 1700 1714 ductus,
1728 1652 1856 1719 quia
1883 1651 2074 1707 catho-

1522 266 1904 322 FBECUIJ’li‘i
1942 264 2394 323 LEXOVIENSIS
2432 265 2734 321 EPISCOPI

500 385 725 453 cupiens
752 380 1083 435 unum
1101 378 1323 443 habere,
1374 378 1535 433 missa
1577 337 1843 451 legatione
1874 381 1940 434 ad
1970 379 2073 433 Lu-
2102 384 2148 442 Α

3618 273 3749 327 {liii

2773 379 3000 437 CAPUT
3037 381 3155 435 XX.

2174 471 2253 525 De
2299 473 2652 543 persecutione
2708 471 3095 526 Catlwlicorum
3128 491 3160 526 α
3203 476 3407 543 regibus
3455 475 3759 535 Wandalo-

2320 559 2461 596 tu.
2484 543 2551 596 Et
2572 543 2699 613 quid
2721 544 2776 596 in
2798 542 3014 596 diuersis
3033 542 3270 612 partibus
3294 556 3494 614 gestum
3521 548 3617 599 sit.

2245 651 2360 718 Qua
2391 659 2711 723 tempestate
2738 651 3039 707 Bonoricus
3064 668 3159 707 rex
3184 653 3583 711 Wandalorum
3610 657 3762 713 Aria-

2175 757 2274 796 nus
2305 742 2599 796 catholicas
2625 741 2883 797 ecclesias
2908 740 3123 807 clausit,
3151 743 3359 812 plebem
3389 747 3561 801 variis
3583 749 3765 804 aﬁcit

2175 833 2468 904 suppliciis.
2509 834 2574 888 Et
2608 833 2822 903 quidem
2860 832 2927 885 ab
2966 834 3264 889 innumeris
3298 852 3492 891 manus
3536 840 3760 894 abscis-

2175 926 2308 979 dens
2338 933 2392 978 et
2420 925 2646 995 linguas,
2681 940 2780 979 nec
2818 933 2993 979 tamen
3026 925 3290 994 loquelam
3319 931 3606 985 catholicae
3634 949 3760 987 con-

2176 1015 2423 1071 fessionis
2467 1018 2677 1086 er’pere
2730 1017 2925 1086 potuit.
2963 1016 3147 1085 Itaque
3178 1020 3588 1076 'l'rasemundus
3633 1038 3757 1077 suc-

2174 1121 2357 1161 cessor
2385 1106 2638 1160 Ilenerici
2683 1106 3068 1162 Wandalorum
3104 1122 3199 1161 rex
3235 1116 3289 1162 et
3328 1109 3445 1178 ipse
3491 1111 3758 1166 ecclesias

2175 1199 2470 1254 catholicas
2514 1199 2730 1263 clausit,
2773 1208 2828 1253 et
2869 1200 3051 1268 plures
3080 1200 3360 1269 episcopos
3385 1203 3583 1255 exsilio
3613 1204 3757 1256 dam-

2175 1305 2312 1345 nans
2339 1288 2642 1344 Sardiniam
2681 1290 2847 1344 misit.
2885 1289 3036 1345 Tunc
3067 1291 3423 1361 Symmachus
3443 1308 3588 1362 papa
3618 1294 3757 1348 inter

2173 1380 2340 1434 multa
2388 1379 2738 1434 ecclesiarum
2784 1394 2976 1448 opera,
3029 1396 3151 1449 qua:
3196 1380 3340 1435 vela
3385 1380 3758 1439 fundamentis

2174 1470 2397 1536 creavit,
2430 1470 2514 1523 vel
2541 1471 2716 1540 prisca
2746 1471 3045 1536 renovavit,
3077 1479 3131 1524 et
3152 1469 3305 1539 juxta
3338 1472 3602 1528 basilicas
3634 1492 3758 1529 sau-

2173 1570 2383 1616 cterum
2422 1560 2568 1616 Petri
2594 1569 2650 1615 et
2690 1558 2862 1625 Pauli,
2906 1569 3067 1629 atque
3098 1560 3379 1616 Laurentii
3421 1566 3758 1634 pauperitus

2173 1651 2478 1707 habitacula
2516 1651 2842 1715 construxit,
2870 1660 2923 1705 et
2950 1652 3177 1722 singulis
3204 1654 3359 1706 annis
3385 1669 3487 1723 per
3510 1654 3757 1711 Africam

495 1740 612 1794 licae
634 1726 853 1809 pietatis
878 1737 1133 1794 defensor
1151 1738 1396 1795 Justinus
1418 1755 1543 1795 eum
1569 1740 1865 1795 honorifice
1892 1756 2069 1795 susce-
2095 1747 2142 1807 Β
2171 1742 2252 1796 vel
2303 1741 2613 1796 Sardiniam
2661 1741 2929 1811 episcopis
2966 1742 3059 1811 qui
3091 1743 3143 1796 in
3170 1744 3360 1798 exsilio
3381 1755 3564 1807 erant,
3598 1760 3758 1814 pecu-

493 1831 682 1900 pisset.
714 1830 819 1896 Qui
845 1830 1013 1885 etiam
1050 1829 1436 1901 Symmachum
1474 1831 1759 1901 patricium
1788 1832 1951 1886 nullis
1974 1846 2071 1885 ex-

492 1921 761 1977 Stantibus
782 1921 963 1976 causis
985 1922 1112 1975 dum
1138 1922 1399 1976 trucidari
1431 1921 1703 1977 Ravennae
1728 1922 1968 1988 fecisset,
1994 1904 2072 1977 ira

490 2011 772 2081 perculsus
809 2011 995 2065 divina
1025 2020 1081 2065 et
1108 2013 1223 2082 ipse
1253 2027 1398 2067 anno
1445 2014 1692 2082 sequenti
1741 2013 1939 2069 ibidem
1978 2030 2071 2068 su-

490 2101 708 2156 bitanea
760 2109 937 2155 morte
990 2102 1193 2170 periit,
1245 2116 1389 2157 anno
1435 2104 1712 2157 tricesimo
1760 2103 1842 2158 sui
1902 2103 2071 2158 Italici

492 2191 665 2259 regni,
709 2188 1037 2244 succedente
1063 2191 1117 2245 in
1140 2205 1366 2261 regnum
1397 2191 1671 2246 Atalarico
1712 2202 1907 2260 nepote
1932 2192 2070 2262 ejus.

490 2279 744 2350 Legimus
781 2281 926 2335 enim
959 2279 1012 2334 in
1045 2279 1272 2349 Dialogo
1303 2279 1359 2334 S.
1389 2280 1637 2350 Gregorii
1667 2282 1951 2350 quemdam
1986 2295 2073 2335 sa-

488 2373 764 2428 cerdotem
820 2372 1106 2428 visibiliter
1153 2373 1356 2427 vidisse
1401 2372 1794 2428 Theodericum
1832 2373 2070 2427 vinctmn

491 2463 631 2516 trahi
665 2479 695 2516 a
726 2462 933 2518 Joanne
979 2462 1233 2531 pontifice
1273 2473 1331 2518 et
1376 2461 1690 2519 Simmacho
1738 2463 1963 2533 patritie
2003 2463 2071 2517 ad

421 2592 442 2612 .
492 2552 654 2607 ollam
686 2553 824 2623 ignis
845 2551 1165 2608 Siciliensis.

1072 2682 1301 2740 caper
1341 2680 1483 2759 xix.

488 2795 568 2852 De
587 2796 796 2855 Zenone
822 2798 1076 2867 principe,
1097 2796 1323 2868 qualiter
1349 2796 1601 2868 amissum
1632 2793 1908 2868 imperium
1932 2809 2066 2848 rece-

772 2864 926 2933 oért't,
950 2864 1000 2920 et
1024 2864 1319 2921 successore
1342 2866 1457 2936 ejus
1484 2864 1786 2919 Anastasio.

560 3004 725 3075 Igitur
751 3002 934 3058 Zenon
960 3001 1256 3070 imperator
1278 2998 1643 3055 Chalcedonia
1669 2998 1799 3053 dum
1827 2998 2063 3069 degeret,

2172 1834 2291 1889 nias
2310 1842 2365 1887 et
2385 1843 2565 1889 vestes
2595 1833 2961 1888 ministrabat.
2995 1833 3201 1901 Quibus
3223 1836 3412 1890 diebus
3438 1836 3759 1893 Heldericns

2170 1924 2561 1981 Wandalorum
2604 1941 2701 1982 rex
2744 1926 3027 1996 episcopos
3065 1942 3199 1996 quos
3245 1939 3627 1985 antecessores
3674 1932 3758 1986 sui

2171 2015 2363 2071 exsilio
2406 2017 2796 2071 damnaverant
2835 2016 3035 2071 reverti
3074 2015 3223 2081 fecit,
3270 2026 3325 2073 et
3369 2019 3636 2074 ecclesias
3676 2038 3762 2075 re-

2172 2114 2419 2161 staurare
2452 2104 2636 2175 jussit,
2680 2106 2965 2161 haereticas
3012 2107 3281 2161 submovit
3317 2107 3756 2176 profanationes,

2172 2195 2493 2252 Benedictus
2515 2195 2697 2265 itaque
2721 2196 2890 2250 abbas
2916 2195 3255 2251 mirabilibus
3290 2197 3399 2250 vita
3429 2206 3488 2252 et
3511 2200 3757 2254 moribus

2171 2286 2397 2356 insignis
2425 2284 2640 2349 claruit,
2680 2285 3021 2356 virtutesque
3046 2285 3189 2341 illius
3231 2287 3425 2343 beatus
3457 2287 3755 2359 Gregorius

2173 2393 2309 2448 papa
2340 2378 2393 2431 in
2417 2376 2558 2431 libre
2582 2375 2924 2448 Dialogorum
2953 2375 3191 2445 scripsit.
3215 2375 3293 2431 Eo
3314 2378 3481 2431 etiam
3510 2386 3755 2448 tempore

2173 2467 2549 2538 Sigismundus
2586 2481 2681 2520 rex
2710 2465 3152 2537 Burgundionum
3181 2482 3213 2521 a
3238 2467 3353 2522 suis
3390 2467 3628 2523 Francis
3648 2481 3755 2523 tra-

2170 2557 2315 2612 ditus
2369 2564 2470 2612 est.
2517 2557 2688 2624 Quem
2750 2570 2936 2612 secum
2976 2556 3170 2611 Franci
3232 2557 3286 2611 in
3326 2557 3516 2612 habitu
3564 2575 3750 2613 mona-

2171 2647 2259 2701 chi
2311 2646 2639 2701 deducentes
2691 2661 2813 2701 cum
2856 2661 3027 2701 uxore
3059 2655 3115 2700 et
3152 2645 3298 2711 ﬁliis,
3329 2647 3547 2701 demum
3572 2648 3630 2701 in
3658 2664 3753 2717 pn-

2172 2746 2315 2792 teum
2339 2735 2707 2806 projicientes,
2734 2743 3085 2790 necaverunt.
3110 2734 3239 2790 Post
3252 2735 3404 2804 cuius
3417 2751 3613 2791 necem
3634 2737 3754 2791 Clo-

2170 2826 2407 2881 domeris
2442 2839 2535 2879 rex
2572 2823 2904 2879 Francorum
2939 2833 3128 2878 contra
3153 2823 3757 2898 Burgundiones-dimi-

2175 2930 2300 2972 cans
2340 2915 2423 2985 (ut
2465 2912 2656 2984 fertur)
2706 2913 2758 2967 in
2794 2913 2980 2983 praelio
3012 2912 3300 2968 occiditur.
3336 2913 3558 2968 Boetius
3579 2915 3753 2969 etiam

2168 3007 2445 3078 patritius,
2488 3006 2583 3076 qui
2625 3004 3024 3059 arithmeticam
3058 3004 3253 3060 Latino
3280 3019 3532 3060 sermone
3555 3006 3757 3060 nobili-

486 3096 728 3167 Augusta
766 3109 957 3150 socrus
998 3107 1095 3146 sua
1125 3091 1443 3147 Basiliscum
1481 3104 1802 3160 germanum
1830 3104 1986 3144 suum
2012 3089 2064 3142 in

2173 3107 2254 3152 ter
2296 3097 2505 3152 duobus
2558 3095 2712 3149 libris
2760 3095 3001 3150 ediderat
3025 3136 3039 3159 ,
3087 3095 3330 3165 aliosque
3377 3094 3592 3150 libellos
3634 3095 3755 3151 ele-

486 3187 622 3240 urbe
662 3185 962 3254 Augustum
994 3181 1305 3251 appellavit.
1331 3180 1484 3247 Quod
1510 3181 1731 3235 audiens
1771 3180 1954 3235 Zenon
1983 3195 2070 3235 se-

487 3275 649 3331 cessit
674 3272 956 3336 Isauriam,
980 3286 1049 3326 ne
1074 3285 1237 3325 causa
1264 3271 1347 3325 sui
1387 3269 1636 3325 civilibus
1659 3268 1816 3324 hellis
1849 3269 2069 3339 aliquod

486 3364 888 3421 incommodum
956 3362 1284 3432 proveniret.
1319 3360 1611 3416 Basiliscus
1642 3359 1860 3428 quidem
1878 3368 1952 3436 “ut
1976 3358 2066 3414 fu-

487 3470 609 3526 gam
631 3454 864 3509 Zenonis
883 3452 1156 3522 cognovit,
1185 3446 1395 3506 laetatus
1414 3462 1519 3516 est,
1547 3451 1643 3506 sed
1662 3466 1768 3507 non
1795 3451 1908 3515 diu,
1934 3464 2068 3519 quo-

485 3548 632 3602 niam
676 3547 859 3603 Zenon
905 3560 1152 3600 reversus
1200 3545 1254 3599 in
1304 3559 1532 3614 regnum
1559 3552 1664 3599 eta
1686 3544 1799 3599 suis
1820 3553 2071 3613 receptus

485 3640 807 3696 Basiliscum
847 3638 1041 3693 exsilio
1080 3637 1375 3693 damnavit.
1431 3637 1662 3703 Quidam
1705 3647 1885 3692 autem
1919 3637 2067 3691 Illius

486 3730 726 3795 nomine,
770 3728 972 3783 Zenoni
1020 3726 1077 3781 in
1121 3726 1333 3797 privata
1375 3726 1483 3780 vita
1523 3726 1903 3792 amicissimus,
1939 3726 2081 3780 dum

486 3830 701 3876 secreto
730 3820 1044 3875 detraheret
1065 3817 1317 3887 Augustae
1336 3816 1607 3887 Ariagne,
1646 3817 1701 3871 in
1734 3817 1909 3872 zelum
1938 3831 2067 3871 con-

482 3910 1010 3980 citavitAugustum.
1041 3906 1144 3975 Qui
1171 3907 1476 3963 deliberans
1500 3923 1623 3962 eam
1653 3909 1940 3979 perimere,
1973 3896 2064 3963 uni

482 4016 709 4057 suorum
732 3999 896 4055 tacite
922 4013 1037 4053 rem
1069 3997 1437 4053 demandavit.
1461 3996 1614 4066 Quod
1640 3998 1767 4053 dum
1798 3997 1888 4051 ille
1903 4013 2067 4068 agere

485 4092 774 4155 niteretur,
818 4090 1033 4145 cuidam
1081 4089 1416 4145 cubiculario
1466 4088 1570 4143 hoc
1612 4088 1866 4157 prodidit.
1912 4089 2066 4155 Quod

484 4197 611 4238 cum
664 4183 855 4251 regina
901 4180 1292 4249 comperisset,
1342 4176 1667 4248 subterfugit
1706 4178 1775 4233 ad
1817 4178 2065 4233 Acatium

487 4275 801 4345 episcopum
825 4311 842 4338 ,
893 4280 1217 4343 posteraque
1264 4270 1351 4326 die
1397 4270 1582 4324 Zenon
1632 4283 1747 4323 rem
1792 4269 2067 4324 aestimans

484 4376 875 4438 perpetratam,
921 4366 1049 4420 dum
1088 4365 1291 4420 luctum
1337 4365 1627 4434 quemdam
1672 4364 1827 4432 quasi
1874 4376 2066 4433 gerens

2169 3186 2483 3259 gantissitne
2519 3186 2939 3253 conscripserat,
2993 3184 3286 3240 novissime
3322 3185 3618 3240 damnatus
3649 3200 3750 3240 ex-

2168 3281 2309 3346 silio,
2350 3287 2475 3349 post
2518 3279 2687 3332 libros
2728 3277 3123 3333 Consolationis
3163 3276 3580 3347 Philosophiae,
3616 3292 3757 3347 quos

2168 3369 2396 3425 metrico
2442 3368 2582 3439 style
2617 3376 2778 3437 atque
2820 3367 3072 3437 prosaice
3110 3365 3537 3421 luculentissima
3587 3366 3754 3421 dicta-

2166 3470 2341 3527 verat,
2368 3461 2423 3515 in
2456 3460 2731 3515 territorio
2760 3458 3144 3514 Mediolanensi
3164 3457 3450 3512 occiditur.

2748 3566 2972 3624 CAPUT
3009 3566 3151 3622 XXI.

2166 3664 2245 3719 De
2263 3661 2525 3717 Belesario
2556 3659 2765 3715 consule
2782 3659 3093 3729 Iustiniani,
3116 3659 3209 3729 qui
3230 3657 3286 3711 in
3305 3656 3489 3729 Africa
3507 3655 3752 3729 Wanda-

2237 3733 2315 3787 los
2341 3733 2548 3795 delevit,
2583 3742 2633 3785 et
2667 3732 2721 3784 in
2761 3730 2924 3782 Italia
2951 3726 3148 3782 Gothos
3174 3728 3443 3792 contrivit,
3468 3726 3564 3799 qui
3590 3730 3753 3781 etiam

2236 3814 2417 3857 contra
2447 3799 2674 3855 Part/tos
2696 3800 2982 3854 dimicavit.

2235 3915 2352 3982 Quo
2384 3915 2625 3983 tempore
2660 3910 2909 3967 Justinus
2938 3912 3255 3981 imperator,
3284 3882 3580 3964 consulens
3607 3907 3756 3963 utili-

2164 4004 2368 4059 tatibus
2418 4002 2746 4073 reipuhlicte,
2786 4000 3150 4055 Iustinianum
3179 4008 3434 4068 nepotem
3461 4012 3531 4052 ex
3560 4012 3758 4053 sorore

2165 4111 2263 4152 sua
2303 4108 2675 4151 successorem
2716 4092 3005 4161 designans
3038 4091 3271 4161 imperii,
3299 4091 3557 4145 moritur.
3583 4087 3755 4145 Justi-

2164 4187 2359 4242 nianus
2398 4200 2496 4255 per
2536 4197 2708 4239 annos
2740 4182 2810 4238 38
2838 4181 3074 4238 Orientis
3097 4181 3270 4235 tenuit
3302 4180 3623 4249 imperium.
3651 4180 3753 4235 Cui

2165 4285 2292 4348 post
2324 4277 2581 4332 diuturna
2606 4272 2740 4329 bella
2765 4272 3134 4343 plurimosque
3157 4269 3376 4324 labores
3401 4278 3598 4324 contra
3625 4269 3759 4323 Par-

2168 4370 2291 4422 thos
2310 4377 2479 4438 gesta,
2506 4379 2604 4434 per
2623 4365 2827 4434 legatos
2840 4362 3013 4418 ftedus
3032 4377 3159 4417 cum
3174 4375 3301 4432 rege
3316 4359 3646 4415 Parthorum
3672 4361 3760 4414 in-

485 4458 756 4515 neminem
803 4457 1059 4525 suscepit,
1098 4455 1321 4510 Acutius
1348 4455 1634 4524 episcenos
1671 4453 1968 4525 ingressus.
2007 4459 2065 4506 et
2090 4438 2141 4497 Ῑ)
2166 4461 2300 4514 itum
2315 4467 2418 4512 est.
2443 4457 2608 4527 Igitur
2626 4456 2731 4509 hac
2748 4453 3037 4509 securitate
3055 4451 3205 4521 pacis
3225 4450 3563 4520 composita,
3581 4448 3759 4504 Justi-

484 4549 612 4603 faeti
644 4549 824 4619 arguit
865 4548 1269 4616 imperatorem,
1302 4547 1709 4615 Augustamque
1740 4545 2063 4614 suspicionis

485 4641 761 4694 innoxiam
809 4639 1224 4707 compromittit,
1286 4645 1617 4707 acceptaque
1668 4637 1773 4692 fide
1823 4636 2061 4706 Augusta

484 4730 795 4783 revertitur.
846 4727 998 4782 Illius
1037 4735 1217 4783 autem
1253 4727 1322 4782 ab
1347 4728 1481 4781 urbe
1508 4726 1759 4780 discessit
1784 4736 2059 4795 assumpta

424 4810 439 4822 '
482 4819 802 4889 tyrannide:
835 4819 904 4876 ab
941 4819 1183 4873 exercitu
1227 4818 1487 4890 principis
1521 4817 1819 4881 occiditur,
1874 4817 2057 4872 Zenon

481 4925 611 4965 vero
640 4911 701 4965 in
718 4925 854 4982 pace
890 4911 1112 4980 quievit.
1154 4910 1474 4966 Anastasius
1515 4918 1719 4975 autem,
1749 4909 1928 4964 subito
1974 4925 2063 4965 as-

378 5056 389 5061 -
481 5012 727 5073 sumptus
774 5004 843 5059 ab
875 5002 1151 5074 Augusta,
1201 5004 1496 5074 imperator
1536 5002 1697 5056 simul
1737 5011 1793 5057 et
1835 5001 2063 5057 maritus

481 5095 736 5162 innotuit,
762 5095 1114 5166 regnavitque
1137 5096 1294 5149 annis
1326 5094 1416 5159 28,
1444 5101 1553 5148 tam
1585 5091 1873 5148 infeliciter
1896 5101 1957 5147 ut
1977 5092 2064 5147 di-

479 5187 657 5241 versis
697 5187 1042 5242 inimicorum
1085 5184 1318 5239 vallatus
1345 5183 1650 5255 agminibus
1673 5192 1782 5237 tam
1811 5191 2062 5238 externo-

481 5293 600 5332 rum
645 5292 807 5347 quam
836 5285 895 5332 et
920 5285 1270 5348 tyrannorum
1290 5315 1306 5342 ,
1379 5276 1577 5346 saepius
1622 5289 1859 5330 mon-ens
1886 5283 1939 5329 et
1967 5289 2057 5344 ge-

482 5385 654 5432 mens,
699 5369 901 5425 nullam
947 5382 1168 5424 suorum
1204 5368 1501 5422 vindictam
1522 5366 1721 5421 meruit
1743 5356 1931 5420 audire
1959 5364 2060 5418 ini-

480 5461 767 5526 micorum,
798 5460 925 5529 quia
951 5473 1051 5515 nec
1081 5459 1195 5529 ipse
1216 5456 1337 5526 jura
1365 5456 1603 5512 servavit
1628 5455 1903 5519 Ecclesia,
1943 5452 2055 5517 sed,

481 5552 670 5607 favens
704 5551 894 5607 haeresi
927 5551 1204 5621 Euthycis,
1244 5548 1538 5605 catholicos
1576 5555 1661 5604 est
1706 5552 2058 5616 persecutus,

483 5641 600 5701 ipse
616 5651 797 5697 autem
818 5643 1001 5699 divino
1024 5641 1249 5699 fulmine
1274 5640 1458 5711 periit.

2164 4549 2358 4603 nianus
2370 4546 2670 4601 Romanum
2694 4542 2761 4597 de
2776 4541 2974 4596 ﬁnibus
2985 4541 3306 4595 Parthorum
3327 4539 3633 4595 exercitum
3646 4536 3759 4611 [re-

2161 4637 2418 4709 vocavit].
2438 4636 2574 4690 llinc
2589 4635 2701 4705 jam
2722 4632 3052 4688 Belesarium
3064 4630 3263 4701 delegit
3273 4628 3755 4693 consulem,eum—

2161 4745 2266 4801 que
2293 4745 2417 4786 cum
2437 4726 2677 4784 exercitu
2703 4725 2770 4779 ad
2793 4722 3099 4778 Australmn
3120 4720 3335 4792 plagam
3353 4730 3548 4775 contra
3566 4718 3756 4778 ,\V'an«-

2162 4825 2314 4881 dolos
2347 4823 2531 4877 mittit.
2564 4820 2688 4887 Qui,
2719 4818 2932 4873 favente
2949 4815 3199 4879 Domino,
3228 4827 3337 4883 qua
3358 4818 3587 4865 venerat
3614 4808 3757 4864 faci-

2165 4916 2337 4979 litate,
2356 4929 2422 4968 ea
2441 4912 2719 4968 celeritate
2754 4906 3050 4963 Wandalos
3078 4904 3372 4975 superavit,
3402 4899 3757 4970 Lybiamqne

2166 5004 2235 5058 ad
2279 5015 2475 5070 corpus
2508 4999 2674 5053 totius
2716 4994 3028 5066 reipublicae
3065 4994 3320 5064 jungens,
3348 4986 3755 5044 Wandalorum

2165 5102 2379 5165 gentem
2421 5090 2637 5146 delevit.
2687 5088 2965 5158 Carthago
3004 5099 3217 5156 quoque
3241 5098 3387 5138 anno
3408 5078 3760 5135 excessionis

2163 5202 2273 5242 suae
2297 5181 2645 5252 nonagesimo
2668 5186 2825 5233 sexto
2845 5187 3062 5247 recepta
3084 5184 3187 5238 est,
3212 5173 3384 5244 pulsis
3407 5168 3760 5238 devictisqne

2165 5274 2444 5331 Wandalis
2465 5281 2522 5327 et
2549 5270 2857 5327 Gildemero
2884 5284 3015 5339 rege
3047 5280 3235 5322 eorum
3260 5271 3446 5333 capto,
3469 5259 3757 5315 Constan-

2164 5365 2445 5437 tin0polim
2493 5362 2699 5424 misso,
2761 5360 2820 5415 in
2861 5359 2997 5414 urbe
3041 5356 3190 5426 regia
3226 5352 3458 5426 principi
3502 5350 3761 5414 oblatus,

2162 5464 2442 5526 spectante
2464 5451 2689 5522 ‘popule
2718 5490 2734 5516 ,
2789 5452 3084 5519 imperator
3133 5460 3233 5516 per
3286 5440 3629 5497 Belesarium
3688 5438 3765 5491 de

2162 5545 2445 5602 Wandalis
2494 5539 2868 5611 triumphavit.
2924 5537 2981 5591 In
3029 5534 3180 5590 Italia
3229 5546 3360 5588 vero
3405 5526 3765 5583 Theoderico

2164 5650 2291 5707 rege
2317 5632 2592 5699 defuncto,
2615 5630 2919 5695 Atalaricus
2941 5641 3109 5699 nepos
3131 5622 3271 5696 ejus,
3295 5624 3410 5693 ipso
3430 5617 3762 5682 ordinante.
