3962 6174
180 287 328 345 1253

1268 277 1682 335 CII‘RONICON.
1722 309 1793 319 —
1829 277 1995 334 ΤΟΜΙ
2032 277 2075 332 ιι
2111 276 2240 331 Lib.
2289 279 2353 332 ν.

3254 258 3263 267 ’
3313 284 3453 340 last

178 395 473 459 successit,
508 400 717 463 septem
750 404 923 446 annos
960 388 1212 458 quamvis
1245 387 1527 458 pueriliter
1555 388 1761 449 vivens,
1794 396 1841 452 Α
1869 386 2195 442 deditionem
2220 386 2481 456 suscepit.
2507 384 2684 456 Atque
2711 402 2853 443 unus
2880 390 3070 446 consul
3102 392 3228 447 dum
3258 407 3452 450 contra

173 499 359 546 matre
426 494 608 541 tamen
679 488 940 553 regnante
1007 479 1393 534 Amalasuenta
1421 518 1437 543 ,
1513 479 1764 548 degebat,

176 578 399 650 quando
436 586 493 632 et
529 573 735 630 Gallias
774 573 865 627 diu
906 579 1087 626 teutas
1127 569 1352 625 Francis
1397 570 1769 640 repetentibus

175 668 435 731 reddidit,
482 674 802 733 mortuoque
843 661 1143 725 Atalarico,
1193 669 1368 715 mater
1393 674 1490 715 sua
1520 659 1768 714 Theodo-

173 761 384 816 Itadum
410 757 795 813 consobrinum
831 769 988 809 suum
1018 752 1171 823 regni
1195 753 1513 822 participem
1540 751 1763 817 faciens,

172 865 286 905 non
327 856 449 917 post
495 845 744 909 multum,
775 841 1156 913 ipsojubentc,
1191 841 1371 896 occisa
1399 850 1503 895 est.
1542 841 1612 895 Et
1638 841 1765 909 quia

174 940 380 994 dudum
426 952 485 992 se
526 951 651 991 cum
709 934 819 988 lilio
864 947 963 989 suo
1008 931 1489 987 commendaverat
1531 929 1763 999 principi

171 1029 505 1095 Justiniano,
546 1028 593 1082 is
631 1035 860 1081 mortem
889 1022 1006 1091 ejus
1048 1024 1272 1078 audiens
1301 1021 1488 1086 doluit,
1515 1037 1618 1077 nec
1642 1037 1765 1092 pas-

175 1136 275 1176 sus
302 1128 389 1176 est
418 1119 647 1175 inultam
686 1116 949 1180 transire;
1000 1116 1093 1169 sed
1122 1129 1247 1168 mox
1293 1114 1541 1168 eumdem
1572 1113 1763 1167 ducem

172 1213 329 1276 belli,
372 1212 464 1281 qui
512 1210 804 1263 Pwnorum
861 1206 1095 1261 domitor
1142 1205 1318 1261 fuerat
1355 1214 1410 1260 et
1458 1206 1524 1259 de
1573 1205 1765 1274 Opibus

169 1300 513 1355 Wandalicis
551 1298 896 1366 triumphans
933 1296 1111 1350 adhuc
1138 1296 1191 1349 in
1222 1294 1457 1364 fascibus
1485 1303 1624 1359 erat,
1665 1310 1761 1365 ag-

170 1391 308 1445 mini
360 1391 700 1445 diversarum
753 1400 1061 1457 proponens
1094 1386 1416 1455 nationum,
1471 1386 1538 1439 ad
1578 1394 1763 1455 partes

168 1482 467 1553 Hesperias
513 1479 843 1535 destinavit:
870 1478 963 1547 qui
1005 1477 1183 1546 primo
1231 1492 1454 1532 accessu
1477 1492 1602 1532 mox
1627 1477 1764 1532 Sici—

166 1573 305 1627 liam
349 1571 618 1642 pervadit,
665 1570 802 1641 duce
849 1566 965 1635 ejus
1013 1567 1291 1622 Sinderith
1339 1575 1615 1636 superato,
1667 1569 1760 1623 ubi

166 1663 303 1718 dum
354 1662 686 1731 aliquantum
736 1659 994 1729 temporis
1034 1659 1104 1714 ob
1139 1660 1494 1714 ordinandam
1525 1660 1759 1730 patriam

1869 477 2034 533 Getas
2056 494 2194 547 pene
2225 480 2342 548 pari
2371 491 2567 533 eventu
2598 481 2665 536 de
2690 480 2938 548 Francis,
2993 485 3086 554 qui
3121 501 3246 539 cum
3276 486 3454 543 Theo-

1869 568 2096 623 deberto
2131 583 2257 637 rege
2293 582 2392 622 suo
2416 568 2557 622 ultra
2592 569 2832 635 200,000
2872 574 3226 638 advenerant,
3265 574 3454 630 trium-

1866 658 2077 726 phavit.
2123 657 2229 713 Sed
2268 658 2394 727 quia
2430 660 2498 712 ad
2530 659 2633 713 alia
2660 671 2958 730 occupatus
2987 663 3116 718 alibi
3143 664 3313 720 noluit
3346 666 3449 720 im-

1867 746 2083 816 plicari,
2113 748 2430 818 rogantibus
2451 746 2676 802 Francis
2702 764 2887 818 pacem
2915 754 3207 819 concessit,
3248 763 3305 809 et
3336 756 3452 810 sine

1867 850 2089 890 suorum
2118 837 2399 906 di~pendio
2425 838 2492 891 de
2519 837 2715 891 finibus
2738 839 2937 895 Italicis
2964 842 3192 911 expulit,
3215 854 3452 913 sumptq

1867 942 1971 996 que
2008 941 2135 994 rege
2158 936 2211 981 et
2238 928 2422 997 regina
2452 928 2722 998 simulque
2749 939 2803 984 et
2828 946 2958 1000 opes
2981 933 3188 1001 palatii,
3212 934 3282 989 ad
3305 936 3451 1004 priu-

1863 1021 2035 1090 cipem
2090 1021 2183 1089 qui
2238 1037 2361 1075 eum
2424 1023 2648 1077 miserat
2703 1027 3254 1097 reportavit:sicque
3308 1031 3449 1085 intra

1863 1111 2020 1181 pauci
2063 1112 2321 1180 temporis
2359 1113 2590 1181 spatium
2645 1112 2980 1170 Justinianus
3020 1117 3315 1186 imperator
3354 1136 3452 1189 per

1865 1200 2236 1255 fidelissimum
2286 1202 2583 1266 consulem,
2636 1203 2743 1258 duo
2793 1220 2955 1275 regna
2993 1206 3234 1276 duasque
3262 1223 3473 1278 respu-~

1864 1291 2037 1347 blicas
2064 1307 2175 1346 sua:
2204 1293 2395 1348 ditioni
2424 1295 2653 1364 subegit.
2687 1296 2743 1349 ln
2772 1297 3119 1352 Australibus
3156 1307 3319 1368 atque
3346 1299 3473 1355 Οερ-

1863 1381 2040 1436 ciduis
2071 1382 2315 1451 partibus
2348 1384 2434 1438 his
2463 1384 2536 1438 ita
2565 1386 2753 1456 gestis,
2792 1385 2998 1451 Parthi,
3037 1397 3196 1457 rupto
3218 1389 3446 1455 ﬁndere,

1864 1471 2235 1527 Romanorum
2281 1474 2417 1528 lines
2453 1474 2733 1530 invadunt.
2765 1476 3055 1548 Gelesyria:
3080 1480 3263 1535 omnia
3297 1478 3448 1535 ferro

1862 1563 2207 1632 aedibusque
2253 1562 2507 1618 fmdando
2540 1566 2845 1635 praedantes
2887 1566 3205 1633 devastant,
3253 1568 3449 1623 Antio-

1862 1654 2041 1709 chiam
2056 1670 2227 1724 usque
2246 1656 2588 1725 perveniunt.
2610 1655 2782 1723 Quam
2803 1656 3055 1727 praesidio
3077 1657 3447 1712 Romanorum

164 1755 458 1820 resideret,
493 1754 763 1825 comperit
794 1755 848 1808 in
881 1753 1063 1809 Africa
1107 1754 1285 1809 civilia
1312 1754 1451 1809 bella
1478 1756 1761 1811 intestina-
1787 1737 1836 1796 B
1865 1761 2087 1800 vacuam
2136 1746 2505 1813 invenientes,
2555 1756 2750 1802 cuncta
2788 1748 3051 1817 diripiunt
3074 1789 3090 1814 ι
3130 1764 3232 1805 nec
3266 1751 3447 1804 onusti

163 1863 279 1919 que
314 1848 498 1917 praelia
538 1846 885 1903 debacchari.
929 1846 1065 1901 Nam
1106 1845 1325 1902 Stotzas
1360 1861 1500 1918 pene
1537 1847 1759 1903 ultimus

163 1940 428 2005 militum,
477 1948 534 1995 et
590 1938 813 1994 Marcini
862 1939 1148 1995 clientulus
1201 1940 1443 2009 magistri
1493 1942 1754 2007 militum,

163 2032 513 2104 tyrannidem
555 2032 843 2102 arripiens,
877 2040 1175 2102 auctorque
1211 2032 1590 2087 seditiosorum
1627 2032 1756 2088 effe-

163 2131 314 2186 ctus,
349 2121 636 2193 Cyrillum,
673 2121 1007 2187 Marcellum,
1047 2121 1264 2187 Faram,
1314 2121 1554 2191 aliosque
1579 2122 1759 2177 diver-

161 2228 261 2269 sos
295 2212 509 2281 judices
553 2213 676 2268 dolo
714 2221 1045 2284 peremptos,
1096 2212 1149 2266 in
1177 2212 1369 2268 ducem
1412 2211 1757 2269 Solomonem

160 2304 450 2367 saeviebat,
481 2312 754 2372 totamque
775 2303 1014 2358 Africam
1045 2305 1325 2374 tyrannico
1353 2305 1460 2358 ritu
1488 2308 1752 2361 vastabat.

158 2395 405 2451 Emenso
447 2410 577 2464 ergo
612 2395 915 2450 Belesarius
938 2412 968 2448 a
995 2394 1181 2451 Sicilia
1203 2397 1254 2449 in
1279 2395 1517 2451 Africam
1543 2397 1754 2469 pelago,

161 2483 329 2539 solita
373 2481 631 2538 felicitate
675 2483 903 2539 rebelles
948 2483 1122 2554 fugat,
1165 2485 1503 2554 provinciam
1539 2486 1751 2553 liberat,

161 2572 626 2642 Solomonemque
670 2589 883 2627 rursum
926 2572 1257 2643 Carthagine
1301 2573 1574 2629 collocans
1615 2574 1754 2630 Sici-

161 2664 299 2718 liam
324 2663 479 2718 redit.
499 2663 601 2719 Ubi
633 2679 753 2718 mox
780 2663 1049 2719 Evermud
1077 2664 1424 2723 Theodohadi
1451 2664 1753 2721 Gothorum

160 2754 317 2822 regis
344 2767 528 2825 gener,
557 2754 648 2822 qui
682 2764 871 2808 contra
910 2768 1032 2807 eum
1067 2769 1190 2807 cum
1223 2754 1465 2809 exercitu
1511 2764 1752 2821 venerat,

158 2857 399 2900 cernens
424 2843 842 2912 prosperitatcm
873 2844 1133 2909 consulis,
1175 2844 1319 2901 ultro
1362 2861 1423 2901 se
1463 2846 1529 2900 ad
1570 2855 1755 2916 partes

158 2932 316 2988 dedit
339 2932 552 2997 victori,
601 2934 955 3003 hortaturque
997 2944 1055 2987 ut
1081 2934 1194 3004 jam
1243 2935 1588 2990 anhelantem
1630 2950 1756 2989 suo-

157 3035 275 3091 que
333 3020 567 3076 adventu
620 3030 928 3090 suspectam
982 3022 1192 3074 veniret
1231 3021 1298 3075 ad
1338 3019 1569 3074 Italiam.
1615 3019 1755 3076 Con-

1858 1836 2042 1905 prteda
2077 1836 2356 1902 recedunt,
2389 1851 2491 1891 nec
2515 1837 2681 1891 etiam
2708 1837 2983 1893 Romanos
3008 1838 3278 1911 fugientes
3299 1840 3448 1894 inse-

1862 1934 2122 1998 quuntur,
2154 1928 2413 1998 quoniam
2452 1929 2636 1984 audito
2676 1929 2865 1984 consul
2910 1931 3210 1986 Germanus
3253 1945 3447 1986 eorum

1860 2023 2113 2087 adventu,
2164 2021 2481 2091 relinquens
2529 2021 2896 2089 Antiochiam,
2953 2022 3182 2091 aufugit.
3242 2022 3445 2077 Contra

1860 2128 1996 2185 quos
2046 2113 2344 2182 imperator
2391 2113 2603 2183 aliquos
2656 2115 2823 2171 duces
2880 2114 3158 2169 direxerat
3204 2115 3337 2169 victi
3383 2130 3451 2170 ac

1862 2203 2037 2257 territi
2062 2203 2286 2258 minime
2310 2203 2707 2273 prtevaluerunt
2729 2204 2976 2259 hostibus
3002 2204 3277 2259 resistere.
3306 2203 3444 2259 Nam

1859 2295 2057 2349 iterum
2095 2295 2419 2349 necessitate
2454 2294 2764 2349 Belesarius
2792 2302 2979 2349 contra
3005 2294 3235 2350 Parthos
3261 2295 3449 2365 dirigi-

1860 2394 1968 2452 tur,
1994 2402 2131 2456 quos
2152 2403 2261 2442 non
2287 2397 2348 2442 ut
2375 2389 2508 2443 alias
2530 2399 2721 2460 gentes
2745 2391 3086 2458 prtedomuit,
3113 2391 3206 2446 sed
3232 2399 3443 2445 tantum

1861 2491 1892 2529 a
1920 2475 2118 2531 finibus
2149 2477 2516 2533 Romanorum
2545 2479 2800 2533 recedere
2826 2478 3111 2549 compulit,
3139 2486 3194 2534 et
3216 2480 3285 2533 ad
3314 2492 3444 2548 pro—

1857 2566 2006 2637 prias
2046 2581 2106 2621 se
2148 2569 2305 2624 sedes
2353 2568 2631 2637 repedare,
2662 2570 2960 2639 composita
3001 2584 3155 2639 pace,
3196 2585 3450 2624 reversus

1861 2659 1929 2714 ad
1956 2658 2277 2728 principem.
2310 2659 2473 2730 Ergo,
2526 2667 2587 2713 ut
2630 2659 2849 2724 assolet,
2894 2675 3075 2715 rerum
3122 2660 3350 2715 mutatio
3390 2669 3477 2714 et'

1858 2749 2162 2819 principum
2184 2749 2432 2804 voluntas
2453 2750 2667 2805 diversa
2691 2750 2890 2805 invidia
2920 2750 3135 2819 quidem
3164 2758 3446 2804 senatores

1861 2855 1924 2894 ac
1944 2841 2152 2910 patritii
2192 2842 2396 2907 exarsi,
2433 2850 2817 2910 suggesscrunt
2855 2840 3167 2910 imperatori
3199 2850 3259 2895 ut
3284 2840 3442 2896 Bele-

1861 2933 2063 2989 sarium
2099 2931 2245 3002 quali
2272 2932 2339 2986 ad
2373 2940 2587 3005 sceptra
2615 2931 2947 3003 aspirantem
2980 2930 3048 2986 de
3077 2931 3247 3002 gradu
3277 2931 3446 3001 patri-

1859 3022 2035 3077 ciatus
2055 3020 2296 3090 ejiceret,
2319 3037 2382 3077 ac
2404 3020 2757 3091 dignitatibus
2774 3020 3035 3090 privaret.
3061 3020 3215 3087 Quod
3239 3019 3444 3076 factum

158 3120 378 3168 structo
399 3125 529 3181 ergo
554 3111 861 3167 Belcsarius
884 3112 1152 3176 exercitu,
1173 3120 1227 3166 et
1247 3120 1355 3166 tam
1388 3111 1567 3165 navali
1594 3127 1756 3181 quam
1786 3113 1830 3176 C
1860 3112 2053 3167 Gothis
2079 3110 2472 3182 respirantibus
2494 3111 2813 3179 cacterique
2844 3110 3156 3165 nationibus
3184 3109 3447 3165 Romanis

160 3201 410 3271 equestri
458 3200 675 3272 agmine
722 3199 944 3253 vallavit
972 3199 1274 3269 Neapolim,
1320 3199 1614 3270 paucisque
1652 3200 1763 3255 die-

156 3294 271 3350 bus
309 3308 429 3347 eam
470 3291 758 3357 obsidens,
804 3306 901 3361 per
936 3292 1311 3361 aquaeductum
1348 3299 1506 3346 nocte
1537 3291 1757 3357 invasit,

162 3392 228 3438 et
252 3390 367 3436 tam
411 3380 602 3438 Gothis
636 3382 729 3451 qui
758 3383 987 3436 aderant
1014 3395 1176 3450 quam
1208 3379 1467 3435 Romanis
1495 3380 1761 3436 rebellan-

160 3477 318 3531 tibus
361 3475 683 3540 interfectis,
727 3476 918 3530 urbem
946 3474 1261 3545 plenissime
1296 3475 1564 3544 Spoliavit.
1606 3473 1759 3540 Quod

160 3566 566 3623 Theodobadus
585 3568 1043 3632 animadvertens,
1059 3565 1253 3635 Vitigis
1273 3582 1438 3620 unum
1458 3566 1598 3620 inter
1619 3566 1756 3621 alios

160 3661 449 3717 ductorem
492 3661 768 3716 exercitus
812 3674 1147 3730 praeponens,
1198 3667 1389 3713 contra
1426 3656 1758 3711 Belesarium

158 3751 375 3822 dirigit.
429 3751 530 3818 Qui
583 3766 706 3806 cum
760 3750 1110 3820 Campaniam
1165 3749 1466 3821 ingressus,
1517 3763 1641 3802 mox
1690 3748 1757 3802 ad

157 3856 393 3911 campos
436 3843 675 3898 venisset
722 3842 1069 3906 barbaricos,
1120 3840 1266 3895 illico
1315 3840 1591 3895 exercitus
1629 3854 1756 3894 con-

159 3948 307 3989 sona
343 3948 468 3988 voce
495 3949 675 4004 regem
699 3934 980 3988 denuntiat
1005 3932 1210 4003 Vitigis.
1235 3932 1306 3986 At
1328 3932 1415 3987 ille
1442 3947 1606 4004 regno
1633 3931 1759 3987 sub-

161 4027 413 4090 limatus,
438 4026 675 4080 directis
722 4040 754 4080 e
783 4024 947 4079 sociis
978 4023 1401 4078 Theodohadum
1444 4023 1756 4077 Ravennam

159 4122 535 4172 revertentem
556 4113 867 4184 exstinguit,
901 4125 1230 4183 regnumque
1250 4126 1407 4164 suum
1431 4109 1756 4166 conﬁrmans

160 4207 569 4277 expeditionem
613 4205 797 4270 solvit,
828 4212 904 4268 et,
935 4203 1149 4274 privata
1176 4199 1402 4272 conjuge
1451 4200 1754 4270 repudiata,

159 4298 378 4369 regiam
435 4297 666 4367 puellam
730 4295 1162 4349 Mathesuentam
1226 4291 1549 4348 Theudorici
1614 4290 1757 4360 regis

160 4398 393 4460 neptem
442 4387 544 4443 sibi
583 4387 704 4457 plus
740 4386 788 4440 vi
814 4384 1028 4456 c0pulat
1067 4398 1230 4454 quam
1267 4394 1469 4435 amore.
1510 4380 1755 4449 Dumque

1862 3199 2075 3255 infestis
2122 3215 2229 3255 non
2275 3200 2547 3255 modicam
2593 3198 2779 3253 intulit
2816 3198 3118 3261 audaciam,
3159 3199 3449 3268 ipsumque

1859 3290 2246 3359 imperatorem
2277 3305 2385 3343 non
2417 3288 2572 3360 longe
2606 3297 2729 3358 post
2757 3288 2902 3357 quod
2932 3287 3139 3343 fecerat
3166 3288 3447 3358 paenituit,

1860 3399 2023 3454 quam
2045 3383 2209 3438 aulici
2234 3382 2600 3438 Iustinianum
2625 3396 2791 3451 regno
2811 3381 3052 3450 privare,
3074 3386 3129 3435 et
3155 3380 3447 3449 quemdam

1860 3477 2180 3532 Florianum
2206 3475 2590 3543 imperatorem
2626 3488 2813 3528 creare
2842 3473 2968 3527 dum
2997 3473 3445 3543 aggrederentur,

1858 3565 2113 3620 Belesarii
2163 3564 2368 3617 viribus
2418 3562 2654 3631 adjutus,
2703 3560 2952 3629 quamvis
3001 3560 3274 3614 immerito
3330 3569 3443 3614 tru-

1860 3656 2055 3711 cidatis
2079 3669 2217 3709 nova
2242 3652 2578 3708 tentantibus
2604 3652 2889 3707 restitutus
2914 3658 2999 3706 est
3020 3649 3358 3706 Justinianus
3385 3651 3442 3706 in

1860 3762 2107 3819 regnum.

2427 3832 2657 3890 CAPUT
2690 3831 2852 3886 XXII.

1858 3948 2163 4003 Iustiniano
2199 3947 2512 4015 imperante,
2524 3940 2734 4015 Franci
2760 3949 2941 4015 contra
2967 3938 3160 4015 thhos
3188 3940 3447 3995 dimican-

1930 4029 2004 4072 tes
2051 4034 2138 4071 eos
2189 4009 2344 4085 regno
2393 4010 2963 4085 Callim'expulerunt;
3005 4009 3120 4085 Qui
3166 4019 3214 4063 et
3259 4021 3442 4085 contra

1931 4087 2169 4143 Saxones
2211 4078 2502 4155 pigituan
2543 4078 2795 4147 vicerunt,
2829 4090 2877 4134 et
2920 4078 3164 4136 Britones
3194 4080 3439 4147 subjuqa-

1928 4165 2133 4212 verum.

1929 4290 2043 4357 Qua
2076 4298 2390 4361 tempestate
2432 4289 2486 4343 in
2528 4285 2778 4357 partibus
2818 4283 3112 4339 Galliarum
3151 4290 3330 4338 ortum
3358 4292 3466 4339 est'

1861 4381 2057 4437 bellum
2100 4381 2241 4435 inter
2283 4380 2560 4433 Alaricum
2587 4375 2884 4432 Gothorum
2913 4388 3094 4445 regem
3123 4381 3177 4428 et
3208 4372 3444 4428 Chlodo-

162 4458 265 4535 ille
295 4477 447 4532 novis
475 4476 676 4545 nuptiis
719 4475 1022 4530 delectatur
1057 4473 1346 4537 Ravennae,
1395 4469 1581 4524 consul
1604 4469 1755 4524 Bele-
1782 4458 1833 4517 Ι)
1861 4487 2015 4527 veum
2054 4485 2238 4540 regem
2280 4468 2636 4527 Francorum,
2679 4464 2927 4533 quamvis
2968 4464 3119 4534 prius
3168 4464 3308 4518 inter
3349 4477 3444 4517 eos

163 4562 353 4624 sarius
386 4565 686 4620 Romanam
718 4565 907 4619 urbem
934 4564 1211 4634 ingressus
1248 4570 1348 4617 est.
1384 4560 1760 4630 Exceptusquc

166 4659 246 4714 ab
274 4656 364 4712 illo
384 4656 580 4726 populo
603 4654 873 4725 quondam
913 4654 1156 4709 Romano
1185 4661 1240 4708 et
1267 4661 1456 4707 senatu
1477 4650 1591 4720 jam
1624 4666 1760 4721 pene

166 4753 297 4823 ipso
322 4751 538 4805 nomine
575 4764 700 4806 cum
741 4750 941 4804 virtute
981 4748 1210 4819 sepulto,
1254 4746 1539 4803 confestim
1579 4746 1760 4801 vicina

167 4853 411 4912 occupat
433 4842 573 4909 loca,
601 4842 816 4897 urbium
842 4841 1264 4911 oppidorumque
1301 4838 1617 4894 munimina.
1644 4835 1761 4890 Pri-

164 4949 377 5003 maque
401 4932 589 4990 Getica
626 4933 1011 5005 congressione
1053 4931 1285 4987 Hunnile
1326 4930 1582 4986 ductante
1606 4942 1763 4984 exer-

167 5026 349 5082 citum
364 5039 460 5095 per
482 5023 708 5081 Usinum
737 5021 1064 5097 [Perusium]
1092 5023 1156 5077 ad
1176 5023 1428 5093 oppidum
1456 5019 1762 5075 Belesarius

166 5115 387 5173 Gothos
398 5124 635 5185 superat,
651 5124 705 5170 et
730 5115 1013 5186 plusquam
1029 5112 1191 5177 7,000
1207 5111 1509 5176 trucidatis,
1525 5109 1764 5179 reliquos

163 5205 498 5261 Ravennam
528 5222 698 5277 usque
728 5205 1030 5276 perturbat.
1064 5201 1315 5259 Secundo
1335 5217 1468 5256 vero
1496 5216 1619 5257 cum
1646 5202 1763 5270 ipso

164 5296 377 5368 Vitigis
417 5296 690 5353 Romanas
712 5312 866 5352 arces
891 5293 1124 5350 vallante
1154 5292 1519 5363 congreditur,
1552 5289 1759 5344 machi-

163 5405 390 5461 nasque
426 5389 570 5446 illius
597 5398 652 5445 et
687 5399 865 5445 turres
899 5386 1096 5459 quibus
1124 5387 1311 5441 urbem
1338 5384 1487 5440 adire
1519 5382 1762 5437 tentabat

166 5481 294 5552 igni
340 5482 693 5552 consumptis,
724 5496 822 5551 per
847 5478 976 5535 anni
1007 5476 1262 5548 spatium,
1295 5472 1544 5544 quamvis
1583 5469 1762 5525 inedia

171 5555 459 5641 laborans,
483 5573 706 5629 deludit.
729 5572 859 5628 Post
884 5573 999 5626 hazc
1022 5582 1192 5638 usque
1216 5566 1283 5621 ad
1311 5566 1612 5620 Ariminum
1638 5578 1765 5633 per-

174 5673 422 5731 secutus,
452 5665 646 5721 exinde
668 5679 790 5721 eum
813 5663 1103 5733 clfugatutn
1134 5660 1389 5715 Ravenna
1412 5656 1679 5720 clausum,
1707 5653 1760 5708 in

1862 4562 2013 4617 vario
2059 4567 2254 4615 eventu
2301 4557 2531 4628 plurima
2577 4552 3232 4610 exstiterintcertamina.
3292 4552 3444 4609 Tunc

1860 4651 2077 4705 demum
2128 4649 2180 4702 in
2223 4645 2518 4715 Campania
2559 4643 2913 4714 Voglavense,
2956 4642 3167 4697 decimo
3206 4642 3275 4697 ab
3310 4641 3446 4696 urbe

1859 4738 2185 4794 Pictaviensi
2216 4736 2485 4800 milliario,
2517 4734 2575 4788 fit
2611 4734 2924 4791 certaminis
2965 4733 3293 4803 congressio.
3339 4731 3443 4787 Ubi

1865 4829 2202 4891 Chlqdoveus
2238 4826 2571 4880 Francorum
2601 4838 2691 4878 rex
2731 4821 3005 4877 Alaricum
3035 4822 3332 4878 Gothomm
3359 4836 3447 4876 re-

1866 4935 1986 4990 gem
2016 4917 2306 4981 interfecit,
2343 4924 2399 4970 et
2433 4914 2723 4969 maximam
2760 4921 2968 4982 partem
2996 4912 3142 4968 illius
3174 4912 3459 4968 exercitus

1868 5009 2177 5073 trucidavit,
2209 5019 2538 5076 regnumque
2569 5002 2715 5072 quod
2753 5001 2913 5057 Gothi
2943 5001 3034 5055 diu
3066 5008 3375 5060 tenuerunt.
3412 5014 3446 5055 a

1865 5102 2057 5173 Ligere
2083 5099 2243 5154 ﬂuvio
2270 5111 2441 5165 usque
2475 5095 2543 5149 ad
2586 5093 2867 5147 Rodanum
2910 5105 3009 5161 per
3048 5099 3258 5146 montes
3293 5089 3446 5145 Pire-

1867 5208 1998 5248 neos
2040 5204 2209 5261 usque
2257 5189 2327 5243 ad
2374 5187 2647 5242 Oceanum
2689 5199 2840 5239 mare
2881 5181 3123 5247 abstulit,
3156 5188 3212 5234 et
3254 5177 3446 5233 ditioni

1865 5285 2200 5340 Francorum
2232 5277 2489 5335 subdidit.
2521 5275 2654 5330 Mira
2701 5272 2798 5329 Dei
2827 5271 3228 5343 dispensatione
3264 5277 3449 5324 actum

1867 5383 1972 5441 est,
2000 5379 2259 5443 quantum
2287 5368 2513 5424 avaritia
2541 5365 2821 5422 consulum
2853 5363 3217 5420 Romanorum
3243 5360 3452 5429 stipen-

1867 5468 1955 5523 dia
1983 5473 2109 5521 sunt
2136 5463 2409 5518 subtracta
2437 5461 2505 5515 ab
2532 5460 2613 5515 eis
2642 5459 2731 5528 qui
2765 5457 2907 5512 fame
2930 5465 2987 5511 et
3012 5454 3241 5526 penuria
3272 5449 3447 5507 coacti

1867 5557 2312 5627 conspiraverunt
2357 5560 2544 5607 contra
2577 5550 2849 5605 Romanos
2886 5548 2939 5603 in
2979 5561 3150 5610 arma,
3178 5542 3448 5615 Illyricum

1870 5647 2274 5719 dcpopulantes,
2315 5642 2524 5699 Italiam
2568 5641 2902 5705 invadentes,
2935 5638 3165 5695 Romam
3205 5634 3447 5706 gentium
