3976 6180
515 253 650 312 4-235
716 228 733 243 ⁸

1001 257 1388 315 FRECULPIII
1428 257 1882 316 LEXOVIENSIS
1916 257 2223 315 EPISCOPI
2254 258 2666 318 CIIRONICDN.
2695 291 2760 301 —
2786 257 2948 315 TOMI
2985 259 3027 317 II
3065 259 3191 315 LIB.
3235 258 3295 313 ν.

3635 261 3746 319 ηεθ

511 369 785 423 dominam
814 363 1203 433 acprtedantes,
1238 368 1296 414 ut
1324 359 1591 424 Alarieus,
1619 375 1777 429 quem
1803 358 1961 413 Gothi
1995 375 2082 415 re—
2111 366 2161 424 Α
2188 361 2476 414 interemit.
2499 362 2622 415 Jam
2649 361 2718 415 ab
2743 362 2963 416 incursu
2989 363 3224 420 hostium
3248 363 3534 422 liberatam
3560 368 3750 429 Italiam

510 472 632 529 gem
657 460 992 516 creaverant,
1019 467 1187 505 ovans
1211 451 1438 505 diversis
1459 450 1799 505 successibus
1819 449 2090 518 prosperi-

511 558 704 611 tatum,
736 545 1038 601 sublimat-it
1081 553 1293 613 gentem
1323 557 1474 596 suam
1510 550 1563 596 et
1592 555 1833 610 regnum.
1865 539 2088 595 Domum

510 639 565 693 in
596 637 808 692 Alarico
841 649 972 704 gens
1005 643 1060 687 et
1090 646 1310 701 regnum
1356 629 1651 685 Gothorum
1681 627 1897 691 defecit,
1929 628 2088 681 sicuti

508 738 563 784 et
601 727 964 781 Romanorum
1009 723 1063 777 in
1107 720 1361 791 Hesperia
1392 720 1490 775 sub
1520 718 1815 775 Octaviano
1847 717 2088 789 Augusto

508 818 733 872 aliarum
756 815 995 886 gentium
1036 812 1275 876 domina,
1303 818 1357 865 et
1381 810 1673 864 novissime
1703 809 1755 862 in
1787 805 2086 878 Augustulo

508 908 785 965 deficiens,
811 912 870 959 ut
893 917 1051 973 supra
1077 901 1379 964 retulimus,
1407 899 1656 970 gentibus
1681 897 1799 951 aliis
1822 895 2081 964 subjecta.

506 997 1297 1066 ltaqueeoimperante,e0rpus
1310 989 1591 1051 S.Antonii
1617 987 1866 1043 monachi
1903 987 2084 1041 divina

510 1086 833 1143 revelatione
876 1090 1148 1152 repertum
1198 1079 1581 1141 Alexandriam
1624 1076 1882 1141 defertur,
1928 1085 1985 1131 et
2029 1075 2082 1129 in

505 1177 731 1232 ecclesia
774 1175 833 1228 Β.
880 1173 1138 1228 Johannis
1182 1171 1438 1240 Baptista:
1475 1172 1750 1225 humatur.
1799 1167 2083 1238 Dionysius

504 1268 669 1320 etiam
702 1262 988 1319 Paschales
1012 1261 1230 1331 scripsit
1255 1260 1505 1324 circulos,
1543 1257 1803 1327 incipiens
1835 1257 1903 1311 ab
1942 1270 2085 1310 anno

506 1356 797 1410 Dominicae
826 1350 1214 1407 lncarnationis
1240 1348 1671 1418 quingentesimo
1701 1347 1973 1402 tricesimo
2000 1361 2085 1401 se-

505 1444 699 1508 cundo,
736 1444 826 1512 qui
855 1449 980 1496 sunt
1008 1440 1132 1494 anni
1177 1439 1491 1494 Diocletiani
1516 1438 1647 1500 258.
1690 1437 1840 1491 'I‘une
1867 1436 2083 1505 quidem

504 1535 672 1590 codex
716 1534 914 1603 legum,
954 1531 1043 1601 qui
1087 1539 1426 1600 nuncupatur
1462 1528 1818 1591 Justinianus,
1864 1526 1932 1580 ab
1969 1526 2083 1596 ipso

502 1624 745 1693 principe
765 1622 1062 1685 institutus,
1090 1618 1206 1673 orbi
1229 1616 1600 1688 promulgatus
1620 1625 1720 1671 est.
1745 1615 1929 1670 Victor
1950 1630 2083 1685 quo-

2191 451 2400 519 eorpori
2438 451 2743 520 reipublicae
2784 454 3039 520 restituit,
3080 453 3438 511 Mediolanum
3469 460 3663 516 urbem
3688 478 3752 518 re-

2189 544 2330 612 giam
2363 558 2394 597 a
2429 542 2621 599 Gothis
2652 553 2707 598 et
2731 543 3201 614 Burgundionibus
3229 549 3542 605 demolitam
3582 554 3752 608 readi-

2189 630 2388 694 ficavit,
2417 632 2657 703 aliasque
2689 634 2854 689 urbes
2878 650 2975 704 per
3000 635 3207 690 Italiam
3228 637 3536 694 destructas
3561 650 3751 697 restau-

2189 721 2345 777 ravit.
2369 721 2469 788 Qui
2492 722 2682 778 deinde
2706 738 2801 792 per
2829 723 3086 779 invidiam
3102 724 3494 793 Romanorum,
3523 747 3626 800 pro
3650 733 3752 801 qui-

2186 812 2287 867 bus
2343 813 2510 868 multa
2561 825 2753 870 contra
2796 815 3002 873 Gothos
3056 818 3426 889 laboraverat,
3480 835 3751 881 accusatus

2184 900 2322 969 apud
2345 901 2612 958 Justinum
2639 913 2695 958 et
2720 902 2999 976 coniugem
3028 907 3146 977 ejus
3182 907 3462 979 Sophiam,
3491 916 3636 982 quod
3659 931 3752 969 ser-

2184 989 2315 1045 vitio
2343 1001 2613 1059 premeret
2629 992 2858 1058 Italiam,
2882 997 3106 1050 secessit
3130 997 3405 1068 Neapolim
3431 1001 3748 1073 Campanize,

2183 1080 2503 1150 scripsitque
2525 1083 2671 1151 genti
2693 1082 3189 1152 Longobardorum,
3214 1095 3286 1147 ut
3299 1090 3546 1144 venirent
3567 1101 3621 1145 et
3640 1108 3749 1160 pos-

2182 1169 2417 1225 siderent
2444 1170 2670 1225 Italiam.
2700 1172 2852 1227 Tunc
2891 1171 3164 1229 Johannes
3208 1177 3466 1231 Romana:
3508 1180 3746 1237 Ecclesia:

2181 1257 2421 1326 pontifex
2466 1259 2750 1314 ecclesiam
2798 1262 3162 1330 apostolorum
3196 1263 3423 1335 Philippi
3467 1276 3521 1321 et
3550 1266 3742 1330 Jacobi,

2182 1363 2342 1415 quam
2369 1348 2619 1405 decessor
2646 1350 2762 1420 ejus
2792 1349 3038 1422 Pelagius
3061 1364 3317 1423 coeperat,
3341 1355 3567 1425 perfecit
3592 1358 3726 1412 etde

2181 1438 2402 1493 dicavit.

2761 1528 2987 1585 CAPUT
3025 1529 3211 1584 XXIV.

2464 1616 2538 1670 De
2561 1616 2707 1671 beato
2733 1616 2982 1688 Gregorio
3006 1629 3053 1673 et
3082 1619 3146 1673 de
3165 1619 3280 1689 ejus
3299 1620 3475 1690 gestis.

502 1730 607 1784 que
631 1714 915 1782 Capuanus
941 1710 1244 1779 episcopus,
1271 1707 1465 1762 librum
1492 1707 1559 1761 de
1581 1705 1791 1761 Pascha
1812 1706 2076 1769 scribens,
2107 1718 2155 1778 Β
2251 1706 2483 1777 Tyberio
2506 1707 2823 1776 imperante,
2843 1709 2932 1778 qui
2955 1720 3295 1765 successerat
3311 1708 3545 1776 Iustino,
3569 1711 3744 1771 beatus

502 1802 703 1857 Victori
749 1801 923 1872 arguit
966 1814 1199 1854 errores.
1237 1798 1349 1865 Qua
1401 1805 1716 1867 tempestate
1757 1796 2079 1852 Chrammus

499 1901 686 1948 contra
715 1891 1045 1947 Chlotarium
1078 1889 1406 1943 Francorum
1446 1903 1649 1958 regem,
1688 1903 1842 1942 suum
1873 1886 2078 1942 scilicet

497 1993 729 2054 patrem,
778 1982 1038 2037 rebellare
1082 1979 1424 2049 prmsumpsit
1453 1997 1466 2033 :
1498 1980 1589 2048 qui
1636 1980 1762 2033 dum
1811 1995 1842 2033 a
1899 1988 2077 2048 empta

500 2074 803 2129 temeritate
830 2088 934 2126 non
971 2073 1272 2141 quiesceret
1295 2071 1362 2124 ad
1385 2069 1715 2124 Britanniam
1742 2083 1800 2123 se
1828 2070 2074 2134 contulit,

497 2175 825 2236 gentemque
854 2164 997 2217 illam
1026 2179 1149 2218 eum
1186 2177 1311 2232 rege
1332 2177 1430 2217 suo
1456 2172 1643 2217 contra
1667 2169 1875 2229 patrem
1901 2176 2077 2214 arma-

495 2256 616 2310 vit:
649 2270 809 2325 quem
848 2253 1152 2308 Chlotarius
1206 2253 1481 2307 insecutus
1524 2266 1649 2305 eum
1689 2249 1911 2320 reliquis
1953 2249 2077 2305 filiis

496 2346 643 2411 suis,
690 2354 747 2400 et
789 2344 1119 2399 Francorum
1159 2343 1425 2407 exercitu,
1476 2341 1759 2398 interfecto
1797 2340 2076 2396 Britonum

498 2452 625 2508 rege
653 2475 669 2502 ,
731 2435 1056 2495 Chrammus
1096 2442 1184 2489 est
1236 2435 1691 2504 comprehensus,
1743 2442 1905 2503 atque
1952 2449 2073 2488 eum

497 2541 667 2581 uxore
700 2535 755 2580 et
784 2526 908 2581 filiis
939 2527 1171 2596 quadam
1213 2526 1372 2581 domo
1398 2525 1630 2591 clausus,
1678 2526 1835 2580 vivus
1873 2534 1959 2581 est
1990 2525 2078 2580 iu-

496 2628 710 2670 census.
775 2614 1084 2670 Chlotarius
1146 2629 1296 2680 vero,
1348 2615 1417 2669 de
1466 2614 1733 2669 manubiis
1795 2613 2074 2670 Britonum

499 2704 862 2775 triumphans,
908 2712 1121 2775 gentem
1158 2702 1301 2757 illam
1346 2702 1572 2758 Francis
1617 2703 1912 2773 subjectam
1951 2703 2080 2760 fecit

498 2797 861 2851 tributariam.
918 2794 1161 2850 Saxones
1206 2810 1337 2850 vero
1381 2794 1704 2849 rebellantes
1745 2795 2076 2866 gravissimis

497 2887 695 2958 przeliis
744 2887 1057 2958 prostravit,
1101 2893 1157 2940 et
1200 2900 1306 2941 non
1346 2885 1464 2941 sine
1503 2883 1671 2940 multo
1698 2898 1918 2939 suorum
1949 2900 2075 2939 san-

497 2978 661 3047 guine
687 2977 903 3032 devicit.
927 2975 1260 3032 Justinianus
1282 2976 1447 3047 igitur
1471 2976 1597 3030 dum
1615 2975 1684 3032 58
1710 2975 1865 3029 annis
1884 2973 2076 3029 Orien-

2179 1797 2469 1869 Gregorius
2509 1798 2776 1866 legatione
2803 1797 3030 1877 fungens
3073 1801 3212 1869 apud
3256 1802 3577 1871 principem,
3628 1806 3741 1858 dum

2176 1889 2696 1959 Constantinopolim
2744 1890 3013 1944 Euticium
3062 1890 3300 1958 ejusdem
3348 1893 3497 1947 urbis
3541 1895 3740 1965 episco-

2175 1995 2302 2050 pum
2330 1980 2383 2056 in
2417 1979 2522 2034 ficte
2549 1988 2747 2034 nostra:
2782 1981 3189 2035 resurrectionis
3211 1996 3444 2046 errasse,
3475 1984 3741 2039 catholicis

2176 2067 2586 2138 allegationibus
2624 2069 2945 2138 approbatis,
2981 2069 3210 2140 Tyberio
3251 2081 3537 2141 pnesente,
3572 2076 3740 2129 eonvi-

2175 2157 2248 2212 cit
2275 2175 2287 2211 :
2326 2158 2399 2211 ita
2428 2164 2488 2211 ut
2515 2157 2628 2227 ipse
2656 2156 2930 2225 Augustus
2972 2158 3191 2225 librum,
3216 2176 3378 2230 quem
3417 2162 3484 2217 de
3515 2177 3738 2218 resurre-

2174 2248 2353 2303 ctione
2401 2248 2635 2318 scripsit,
2666 2249 2990 2304 deliberaret
3019 2248 3248 2306 flammis
3290 2253 3539 2306 cremari.
3582 2253 3733 2307 Doce-

2176 2338 2267 2393 bat
2287 2340 2429 2395 enim
2455 2340 2593 2394 idem
2622 2340 2864 2397 Euticius
2882 2356 3077 2411 corpus
3098 2352 3343 2398 nostrum
3372 2346 3424 2400 in
3452 2345 3540 2399 illa
3574 2362 3733 2403 resur-

2176 2428 2428 2484 rectionis
2450 2427 2617 2498 gloria
2647 2428 3008 2499 impalpabile,
3034 2438 3089 2485 et
3120 2434 3294 2487 ventis
3329 2448 3565 2504 aereque
3590 2437 3731 2490 Subti-

2174 2517 2279 2572 lius
2305 2532 2424 2573 esse
2451 2517 2712 2582 futurum,
2749 2529 2936 2575 contra
2966 2522 3094 2576 illud
3124 2523 3460 2579 Diminicum
3485 2543 3499 2578 :
3530 2523 3729 2596 Palpate

2174 2619 2222 2664 et
2245 2610 2431 2675 videte,
2454 2610 2579 2681 quia
2597 2612 2814 2682 spiritus
2836 2628 3043 2666 carnem
3064 2623 3111 2667 et
3136 2631 3254 2668 ossa
3286 2632 3389 2669 non
3414 2616 3586 2678 habet,
3617 2618 3729 2670 sicut

2174 2717 2255 2755 me
2276 2701 2459 2755 videtis
2485 2702 2688 2757 habere.
2717 2703 2887 2773 Igitur
2919 2713 3040 2772 post
3061 2704 3349 2775 Tyberium
3388 2705 3635 2761 Manritio
3664 2723 3731 2760 re-

2175 2798 2392 2861 gnante,
2439 2790 2578 2846 idem
2623 2793 2816 2848 beatus
2857 2792 3149 2864 Gregorius
3193 2794 3447 2849 Romamn
3498 2796 3734 2853 Ecclesia:

2167 2880 2279 2948 jam
2310 2881 2552 2951 pontifex
2581 2891 2637 2938 et
2659 2884 2850 2938 doctor
2874 2885 3164 2948 maximus,
3186 2884 3447 2954 synodum
3475 2885 3734 2955 episc0p0~

2174 2988 2295 3026 l'lltll
2324 2973 2497 3049 24nd
2540 2989 2733 3044 corpus
2766 2975 2913 3030 beati
2953 2973 3099 3029 Petri
3136 2974 3357 3044 apostoli
3396 2991 3735 3047 congregans,

500 3069 570 3122 tis
616 3068 877 3122 tenuisset
904 3067 1211 3136 imperium,
1236 3065 1399 3122 rebus
1422 3066 1659 3123 excessit
1691 3064 1962 3130 humanis,
1987 3064 2073 3119 cui
2100 3057 2145 3120 C
2177 3062 2244 3116 de
2293 3064 2615 3120 necessariis
2668 3064 2922 3120 Ecclesiae
2964 3065 3222 3119 decernit.
3271 3064 3416 3119 Idem
3467 3065 3645 3121 missis
3689 3066 3735 3120 in

497 3155 748 3211 Justinus
778 3155 1043 3211 successit
1084 3155 1138 3208 in
1167 3169 1392 3224 regnum

1064 3265 1292 3322 CAPUT
1325 3266 1511 3321 XXIII.

502 3359 578 3413 De
609 3357 829 3413 Narsete
866 3358 1109 3429 patricio,
1145 3359 1236 3429 qui
1262 3358 1457 3429 Gothos
1496 3356 1679 3412 delevit
1721 3360 1775 3413 in
1812 3359 1998 3425 Italia,
2027 3371 2076 3415 et

569 3430 775 3483 demum
798 3428 1190 3499 Langobardos,
1213 3439 1273 3485 ut
1293 3428 1490 3497 ferunt,
1520 3430 1812 3499 provocavit
1837 3441 1889 3483 ut
1910 3431 2078 3499 possi-

569 3499 724 3552 deant
752 3515 886 3553 eam.

520 3648 527 3653 .
567 3608 810 3664 Justinus
839 3608 1055 3677 quidem
1096 3609 1273 3665 minor
1314 3609 1473 3665 annis
1511 3610 1572 3664 Il
1618 3610 1928 3681 imperator.
1962 3612 2077 3679 Qua

499 3705 817 3769 tempestate
836 3706 958 3768 post
977 3713 1255 3769 egressum
1281 3699 1539 3755 Belesarii
1560 3701 1796 3757 consulis
1818 3701 1885 3756 ab
1904 3702 2075 3767 Italia,

502 3802 684 3857 regem
726 3785 921 3858 Vitigis
966 3786 1263 3843 Gothorum
1310 3788 1679 3861 rcginamque,
1724 3800 1780 3845 et
1813 3807 1943 3862 opes
1989 3810 2080 3863 pa-

498 3879 612 3950 latii
649 3879 714 3934 ad
750 3878 1050 3948 principem
1085 3877 1446 3934 Iustinianum
1482 3880 1574 3949 qui
1616 3888 2081 3951 tranSportaverat

499 3973 585 4040 (ut
610 3971 857 4040 superius
894 3969 1172 4038 diximus),
1213 3969 1395 4035 Gothi,
1437 3970 1527 4040 qui
1584 3979 1733 4026 trans
1776 3972 1977 4028 Padum
2024 3974 2078 4028 in

498 4061 696 4134 Ligura
725 4060 1114 4126 consistebant,
1156 4061 1599 4117 recrudescentes
1624 4063 1806 4118 animo
1844 4065 1912 4119 ad
1940 4064 2079 4120 bella

499 4163 850 4226 consurgunt,
878 4154 1130 4209 ordinato
1157 4154 1257 4209 sibi
1291 4153 1475 4224 regulo
1502 4152 1835 4222 Hildebaldo,
1866 4156 1958 4225 qui
1988 4157 2077 4212 vix

499 4262 723 4303 emenso
758 4246 901 4300 ~anni
944 4244 1118 4315 spatio
1164 4244 1503 4300 interficitur.
1534 4246 1767 4312 Erarius
1810 4257 1989 4303 autem
2023 4250 2077 4304 in

499 4336 619 4411 ejus
665 4336 841 4391 locum
870 4335 1149 4402 successit,
1178 4335 1270 4404 qui
1315 4342 1371 4390 et
1413 4335 1528 4406 ipse
1555 4336 1782 4391 necdum
1813 4352 1955 4394 anno
1980 4354 2076 4394 ex-

500 4427 645 4496 pleto
693 4433 1003 4495 peremptus
1038 4433 1142 4480 est.
1183 4423 1332 4478 Tune
1358 4423 1609 4490 Totilam,
1636 4426 1729 4496 qui
1755 4435 1809 4482 et
1836 4426 2077 4495 Baduila,

503 4516 605 4569 sibi
634 4528 815 4591 regem
845 4514 1182 4568 constituunt
1210 4530 1222 4566 :
1256 4511 1347 4582 qui
1391 4514 1599 4569 viribus
1639 4517 1931 4587 resumptis
1958 4534 2083 4573 con-

503 4612 587 4659 tra
614 4605 838 4659 Romam
863 4604 1149 4669 dimicans,
1185 4604 1349 4660 duces
1370 4604 1557 4667 vincit,
1587 4609 1900 4675 prosternit,
1932 4609 2082 4664 inva-

503 4696 583 4751 dit
621 4694 847 4751 Romam
873 4713 886 4748 :
912 4695 1037 4751 inde
1075 4708 1390 4765 progressus
1417 4696 1562 4766 rapit
1600 4696 1861 4766 Siciliam,
1911 4710 2082 4756 totam

505 4802 639 4857 pene
668 4785 931 4841 insultans
970 4784 1228 4841 Romamis
1256 4785 1569 4842 devastabat
1607 4788 1836 4843 Italiam.
1881 4789 2080 4846 Contra

502 4893 663 4949 quem
710 4874 953 4933 Justinus
989 4876 1282 4946 imperator
1340 4874 1604 4931 Narseten
1668 4878 1954 4947 patricium
1996 4880 2081 4934 di-

504 4972 643 5029 rexit
672 4990 683 5025 :
723 4971 817 5041 qui
852 4970 904 5025 in
931 4969 1136 5026 Italiam
1164 4968 1385 5025 veniens
1411 4977 1598 5024 contra
1625 4970 1829 5025 Gothos
1853 4970 2083 5033 viriliter

504 5081 570 5121 ac
605 5065 820 5120 fortiter
860 5063 1147 5135 dimicans,
1174 5061 1402 5116 Totilam
1443 5076 1628 5118 eorum
1655 5077 1835 5131 regem
1859 5064 2079 5130 occidit,

504 5163 826 5224 gentemque
858 5152 1157 5209 Gothorum
1207 5150 1441 5205 caedibus
1489 5153 1799 5220 prostravit.
1843 5152 1943 5220 Qui
1981 5154 2077 5209 ite~

505 5264 624 5304 rum
651 5250 981 5319 respirantes
1001 5248 1187 5304 Teiam
1215 5247 1317 5302 sibi
1339 5262 1518 5317 regem
1540 5249 1894 5314 constituunt,
1921 5266 2078 5319 quem

508 5339 681 5410 ipsum
731 5338 928 5393 Narses
965 5336 1224 5407 patricius
1252 5335 1468 5399 occidit,
1494 5334 1700 5392 Gothos
1727 5336 1963 5392 funditus
1989 5339 2076 5392 de-

506 5428 654 5494 levit,
683 5428 890 5485 Italiam
929 5429 998 5483 ab
1022 5442 1212 5483 eorum
1247 5425 1376 5498 jugo
1423 5427 1688 5483 liberavit.
1731 5427 1866 5483 Iliae
1894 5440 2079 5485 contra

504 5516 825 5575 Bucillinum
869 5519 1200 5576 Francorum
1247 5520 1459 5584 (lucem,
1499 5520 1879 5590 congressione
1916 5519 2077 5586 facta,

504 5613 785 5682 pugnavit,
833 5628 1012 5683 quem,
1063 5622 1120 5670 ut
1166 5612 1355 5678 fertur,
1402 5627 1522 5666 eum
1547 5611 1693 5667 omni
1719 5611 1957 5668 exercitu
1982 5627 2080 5669 suo

2177 3151 2509 3208 Britanniam
2554 3153 2853 3225 Augustino
2899 3154 3099 3210 Mellito
3154 3164 3209 3209 et
3245 3154 3509 3221 Johanne,
3549 3166 3604 3212 et
3629 3157 3739 3212 aliis

2175 3243 2418 3312 pluribus
2470 3259 2592 3299 eum
2640 3246 2721 3301 eis
2754 3245 3035 3300 monachis
3081 3246 3393 3301 timentibus
3440 3246 3627 3313 Deum,
3675 3250 3736 3302 ad

2174 3334 2446 3390 Christum
2473 3336 2673 3409 Anglos
2699 3339 2984 3392 convertit.
3018 3337 3085 3392 Et
3122 3336 3340 3407 quidem
3384 3338 3737 3393 Edilbereetus

2177 3442 2301 3481 mox
2326 3428 2393 3482 ad
2425 3427 2623 3484 Christi
2653 3428 2879 3500 gratiam
2904 3443 3196 3483 conversus
3220 3444 3343 3483 cum
3375 3439 3536 3499 gente
3555 3428 3735 3484 Canta-

2176 3516 2380 3571 riorum
2420 3519 2508 3572 cui
2540 3527 2787 3588 praeerat,
2824 3519 3191 3589 proximisque
3237 3519 3554 3589 provinciis,
3586 3521 3730 3575 etiam

2175 3607 2428 3678 episcopo
2472 3609 2787 3677 doetoriquc
2826 3624 2923 3663 suo
2970 3608 3291 3678 Augustino,
3328 3610 3422 3665 sed
3459 3621 3515 3665 et
3542 3610 3733 3664 ceteris

2176 3700 2351 3755 sacris
2384 3698 2745 3770 pontificibus,
2768 3699 3098 3769 episc0pales
3125 3700 3281 3754 sedes
3308 3700 3549 3756 donavit.
3584 3700 3735 3754 Porro

2177 3797 2362 3860 gentes
2404 3788 2697 3858 Anglorum
2748 3783 2839 3844 ad-
2871 3788 3189 3859 Aquilonem
3242 3789 3471 3846 Humbri
3524 3790 3739 3846 fluminis

2177 3881 2279 3936 sub
2310 3881 2524 3950 regibus
2547 3880 2694 3935 Aelle
2715 3888 2771 3934 et
2794 3879 3089 3936 Aedilfrido
3112 3881 3252 3946 sine,
3281 3882 3509 3936 necdum
3530 3882 3736 3937 verbum

2176 3971 2301 4025 vita:
2331 3971 2633 4037 audierant,
2676 3969 2966 4042 Gregorius
2995 3972 3238 4027 scribens
3264 3971 3586 4043 Augustino,
3613 3973 3742 4028 Lun-

2179 4064 2352 4120 donize
2377 4079 2589 4134 quoque
2628 4076 2684 4121 et
2708 4065 2955 4121 Eboraici
2990 4068 3278 4137 episcopis,
3305 4079 3529 4140 accepto
3563 4087 3593 4125 a
3630 4073 3746 4124 sede

2179 4156 2471 4228 apostolica
2510 4157 2671 4228 pallio
2717 4159 3154 4228 metropolitanos
3196 4176 3315 4217 esse
3343 4162 3543 4218 debere
3576 4164 3747 4218 decer-

2179 4250 2298 4303 nit:
2331 4250 2422 4319 qui
2463 4249 2682 4305 Moralia
2727 4250 2781 4304 in
2828 4249 2951 4317 Job,
2998 4253 3171 4319 gratia
3211 4254 3390 4308 divina
3439 4254 3746 4324 inspirante,

2181 4340 2518 4411 conscripsit,
2549 4339 2744 4395 librum
2780 4342 2942 4395 etiam
2971 4341 3305 4398 Pastoralem
3336 4344 3751 4399 luculentissimc

2182 4429 2367 4494 edidit,
2415 4429 2755 4500 Dialogorum
2801 4446 2953 4497 vero,
3002 4432 3067 4486 ad
3106 4432 3398 4488 imitandos
3426 4435 3751 4490 venera‘iles

2184 4520 2329 4575 viros
2350 4521 2441 4590 qui
2463 4537 2560 4591 per
2584 4522 2697 4577 haec
2722 4529 2960 4593 tempora
2981 4522 3311 4588 claruerunt,
3338 4524 3505 4580 libros
3529 4526 3747 4585 dietans,

2183 4611 2250 4665 ad
2273 4619 2513 4665 nostram
2550 4611 2793 4680 porrexit
2832 4611 3084 4680 legendos
3116 4614 3506 4683 posteritatem.
3537 4612 3592 4667 In
3619 4613 3747 4667 Eze-

2182 4699 2407 4756 chielem
2447 4715 2583 4771 opus
2608 4700 2922 4771 pricclarum
2948 4701 3207 4756 condidit.
3253 4701 3601 4756 Bomiliarum
3637 4700 3746 4768 ejus

2183 4792 2319 4847 liber
2352 4792 2731 4847 saluberrimas
2759 4802 2813 4847 et
2838 4792 3108 4863 spiritales
3132 4794 3470 4864 gustantibus
3493 4795 3746 4848 ministrat

2187 4884 2369 4953 dapes.
2395 4882 2645 4953 Epistulae
2670 4898 2798 4937 vero
2826 4890 3034 4937 exstant
3065 4882 3180 4953 ejus
3211 4884 3394 4952 plures
3411 4899 3511 4953 pro
3530 4882 3746 4954 negotiis

2186 4974 2380 5045 quibus
2419 4983 2545 5028 sunt
2583 4974 2893 5043 composita:
2930 4972 3232 5042 legentibus
3254 4973 3430 5029 utiles.
3461 4974 3745 5045 Imperant:

2179 5061 2293 5132 jam
2321 5064 2497 5118 Pboca
2522 5064 2771 5133 migravit
2793 5063 2859 5117 ad
2882 5064 3187 5118 Dominum.
3396 5050 3409 5057 ﬁ

2760 5172 2988 5228 CAPUT
3027 5172 3120 5226 XX
3129 5172 3190 5227 V.

2186 5263 2263 5318 De
2293 5261 2645 5334 Langobardi:
2675 5261 2888 5334 Italiam
2925 5261 3301 5334 inpudentibus,
3334 5262 3476 5334 etde
3509 5270 3746 5328 martyrio

2493 5331 2861 5403 lierminigildi
2885 5332 3018 5401 regis
3039 5329 3325 5385 Gothorum
3345 5331 3463 5399 ﬁlii.

2258 5423 2372 5490 Qua
2422 5430 2735 5493 tempestate
2776 5421 3037 5477 Albuinus
3084 5436 3175 5475 rex
3224 5419 3685 5491 Longobardorum
3717 5431 3750 5469 α

2189 5516 2413 5570 Nai-sete
2444 5515 2520 5586 (ut
2552 5512 2932 5584 praemisimus)
2964 5512 3237 5578 invitatus,
3266 5513 3571 5582 relinquens
3594 5520 3754 5581 atque

2190 5608 2480 5666 incendens
2520 5606 2852 5665 Pannoniam
2897 5607 2949 5662 in
2982 5621 3085 5675 qua
3130 5604 3439 5671 habitabat,
3471 5618 3587 5659 cum
3609 5596 3755 5657 omni
