3962 6174
295 301 428 355 12.37
498 298 891 356 COLUMBANI
928 298 986 354 S.
1029 298 1369 355 TRUDONIS
1405 297 1694 354 ADBATIS
1726 297 2008 357 CARMEN
2045 296 2369 355 LUGUBRE
2410 298 2497 355 DE
2534 297 3023 359 OBITU‘CAROLI
3062 296 3292 354 MAGNI.
3371 299 3509 356 1238

284 416 480 484 pupu‘lo
516 429 614 467 suo
656 413 871 467 veniens
913 413 1204 467 comitante
1245 410 1385 466 Iame
1417 421 1472 466 et
1515 410 1846 466 mortalitate
1871 414 1918 472 Α
1947 409 2302 469 concelebrat,
2332 411 2421 479 qui
2463 408 2773 464 catholicam
2814 409 2971 469 fidem
3011 424 3139 463 sana
3171 418 3349 464 mente
3384 411 3507 465 rezi-

285 502 483 556 invadit
506 500 731 555 Italiam.
756 501 833 554 Eo
853 502 1012 554 etiam
1037 509 1274 571 tempore
1299 499 1845 569 ilerminigildus,Le—

284 591 464 663 vigildi
487 588 783 647 Gothorum
811 591 952 660 regis
979 586 1138 655 ﬁlius,
1173 592 1243 646 oh
1271 591 1390 645 fidei
1420 591 1694 645 catholica:
1722 607 1847 645 con-

285 681 571 736 fessionem
597 679 1083 750 inexpugnabilem,
1112 695 1141 734 a
1166 689 1315 749 patre
1338 679 1537 733 Ariauo
1559 679 1706 749 regni
1739 679 1847 749 pri-

282 782 437 825 vatus
467 767 666 834 infulis,
697 776 752 823 et
779 769 1003 823 vinculis
1037 769 1303 839 alligatus,
1347 770 1401 823 in
1447 783 1720 823 carcerem
1764 777 1859 825 est.

278 860 566 930 proiectus.
594 860 675 913 Ad
710 867 1007 913 extremum
1048 867 1205 912 nocte
1232 866 1416 912 sancta
1446 858 1735 912 Dominicze
1762 872 1847 911 re-

280 948 628 1004 surrectionis
653 948 828 1003 securi
859 948 909 1001 in
938 948 1114 1021 capite
1146 962 1451 1018 percussus.
1489 962 1708 1018 regnum
1736 962 1846 1003 caa-

279 1038 412 1093 leste
435 1053 531 1108 pro
553 1047 764 1092 terreno
793 1052 883 1092 rex
916 1046 972 1092 et
995 1047 1197 1108 martyr
1229 1038 1464 1091 intravit.
1491 1036 1654 1106 Cujus
1679 1036 1847 1092 frater

279 1127 578 1181 liichardus
602 1140 726 1181 mox
751 1135 810 1180 ut
850 1141 1070 1200 regnum
1097 1135 1216 1195 post
1250 1136 1455 1195 patrem
1478 1126 1705 1195 accepit,
1731 1141 1846 1180 om-

278 1231 401 1269 nem
464 1213 761 1269 Gothorum
826 1216 911 1269 cui
986 1224 1212 1286 praeerat
1268 1225 1514 1287 gentem,
1565 1218 1844 1273 insistente

277 1304 521 1360 Leandro
549 1305 880 1376 Hispolitano
908 1308 1177 1376 episcopo,
1207 1308 1297 1377 qui
1332 1316 1386 1363 et
1414 1308 1841 1377 Ilirminigildum

276 1394 554 1459 docuerat,
581 1396 896 1451 catholicam
926 1399 1191 1452 convertit
1218 1399 1283 1452 ad
1316 1398 1492 1451 fidem.

840 1508 1064 1564 CAPUT
1094 1510 1281 1563 XXVI.

689 1579 765 1631 De
792 1580 943 1649 gestis
971 1579 1230 1647 Bonifacii
1252 1596 1418 1650 paprc.

1948 510 2099 563 nent,
2139 499 2502 553 ostendamus.
2552 498 2727 553 Prima
2758 498 2898 554 enim
2936 498 3251 554 universalis
3276 501 3509 571 synodus

1947 589 2003 642 in
2023 588 2197 645 Niczea
2227 597 2542 658 congregata
2572 598 2652 642 est
2677 597 2861 641 contra
2898 588 3105 653 Arium,
3132 588 3233 643 318
3263 588 3501 651 Patrum,

1947 680 2275 750 temporibus
2294 677 2417 734 Julii
2449 695 2598 748 papa:
2623 682 2721 733 sub
2749 679 3097 735 Constantino
3124 682 3383 751 principe.
3413 680 3503 736 Se.-

1946 770 2116 824 cunda
2147 768 2197 822 in
2222 767 2697 836 Constantinopoli,
2732 768 2830 821 150
2856 767 3094 831 Patrum,
3125 778 3311 823 contra
3338 768 3509 823 Mace-

1946 859 2163 913 donium
2202 867 2255 912 et
2285 859 2602 923 Eudoxium,
2650 859 2976 926 temporibus
3024 859 3232 913 Damasi
3276 874 3424 928 papm
3454 871 3508 913 et

1945 947 2184 1003 Gratiani
2212 947 2488 1017 principis,
2525 947 2735 1016 quando
2766 947 3044 1001 Nectarius
3080 949 3250 1003 eidem
3278 951 3394 1005 urbi
3424 962 3510 1005 est

1944 1040 2220 1095 ordinatus
2253 1039 2550 1108 episcopus.
2577 1038 2755 1093 Tertia
2787 1038 2837 1092 in
2869 1038 3100 1107 Epheso,
3133 1038 3237 1094 200
3264 1039 3506 1099 Patrum.

1944 1140 2128 1185 contra
2178 1130 2478 1185 Nestorium
2530 1130 2779 1200 Augustae
2828 1129 2975 1184 urbis
3016 1132 3350 1200 episcopum,
3407 1131 3509 1187 sub

1944 1220 2244 1277 Theodosio
2270 1220 2455 1290 Magno
2474 1220 2732 1287 principe,
2760 1229 2810 1272 et
2832 1234 2964 1289 papa
2997 1219 3281 1273 Celestino.
3306 1219 3507 1286 Quarta

1944 1310 1998 1363 in
2020 1307 2375 1371 Chalcedone,
2402 1308 2622 1361 Patrum
2653 1308 2774 1371 650,
2802 1309 2899 1361 sub
2920 1308 3099 1363 Leone
3126 1323 3282 1379 papa,
3310 1316 3512 1378 tempo-

1943 1399 2091 1453 ribus
2119 1398 2369 1453 Marciani
2397 1398 2671 1468 principis,
2702 1408 2884 1453 contra
2916 1398 3155 1462 Euticen,
3186 1397 3507 1453 nefandissi-

1942 1504 2150 1542 morum
2188 1488 2465 1558 prtesulcm
2494 1489 2897 1541 monachorum.
2927 1487 3120 1553 Quinta
3148 1488 3274 1542 item
3297 1489 3349 1541 in
3377 1489 3509 1543 Con-

1940 1581 2301 1651 Stantinopoli,
2335 1580 2666 1649 temporibus
2696 1578 2867 1650 Vigilii
2898 1592 3046 1648 papae
3083 1579 3181 1638 sub
3206 1577 3507 1634 Iustiniano

344 1666 528 1737 Igitur,
550 1665 822 1724 Bonifacio
851 1686 983 1740 papa
1022 1679 1263 1740 rogante,
1292 1671 1479 1727 statuit
1505 1669 1712 1726 Phocas
1742 1673 1840 1725 im-
1939 1671 2179 1740 principe
2201 1712 2214 1734 ,
2274 1680 2459 1724 contra
2514 1668 2851 1723 Theodorum
2891 1677 2946 1722 et
2980 1683 3166 1723 omnes
3204 1669 3500 1724 hmreticos.

272 1764 509 1824 perator,
544 1772 820 1813 successor
854 1758 1104 1835 Mauritii,
1128 1760 1307 1815 sedem
1339 1758 1594 1815 Romanae
1620 1770 1673 1815 et
1707 1778 1835 1831 apo-
1865 1758 1909 1814 B
1938 1760 2098 1813 Sexta
2131 1760 2367 1828 synodus
2393 1757 2709 1812 universalis
2730 1756 3185 1827 Constantinopoli
3208 1758 3501 1823 celehrata,

273 1846 476 1902 stolicaa
514 1847 763 1903 Ecclesiae
804 1851 1044 1904 omnium
1086 1851 1443 1906 Ecclesiarum
1492 1866 1609 1905 esse
1656 1860 1833 1921 caput,

273 1938 398 2007 quia
436 1938 1016 2012 Constantinopolitanae
1069 1944 1294 2014 primam
1341 1960 1398 1999 se
1439 1960 1558 2001 esse
1599 1946 1817 2000 omniun

273 2025 629 2081 Ecclesiarum
669 2029 951 2084 scribebat.
990 2031 1132 2085 Idem
1170 2032 1332 2086 etiam
1364 2032 1587 2095 Phocas,
1623 2041 1839 2103 petente

271 2131 408 2185 papa
436 2115 728 2184 Bonit‘acio,
749 2118 908 2188 jussit
928 2121 980 2174 in
1012 2123 1174 2175 veteri
1207 2121 1329 2176 fano
1347 2122 1512 2193 (quod
1540 2124 1834 2178 Pantheum

268 2206 580 2280 vocabatur)
631 2207 822 2264 ablatis
866 2208 1174 2264 idololatrize
1215 2212 1490 2276 sordibus,
1543 2211 1834 2266 Ecclesiam

267 2295 435 2353 beata
466 2312 675 2368 semper
715 2300 937 2369 virginis
969 2299 1146 2355 Maria:
1173 2311 1229 2355 et
1261 2303 1498 2356 omnium
1537 2312 1832 2372 martyrum

268 2382 407 2451 fieri,
451 2395 511 2439 ut
553 2387 641 2440 ubi
692 2388 960 2455 quondam
1005 2390 1242 2444 omnium
1303 2406 1407 2444 non
1448 2392 1695 2456 deorum,
1738 2390 1833 2445 sed

267 2475 650 2529 daemoniorum
681 2477 855 2531 cultus
889 2479 1164 2549 agebatur,
1207 2481 1275 2534 ibi
1316 2481 1567 2551 deinceps
1593 2481 1830 2534 omnium

268 2562 423 2618 ﬁeret
442 2567 695 2619 tucmoria
724 2576 1049 2623 sanctorum.

800 2676 1025 2735 CAPUT
1064 2679 1269 2734 XXVII.

623 2745 694 2798 De
725 2763 815 2801 sex
844 2750 1219 2805 universalibus
1245 2752 1475 2821 synodis.

1938 1860 1992 1906 et
2045 1850 2232 1905 Grazco
2275 1864 2521 1904 sermone
2569 1848 2904 1919 conscripta,
2969 1850 3297 1918 temporibus
3353 1865 3503 1919 papa:

1942 1945 2274 2017 Agathontis,
2323 1953 2650 2013 exsequente
2687 1958 2749 1996 ac
2786 1942 3053 1996 residente
3095 1940 3333 2010 piissimo
3358 1942 3505 2012 prin-

1935 2038 2053 2105 cipe
2079 2035 2431 2091 Constantino
2462 2034 2599 2089 intra
2627 2033 2882 2103 palatium
2922 2048 3099 2097 suum,
3135 2032 3395 2101 simulque
3430 2032 3504 2087 le—

1937 2127 2075 2195 gatis
2105 2126 2407 2196 apostolica:
2429 2125 2570 2178 sedis
2597 2134 2651 2179 et
2678 2123 2941 2194 episcopis
2980 2122 3082 2177 150
3124 2121 3497 2178 residentibus.

1937 2215 2103 2284 Igitur
2137 2231 2166 2269 a
2194 2215 2482 2269 Nativitate
2525 2215 2732 2269 Domini
2767 2212 2892 2269 Jesu
2933 2212 3133 2268 Christi
3161 2215 3229 2268 ob
3263 2228 3499 2268 amorem

1938 2307 2165 2361 domina:
2207 2322 2339 2360 mem
2377 2308 2628 2375 Augusta:
2669 2304 2869 2368 .ludith,
2901 2318 3182 2375 aggressus
3219 2318 3337 2357 sum
3366 2318 3504 2374 opus

1937 2398 2079 2467 quod
2111 2412 2280 2466 usque
2308 2397 2376 2451 ad
2406 2395 2648 2467 Gregorii
2673 2395 2852 2450 eximii
2884 2395 3115 2450 doctoris
3146 2394 3348 2449 obitum
3376 2410 3498 2464 per-

1938 2487 2082 2541 duxi.
2113 2486 2189 2541 De
2214 2488 2380 2558 gestis
2404 2487 2565 2541 etiam
2598 2485 2853 2540 Bonifacii
2892 2500 3041 2556 papae
3079 2484 3321 2556 quaedam
3348 2484 3501 2539 dein-

1934 2592 2060 2645 ceps
2082 2575 2407 2645 prmlibando
2438 2575 2750 2645 perstrinxi,
2778 2574 3135 2629 Romanorum
3155 2571 3427 2641 iudicibus
3449 2582 3503 2627 et

1935 2666 2127 2721 Gothis
2168 2668 2237 2720 ah
2274 2667 2422 2720 Italia
2452 2677 2507 2721 et
2547 2665 2733 2722 Galliis
2768 2666 3019 2736 depulsis,
3064 2665 3146 2719 his
3185 2664 3405 2719 Francis
3448 2674 3505 2720 ct

1936 2758 2301 2828 Longobardis
2329 2757 2736 2811 succedentibus
2775 2758 2826 2810 in
2869 2755 3061 2827 regnis.
3096 2754 3190 2809 Hic
3206 2755 3499 2809 terminum

340 2830 409 2885 Ut
431 2835 630 2889 omissa
655 2839 900 2906 superius
937 2840 1206 2912 paulisper
1229 2852 1554 2913 repetamus,
1581 2858 1700 2913 qum
1724 2842 1833 2898 sint
1939 2848 2119 2901 censui
2154 2862 2396 2901 meorum
2428 2847 2698 2915 imponere
2724 2845 2999 2899 librorum.

268 2928 598 2983 universales
638 2947 733 2985 sex
764 2933 969 3003 synodi,
997 2950 1131 3003 quas
1157 2945 1299 2990 totus
1341 2935 1531 2993 Oriens
1563 2938 1751 3009 recipit
1778 2946 1834 2995 et

265 3035 3467 3078 Μ

1526 3202 1695 3245 ANNO
1738 3202 1968 3245 DOMINI
2013 3199 2229 3244 DCCCL.

1195 3294 2580 3527 COLUMBANI

1506 3630 1556 3672 S.
1602 3627 1852 3672 TBUDON
1862 3629 1915 3671 IS
1957 3628 2219 3671 ABBATIS

483 3769 876 3901 CARMEN
956 3769 1409 3897 LUGUBBE
1488 3769 1620 3897 DE
1705 3772 2014 3897 0Bl'l‘l]
2096 3770 2397 3897 REGIS
2481 3768 2835 3899 CAROLI
2915 3769 3268 3897 MAGNI.

1187 3970 1348 4037 (Apud
1368 3971 1551 4033 Georg.
1577 3970 1941 4033 Colvenerium,
1961 3969 2091 4032 Opp.
2108 3969 2165 4019 Β.
2193 3969 2379 4020 ﬂabant
2400 3969 2593 4032 Mauri.)

340 4119 379 4171 Λ
413 4116 539 4171 solis
561 4125 679 4170 ortu
711 4130 876 4184 usque
906 4114 973 4170 ad
1002 4115 1222 4172 occidua

342 4208 542 4263 Littera
570 4208 737 4262 maris
760 4207 1001 4277 planctus
1023 4207 1200 4276 pulsat
1222 4218 1459 4278 pectora,

623 4301 733 4355 Heu
764 4301 891 4354 mihi
926 4301 1156 4355 misero!

346 4392 497 4447 Ultra
526 4390 728 4444 Marina
752 4390 965 4458 agmina
992 4390 1229 4451 tristitia,

342 4488 535 4558 Tetigit
564 4488 751 4558 ingens
771 4502 893 4542 cum
923 4500 1155 4543 maerore
1177 4486 1361 4543 nimio.

628 4575 740 4630 Heu
765 4576 894 4630 mihi
921 4577 1117 4633 misero
1130 4580 1154 4632 κε

344 4666 564 4732 Franci,
596 4665 824 4721 Romani
848 4675 1007 4736 atque
1031 4670 1210 4724 cuncti
1235 4669 1450 4732 creduli,

345 4757 512 4819 Luctu
539 4768 844 4829 punguutur
870 4766 922 4813 et
952 4774 1140 4830 magna
1174 4760 1436 4814 molestia.

627 4848 735 4902 Heu
765 4847 894 4902 mihi
920 4849 1149 4903 misero!

342 4936 597 4999 Infantes,
625 4951 799 5002 senes,
830 4936 1046 5006 gloriosi
1073 4938 1351 5007 praesules,
1428 5007 1441 5012 ν

344 5029 597 5084 Matronae
622 5028 878 5098 plangunt
901 5026 1278 5083 detrimentum
1308 5028 1553 5082 Catsaris.

627 5116 740 5170 lleu
771 5115 902 5169 mihi
931 5115 1127 5169 misero
1150 5113 1164 5166 l

344 5211 462 5264 Jam
483 5211 593 5277 jam
620 5225 725 5266 non
757 5216 970 5264 cessant
1000 5207 1355 5278 lacrymarum
1379 5205 1614 5259 ﬂumina.

348 5300 478 5354 Nam
510 5300 711 5370 plangit
736 5298 882 5358 orbis
912 5296 1187 5351 interitum
1217 5295 1413 5350 Caroli.

364 5447 374 5459 ,
631 5388 743 5443 Heu
774 5388 903 5442 mihi
928 5386 1154 5440 misero!

349 5478 508 5533 Pater
526 5478 824 5533 communis
847 5477 1206 5546 orphanorum
1229 5476 1485 5542 omnium,

350 5569 780 5641 Pcrcgrinorum,
806 5568 1107 5630 viduarum,
1131 5567 1416 5637 virginum.

636 5659 746 5713 lleu
777 5660 904 5714 mihi
928 5661 1123 5714 misero
1142 5662 1154 5713 !

604 5755 872 5814 Parnm.
916 5753 1073 5813 CVI.

1857 4127 1901 4188 C

2004 4121 2383 4192 Imperatorem
2400 4120 2511 4191 jam
2533 4132 2781 4174 serenum
2812 4117 3084 4185 Carolum,

2004 4212 2234 4267 Telluris
2260 4210 2389 4281 tegit
2417 4209 2660 4264 titulatus
2687 4209 2939 4265 tumulus.

2030 4370 2033 4373 _
2285 4301 2397 4356 Heu
2426 4300 2555 4355 mihi
2582 4301 2812 4355 misero!
2956 4360 2959 4367 ,

2006 4394 2240 4459 Christe,
2273 4392 2530 4448 cmlorum
2556 4390 2645 4460 qui
2678 4389 2942 4461 gubernas
2965 4390 3193 4460 agmina,

2008 4484 2126 4548 Tuo
2154 4485 2206 4537 in
2239 4498 2403 4553 regno
2428 4483 2495 4537 da
2531 4482 2771 4550 requiem
2796 4480 3006 4537 Carolo.

2291 4572 2404 4625 Heu
2432 4570 2562 4637 mihi
2594 4571 2822 4625 misem!

2009 4654 2119 4711 [Ioc
2140 4665 2363 4727 poscunt
2387 4670 2574 4710 omnes
2595 4654 2776 4710 ﬁdeles
2798 4665 2854 4709 et
2877 4655 3100 4723 creduli,

2012 4746 2122 4802 lloc
2145 4746 2313 4800 sancti
2335 4760 2515 4809 senes,
2540 4745 2711 4799 viduae
2730 4753 2784 4799 et
2807 4745 3058 4816 virgines.

2292 4835 2403 4891 Heu
2435 4836 2563 4889 mihi
2590 4835 2817 4889 misero!

2010 4929 2242 4998 Spiritus
2270 4937 2506 4990 sanctus,
2537 4925 2627 4994 qui
2653 4924 2915 4995 gubernat
2941 4926 3144 4993 omnia,

2011 5020 2256 5073 Animam
2288 5032 2439 5071 suam
2471 5014 2668 5070 exaltet
2695 5014 2748 5068 in
2774 5015 3032 5084 requiem.

2293 5105 2405 5161 Heu
2440 5106 2568 5160 mihi
2592 5106 2819 5162 misero!

2012 5200 2105 5259 Va:
2133 5199 2253 5262 tibi,
2286 5197 2476 5262 Roma,
2513 5197 2856 5267 Romanoque
2875 5198 3093 5268 populo,

2012 5291 2224 5345 Amisso
2248 5304 2457 5344 summo
2480 5288 2710 5357 glorioso
2733 5288 2943 5344 Carolo.

2297 5378 2408 5434 Heu
2437 5380 2567 5433 mihi
2595 5379 2821 5435 misero!

1870 5470 1929 5534 Ι)
2016 5472 2109 5530 Vae
2136 5474 2254 5536 tibi,
2279 5472 2388 5527 sola
2416 5470 2648 5526 formosa
2676 5469 2824 5525 Italia

2021 5565 2344 5635 Cunctisque
2373 5563 2477 5616 tuis
2506 5571 2614 5617 tam
2636 5562 2874 5618 honestis
2896 5559 3136 5617 urbibus.

2300 5657 2409 5711 IIcu
2438 5654 2561 5709 mihi
2588 5654 2787 5709 misero
2811 5654 2825 5707 ι
2908 5685 2931 5703 ρ

3038 5747 3115 5807 140
