3962 6174
480 332 617 389 1Ξ65

1244 333 1635 391 ’(ΣΙΠΠΞΤΙᾹΝΙ
1674 335 2076 394 DR‘UTHMARI
2115 335 2555 394 CORBEIENSIS
2591 335 2888 392 MONAClll

3551 337 3671 393 {liii

479 444 595 498 sine
626 445 737 515 ipsa
767 442 1001 515 perfecte
1031 443 1095 497 ad
1128 443 1285 498 aliam
1318 462 1421 499 non
1453 448 1621 516 possit
1653 450 1887 501 transiri.
1922 451 2031 519 Ego
2060 461 2103 517 Α
2135 461 2192 505 ut
2219 450 2448 511 Genesis,
2499 451 2597 505 hoc
2626 458 2728 513 est,
2754 448 3118 518 generationis;
3149 447 3271 515 quia
3313 447 3384 500 ibi
3428 450 3674 519 scriptum

485 552 612 592 vero
653 534 782 590 nulli
823 534 1025 589 nolenti
1048 576 1064 600 ,
1087 534 1301 605 iussero
1333 548 1425 590 aut
1472 538 1677 607 legere,
1711 549 1799 592 aut
1833 540 2031 594 habere

487 629 629 683 hunc
655 629 881 692 librum,
924 628 1017 682 scd
1057 627 1147 696 qui
1188 627 1435 682 voluerit.
1478 630 1546 683 lit
1584 630 1627 683 si
1666 630 1861 699 aliquis
1889 631 2031 685 hunc

481 720 800 780 detestatur,
847 716 1058 773 ordinet
1104 718 1415 780 meliorem;
1471 730 1526 772 et
1577 735 1675 790 ego
1728 721 2029 785 voluntarie

477 811 648 877 ipsum
692 807 944 877 suscipio.
991 806 1122 860 Nam
1170 808 1269 862 iste
1313 809 1443 861 nihil
1485 809 1576 862 ulli
1621 820 1795 864 nocet.
1828 811 2029 864 Amicis

474 904 527 956 in
562 904 661 957 hoc
693 902 836 957 facto
866 903 1047 972 parui,
1080 902 1281 956 inimici
1316 918 1430 956 mea
1456 903 1733 957 voluntate
1762 919 1866 957 non
1909 913 2025 957 tan-

473 1003 635 1063 gent,
673 1010 741 1048 ne
784 994 923 1049 forte
955 994 1020 1047 de
1047 982 1185 1048 bono
1212 995 1579 1049 aemulationes
1609 996 1757 1048 ﬁant.
1804 995 1858 1048 Si
1901 1010 2029 1063 ergo

474 1088 658 1141 videro
701 1087 840 1155 quod
883 1085 1037 1140 vobis
1070 1087 1171 1141 hoc
1200 1087 1428 1155 primum
1461 1087 1659 1139 factum
1690 1087 1926 1155 placeat,
1960 1085 2025 1138 ad

471 1179 816 1249 Evangelium
847 1171 1067 1233 .lo'annis
1099 1193 1313 1231 eranum
1346 1177 1591 1241 mittam;
1623 1178 1746 1246 quia
1778 1176 2026 1247 Augusti-

472 1285 573 1324 nus
600 1270 831 1339 aquilam
871 1282 1130 1336 sequens,
1173 1266 1224 1319 id
1251 1277 1334 1319 est
1362 1267 1577 1318 beatum
1608 1264 1863 1319 Joannem
1888 1306 1902 1329 ,
1934 1267 2024 1335 qui

470 1358 660 1427 aquila:
690 1357 1013 1412 assimilatus
1058 1365 1173 1421 est,
1218 1370 1339 1409 eum
1380 1354 1465 1409 ille
1510 1354 1645 1408 ultra
1686 1356 1881 1418 nubes,
1908 1355 2025 1409 iste

467 1465 632 1520 prope
660 1451 827 1505 nubes
870 1448 1098 1513 incedit,
1136 1455 1415 1517 preptcrea
1454 1447 1688 1514 parvulis
1732 1461 1886 1500 sensu
1928 1462 2020 1499 ne—

469 1541 736 1596 cessarius
759 1548 842 1594 cst
863 1537 1079 1593 humilis
1105 1548 1159 1592 et
1188 1546 1345 1591 teme
1373 1537 1620 1606 gradiens
1645 1537 1934 1604 expositor,
1968 1544 2025 1588 ut

467 1631 673 1699 possint
710 1628 1006 1696 intelligere
1046 1626 1188 1695 quod
1227 1626 1315 1680 ille
1354 1626 1507 1695 quasi
1549 1626 1799 1680 omnibus
1836 1633 2020 1678 notum

469 1717 719 1788 relinquit
749 1718 1029 1771 intactum.
1066 1714 1195 1769 Nam
1238 1716 1291 1769 in
1320 1715 1500 1770 Marco
1528 1731 1631 1770 non
1661 1722 1745 1769 est
1773 1729 2019 1769 necessa-

2130 550 2214 593 est
2243 556 2255 593 :
2292 539 2416 592 Ιδιω
2448 551 2563 592 sunt
2591 538 2942 608 generationes
2971 535 3082 589 caeli
3118 546 3164 588 et
3208 546 3379 590 terra’.
3425 535 3676 592 Similiter

2130 628 2365 693 Erodus,
2399 629 2449 682 id
2473 636 2555 682 est
2583 626 2774 690 exitus,
2803 634 2858 679 et
2894 623 3244 679 Numerorum
3271 634 3327 679 et
3349 625 3556 695 reliqui.
3600 628 3677 680 Si-

2128 720 2326 777 militer
2371 720 2559 774 beatus
2609 718 2889 772 Matthaeus
2934 718 3186 785 quoniam
3229 718 3295 771 de
3341 719 3675 787 generatione

2128 809 2336 862 Domini
2371 808 2617 880 primitus
2649 808 2894 876 scripsit,
2928 806 3079 859 Liber
3110 806 3458 875 generationis
3486 822 3673 861 nomen

2127 900 2396 969 imposuit.
2420 899 2626 968 Incipit,
2661 898 2757 951 hoc
2784 904 2866 950 est
2892 897 3116 949 inchoat.
3159 895 3524 965 Compositum
3554 913 3672 951 vcr-

2126 989 2249 1043 bum
2276 988 2409 1041 exin
2434 988 2820 1056 propositione,
2858 993 2913 1039 et
2937 986 3083 1054 capio
3116 984 3303 1048 verbo,
3329 991 3539 1037 mutata
3564 1003 3595 1036 a
3621 986 3671 1039 in
3703 1036 3711 1042 .

2124 1080 2161 1131 ἰ.
2190 1072 2529 1150 Evangelium
2559 1079 2803 1133 Graecum
2832 1094 3026 1133 nomen
3056 1089 3160 1141 est,
3186 1087 3243 1131 et
3270 1079 3467 1133 dicitur
3488 1079 3673 1132 Latine

2127 1169 2591 1225 bonumnuntium.
2621 1171 2697 1224 Eu
2716 1151 2903 1223 bonum
2916 1186 2934 1235 ;
2959 1170 3226 1239 angelum,
3244 1172 3502 1224 nuntium.
3529 1171 3674 1226 Unde

2126 1270 2183 1313 et
2205 1261 2415 1335 angelus
2453 1262 2682 1316 dicitur:
2717 1270 2893 1317 tamen
2933 1262 3208 1317 sciendum
3237 1271 3340 1327 est,
3384 1264 3510 1333 quia
3538 1267 3673 1333 apud

2123 1350 2338 1405 Grzecos
2372 1366 2468 1423 per
2494 1353 2596 1407 duo
2637 1367 2847 1424 gamma
2874 1354 3129 1407 scribitur
3155 1371 3168 1406 :
3200 1373 3219 1403 ι
3249 1364 3303 1409 et
3335 1354 3556 1426 angelus
3600 1357 3671 1409 si-

2123 1438 2315 1493 militer
2338 1455 2436 1509 per
2470 1442 2574 1496 duo
2599 1457 2831 1512 gamma,
2866 1462 2884 1494 ι
2924 1444 3063 1498 sicut
3105 1452 3161 1498 et
3189 1443 3494 1500 Priscianus
3520 1447 3671 1501 dicit.

2123 1529 2226 1584 Sed
2250 1532 2373 1600 quia
2405 1533 2544 1601 apud
2570 1549 2665 1588 nos
2683 1536 2940 1589 absonum
2963 1535 3260 1603 videbatur,
3289 1538 3429 1609 apud
3451 1539 3671 1595 Latinos

2118 1621 2286 1688 prima
2312 1636 2407 1689 per
2426 1639 2479 1685 η,
2511 1622 2742 1677 secunda
2768 1624 2968 1694 syllaba
3009 1640 3107 1694 per
3129 1642 3181 1695 g.
3208 1626 3272 1680 Et
3298 1643 3403 1681 non
3438 1639 3522 1683 est
3550 1628 3673 1696 jun-

2118 1711 2351 1781 gundum
2387 1728 2440 1775 ιι,
2474 1726 2596 1766 cum
2627 1730 2679 1777 α,
2705 1713 2799 1768 sed
2830 1729 2950 1769 cum
2978 1730 3006 1767 e
3034 1727 3116 1769 est
3138 1714 3464 1786 jungendum
3500 1736 3515 1772 :
3546 1722 3673 1789 quia

466 1808 601 1862 rium
633 1823 847 1862 manum
879 1808 1114 1871 mittere,
1140 1815 1262 1876 post
1294 1808 1509 1864 beatum
1541 1804 1758 1861 Bcdam.
1790 1806 1846 1860 In
1875 1806 2018 1861 Luca
2047 1791 2093 1849 Β
2120 1812 2205 1863 ευ,
2229 1798 2416 1852 bonum
2442 1800 2655 1855 dieitur.

461 1914 676 1969 quoque
703 1899 861 1953 audio
882 1906 1003 1967 post
1023 1906 1263 1952 sanctum
1287 1898 1628 1953 Ambrosium
1657 1899 1905 1954 eumdem
1931 1899 2025 1955 Be-

409 2035 412 2041 ,
461 1989 585 2043 dam
616 2004 831 2042 manum
863 1988 1091 2042 misisse.
1129 1987 1235 2042 Sed
1263 2002 1367 2041 non
1398 1988 1544 2058 potui
1578 1989 1818 2043 invenire
1850 1989 2022 2044 adhuc

459 2079 514 2133 in
542 2087 653 2133 tota
680 2078 796 2146 ejus
821 2072 1151 2146 expositione
1180 2078 1280 2131 nisi
1308 2078 1566 2147 quasdam
1595 2077 1710 2146 ejus
1738 2079 2015 2135 homelias.

463 2169 519 2224 Si
548 2183 677 2223 vero
701 2182 799 2223 nec
828 2168 1100 2231 invenero,
1124 2175 1177 2221 et
1198 2175 1433 2221 vestrum
1457 2168 1693 2221 omnium
1721 2168 2019 2223 cohortatio

458 2258 718 2323 adfuerit,
743 2265 797 2311 et
819 2259 869 2310 in
891 2256 992 2312 hoc
1013 2269 1225 2327 quoque
1245 2256 1490 2310 laborare
1516 2256 1749 2317 tentabo,
1773 2258 1817 2311 si
1838 2267 2014 2311 tamen

455 2358 666 2418 gratum
692 2348 844 2403 vobis
871 2345 983 2402 fore
1008 2361 1293 2417 speravero
1318 2364 1330 2397 :
1360 2361 1519 2416 supra
1546 2346 1687 2400 enim
1713 2361 1896 2402 omnes
1921 2347 2016 2401 ho-

460 2442 627 2495 mines
656 2447 834 2493 vestra
863 2438 991 2492 mihi
1019 2448 1098 2492 est
1125 2440 1326 2508 gratior
1350 2438 1578 2493 societas
1604 2455 1618 2503 ;
1647 2439 1769 2508 quia
1795 2449 1877 2493 est
1902 2440 2015 2494 sin-

456 2549 578 2589 cera
608 2543 663 2587 ct
691 2533 893 2601 absque
923 2531 1065 2595 dolo,
1094 2542 1150 2586 et
1176 2545 1334 2600 quam
1365 2531 1506 2585 Deus
1531 2531 1711 2584 decuit
1736 2531 2012 2600 sanctique

455 2625 571 2692 ejus
610 2623 833 2695 apostoli
866 2632 1081 2690 tenuere
1111 2638 1175 2676 ac
1201 2612 1742 2692 posteris‘tenendam
1773 2621 2008 2676 tradide-

459 2724 597 2769 runt.
630 2713 744 2785 Non
774 2714 915 2768 enim
942 2722 1026 2766 est
1052 2711 1120 2767 fel
1156 2712 1527 2766 amaritudinis
1556 2711 1608 2765 in
1637 2712 1806 2777 vobis,
1838 2728 2010 2782 neque

456 2808 604 2862 zelus
643 2806 981 2885 iniquitatis:
1016 2805 1108 2860 sed
1140 2804 1272 2859 lich
1301 2804 1453 2858 firma
1478 2844 1491 2870 ,
1524 2804 1758 2858 charitas
1785 2804 2007 2859 inviola-

458 2898 580 2954 bilis
608 2913 732 2968 erga
764 2897 930 2950 Deum
963 2911 1025 2950 ac
1055 2894 1350 2965 proximos.
1386 2893 1450 2949 Et
1482 2894 1606 2949 licet
1646 2894 1807 2949 rebus
1847 2904 2045 2949 terre“

453 2991 539 3046 ni's
565 2997 783 3061 egentes
809 2988 927 3042 sitis
950 3025 964 3051 ,
994 2986 1278 3040 virtutibus
1306 2995 1481 3040 tamen
1514 2984 1699 3054 repleti
1739 2984 1872 3039 estis
1890 3025 1903 3047 ,
1938 2985 2011 3037 ita

456 3092 514 3136 ut
551 3081 641 3150 qui
680 3094 775 3133 vos
815 3076 1048 3147 perfecte
1088 3076 1368 3143 agnoverit
1402 3075 1624 3128 ulterius
1661 3075 1946 3128 dilectione
1981 3089 2009 3127 a

454 3173 601 3226 vobis
640 3185 743 3223 non
782 3168 949 3239 possit
987 3166 1245 3235 separari.
1290 3164 1394 3220 Sed
1431 3167 1474 3219 si
1519 3166 1728 3220 modico
1769 3175 2006 3239 tempore

452 3263 720 3316 vobiscum
748 3261 868 3329 quis
907 3266 1143 3312 moratus
1173 3256 1365 3321 fuerit,
1408 3273 1508 3326 pro
1549 3265 1699 3311 certo
1744 3259 2003 3328 intelliget

449 3353 572 3419 quia
617 3351 754 3405 Deus
784 3347 1299 3407 cohabitatorvestri
1330 3346 1422 3412 sit,
1450 3355 1504 3401 et
1531 3345 1765 3415 Spiritus
1791 3359 2005 3403 sanet-us

454 3449 599 3509 regat
626 3444 788 3510 opera
817 3448 1017 3493 vestra.
1048 3435 1230 3506 Neque
1255 3434 1397 3490 enim
1428 3436 1689 3491 habitabit
1715 3438 1805 3492 diu
1834 3439 2005 3494 malus

453 3533 589 3584 inter
620 3543 745 3592 vos,
787 3542 960 3597 neque
1000 3526 1332 3597 permanebit
1374 3526 1426 3579 in
1477 3527 1746 3581 consortio
1787 3537 2001 3595 vestro,

447 3622 570 3689 quia
609 3619 749 3674 sicut
775 3633 962 3671 aurum
991 3626 1043 3671 et
1069 3626 1347 3686 argentum
1387 3618 1439 3670 in
1479 3618 1688 3672 camino
1731 3620 2001 3688 probatio-

451 3711 531 3762 nis
558 3708 743 3762 sordes
767 3705 1054 3774 adjiciunt,
1079 3706 1150 3759 ita
1179 3712 1231 3759 et
1254 3705 1342 3774 qui
1371 3706 1511 3758 inter
1538 3722 1632 3761 vos
1656 3709 1891 3775 venerit,
1914 3719 2005 3764 aut

452 3798 662 3853 desinet
691 3813 721 3849 a
750 3796 890 3849 malo
916 3809 1110 3864 opere,
1144 3803 1235 3848 aut
1265 3803 1409 3849 certe
1437 3796 1640 3850 alienus
1682 3797 1941 3853 efﬁcietur
1970 3816 2001 3855 a

416 3887 731 3943 temtsortiis
784 3885 1015 3940 vestris:
1063 3885 1153 3955 qui
1204 3899 1434 3954 namque
1481 3885 1619 3941 inter
1656 3901 1750 3940 vos
1774 3903 1999 3943 conver-

445 3988 654 4042 santur,
688 3992 791 4032 non
822 3977 1048 4032 multum
1093 3977 1354 4032 mirentur
1396 3978 1439 4031 si
1472 3978 1693 4046 plurimi
1733 3981 1903 4035 sancti
1947 3981 1998 4034 in

366 4108 371 4113 η
445 4074 528 4126 his
562 4054 903 4126 monasteriis
947 4071 1249 4140 probabiles
1292 4072 1546 4136 fuerunt;
1591 4066 1682 4128 scd
1718 4089 1816 4143 pro
1836 4083 2001 4128 vcerto

442 4166 789 4236 experientur
832 4165 956 4234 quia
995 4165 1084 4233 qui
1116 4164 1255 4233 apud
1287 4179 1380 4218 vos
1406 4179 1510 4218 non
1540 4174 1623 4220 est
1652 4166 1854 4231 bonus,
1883 4167 1999 4220 sine

444 4258 608 4312 dubio
636 4272 898 4326 nusquam
928 4254 1120 4309 alicubi
1152 4255 1286 4316 crit,
1319 4254 1573 4323 quoniam
1614 4270 1706 4309 vos
1741 4255 1871 4310 estis
1907 4256 1997 4325 qui

442 4349 710 4404 veraciter
754 4346 979 4402 audistis
1022 4361 1204 4399 vocem
1253 4345 1463 4399 Domini
1510 4345 1779 4400 dicentis:
1822 4346 1999 4400 Estote

438 4437 710 4507 prudentes
751 4447 804 4489 ut
849 4428 1130 4505 serpentes,
1175 4444 1219 4487 ct
1262 4434 1516 4504 simplices
1553 4436 1684 4489 sicut
1727 4435 1993 4493 columba.

444 4530 516 4586 Et
550 4531 596 4585 si
635 4545 789 4601 reges
815 4540 869 4584 ct
895 4529 1164 4599 principes
1195 4538 1356 4597 atque
1384 4530 1616 4598 vulgaris
1654 4533 1877 4603 populus
1900 4549 1994 4588 vos

447 4617 708 4671 veraci-ter
755 4617 1127 4685 agnovissent,
1170 4625 1229 4669 ut
1272 4631 1428 4671 veros
1466 4618 1665 4673 Christi
1706 4620 1996 4692 discipulos

442 4696 727 4769 amarent',
777 4704 935 4775 suprd
979 4720 1167 4759 omnes
1215 4705 1458 4760 homines
1504 4722 1885 4765 venerarcntur
1930 4728 1993 4768 ac

438 4796 736 4868 diligerent.
766 4794 1012 4849 Christus
1040 4805 1217 4849 custos
1247 4805 1439 4861 vester,
1468 4798 1562 4866 qui
1593 4801 1756 4868 cmpit
1781 4818 1876 4856 vos
1903 4820 1994 4858 ett-

440 4888 642 4943 stodire
668 4888 721 4942 in
751 4887 941 4942 sazeula
961 4927 976 4951 ,
1008 4889 1270 4943 concedat
1296 4890 1348 4942 in
1378 4901 1638 4960 concepto
1666 4894 1804 4948 bono
1831 4910 1993 4964 opere

442 4994 761 5051 permanere
788 4993 957 5048 usque
988 4979 1055 5033 ad
1087 4979 1244 5035 linem
1275 4980 1397 5034 vitae
1423 4989 1636 5035 vestrae.

934 5086 1158 5142 CAPUT
1196 5088 1462 5144 PRIMUM

437 5180 626 5249 Incipit
639 5177 908 5248 Expositio
922 5178 1232 5254 Cnmsjruut
1243 5178 1571 5254 puerascant
1588 5181 1641 5235 in
1656 5181 1991 5254 Evangelium

902 5248 1181 5301 secundum
1206 5248 1529 5304 Matthazum.

505 5339 655 5392 llunc
683 5338 891 5391 titulum
914 5351 1019 5391 non
1047 5336 1173 5392 fecit
1198 5339 1545 5409 evangelista,
1570 5341 1778 5399 scilicet
1820 5345 1986 5400 inter-

431 5444 554 5498 pres
590 5430 680 5496 qui
713 5415 885 5497 ipsum
917 5430 1295 5498 interpretatus
1329 5442 1438 5485 est:
1468 5448 1592 5488 nam
1623 5435 1901 5493 Mattbeeus
1926 5438 1986 5492 li-

431 5516 511 5569 bri
543 5518 624 5571 sui
666 5519 898 5583 titulum,
941 5516 1092 5572 Liber
1116 5521 1479 5588 generationis,
1527 5524 1795 5594 imposuit,
1835 5526 1985 5594 juxta

433 5608 867 5661 consuetudinem
921 5605 1244 5671 Judaeorum,
1272 5610 1339 5662 ad
1369 5626 1503 5680 quos
1553 5615 1840 5679 scribebat,
1893 5619 1981 5687 qui

428 5692 574 5744 soliti
605 5705 725 5747 sunt
746 5695 896 5749 libris
922 5698 1030 5750 suis
1051 5713 1112 5751 ex
1142 5699 1416 5768 principiis
1443 5705 1651 5757 nomina
1678 5705 1979 5773 imponere:

2190 1890 2245 1943 In
2264 1892 2497 1946 omnium
2515 1895 2791 1965 principiis
2816 1895 3071 1952 librorum
3095 1900 3197 1953 tria
3220 1904 3500 1969 quaerenda
3523 1916 3670 1966 sunt.

2119 1983 2346 2050 tempus,
2371 1980 2536 2047 locus,
2565 1998 2811 2053 persona.
2837 1986 3097 2042 Similiter
3135 1989 3201 2043 de
3229 1990 3332 2045 isto
3360 1992 3669 2064 Evangelio,

2118 2071 2231 2124 haec
2272 2071 2375 2125 tria
2429 2074 2652 2127 tenenda
2698 2082 2841 2127 sunt.
2872 2074 3048 2131 Locus
3073 2075 3253 2133 Iudaea
3304 2082 3530 2147 exstitit,
3580 2085 3668 2138 ubi

2115 2161 2473 2230 conscriptum
2496 2173 2580 2216 est
2606 2162 2867 2218 liebraiea
2904 2164 3082 2236 lingua
3109 2168 3174 2222 ad
3215 2168 3467 2226 Hebraeos
3500 2174 3593 2241 qui
3614 2176 3670 2228 in

2113 2247 2383 2304 Christum
2397 2251 2691 2307 credidere.
2709 2252 2939 2324 Tempus
2962 2255 3072 2309 Caii
3096 2256 3434 2325 imperatoris
3445 2261 3533 2330 qui
3560 2263 3671 2315 sin-

2113 2339 2347 2407 gularem
2376 2343 2740 2396 monarcbiam
2772 2344 3004 2399 universi
3034 2346 3180 2401 orbis
3214 2346 3396 2403 Romze
3432 2351 3666 2404 tenebat.

2112 2429 2344 2484 Persona
2369 2429 2664 2496 Matthmus,
2680 2432 2859 2487 Levita
2882 2449 3093 2504 genere,
3119 2446 3173 2489 et
3198 2438 3445 2492 sacerdos
3462 2440 3674 2496 eisuti!

2109 2521 2390 2590 dignitate,
2423 2522 2576 2591 cujus
2614 2537 2807 2577 nomen
2839 2525 3246 2594 interpretatum
3278 2528 3333 2581 in
3362 2539 3537 2583 nostra
3561 2531 3670 2585 lin-

2109 2626 2212 2681 gua
2265 2612 2487 2666 donatus
2517 2613 2748 2669 dicitur:
2807 2615 2968 2685 digno
3020 2617 3275 2673 vaticinio
3320 2621 3399 2675 sic
3448 2634 3672 2676 vocatus

2109 2701 2232 2770 quia
2262 2701 2314 2754 in
2343 2705 2623 2770 praesentia
2656 2705 2748 2758 Dei
2789 2707 3067 2763 ordinatus
3107 2707 3209 2764 fuit
3245 2720 3300 2764 et
3343 2712 3571 2768 donatus
3596 2717 3665 2768 ad

2110 2793 2377 2845 narranda
2415 2803 2565 2863 gesta
2596 2792 2817 2860 Christi,
2842 2807 2965 2851 ante
2991 2787 3155 2853 multa
3181 2801 3374 2856 sa'cula
3419 2813 3666 2860 ostensus

2110 2900 2138 2936 a
2170 2885 2441 2956 prophetis
2470 2887 2520 2941 in
2560 2889 2738 2957 specie
2766 2890 3014 2945 hominis.
3061 2892 3194 2958 Quia
3225 2903 3376 2964 gesta
3420 2912 3536 2965 qua:
3560 2899 3661 2951 Do-

2112 2974 2288 3027 minus
2314 2984 2498 3028 noster
2538 2975 2590 3028 in
2615 2991 2779 3030 carne
2802 2976 2955 3045 juxta
3002 2980 3291 3036 humanam
3320 2998 3533 3039 carnem
3553 3003 3667 3057 ges-

2114 3064 2185 3118 sit
2212 3076 2530 3121 narraturus
2557 3076 2692 3131 erat,
2723 3069 2792 3122 ob
2823 3070 2924 3124 hoc
2961 3071 3013 3124 in
3050 3069 3221 3142 efligie
3250 3073 3479 3130 hominis
3520 3080 3665 3133 visus

2037 3146 2080 3208 C
2112 3165 2213 3210 est.
2255 3155 2462 3213 Marcus
2487 3174 2698 3229 quoque
2757 3162 2809 3215 in
2840 3163 3014 3232 specie
3043 3163 3213 3219 leoms
3237 3168 3482 3235 apparuit
3503 3186 3517 3221 :
3537 3172 3660 3239 quia

2107 3249 2453 3321 Evangelium
2479 3267 2631 3307 suum
2662 3253 2729 3307 ab
2765 3262 2885 3309 actu
2914 3254 3085 3310 leonis
3118 3256 3393 3312 inchoavit
3431 3260 3517 3313 cui
3541 3275 3665 3328 pro-

2104 3343 2279 3412 primn
2308 3353 2391 3397 est
2421 3344 2474 3396 in
2518 3342 2732 3400 deserto
2768 3346 2967 3415 rugire.
3003 3339 3145 3401 Disit
3177 3350 3324 3403 enim
3356 3368 3368 3403 :
3412 3349 3525 3404 γη
3554 3352 3664 3404 cla-

2106 3433 2296 3484 mantis
2318 3433 2372 3486 in
2393 3431 2611 3487 deserto.
2644 3433 2817 3489 Lucas
2843 3436 3188 3493 nihilominus
3223 3454 3319 3494 ore
3352 3440 3566 3510 juvenci
3590 3443 3660 3496 si-

2104 3521 2319 3577 milatus
2344 3526 2624 3595 apparuit:
2654 3528 2777 3596 quia
2817 3530 2885 3584 ab
2910 3545 2975 3585 eo
3008 3532 3173 3601 etrapit
3214 3534 3307 3601 qui
3331 3534 3524 3589 vitulos
3552 3534 3666 3589 fre-

2104 3612 2356 3681 quentius
2396 3613 2591 3671 offerre
2644 3616 2832 3672 solitus
2885 3617 3005 3683 fuit,
3053 3620 3304 3676 videlicet
3337 3637 3368 3676 a
3404 3624 3665 3679 Zacharia

2103 3706 2397 3761 sacerdote.
2428 3705 2662 3764 Joannes
2673 3725 2803 3764 vero
2833 3725 2982 3766 more
2997 3712 3187 3781 aquila:
3204 3712 3392 3790 volans
3412 3715 3663 3785 illumqui

2103 3812 2261 3867 supra
2297 3807 2440 3852 astra
2468 3799 2616 3854 sedet
2640 3802 2804 3855 verbo
2828 3801 2980 3870 petiit
3007 3803 3291 3871 inquiens:
3321 3804 3387 3858 In
3410 3806 3662 3875 principio

2102 3898 2211 3940 erat
2248 3886 2489 3951 Verbum,
2517 3899 2564 3942 et
2605 3888 2839 3954 Verbum,
2865 3900 2971 3946 etc.

2173 3984 2568 4054 Requirendum
2597 4002 2725 4041 vero
2745 4001 2912 4057 quare
2934 4003 3054 4043 cum
3081 3989 3246 4044 multa
3267 3991 3556 4062 Evangelia
3576 4010 3664 4048 or-

2102 4077 2282 4131 dinata
2314 4077 2475 4130 fuisse
2505 4077 2765 4147 legamus,
2793 4089 2845 4133 et
2864 4080 2915 4134 in
2945 4081 3159 4135 nomine
3190 4081 3421 4137 duorum
3447 4094 3665 4153 aposto-

2103 4169 2276 4223 lorum
2300 4178 2354 4222 et
2381 4170 2541 4223 etiam
2560 4169 2786 4224 aliorum
2817 4172 3095 4225 doctorum
3119 4172 3259 4227 sicut
3283 4172 3454 4230 Lucas
3473 4174 3663 4238 refert,

2103 4259 2302 4312 nullum
2330 4260 2538 4313 illorum
2563 4260 2761 4330 placuit
2784 4260 2893 4315 Deo
2925 4262 3029 4331 legi
3051 4263 3133 4316 vel
3163 4264 3361 4335 suscipi
3388 4266 3443 4318 in
3470 4265 3666 4320 Eccle-

2103 4348 2179 4403 sia
2202 4364 2317 4413 sua,
2348 4350 2453 4404 nisi
2484 4351 2597 4405 haec
2621 4358 2869 4419 quatuor,
2895 4367 3067 4422 neque
3102 4352 3221 4422 plus
3247 4368 3422 4423 neque
3459 4356 3659 4410 minus.

2103 4439 2233 4494 Nam
2255 4424 2377 4494 haec
2405 4451 2631 4509 quatuor
2656 4441 2942 4512 Evangelia
2966 4452 3184 4512 propter
3204 4446 3663 4512 quatuorclimata

2101 4533 2299 4593 mundi.
2317 4548 2347 4586 a
2362 4532 2470 4586 Deo
2491 4534 2735 4588 ordinata
2750 4542 2872 4588 sunt
2891 4544 2945 4588 et
2963 4544 3087 4589 ante
3101 4534 3264 4589 multa
3279 4536 3473 4592 saecula
3483 4548 3663 4593 osten-

2092 4636 2149 4673 sa
2178 4638 2208 4675 a
2238 4623 2529 4692 prophetis.
2561 4622 2831 4694 Appellata
2865 4631 3043 4680 autem
3075 4634 3200 4680 sunt
3225 4627 3495 4693 animalia,
3522 4645 3688 4698 φεῦ-⁸

2094 4712 2235 4766 niam
2268 4722 2484 4783 propter
2511 4715 2739 4768 animam
2768 4715 3000 4769 hominis
3027 4715 3370 4787 Evangelium
3391 4717 3659 4788 pradica-

2096 4812 2199 4856 tur.
2226 4803 2429 4858 Idcirco
2451 4818 2578 4858 vero
2625 4804 2781 4873 plena
2825 4805 2994 4861 oculis
3022 4815 3147 4861 ante
3170 4816 3225 4862 et
3245 4816 3412 4872 retro,
3433 4810 3581 4863 intus
3603 4819 3663 4862 ct
3691 4836 3697 4840 -

2093 4893 2222 4949 foris
2241 4909 2269 4945 a
2293 4893 2563 4961 prophetis
2583 4894 2833 4959 przedicta
2849 4904 2994 4960 sunt,
3022 4898 3144 4965 quia
3168 4907 3222 4952 et
3247 4900 3531 4968 prmseutia
3556 4902 3657 4955 Do-

2096 4983 2224 5036 mini
2261 4990 2409 5051 gesta
2437 4990 2492 5035 et
2520 4982 2698 5037 futura
2741 4983 2809 5036 de
2841 4981 3047 5050 judicio
3082 4998 3305 5043 venturo
3340 5005 3650 5044 narravere.

2093 5073 2259 5127 Crura
2272 5073 2518 5128 dicuntur
2532 5083 2676 5131 recta
2691 5075 2886 5129 habere
2897 5077 3022 5145 quia
3038 5079 3167 5132 nihil
3181 5085 3467 5148 pravumin
3484 5084 3652 5138 Evan-

2089 5165 2244 5236 geliis
2300 5165 2586 5218 invenitur.
2624 5164 2756 5217 Erat
2797 5175 2911 5218 rota
2952 5168 3008 5220 in
3031 5178 3177 5221 rota:
3208 5172 3331 5240 quia
3359 5173 3645 5227 subnixum

2086 5264 2170 5309 est
2197 5255 2262 5309 de
2298 5254 2475 5323 Veteri
2508 5254 2889 5322 Testamento;
2925 5267 2980 5310 et
3004 5259 3262 5328 quidquid
3293 5260 3643 5331 Evangelium

2093 5344 2388 5404 annuntiat,
2417 5345 2468 5397 in
2486 5343 2664 5401 Veteri
2686 5345 2995 5415 pnedictum
3022 5348 3383 5406 iuit:etambo
3396 5353 3447 5405 in
3471 5353 3651 5406 simile

2091 5435 2436 5489 concordant.
2461 5433 2611 5502 Quod
2636 5436 2783 5498 dicit,
2817 5438 2905 5489 ubi
2924 5446 3035 5491 erat
3064 5439 3280 5508 spiritus
3308 5442 3547 5510 impetus,
3576 5442 3646 5493 il-

2091 5524 2175 5578 luc
2220 5527 2590 5596 gradiebantur
2614 5544 2632 5581 :
2658 5530 2893 5583 ostendit
2934 5530 3062 5584 nihil
3091 5529 3235 5586 aliud
3282 5532 3647 5605 Evangelistas

2091 5632 2361 5682 narrasse,
2391 5619 2490 5673 nisi
2521 5634 2638 5692 qua:
2676 5619 2908 5691 Spiritus
2937 5622 2989 5675 in
3015 5624 3269 5679 cordibus
3306 5640 3487 5680 eorum
3519 5640 3643 5692 pro-

2092 5706 2242 5759 fudit.
2275 5708 2718 5777 Figuneistortun
2748 5711 3054 5765 animalium
3086 5714 3246 5767 etiam
3275 5713 3490 5767 Domino
3510 5728 3627 5765 con-
