3962 6174
383 351 516 411 1263

1511 340 1865 398 EXPOSITIO
1903 339 1966 393 IN
2006 338 2420 393 MATTHJEUM

3370 382 3376 389 .
3450 336 3584 391 F265

374 469 617 534 veniunt,
643 467 734 538 qui
761 467 922 521 homo
942 463 1115 517 factus
1137 466 1220 514 est
1259 456 1549 519 nascendo,
1588 454 1782 508 vitulus
1810 467 1923 505 mo-
1954 455 2003 512 Α
2029 449 2399 520 loquebantur,
2439 459 2491 504 et
2531 451 2597 503 de
2635 450 2889 529 Romanis
2942 449 3209 505 habebant
3262 465 3356 520 per
3394 465 3583 531 omnes

375 559 603 614 riendo:
653 558 739 612 leo
777 557 950 611 factus
976 562 1061 608 est
1106 548 1452 618 resurgendo,
1491 546 1670 615 aquila
1723 542 1926 597 exstitit

374 650 729 705 ascendendo.
759 647 891 715 Quia
920 646 998 700 sic
1026 641 1275 697 ordinata
1296 656 1326 693 a
1350 638 1457 692 Deo
1484 644 1538 690 et
1563 641 1775 689 ostensa
1805 640 1928 684 sunt

372 740 473 794 ista
523 749 751 809 quatuor
803 732 1088 804 Evangelia
1141 730 1299 798 longo
1347 735 1471 781 ante
1497 733 1756 791 tempore,
1807 720 1927 801 ideo

372 831 578 900 respuit
607 828 841 885 Ecclesia
872 824 1137 881 catholica
1180 822 1408 876 aliorum
1448 815 1927 893 pscudodoctorutn

372 923 740 984 deliramenta,
762 930 816 974 et
842 916 1062 985 suscipit
1092 916 1207 968 hinc
1230 918 1478 982 quatuor,
1502 907 1556 960 in
1581 902 1928 960 similitudine

372 1021 605 1081 quatuor
648 1010 947 1071 ﬂuminum,
979 1022 1098 1076 qua:
1130 1002 1402 1075 proﬂuunt
1447 1000 1512 1053 de
1541 1013 1648 1051 uno
1675 995 1821 1050 fonte
1860 1008 1926 1046 ex

370 1102 634 1171 paradiso,
664 1100 910 1156 similiter
940 1099 1051 1152 htec
1085 1112 1151 1150 ex
1177 1088 1270 1150 o'rc
1302 1089 1512 1146 Domini
1534 1087 1668 1153 Jesu
1705 1084 1923 1141 Christi.

369 1196 472 1250 Per
490 1193 656 1256 Geon,
679 1192 771 1261 qui
794 1190 985 1245 dicitur
1005 1199 1260 1250 terrenus,
1277 1182 1610 1255 significatur
1626 1178 1924 1240 Matthams,

369 1287 460 1356 qui
494 1294 706 1339 terrena
753 1290 873 1336 acta
912 1281 978 1335 de
1007 1277 1224 1334 Christo
1271 1272 1526 1328 narravit.
1558 1270 1662 1324 Per
1685 1267 1924 1356 Tygrim,

369 1354 458 1446 qui
520 1372 758 1429 velocitas
817 1371 1241 1438 interpretatur,
1299 1363 1530 1425 Marcus,
1577 1358 1669 1429 qui
1728 1354 1926 1410 cursim

368 1472 486 1520 acta
539 1463 747 1529 Domini
794 1459 1059 1529 exposuit.
1091 1456 1194 1510 Per
1220 1453 1517 1510 Eufratem.
1551 1449 1640 1518 qui
1687 1446 1926 1516 fertilitas

367 1528 763 1624 interpretatur,
816 1528 1008 1612 Lucas,
1041 1548 1131 1617 qui
1174 1544 1391 1600 uberius
1431 1552 1487 1598 et
1533 1534 1717 1595 latius'
1749 1538 1926 1592 Domi-

367 1646 421 1700 ni
482 1651 629 1714 gesta
690 1641 948 1697 decurrit.
1012 1638 1115 1692 Per
1171 1636 1364 1689 Phison
1397 1673 1412 1698 ,
1481 1631 1572 1701 qui
1639 1627 1925 1683 insumatio

365 1744 542 1807 potest
590 1734 717 1799 dici,
746 1732 1001 1794 Joannes,
1046 1727 1137 1799 qui
1170 1723 1517 1779 excellentius
1551 1720 1759 1775 alllatus
1804 1716 1925 1787 Spi-

2025 549 2208 608 gentes
2230 540 2320 608 qui
2350 539 2599 593 tenebant
2621 548 2792 593 terras
2821 528 2841 591 :7
2863 547 3142 609 propterea
3169 540 3244 592 illi
3272 549 3379 595 tres
3399 528 3583 595 Graece

2026 630 2372 699 scripserunt.
2420 628 2536 698 Ipsa
2590 643 2801 698 quoque
2830 630 3072 684 sonorior
3101 630 3348 685 omnibus
3388 630 3583 701 linguis

2028 719 2269 773 habetur.
2317 718 2498 787 Potest
2554 720 2665 787 ipse
2716 720 2847 775 ordo
2895 720 3301 791 Evangeliorum
3352 721 3469 776 ideo
3506 724 3584 777 sic

2027 810 2231 872 haberi,
2268 818 2324 863 ut
2355 826 2491 864 unus
2519 809 2801 880 Apostolus
2826 811 2903 865 sic
2929 811 2982 864 in
3005 812 3197 880 capite,
3220 812 3356 867 alter
3377 813 3428 866 in
3452 811 3580 866 fine.

2026 903 2093 957 Et
2138 903 2211 956 illi
2251 904 2354 957 duo
2398 904 2488 972 qui
2541 903 2681 957 inter
2712 906 2855 973 ipsos
2886 904 3168 968 habentur,
3210 903 3582 958 auctoritatem

2027 995 2094 1048 ab
2126 995 2253 1063 ipsis
2278 995 2484 1049 duobus
2528 995 2780 1049 habeant.
2821 994 2934 1047 Vidi
2970 1003 3145 1048 tamen
3190 994 3381 1047 librum
3412 994 3581 1046 Evan~

2028 1084 2150 1154 gelii
2191 1082 2377 1138 Crmce
2418 1085 2694 1153 scriptum,
2729 1083 2817 1152 qui
2872 1083 3148 1138 dicebatur
3192 1084 3364 1138 sancti
3395 1082 3581 1136 Hilarii

2028 1172 2223 1237 fuisse,
2248 1174 2300 1227 in
2326 1188 2431 1242 quo
2474 1175 2629 1242 primi
2659 1182 2811 1227 erant
2851 1172 3130 1228 Matthteus
3174 1182 3227 1226 et
3253 1170 3485 1225 Joannes
3530 1179 3584 1225 et

2026 1264 2176 1334 prius
2196 1263 2283 1317 alii
2308 1264 2432 1318 duo.
2454 1262 2778 1333 Interrogavi
2812 1264 2955 1317 enim
2982 1263 3313 1334 Euphenium
3335 1260 3581 1317 Graecum

2028 1371 2125 1410 cur
2162 1357 2264 1410 hoc
2313 1356 2386 1411 ita
2436 1364 2619 1410 esset:
2656 1356 2802 1409 Dixit
2852 1355 3029 1409 mihi:
3078 1354 3135 1408 In
3181 1354 3580 1413 similitudinem

2027 1447 2150 1502 boni
2182 1448 2453 1518 agricolae,
2480 1447 2569 1517 qui
2600 1462 2734 1516 quos
2758 1446 3005 1503 fortiores
3036 1446 3197 1501 habet
3224 1446 3384 1500 boves
3413 1446 3584 1515 primo

1994 1566 1995 1575 ι
2022 1538 2218 1609 jungit.

2097 1631 2268 1686 Habet
2291 1616 2474 1693 autem,
2490 1646 2652 1685 unum
2672 1616 2919 1701 quodque
2944 1629 3285 1699 Evangelium
3320 1637 3428 1683 tres
3457 1628 3584 1681 titu—

2027 1719 2128 1787 los,
2149 1736 2312 1774 unum
2341 1712 2432 1791 qui
2478 1720 2713 1775 ostendit
2741 1720 2833 1790 qui
2866 1734 3037 1772 canon
3072 1719 3162 1782 sit,
3206 1718 3296 1786 qui
3321 1732 3487 1787 usque
3514 1717 3581 1770 ad

367 1828 471 1881 ritu
519 1834 725 1891 sancto,
766 1824 832 1878 de
866 1820 1073 1876 Domini
1118 1818 1373 1888 dignitate
1407 1823 1601 1884 attigit.
1647 1811 1798 1866 Sicut
1826 1812 1925 1863 ista
1953 1807 2000 1866 B
2027 1812 2212 1867 decem
2263 1812 2504 1867 ascendit
2563 1826 2669 1867 non
2718 1810 2975 1880 amplius;
3024 1809 3317 1865 secundum
3372 1811 3423 1864 in
3476 1826 3581 1879 quo

365 1925 596 1986 quatuor
658 1912 874 1968 ﬂumina
940 1910 1166 1979 irrigant
1219 1920 1431 1961 omnem
1493 1901 1747 1957 mundum
1781 1939 1797 1962 ,
1840 1898 1920 1952 sic

364 2016 594 2075 quatuor
656 2000 943 2072 Evangelia
1006 1999 1234 2068 irrigant
1295 2008 1513 2050 omnem
1601 1989 1917 2045 Ecclesiam.

365 2094 527 2149 Multa
575 2099 910 2148 sacramenta
951 2086 1295 2142 inveniuntur
1337 2084 1391 2138 in
1434 2080 1708 2151 Scriptura
1740 2093 1915 2138 sacra,

361 2200 481 2254 qua:
534 2184 675 2239 hunc
714 2195 995 2236 numerum
1048 2184 1315 2233 sacratum
1372 2173 1622 2228 reddunt.
1678 2171 1920 2237 Quatuor

362 2285 487 2330 sunt
525 2274 785 2330 elementa
819 2286 912 2340 per
953 2284 1070 2338 quae
1111 2267 1338 2322 mundus
1389 2262 1649 2325 subsistit,
1703 2259 1917 2323 cwlum,

362 2374 528 2426 terra,
554 2362 693 2434 ignis
729 2370 784 2416 et
803 2375 960 2429 aqua.
1000 2359 1099 2415 Per
1129 2371 1343 2424 aquam,
1374 2353 1601 2413 Marcus,
1630 2350 1720 2419 qui
1754 2349 1917 2404 dixit:

372 2453 484 2507 Vox
512 2451 782 2506 clamantis
802 2451 857 2503 in
880 2450 1098 2503 deserto.
1123 2447 1223 2501 Per
1247 2453 1469 2508 terrain,
1507 2441 1805 2503 Blatthznus,
1829 2438 1919 2507 qui

361 2544 493 2599 dixit
520 2562 532 2595 :
559 2541 712 2596 Liber
738 2539 1102 2612 generationis.
1124 2536 1226 2591 Per
1246 2537 1444 2606 ignem,
1470 2534 1659 2597 Lucas,
1690 2530 1782 2600 qui
1806 2530 1879 2583 ait
1903 2546 1916 2582 :

366 2634 550 2689 Nonne
573 2648 664 2688 cor
682 2641 911 2686 nostrum
930 2629 1116 2684 ardens
1154 2636 1265 2682 erat
1290 2628 1344 2681 in
1365 2625 1510 2679 nobis
1528 2625 1552 2677 ?
1572 2623 1675 2678 Per
1701 2620 1916 2684 cadum,

359 2726 613 2791 Joannes,
661 2725 752 2796 qui
782 2723 1010 2779 transiiti
1038 2736 1229 2776 omnes
1273 2712 1550 2774 creaturas
1598 2716 1822 2770 dicens:
1851 2711 1918 2766 In

357 2819 610 2889 principio
653 2825 763 2869 erat
798 2812 1042 2867 Verbum.
1074 2810 1245 2865 Homo
1290 2826 1352 2864 ex
1379 2817 1612 2878 quatuor
1639 2805 1918 2861 elementis

357 2917 574 2965 constat
595 2906 840 2977 superius
859 2903 1281 2973 comprehensis.
1310 2901 1480 2955 Adam
1503 2916 1564 2955 ex
1586 2906 1815 2967 quatuor
1839 2895 1919 2948 lit-

361 2999 853 3069 teriscompositum
874 3011 1065 3052 nomen
1097 2997 1276 3057 habet,
1303 3010 1421 3063 qua:
1444 2993 1703 3065 principia
1720 3000 1844 3046 sunt
1862 2992 1914 3044 in

358 3100 587 3160 quatuor
605 3088 913 3143 climatibus
943 3080 1145 3140 mundil
1164 3084 1220 3138 ln
1245 3084 1430 3139 Graeca
1461 3084 1639 3154 lingua
1655 3099 1709 3146 a,
1738 3080 1913 3153 alpha,

2021 1901 2358 1969 evangelista:
2383 1900 2722 1956 concordatio
2747 1901 3069 1966 continetur,
3108 1900 3173 1955 de
3205 1901 3399 1969 quibus
3422 1900 3584 1955 habet

2020 1990 2299 2047 Matthazus
2326 1990 2429 2044 300
2450 1991 2539 2057 55,
2563 1991 2725 2047 Marc.
2751 1991 2853 2045 200
2882 1991 2970 2055 54,
2995 1991 3123 2047 Luc.
3161 1991 3264 2046 500
3289 1991 3379 2056 49.,
3422 1990 3578 2045 Joan.

2021 2080 2123 2134 100
2148 2091 2201 2135 et
2228 2081 2316 2135 51.
2345 2080 2583 2135 Tertium
2616 2081 3032 2152 uniuscujusque
3067 2083 3358 2151 proprium,
3394 2082 3447 2135 in
3473 2096 3579 2151 quo

2017 2173 2253 2228 ostendit
2278 2175 2330 2227 in
2364 2189 2474 2242 quo
2515 2173 2704 2229 ordine
2732 2175 3012 2230 sententia:
3048 2175 3346 2230 habeantur
3378 2176 3429 2229 in
3466 2176 3582 2246 ipso

2018 2262 2323 2332 Evangelia.
2359 2263 2434 2319 De
2477 2264 2672 2333 quibus
2720 2274 2847 2321 sunt
2896 2266 3131 2335 Matthtei,
3165 2268 3256 2333 8l,
3288 2266 3451 2322 Marc.
3482 2267 3577 2333 47,

2018 2352 2131 2407 Luc
2192 2353 2273 2415 79,
2310 2351 2466 2408 Joau.
2503 2353 2588 2408 Μ.
3576 2411 3581 2417 .

2089 2442 2216 2497 Tria
2270 2459 2464 2514 genera
2504 2445 2852 2515 philosophia:
2899 2447 3040 2517 apud
3086 2461 3273 2502 omnes
3314 2449 3582 2516 sapientes

2020 2532 2254 2597 fuerunt,
2278 2549 2396 2603 qua:
2425 2544 2478 2590 et
2506 2536 2617 2605 ipsa
2640 2538 2984 2592 inveniuntur
3002 2539 3054 2591 in
3078 2537 3352 2606 Scriptura
3377 2538 3575 2599 divina,

2020 2623 2285 2687 videlicet,
2307 2625 2546 2695 physica,
2577 2626 2776 2691 cthica,
2821 2626 3011 2697 logica,
3040 2628 3137 2681 hoc.
3166 2635 3264 2693 est,
3297 2628 3576 2689 naturalis,

2018 2714 2254 2778 moralis,
2297 2715 2595 2787 rationalis.
2638 2715 2693 2769 In
2729 2718 2968 2787 physica,
3015 2717 3067 2771 id
3117 2730 3200 2771 est
3246 2717 3299 2772 in
3347 2717 3579 2771 naturali

2019 2806 2260 2867 scientia,
2292 2807 2424 2862 ordo
2453 2807 2755 2876 inquirendi
2784 2823 2880 2876 per
2920 2817 3167 2862 naturam
3203 2823 3378 2863 rerum
3404 2817 3455 2863 et
3483 2824 3580 2877 per

2023 2896 2401 2959 conditionem,
2430 2897 2555 2966 quia
2586 2905 2639 2953 et
2669 2897 2839 2966 ipsam
2865 2897 3139 2966 physicam
3174 2898 3467 2952 diviserunt
3491 2914 3578 2951 sa-

2020 2985 2228 3054 pientes
2256 2986 2309 3040 in
2358 2994 2587 3055 quatuor
2607 2986 2848 3049 virtutes,
2888 2987 2989 3040 hoc
3030 2995 3133 3049 est,
3165 2987 3576 3053 arithmeticam,

2021 3077 2369 3147 geometriam
2386 3086 2440 3151 et
2455 3078 2713 3131 musicam
2730 3086 2889 3146 atque
2905 3077 3303 3130 astronomiam.
3324 3076 3581 3131 Dicuntur

358 3181 620 3245 anatltole,
649 3181 701 3234 id
725 3190 809 3235 est
826 3180 1034 3242 oriens;
1060 3178 1114 3242 d,
1132 3176 1448 3245 delta,dysis
1474 3175 1525 3229 id
1545 3183 1627 3229 est
1645 3174 1913 3228 occidens.
1946 3164 1989 3226 C
2020 3176 2196 3221 autem
2221 3168 2527 3237 numeralis,
2561 3167 2897 3230 mensuralis,
2926 3165 3288 3231 caulﬂenaris,
3313 3166 3577 3231 sideralis,

357 3273 486 3328 Item
510 3291 561 3338 a,
585 3282 733 3327 atron
761 3271 776 3343 [
805 3280 986 3325 arcton
1014 3270 1051 3342 l,
1079 3271 1130 3324 id
1162 3278 1246 3324 est
1267 3269 1559 3339 septentrio
1583 3284 1598 3331 ;
1628 3283 1699 3330 in,
1722 3266 1918 3319 intrim-

358 3365 470 3417 brio
494 3362 841 3435 [mesembria]
872 3364 923 3417 id
942 3371 1045 3428 est,
1075 3362 1344 3417 meridies.
1374 3362 1511 3415 Area
1532 3359 1641 3415 Noe
1655 3359 1912 3428 quadrata

357 3454 551 3522 legitur
585 3468 651 3508 ex
671 3453 836 3524 lignis
857 3453 1016 3508 facta.
1038 3452 1175 3506 Area
1204 3451 1536 3506 Testamenti
1560 3459 1790 3519 quatuor
1810 3448 1916 3502 eir-

358 3544 493 3599 culis
515 3544 694 3599 aureis
718 3545 1052 3613 portabatur,
1076 3551 1235 3610 etper
1257 3550 1437 3595 vectes
1450 3550 1682 3611 quatuor
1700 3553 1763 3592 ex
1781 3552 1915 3592 auro

357 3645 611 3705 cooperto
622 3646 854 3706 quatuor
869 3634 1153 3704 Evangelia
1174 3633 1559 3702 significantur.
1577 3630 1716 3685 Area
1734 3629 1918 3684 Eccle-

359 3728 514 3790 siam,
560 3735 739 3781 vectes
786 3727 1049 3779 doctores.
1098 3722 1250 3777 Sicut
1297 3721 1370 3775 illi
1402 3719 1714 3775 circumdati
1760 3724 1919 3772 erant

361 3815 593 3881 annulis,
620 3816 692 3869 ita
723 3814 1028 3870 sacerdotes
1057 3813 1123 3866 de
1160 3810 1336 3865 Veteri
1364 3820 1420 3865 et
1450 3811 1514 3866 de
1547 3809 1695 3864 Novo
1723 3808 1915 3862 Testa-

357 3914 539 3962 mento
558 3906 723 3969 docti,
741 3913 795 3960 et
828 3905 894 3960 de
916 3914 1146 3973 quatuor
1174 3901 1476 3972 Evangeliis
1508 3899 1800 3955 defendunt
1823 3897 1916 3953 Ec-

355 3998 574 4053 elesiam
591 3998 659 4052 ab
680 3997 990 4052 hzeresibus.
1023 3995 1127 4050 Vas
1152 3994 1375 4048 linteum
1398 3993 1540 4062 quod
1560 3990 1692 4045 vidit
1727 3989 1916 4043 Petrus

356 4087 623 4158 significat
649 4084 945 4141 Ecclesiam
966 4082 980 4138 ξ
1005 4093 1237 4154 quatuor
1266 4082 1421 4135 lineae
1442 4096 1538 4150 per
1563 4094 1698 4150 quas
1727 4078 1912 4133 dimit-

357 4177 584 4240 tebatur,
609 4183 838 4246 quatuor
862 4174 1153 4244 Evangelia
1164 4172 1491 4243 significant;
1516 4170 1714 4223 munda
1736 4177 1792 4223 et
1817 4169 1917 4222 im-

354 4266 553 4321 munda
590 4264 841 4319 animalia
882 4263 1131 4327 habebat,
1162 4262 1287 4331 quia
1312 4258 1551 4317 Ecclesia
1575 4259 1640 4312 de
1667 4256 1918 4312 omnibus

352 4356 600 4427 gentibus
627 4354 910 4424 colligitur.
940 4353 1114 4407 Etiam
1138 4350 1277 4421 apud
1302 4365 1538 4421 paganos
1582 4347 1682 4402 iste
1702 4354 1918 4414 quater-

2017 3257 2143 3326 quia
2184 3257 2301 3310 ista:
2331 3266 2476 3311 artes
2509 3256 2782 3310 naturales
2802 3257 2954 3310 nobis
2980 3264 3035 3309 et
3059 3255 3175 3308 sine
3207 3255 3324 3308 istis
3353 3255 3580 3309 mundus

2018 3362 2124 3401 nou
2168 3357 2341 3417 potest
2390 3347 2708 3412 consistere,
2758 3362 2858 3401 nec
2901 3362 2996 3401 nos
3036 3345 3235 3415 aliquid
3267 3346 3389 3401 boni
3418 3345 3577 3401 scire.

2017 3437 2480 3503 Ethicamautem,
2514 3439 2566 3491 id
2595 3446 2675 3492 est
2694 3437 2970 3498 moralem,
2999 3438 3247 3491 similiter
3269 3437 3497 3491 divisere
3526 3437 3578 3490 in

2018 3536 2248 3596 quatuor
2262 3528 2507 3587 virtutes.
2526 3528 2626 3582 hoc
2640 3535 2740 3589 est,
2758 3529 3110 3596 prudentiam.
3133 3528 3411 3598 justitiam,
3431 3528 3583 3582 forti-

2018 3617 2255 3671 tudinem
2293 3626 2454 3685 atque
2495 3619 2927 3686 temperantiam,
2978 3626 3032 3670 et
3082 3627 3446 3687 pra-ceperunt
3493 3634 3581 3673 sa-

2015 3706 2242 3774 pientes,
2289 3716 2348 3760 ut
2378 3707 2740 3776 unusquisque
2788 3708 2945 3761 homo
2978 3708 3266 3760 secundum
3314 3707 3444 3760 istas
3472 3708 3581 3761 vir-

2019 3806 2159 3853 tutes
2181 3806 2392 3867 aptaret
2437 3814 2614 3853 IDOI'CS
2662 3814 2806 3863 SUOS,
2843 3809 3004 3866 utque
3047 3798 3287 3853 studeret
3318 3807 3576 3868 quantum

2014 3903 2196 3963 posset
2221 3908 2341 3947 esse
2369 3892 2602 3962 prudens
2629 3892 2696 3945 dc
2739 3892 2932 3945 divinis
2957 3900 3011 3944 et
3042 3890 3290 3944 humanis
3323 3891 3500 3953 rebus,
3526 3898 3580 3944 et

2016 3984 2071 4039 in
2125 3985 2239 4054 ipsa
2270 3984 2552 4053 prudentia
2601 3992 2746 4038 esset
2790 3982 3017 4052 justitia,
3054 3991 3117 4049 ,et
3146 3982 3297 4051 prius
3327 3978 3579 4036 fortitudo

2017 4074 2204 4139 animi,
2254 4084 2312 4128 ut
2339 4075 2452 4129 sive
2486 4074 2762 4128 evenirent
2806 4074 2856 4127 ei
2885 4075 3107 4129 adversa
3150 4074 3262 4130 sive
3301 4089 3574 4143 prospera,

2017 4181 2228 4236 semper
2253 4182 2359 4221 uno
2378 4167 2535 4221 modo
2560 4178 2703 4221 esset
2724 4166 3059 4235 tranquillus,
3083 4173 3140 4219 ut
3161 4180 3329 4235 neque
3354 4165 3576 4219 adversa

2016 4270 2136 4310 eum
2166 4255 2479 4320 (lciicereut,
2530 4270 2702 4325 neque
2732 4245 2987 4326 prospera
3017 4257 3069 4311 in
3119 4256 3423 4326 superbiam
3466 4256 3575 4311 cle-

2016 4357 2224 4402 varent.
2252 4347 2380 4401 Post
2404 4348 2585 4401 omnia
2630 4348 2731 4402 ista
2762 4347 2890 4401 etin
2938 4347 3187 4402 omnibus
3225 4348 3340 4401 istis
3374 4357 3579 4421 teneret
3670 4362 3674 4366 ‘

349 4447 537 4504 uarius
567 4459 823 4500 numerus
846 4451 1087 4498 sacratus
1113 4441 1233 4507 fuit,
1256 4441 1381 4510 quia
1410 4440 1461 4494 in
1483 4439 1628 4491 omni
1657 4445 1809 4505 parte
1831 4451 1915 4487 :0-
1940 4508 1967 4510 Α
2019 4440 2422 4508 temperantiam
2461 4448 2516 4493 et
2563 4439 2615 4493 in
2654 4439 2935 4509 prudentia
2984 4448 3039 4494 ct
3074 4440 3126 4493 in
3165 4439 3389 4510 iustitia.
3420 4448 3475 4494 ct
3525 4439 3576 4493 in

352 4540 490 4594 lidus
533 4546 682 4592 stat:
716 4552 812 4592 seu
846 4545 1065 4606 prapter
1115 4508 1344 4603 quatuor
1392 4532 1635 4589 virtutes.
1671 4527 1908 4596 prudeu-
1937 4508 1987 4567 D
2013 4529 2344 4593 fortitudine,
2376 4532 2511 4585 utin
2538 4508 2744 4586 neutris
2770 4532 2982 4586 modum
3011 4508 3313 4586 excederet.
3345 4530 3579 4603 Loycam

352 4632 500 4694 tiam,
533 4628 963 4698 temperantiam,
1001 4625 1369 4680 fortitudinem
1420 4632 1581 4691 atque
1623 4620 1907 4690 justitiam.

422 4723 598 4789 Quare
628 4720 826 4792 placuit
852 4720 1076 4774 Domino
1104 4718 1239 4772 duos
1263 4715 1531 4787 apostolos
1557 4711 1913 4783 evangelistas

352 4814 486 4876 fore,
513 4820 569 4868 et
586 4812 721 4868 duos
746 4809 1032 4879 discipulos
1059 4806 1473 4877 discipulorum?
1504 4804 1572 4859 Ut
1605 4803 1913 4857 ostenderet

351 4907 585 4975 scipsum
606 4918 748 4968 esse,
769 4901 1028 4972 quielcgit
1042 4900 1180 4954 ﬁlios
1203 4897 1368 4954 Jacob
1392 4899 1443 4952 in
1466 4896 1720 4966 populum
1752 4910 1913 4964 pecu-

351 4996 540 5050 liarem
554 4995 655 5050 sibi
670 4994 736 5049 de
750 4994 954 5047 duabus
966 4990 1221 5044 uxoribus
1232 4998 1287 5044 et
1300 4989 1364 5043 de
1379 4988 1586 5042 duabus
1599 4984 1910 5041 concubinis

352 5095 697 5156 aggregatum
708 5090 763 5137 et
774 5090 975 5135 natum.
993 5078 1142 5133 Sicut
1156 5078 1207 5132 in
1222 5078 1407 5131 ordine
1421 5074 1793 5138 habentur,sic
1805 5074 1889 5127 edi

350 5173 824 5229 uesuntJ’rimum
850 5169 1080 5224 Μεληὴωί
1111 5167 1476 5235 Evangelium,
1494 5166 1748 5236 quoniam
1782 5174 1909 5218 tem-

359 5283 493 5339 pore
505 5268 619 5322 Caii
647 5266 845 5320 factum
871 5274 972 5318 est.
1004 5261 1305 5315 Secundum
1335 5258 1520 5323 Marci,
1546 5256 1685 5327 quod
1701 5256 1907 5310 Claudii

350 5369 592 5429 tempore
638 5359 692 5412 in
745 5357 914 5411 Roma
953 5353 1143 5409 Graeco
1185 5364 1431 5413 sermone
1482 5349 1741 5417 scriptum
1785 5346 1899 5400 fuit.

350 5453 588 5508 Tertium
616 5449 771 5505 Lucre
799 5450 855 5504 in
900 5444 1102 5501 Achaia
1143 5442 1330 5499 Graeco
1368 5441 1599 5510 eloquio.
1645 5440 1907 5507 Quartum

347 5543 589 5607 Joannis,
630 5544 683 5597 in
711 5542 836 5596 Asia
887 5540 939 5594 in
968 5538 1183 5594 civitate
1222 5536 1431 5603 Epheso
1477 5533 1665 5588 Graeco
1698 5532 1907 5601 eloquio

350 5633 698 5688 nihilominus
744 5641 981 5700 tempore
1009 5627 1195 5681 Nervae
1236 5624 1590 5693 imperatoris.
1625 5622 1759 5689 Quia
1800 5621 1903 5677 lto-

351 5724 496 5777 tnani
522 5721 611 5790 qui
654 5720 797 5775 enini
825 5720 1022 5774 mundo
1049 5716 1461 5773 dominabantur
1488 5714 1675 5770 Cnet-:1
1727 5714 1903 5782 lingua

2017 4621 2315 4707 [ngicam]
2356 4637 2587 4692 quoque,
2625 4621 2729 4677 hoc
2778 4630 2860 4675 est
2915 4622 3251 4685 rationalem,
3280 4622 3579 4677 diviserunt

2014 4714 2068 4767 in
2104 4723 2212 4767 tres
2264 4713 2575 4777 divisiones,
2606 4713 2658 4766 id
2688 4720 2790 4774 est,
2824 4712 2875 4764 in
2919 4711 3321 4781 grammaticam
3372 4719 3427 4766 et
3458 4711 3579 4764 rhe—

2015 4790 2237 4856 toricam
2266 4811 2321 4856 et
2342 4802 2694 4865 dialecticam,
2723 4811 2779 4854 ut
2810 4800 2956 4870 prius
2971 4801 3242 4854 naturales
3267 4807 3320 4855 et
3350 4800 3577 4854 morales

2016 4908 2208 4949 causas
2228 4901 2495 4963 quaereret
2519 4907 2613 4962 per
2635 4892 2897 4945 rationem
2921 4901 2976 4945 et
3011 4891 3239 4944 moralcs
3265 4899 3320 4945 et
3355 4904 3577 4959 superas

2016 5000 2206 5039 causas
2243 4991 2501 5054 quantum
2532 4980 2785 5034 discendo
2814 4988 2867 5033 et
2896 4980 3215 5049 disputando
3247 4979 3365 5047 plus
3397 4988 3577 5046 posset

2016 5077 2171 5132 scire.
2198 5076 2264 5129 Et
2303 5089 2490 5128 omnes
2516 5074 2630 5126 ista:
2659 5070 3001 5126 dillinitiones
3030 5071 3371 5138 inveniuntur
3412 5070 3571 5122 etiam

2013 5167 2069 5220 in
2101 5166 2294 5220 divinis
2338 5163 2947 5232 Scripturis.‘lnvenitur
2967 5163 3125 5215 etiatn
3149 5160 3386 5232 physica,
3412 5161 3463 5214 id
3491 5169 3575 5214 est

2015 5255 2296 5321 naturalis,
2322 5254 2371 5308 iu
2405 5254 2617 5315 Genesi,
2654 5262 2713 5307 ut
2752 5252 3119 5323 unusquisque
3147 5251 3199 5305 in
3230 5251 3342 5320 lege
3370 5258 3574 5305 natura:

2017 5349 2238 5404 haberet
2266 5345 2443 5401 facere
2491 5345 2735 5414 proximo
2764 5344 2904 5412 Quod
2939 5342 3040 5396 sibi
3074 5340 3247 5401 vellet,
3275 5348 3330 5395 et
3356 5354 3460 5394 non
3497 5339 3576 5394 fa-

2013 5446 2161 5492 ceret
2193 5436 2347 5490 alteri
2374 5435 2514 5503 quod
2537 5435 2646 5502 pati
2673 5434 2851 5488 nollet.
2879 5432 3092 5486 Muralis
3134 5444 3344 5500 quoque
3366 5430 3418 5484 in
3441 5428 3556 5485 Pro

2013 5528 2215 5583 verbiis
2259 5525 2556 5589 invenitur,
2613 5532 2691 5589 ut,
2740 5524 3019 5578 Dominum
3069 5524 3189 5575 time
3239 5535 3284 5576 et
3323 5521 3569 5575 mandata

2012 5623 2125 5690 ejus
2164 5620 2392 5681 observa,
2442 5617 2538 5670 hoc
2584 5626 2657 5670 est
2695 5617 2831 5670 enim
2884 5614 3049 5666 cumis
3089 5612 3258 5666 homo.
3294 5612 3467 5682 Loyca
3515 5605 3568 5663 in

2012 5710 2246 5766 Canticis
2288 5708 2651 5769 canticorum,
2699 5706 2818 5775 quia
2870 5705 3047 5758 omnia
3100 5701 3581 5773 quzcibidicuntur
