3962 6174
428 339 564 395 ηδτ
1221 335 1603 393 cumsuam
1640 334 2041 394 nuuruuam
2080 324 2527 393 CORBEIENSIS
2560 336 2856 395 ttomcm
3514 340 3651 396 me

425 467 587 521 super
613 465 864 522 sponsum
906 456 961 504 et
987 462 1148 521 super
1177 463 1450 518 sponsam,
1497 464 1659 519 super
1696 451 1980 505 Dominum
2008 456 2057 512 Α
2082 459 2136 504 et
2156 449 2323 505 David
2340 449 2408 506 de
2425 448 2805 506 Sauledieebat
2829 449 2983 505 :Non
3004 449 3204 507 mittam
3239 460 3645 509 mammeata

422 554 479 599 et
501 555 660 614 super
677 540 970 597 Ecclesiam
997 539 1113 610 ejus
1141 539 1533 595 rationabiliter
1556 552 1612 595 et
1637 556 1734 611 per
1756 540 1982 610 logicum
2083 542 2139 595 in
2180 542 2429 596 christum
2465 541 2694 596 Domini.
2739 541 2962 607 Quando
3013 555 3141 596 vero
3186 542 3254 597 de
3298 542 3525 598 Domino
3551 559 3654 614 per

424 636 861 705 interpretamur.
882 629 950 686 Et
972 630 1215 686 estlocus
1235 631 1289 685 in
1315 629 1630 701 Scripturis,
1658 632 1749 687 ubi
1764 632 1985 704 singulae

423 723 539 776 ista:
565 719 837 790 sapientiae
863 718 1209 773 inveniuntur
1249 720 1535 787 separatim
1558 760 1572 784 ,
1612 727 1668 774 et
1695 719 1844 774 locus
1890 718 2007 775 uhi‘

424 815 543 869 dna:
579 810 912 868 solummodo
957 819 1013 865 et
1048 811 1199 865 locus
1224 810 1312 864 ubi
1341 818 1469 865 tres.
1523 810 1592 867 Ut
1621 820 1746 882 puta
1776 811 1842 866 de
1874 824 1981 865 uno

420 903 666 975 exemplo
693 898 917 959 sufﬁciat
960 916 1202 972 quaerere
1233 901 1393 957 simili
1421 902 1580 957 modo
1615 902 1670 956 in
1708 902 1830 957 aliis
1862 916 1983 972 qua:

421 986 666 1067 superius
710 994 962 1050 diximus.
991 991 1065 1047 De
1109 993 1315 1047 duabus
1358 991 1411 1045 in
1440 991 1611 1046 Adam
1659 989 1977 1056 dormiente,

419 1088 710 1144 secundum
758 1085 1039 1141 historiam
1083 1092 1137 1139 et
1174 1083 1449 1155 physicam
1497 1084 1575 1138 sic
1609 1082 1736 1146 fuit,
1793 1091 1848 1137 et
1896 1098 1981 1137 se-

419 1180 653 1235 cundum
724 1176 953 1248 logicum
1025 1174 1297 1230 Christum
1359 1172 1660 1243 intelligere
1724 1173 1980 1229 debemus

418 1269 770 1326 dormientem
823 1283 878 1321 in
909 1280 1089 1327 cruce,
1123 1265 1225 1319 hoc
1260 1273 1345 1319 est
1386 1263 1723 1328 morientem,
1771 1263 1893 1332 quia
1925 1274 1980 1318 et

419 1359 617 1415 mortui
645 1357 974 1413 dormientes
1016 1362 1297 1418 vocantur,
1326 1362 1386 1408 ut
1426 1352 1625 1408 Paulus
1651 1353 1728 1407 ait
1758 1371 1771 1406 :
1803 1353 1977 1407 Nolu-

416 1466 534 1505 mus
562 1461 735 1505 autem
784 1465 870 1504 vos
916 1450 1161 1518 ignorare
1207 1445 1273 1499 de
1299 1442 1693 1498 dormientibus.
1746 1443 1812 1497 Et
1841 1444 1979 1498 sicut

418 1543 717 1601 dormiente
743 1541 912 1596 Adam
940 1540 1168 1593 formata
1197 1545 1281 1593 est
1306 1552 1459 1601 uxor,
1511 1536 1590 1591 sic
1610 1534 1831 1601 Christo
1867 1550 1978 1589 mo-

414 1637 590 1690 riente
619 1624 847 1687 formata
877 1637 960 1685 est
998 1628 1257 1683 Ecclesia.
1291 1627 1367 1682 De
1412 1626 1585 1681 tribus
1629 1635 1689 1679 ut
1732 1626 1786 1680 in
1818 1623 1932 1679 Noe
1960 1644 1973 1679 :

414 1722 706 1779 secundum
751 1720 1050 1791 physicam,
1085 1716 1177 1788 qui
1208 1715 1336 1772 fecit
1378 1715 1705 1771 voluntatem
1740 1714 1976 1779 Domini,

2082 632 2165 685 chi
2185 639 2238 687 et
2268 648 2326 686 ro
2354 640 2410 687 et
2436 634 2605 702 sigma
2633 639 2689 685 et
2717 631 2867 701 apice
2893 631 3139 701 desuper,
3164 640 3225 685 ut
3252 631 3342 688 hic
3368 633 3458 688 illa
3480 636 3655 706 signi-

2082 721 2206 785 llcet
2227 736 2347 790 qua:
2368 721 2434 775 de
2457 719 2581 775 Jesu
2608 721 2824 805 nomine
2843 719 3097 786 diximus,
3124 720 3229 776 hoc
3241 731 3345 787 est,
3375 721 3654 780 ineﬂ'ahile

2080 825 2219 865 esse.
2253 810 2513 866 Similiter
2533 811 2674 866 Deus
2716 818 2771 865 et
2812 809 3073 866 Dominus
3096 813 3310 881 quando
3334 812 3402 868 de
3427 813 3652 869 homine

2080 918 2176 974 per
2222 902 2451 969 litteras,
2501 903 2716 973 quando
2766 903 2833 958 de
2875 903 2988 958 Deo
3030 904 3469 973 comprehensive
3524 906 3648 963 ﬁeri

2081 995 2256 1059 debet,
2284 995 2409 1065 quia
2446 994 2655 1048 nullum
2695 1008 2891 1050 nomen
2920 994 3136 1064 preprie
3179 1002 3357 1064 potest
3384 995 3649 1060 Deodici,

2079 1087 2220 1158 quod
2259 1086 2372 1155 ejus
2434 1086 2768 1157 majestatem
2809 1086 2985 1140 valeat
3032 1074 3336 1143 estcuilere.
3388 1088 3504 1144 Non
3561 1102 3653 1145 est

2079 1183 2257 1229 autem
2317 1184 2512 1230 unctus
2561 1174 2809 1230 Christus
2848 1174 3102 1229 Dominus
3145 1187 3329 1230 noster
3389 1177 3508 1232 oleo
3560 1178 3649 1232 vel

2078 1264 2368 1318 chrismate
2422 1262 2686 1332 corporali
2733 1262 2826 1317 sed
2873 1262 3135 1332 spirituali
3165 1303 3181 1327 ,
3203 1264 3345 1318 sicut
3380 1265 3650 1335 scriptum

2077 1364 2177 1418 est,
2211 1357 2361 1409 unxit
2389 1364 2438 1409 te
2477 1354 2633 1418 Deus,
2659 1353 2819 1417 Deus,
2848 1364 2970 1407 tuus
3000 1352 3112 1407 oleo
3134 1353 3348 1418 (mitia,
3377 1355 3504 1423 quia
3539 1371 3651 1411 nec

2077 1436 2299 1518 regnum
2343 1455 2618 1501 terrenum
2655 1445 2812 1499 aliter
2863 1444 3063 1498 habere
3116 1443 3306 1509 voluit,
3355 1445 3457 1500 nisi
3497 1446 3649 1501 sicut

2078 1540 2235 1595 modo
2284 1538 2448 1594 habet
2499 1553 2619 1593 cum
2674 1537 2834 1592 Patre
2877 1537 2931 1591 in
2961 1545 3247 1606 potestate,
3304 1538 3424 1594 ideo
3472 1540 3652 1596 noluit

2076 1632 2203 1702 ungi
2252 1630 2370 1686 oleo
2431 1629 2727 1701 temporali.
2780 1627 2909 1683 Filii
2938 1628 3127 1684 David.
3178 1629 3419 1697 Quatuor
3470 1634 3653 1689 modis

2078 1725 2326 1779 dicuntur
2381 1723 2496 1788 lilii,
2556 1723 2610 1777 id
2659 1730 2743 1777 est
2786 1730 2996 1784 natura,
3055 1730 3114 1777 ut
3165 1723 3314 1778 lsaac
3356 1722 3500 1780 filius
3543 1724 3653 1780 fuit

412 1815 609 1886 eripuit
631 1828 752 1869 eum
792 1812 1047 1867 Dominus
1068 1826 1097 1864 a
1129 1808 1432 1880 perditione
1474 1807 1780 1876 impiorum.
1813 1804 1972 1860 Juxta
2001 1799 2049 1859 Β
2074 1813 2320 1869 Abrahae.
2345 1812 2595 1869 Secundo
2626 1814 2940 1879 imitatione,
2970 1821 3031 1868 ut
3067 1812 3235 1868 Judazi
3262 1814 3517 1870 dicuntur
3548 1816 3651 1871 ﬁlii

415 1907 651 1962 ethicam
678 1904 985 1975 quicunque
1017 1900 1283 1956 studuerit
1311 1912 1489 1953 mores
1510 1911 1639 1953 suos
1662 1897 1737 1951 ita
1759 1911 1969 1966 compa

412 2008 541 2052 nere
569 1994 884 2050 liberabitur
922 2008 955 2046 a
984 1990 1285 2061 perditione
1315 1986 1519 2051 futura,
1566 2002 1685 2058 quae
1727 2000 1973 2056 compre-

414 2090 648 2144 hensura
692 2093 776 2140 est
822 2082 1034 2154 impios.
1068 2078 1373 2137 Secundum
1400 2077 1745 2149 logicam,‘-.id
1785 2086 1867 2132 est
1889 2092 1974 2131 ra-

413 2180 696 2246 tionaiem,
743 2179 798 2234 in
851 2176 964 2233 Noe
1014 2174 1285 2231 Christum
1318 2215 1333 2241 ,
1378 2154 1435 2228 in
1484 2186 1607 2227 arca
1658 2171 1972 2226 Ecclesiam.

409 2272 468 2327 In
498 2270 670 2326 tribus
689 2268 813 2343 (iliis
834 2267 964 2330 Noe,
988 2280 1147 2322 omne
1167 2256 1441 2322 hominum
1470 2277 1656 2333 genus,
1683 2263 1773 2334 qui
1798 2261 1975 2316 Trini-

412 2361 511 2416 tati
534 2359 895 2423 crediderunt,
924 2365 980 2412 et
1005 2357 1071 2412 de
1092 2356 1209 2427 ejus
1243 2369 1468 2410 numero
1495 2367 1616 2409 esse
1650 2351 1968 2407 studuerint.

413 2451 729 2521 Ubicunque
764 2463 892 2518 ergo
918 2444 1119 2503 i‘ueriut
1139 2447 1256 2501 ista:
1292 2443 1848 2513 intelligentiagprout
1876 2441 1976 2496 Do-

413 2542 594 2597 minus
615 2540 822 2596 dederit
858 2539 1182 2593 deducemns
1217 2536 1282 2591 ad
1308 2534 1572 2590 notitiam.

482 2634 631 2689 Liber
650 2627 856 2690 duobus
901 2632 1072 2687 modis
1101 2631 1317 2695 dicitur,
1350 2629 1475 2698 quia
1502 2636 1557 2681 et
1608 2625 1745 2680 liber
1772 2624 1972 2679 dicitur

408 2743 439 2782 a
470 2726 739 2791 libertate,
767 2714 868 2779 hoc
891 2732 974 2779 est
1001 2721 1279 2776 absolutus
1308 2734 1336 2773 a
1366 2717 1602 2780 servitio,
1645 2717 1756 2771 sive
1776 2714 1841 2770 de
1863 2714 1968 2769 alia

407 2836 467 2876 re
497 2818 634 2874 liber
656 2818 798 2888 quod
835 2816 1021 2872 Graec
1071 2808 1322 2868 eleateros
1352 2812 1549 2867 dicitur
1594 2816 1648 2864 et
1675 2807 1811 2862 liber
1834 2808 1972 2862 inte-

416 2911 527 2965 rior
562 2924 688 2978 pars
730 2907 949 2975 corticis
982 2905 1179 2961 dicitur
1230 2903 1295 2958 de
1351 2902 1529 2970 aliqua
1565 2900 1778 2963 arbore,
1826 2895 1970 2951 unde

409 3000 549 3073 apud
573 2996 825 3068 antiquos
855 3005 979 3052 ante
1008 2994 1368 3051 inventionem
1397 2987 1842 3062 pergamenilihri
1873 2986 1967 3041 lic-

410 3094 561 3159 bant,
591 3092 646 3148 et
681 3092 748 3146 ab
787 3089 876 3144 illa
903 3086 1289 3143 consuetudine
1330 3082 1634 3145 descendit,
1677 3088 1735 3135 ut
1762 3080 1881 3135 libri
1904 3092 1969 3131 eo

2072 1904 2266 1960 diaboli
2322 1904 2578 1959 imitando
2629 1919 2774 1970 cum,
2810 1912 2870 1958 ut
2921 1904 2988 1958 ad
3037 1918 3133 1958 eos
3158 1902 3416 1960 Dominus
3465 1905 3640 1960 dicit:

2083 1993 2185 2049 Vos
2231 2011 2297 2049 ea:
2324 2003 2470 2064 patre
2532 1993 2743 2048 diabolo
2787 1995 2930 2049 estis.
2985 1993 3053 2048 Et
3077 1994 3240 2048 item:
3277 1991 3451 2064 Cujus
3483 2012 3651 2066 opera

2073 2086 2230 2156 facis,
2276 2086 2391 2156 ejus
2423 2085 2565 2155 ﬁlius
2608 2093 2657 2140 et
2681 2085 2966 2165 vocaberis.
3021 2085 3205 2141 Tertio
3248 2087 3557 2156 adoptione,
3586 2096 3653 2142 ut

2072 2177 2267 2232 Esther
2306 2176 2447 2230 dicta
2478 2183 2563 2230 est
2599 2174 2704 2229 lilia
2733 2174 3071 2230 Mardochazi.
3116 2175 3320 2241 Quarto
3365 2177 3640 2243 doctrina,

2069 2280 2133 2326 ut
2149 2270 2344 2326 Paulus
2363 2270 2520 2325 dicit:
2548 2267 2652 2324 Per
2673 2268 3011 2340 Evangelium
3031 2286 3123 2340 ego
3144 2287 3228 2324 vos
3250 2270 3423 2341 genui.
3448 2269 3646 2325 David.

2072 2361 2239 2416 David
2288 2362 2485 2417 dicitur
2518 2361 2668 2432 fortis
2692 2377 2882 2426 manu,
2919 2360 3045 2431 quia
3092 2361 3372 2430 praevaluit
3395 2359 3644 2416 Golisth.

2070 2453 2344 2508 Abraham
2361 2452 2555 2507 dicitur
2578 2460 2733 2522 pater
2743 2450 3053 2521 multarum,
3074 2452 3641 2525 subauditurgentium

2069 2545 2281 2601 futurus
2328 2558 2423 2615 per
2474 2543 2653 2600 ﬁdem.
2706 2544 2881 2612 Quare
2926 2554 3103 2600 autem
3151 2546 3379 2601 istorum
3430 2546 3633 2601 dicitur

2073 2636 2252 2691 ﬁlius?
2277 2635 2415 2703 Quia
2448 2637 2514 2691 ad
2537 2636 2636 2690 hos
2662 2634 2799 2690 facta
2827 2643 2910 2691 est
2936 2636 3284 2705 repromissio
3311 2636 3378 2691 de
3405 2636 3645 2699 Christo,

2073 2730 2141 2784 ad
2157 2728 2430 2784 Abraham
2463 2727 2677 2797 quidem
2708 2726 2906 2781 dictum
2928 2734 3011 2781 est
3035 2744 3049 2780 :
3080 2725 3147 2780 In
3168 2726 3364 2780 semine
3386 2735 3477 2779 tuo
3492 2725 3649 2781 benc-

2069 2820 2307 2875 dicentur
2345 2835 2520 2872 omnes
2559 2826 2751 2888 gentes.
2790 2815 2871 2870 Ad
2902 2816 3069 2870 David
3106 2824 3327 2870 autem:
3360 2815 3436 2869 De
3469 2816 3647 2883 [ructu

2072 2914 2263 2968 ventris
2293 2914 2370 2966 tui
2392 2928 2583 2983 ponam
2611 2925 2765 2980 super
2796 2909 2969 2964 sedem
3002 2919 3168 2963 tuam.
3201 2907 3383 2975 Quare
3408 2908 3643 2977 primum

2070 3009 2249 3080 posuit
2304 3007 2472 3062 David
2532 3015 2587 3061 et
2641 3013 2829 3076 postea
2879 3002 3191 3058 Abraham?
3248 3000 3386 3068 Quia
3440 3001 3508 3055 de
3552 3001 3642 3055 illa

2072 3108 2251 3173 gente,
2283 3098 2459 3154 nullus
2487 3096 2836 3153 excellentior
2876 3095 2976 3150 fuit
3004 3110 3164 3165 quam
3191 3093 3379 3149 David.
3420 3093 3491 3148 Et
3517 3095 3640 3163 quia

414 3182 632 3239 nomine
651 3189 909 3236 vocentur
931 3177 1142 3232 etiamsi
1167 3175 1275 3229 sint
1304 3173 1371 3229 de
1409 3174 1513 3227 alia
1545 3186 1626 3237 re,
1652 3185 1973 3242 pergameuo

2080 3198 2394 3244 narraturus
2422 3196 2613 3243 eratet
2639 3186 2961 3256 repetiturus
2991 3185 3045 3239 in
3066 3183 3429 3255 generationis
3455 3183 3646 3238 ordine

408 3272 494 3328 vel
513 3285 736 3343 papyro,
764 3270 904 3325 unde
929 3278 984 3323 ct
1000 3266 1251 3337 Virgilius
1279 3265 1345 3319 de
1368 3264 1456 3319 illo
1473 3261 1976 3317 dicitzLibeﬂhwret

413 3364 469 3417 in
495 3360 655 3416 ulmo.
677 3360 775 3415 Est
801 3367 978 3414 autem
1010 3365 1066 3413 et
1091 3368 1442 3427 synonymum
1473 3352 1577 3409 hoc
1609 3366 1826 3413 nomen.
1851 3354 1976 3422 quia

405 3464 461 3511 et
480 3452 724 3509 volumen
751 3451 1073 3516 avolvendo,
1094 3457 1149 3505 et
1168 3450 1339 3504 codex
1360 3447 1512 3518 quasi
1542 3447 1742 3502 caudex
1756 3444 1973 3500 dicitur.

406 3543 780 3599 Generationis.
801 3543 1108 3599 Derivatum
1134 3541 1331 3596 esthoc
1356 3550 1550 3594 nomen
1580 3555 1610 3592 a
1626 3537 1814 3592 Crzeco
1835 3540 1976 3607 quod

405 3648 510 3701 est,
538 3660 579 3702 ι,
607 3659 658 3697 η.
684 3634 811 3691 lude
837 3649 1005 3706 genus
1025 3643 1078 3689 et
1116 3631 1265 3689 Judze
1295 3631 1568 3704 generatio
1608 3631 1821 3696 dicitur,
1848 3631 1975 3701 quia

406 3727 495 3798 qui
519 3736 844 3799 generantur
866 3725 934 3780 de
966 3734 1108 3780 terra
1138 3733 1279 3779 sunt.
1311 3722 1461 3777 εἶσθα.
1509 3719 1664 3777 Jesus
1693 3720 1974 3777 Hebraeum

406 3832 599 3871 nomen
639 3823 740 3881 ρει,
791 3823 847 3869 et
901 3814 1096 3869 dicitur
1142 3812 1333 3868 Latine
1378 3812 1626 3867 Salvator
1663 3811 1745 3865 vel
1800 3810 1974 3865 salva-

407 3916 576 3962 turus.
618 3906 685 3960 Et
712 3908 814 3961 hoc
858 3920 1055 3959 nomen
1092 3898 1303 3975 Moyses
1331 3902 1492 3958 Josue
1525 3903 1772 3972 primitus
1802 3901 1972 3969 impo-

404 4002 514 4056 suit
530 4001 742 4072 quando
768 4001 833 4056 de
864 3999 1002 4055 bello
1030 4000 1203 4054 victor
1224 4014 1499 4070 regressus
1525 4007 1627 4052 est.
1659 3996 1767 4051 Sed
1795 4006 1971 4051 tamen

404 4109 501 4163 per
529 4108 717 4148 omnes
744 4092 953 4147 litteras
976 4092 1247 4156 scribitur,
1275 4092 1415 4146 istud
1446 4097 1622 4144 autem
1647 4104 1767 4144 eum
1801 4088 1972 4144 tribes

404 4181 616 4246 litteris,
649 4181 700 4236 id
720 4191 822 4247 est,
860 4182 986 4247 iota,
1016 4189 1070 4235 et
1088 4197 1115 4235 e
1144 4180 1303 4251 longo
1328 4188 1383 4234 et
1406 4182 1591 4250 sigma,
1618 4188 1674 4233 ut
1706 4179 1971 4250 signiﬁcet

405 4275 531 4344 quia
583 4270 821 4327 Trinitas
851 4272 1043 4327 litteris
1093 4288 1200 4327 non
1233 4280 1407 4343 potest
1452 4287 1549 4325 nec
1590 4270 1970 4340 comprehendi

404 4363 791 4434 necexplicari,
818 4362 1211 4418 sedinell‘abilis
1235 4370 1317 4417 cst
1343 4362 1427 4416 vel
1450 4377 1573 4415 cum
1599 4362 1704 4416 iota
1733 4369 1786 4416 et
1808 4362 1973 4431 signia

404 4467 459 4513 et
489 4457 636 4528 apice
667 4456 917 4525 desuper,
950 4460 1008 4509 ut
1035 4456 1283 4510 ostendat
1311 4470 1432 4524 quae
1463 4453 1880 4522 supradiximus.
1914 4451 1968 4506 Si

407 4550 763 4604 nominativus
810 4563 967 4602 casus
1021 4546 1182 4600 fuerit
1234 4546 1313 4599 sic
1361 4545 1637 4598 scribitur.
1682 4542 1738 4598 Si
1792 4551 1968 4597 autem

404 4644 562 4708 alius,
594 4641 648 4694 in
676 4640 779 4694 line
807 4656 839 4692 ιι
880 4637 1038 4693 debet
1084 4636 1268 4693 scribi.
1294 4636 1360 4690 Et
1402 4634 1573 4691 Graeci
1605 4649 1710 4688 non
1740 4633 1969 4701 conjun-

403 4742 536 4805 gnnt
562 4734 734 4805 ipsum
773 4738 878 4785 tota
902 4746 1023 4785 cum
1053 4745 1098 4793 ε,
1150 4729 1243 4783 scd
1272 4727 1560 4796 separatim
1606 4725 1878 4795 profertur
1912 4731 1973 4778 ut

384 4832 475 4891 sit
501 4824 703 4882 vocalis
732 4839 948 4894 semper
973 4822 1104 4886 iota,
1141 4820 1337 4876 dicitur
1365 4818 1507 4873 enim
1535 4815 1708 4870 Je‘sus.
1730 4812 1970 4869 Christus

402 4920 648 4975 Graecum
694 4929 887 4970 nomen
936 4920 1019 4966 est
1046 4919 1101 4964 et
1132 4911 1514 4979 interpretatur
1544 4905 1735 4960 Latine
1781 4915 1969 4958 unctus

402 5020 458 5064 et
508 5008 771 5064 llehraice
809 5004 1005 5060 dicitur
1053 4997 1295 5057 Messias.
1339 4998 1454 5054 Non
1509 5007 1689 5052 autem
1737 4994 1969 5051 habebat

404 5101 547 5157 istud
591 5114 787 5156 nomen
831 5106 957 5153 ante
1008 5095 1282 5160 latinitas,
1340 5090 1433 5147 sed
1488 5090 1686 5146 habere
1721 5095 1965 5159 poterat;

405 5194 577 5253 vocati
604 5200 732 5249 sunt
754 5199 932 5251 autem
976 5189 1031 5243 in
1084 5186 1388 5243 Judazorum
1417 5193 1575 5254 gente
1608 5183 1712 5237 hoc
1752 5180 1968 5236 nomine

403 5286 711 5343 sacerdotes
750 5291 807 5339 et
845 5297 1019 5354 reges,
1068 5281 1189 5350 quia
1217 5279 1315 5350 ipsi
1345 5278 1684 5348 ungebantur
1733 5274 1799 5331 de
1823 5272 1966 5329 chri-

403 5386 576 5432 smate
618 5374 834 5446 quando
868 5373 1277 5435 ordinabantur,
1310 5364 1451 5425 unde
1479 5376 1535 5423 et
1561 5374 1781 5437 propter
1822 5366 1965 5435 ipsos

401 5467 600 5522 dicitur
630 5466 683 5520 in
711 5465 937 5523 Psalmis
966 5481 978 5518 :
1016 5463 1194 5518 Nolite
1226 5473 1437 5532 tangere
1466 5460 1686 5514 christos
1714 5475 1875 5512 meos.
1899 5458 1967 5512 Et

404 5556 547 5610 sicut
586 5556 640 5609 in
672 5555 1035 5637 Romanorum
1083 5567 1245 5622 regno
1270 5566 1458 5605 omnes
1483 5549 1656 5603 vocati
1711 5556 1838 5603 sunt
1857 5548 1969 5601 Cae-

404 5660 554 5698 sares
587 5654 640 5697 ct
665 5646 886 5716 Augusti
913 5646 979 5699 ab
1007 5642 1148 5699 Julio
1169 5652 1225 5697 et
1254 5642 1570 5706 Octaviano,
1588 5641 1676 5709 qui
1701 5639 1857 5710 primi
1889 5640 1968 5694 sic

404 5735 575 5786 vocati
600 5738 825 5799 suut,ila
841 5734 914 5789 illi
938 5752 1123 5791 omnes
1142 5750 1292 5803 rcges
1319 5733 1806 5796 christi’vocantnr,
1830 5732 1969 5787 unde

2077 3280 2347 3334 Abraham
2371 3319 2385 3344 ,
2423 3278 2624 3333 ideirco
2659 3277 2892 3348 primum
2938 3276 3117 3345 posuit
3160 3266 3325 3328 David
3368 3281 3425 3328 et
3458 3282 3646 3344 postea

2077 3371 2367 3435 Abraham,
2389 3377 2450 3423 ut
2478 3370 2682 3425 diceret
2717 3385 2730 3420 :
2768 3368 3034 3421 Abraham
3068 3365 3242 3436 genuit
3272 3363 3449 3418 Isaac.
3475 3363 3648 3418 Filius

2079 3472 2255 3518 autem
2309 3461 2531 3516 istorum
2591 3458 2810 3522 dicitur,
2864 3457 3011 3527 quia,
3056 3471 3162 3511 non
3194 3455 3369 3510 solum
3394 3455 3647 3509 dicuntur

2078 3553 2192 3619 lilii,
2221 3552 2309 3623 qui
2333 3559 2653 3622 generantur
2680 3565 2709 3603 a
2737 3557 2910 3618 patre,
2940 3549 3033 3603 sed
3055 3555 3111 3602 et
3138 3546 3215 3611 hi,
3244 3545 3336 3615 qui
3358 3544 3426 3599 de
3447 3543 3636 3599 eadem

2077 3644 2328 3720 progenie
2348 3651 2494 3707 sunt,
2509 3643 2647 3697 sicut
2676 3640 2767 3695 iilii
2784 3639 2948 3696 Israel
2969 3639 3428 3716 dicunturomnes
3449 3633 3640 3700 Judaei,

2075 3744 2131 3792 et
2158 3735 2251 3790 lilii
2298 3734 2487 3789 lsmael
2515 3746 2702 3787 omnes
2746 3729 3052 3786 Sarraceni.
3086 3728 3216 3783 Filii
3242 3727 3529 3782 Abraham.
3565 3725 3641 3779 De

2074 3822 2346 3879 Abraham
2379 3832 2435 3878 et
2477 3824 2625 3879 lsaac
2653 3830 2709 3878 et
2743 3820 2929 3901 Jacoh,
2961 3834 3067 3873 non
3120 3825 3204 3873 est
3242 3831 3468 3873 necesse
3493 3818 3646 3886 quid—

2074 3932 2235 3987 quam
2263 3916 2443 3971 dicere
2471 3955 2486 3978 ,
2518 3914 2642 3984 quia
2674 3921 2859 3970 notum
2889 3912 3043 3967 vobis
3085 3919 3189 3973 est,
3225 3909 3318 3979 qui
3366 3907 3563 3963 fuerint
3589 3917 3645 3961 et

2075 4024 2235 4078 quam
2257 4008 2403 4078 j‘u5te
2431 4007 2701 4068 vixerunt,
2735 4013 2789 4059 et
2835 4003 2961 4073 quia
2992 4000 3279 4056 Dominum
3320 3999 3377 4053 in
3401 4000 3515 4053 suis
3548 4012 3617 4053 ac

2075 4101 2216 4155 tibus
2240 4098 2738 4169 praeﬁguraverunt.
2772 4093 3034 4149 Abraham
3065 4092 3240 4162 genuit
3267 4089 3444 4144 Isaac.
3474 4089 3643 4144 Abra-

2073 4191 2198 4245 ham
2231 4189 2516 4244 Dominum
2540 4186 2759 4242 Patrem
2786 4182 3143 4256 signiﬁcavit;
3174 4183 3324 4237 lsaac
3359 4181 3643 4235 Dominum

2070 4280 2250 4336 Jesum
2279 4278 2575 4334 Christum.
2604 4275 2670 4331 Et
2723 4276 2862 4331 sicut
2909 4272 3181 4328 Abraham
3229 4270 3426 4327 obtulit
3472 4269 3641 4324 illium

2073 4387 2251 4437 suum,
2286 4372 2363 4425 sic
2408 4368 2667 4425 Dominus
2691 4379 2789 4437 pro
2823 4365 2977 4419 nobis
3011 4362 3204 4418 obtulit
3247 4359 3441 4416 Filium
3486 4375 3643 4414 suum

2074 4460 2478 4517 immolandum.
2511 4459 2577 4513 Et
2619 4458 2758 4512 sicut
2779 4455 2933 4511 lsaac
2958 4468 3062 4507 non
3087 4459 3170 4507 est
3193 4449 3521 4513 immolatus,
3545 4449 3641 4503 sel

2073 4555 2213 4610 aries
2240 4570 2336 4625 pro
2359 4569 2444 4617 eo,
2473 4554 2551 4607 sic
2579 4566 2678 4606 nec
2708 4549 2956 4605 divinitas
2989 4561 3170 4616 passa,
3195 4544 3288 4601 sed
3312 4542 3637 4600 humanitas,

2070 4662 2266 4717 corpus
2309 4645 2556 4700 videlicet
2616 4642 2757 4713 quod
2807 4642 2949 4695 inter
2996 4646 3310 4708 peceatores
3356 4648 3645 4689 convom-

2050 4734 2247 4800 ‘batur,
2272 4736 2423 4807 quasi
2449 4735 2590 4789 aries
2614 4734 2752 4787 inter
2789 4731 2991 4801 spinas.
3017 4729 3171 4801 lsaac
3198 4727 3341 4781 risus
3372 4726 3642 4793 interprco

2072 4838 2236 4895 tatur,
2256 4830 2384 4899 quia
2416 4836 2593 4882 mater
2616 4827 2732 4897 ejus
2761 4824 3129 4893 risit,quando
3149 4819 3513 4891 promissusei
3537 4817 3641 4873 fuit

2072 4921 2390 4974 nasccndus.
2415 4917 2579 4972 Iacob
2604 4927 2776 4970 autem
2796 4915 2969 4985 genuit
2997 4913 3194 4968 ludam
3219 4923 3268 4967 et
3291 4912 3479 4981 fratres
3498 4909 3634 4979 ejus.

2069 5012 2135 5066 Et
2158 5010 2322 5066 Jacob
2347 4992 2709 5080 supplantator
2744 5008 3147 5077 interpretatur,
3176 5014 3229 5060 et
3255 5005 3369 5074 ipse
3400 5003 3626 5074 figuram

2068 5100 2276 5158 Domini
2306 5101 2491 5171 gessit,
2522 5100 2727 5154 habens
2767 5097 3045 5153 duodecim
3084 5096 3246 5160 ﬁlios,
3275 5096 3415 5151 sicut
3443 5094 3624 5149 Domi-

2067 5210 2168 5250 nus
2202 5202 2386 5262 postea
2418 5190 2606 5246 habuit
2631 5189 2911 5253 duodecim
2939 5186 3232 5257 discipulos
3255 5185 3409 5257 quasi
3432 5184 3634 5240 duode-

2068 5284 2174 5338 cim
2202 5282 2362 5337 ﬁlios.
2389 5281 2560 5335 ludas
2600 5290 2772 5333 autem
2801 5278 2974 5349 genuit
2999 5275 3222 5340 Phares,
3252 5285 3300 5330 ct
3333 5272 3527 5327 Zaram
3564 5274 3635 5327 de
3723 5327 3733 5339 ,

2069 5371 2316 5425 Thamar.
2341 5368 2506 5423 Judas
2530 5367 2915 5437 interpretatur
2939 5364 3206 5434 confessor
3234 5378 3330 5420 seu
3352 5364 3628 5432 conﬁtens,

2062 5460 2185 5528 quia
2201 5456 2372 5513 maior
2391 5459 2508 5528 ejus
2534 5457 2664 5511 dicit
2687 5457 2898 5525 quando
2920 5469 3044 5510 eum
3064 5453 3303 5525 peperit:
3332 5452 3489 5507 Nunc
3501 5467 3620 5505 can-

2063 5551 2245 5621 ﬁtebor
2259 5549 2499 5602 Domino.
2518 5546 2584 5602 Et
2596 5545 2797 5602 idcirco
2817 5544 3013 5599 dicitur
3027 5541 3289 5598 conﬁtens
3306 5557 3398 5597 seu
3412 5540 3621 5595 confes-

2065 5655 2176 5701 sor,
2198 5647 2253 5691 ct
2272 5639 2387 5706 ipse
2413 5646 2468 5692 et
2497 5637 2693 5691 fratres
2716 5633 2996 5688 Dominum
3010 5630 3438 5703 prteﬁguraverc.
3454 5627 3627 5683 ludas

2067 5730 2237 5798 genuit
2256 5727 2455 5782 Phares
2484 5737 2529 5780 et
2545 5724 2737 5780 Zaram
2763 5725 2828 5777 de
2852 5721 3113 5777 Thamaru
3132 5718 3627 5790 Requiremlumcst
