3976 6180
325 176 463 232 ίὲιθ

1446 174 1804 231 EXPOSlTlO
1842 173 1906 227 IN
1951 173 2383 231 MATTIL-‘EUM.

3408 179 3544 233 i270

322 304 491 356 quare
504 284 833 357 peccatrices
846 283 1099 341 mulieres
1117 284 1670 340 commemorenturin
1690 299 1879 355 genea-
1907 287 1956 344 Λ
1982 283 2110 337 dies:
2138 285 2222 338 cui
2273 297 2596 357 prmccpttlm
2627 295 2711 343 est
2759 288 3031 344 numerari
3069 289 3121 344 in
3145 302 3333 345 eremo
3379 305 3548 360 popu-

324 377 461 448 logia
484 372 718 442 Domini,
744 385 799 432 et
822 376 1096 445 non'justa:
1114 376 1321 431 utSara
1340 384 1396 431 et
1422 377 1752 435 Rebecca.et
1772 376 1889 432 alia:

324 486 446 539 qum
485 469 559 524 ibi
591 469 769 523 multa:
804 467 978 532 fuere,
1029 474 1085 521 ut
1116 476 1289 522 mater
1307 468 1474 522 David
1520 476 1574 523 et
1609 466 1885 537 .losapbat.

324 556 431 615 Sed
457 568 744 631 propterea
764 559 867 613 illa:
893 557 1219 630 peccatrices
1245 558 1498 613 mulieres
1520 567 1804 627 ponuntur.
1832 564 1890 611 ut

322 649 643 704 ostendatur
684 648 831 702 illum
854 647 1006 717 cujus
1051 648 1358 718 genealogia
1407 656 1491 702 cst
1518 657 1736 717 propter
1759 661 1913 721 ρεθ-⁸

321 749 540 793 catores
585 739 799 794 venisse
829 753 845 792 :
874 739 1016 793 sicut
1063 739 1179 808 ipse
1213 739 1351 792 dixit
1382 757 1395 790 :
1424 737 1545 791 Non
1573 740 1686 791 veni
1708 754 1888 791 vocare

319 829 511 895 iustos,
529 829 620 884 sed
648 839 961 899 peccatores,
977 837 1034 883 et
1046 829 1295 884 utnullus
1308 838 1553 898 peccator
1578 829 1891 896 desperaret

321 920 564 975 converti
600 919 666 974 ad
694 910 997 974 Dominum.
1022 919 1402 974 Verumtamen
1427 934 1524 973 nec
1544 919 1646 973 illm
1677 918 1887 972 feminas

320 1011 487 1065 nimis
520 1010 907 1081 vituperandae,
935 1010 979 1064 si
1008 1010 1132 1080 quis
1159 1025 1344 1064 earum
1379 1024 1593 1064 causam
1628 1008 1753 1062 velit
1801 1008 1886 1061 di-

322 1103 557 1173 ligenter
605 1088 1032 1156 animadvertere
1062 1120 1074 1155 :
1105 1101 1367 1171 siquidem
1397 1101 1508 1170 ipsa
1541 1100 1778 1155 Thamar
1803 1114 1887 1154 se-

320 1193 557 1246 cundum
605 1192 839 1246 litteram
884 1192 1145 1262 inspecta,
1192 1190 1647 1260 optimam'ﬁdem
1693 1189 1887 1243 marito

319 1292 537 1337 mortuo
558 1282 865 1344 custodivit,
891 1298 1009 1359 qua:
1034 1293 1180 1337 tanto
1203 1291 1440 1350 tempore
1465 1280 1684 1334 fratrem
1705 1295 1888 1348 exspe-

318 1373 491 1428 ctavit
524 1381 580 1427 ct
628 1386 733 1426 non
761 1381 845 1426 est
898 1382 1058 1442 nupta
1105 1372 1279 1426 alteri.
1327 1373 1394 1425 Et
1427 1386 1547 1425 cum
1577 1370 1711 1424 vidit
1744 1370 1885 1439 quod

318 1476 428 1516 non
463 1463 514 1518 ei
538 1462 776 1525 daretur,
810 1477 915 1515 non
946 1448 1191 1529 qumsivit
1232 1462 1299 1516 de
1322 1461 1427 1515 alio
1469 1475 1664 1530 genere
1693 1461 1881 1523 ﬁlium,

319 1553 414 1606 sed
442 1553 511 1607 de
539 1553 656 1623 ipso
693 1554 833 1606 unde
864 1554 1118 1606 maritum
1164 1552 1444 1606 habuerat.
1498 1552 1563 1605 Et
1591 1553 1693 1605 hoc
1718 1552 1880 1605 etiam

1988 375 2098 429 lum
2124 391 2245 431 cum
2270 376 2406 431 aliis.
2440 378 2578 432 Boos
2604 386 2760 433 sonat
2786 380 2840 433 in
2869 396 2970 450 quo
2995 381 3175 441 virtus,
3214 379 3330 435 sive
3357 379 3411 433 in
3432 381 3545 450 [or-

1988 465 2228 519 titudine.
2256 465 2323 519 Et
2346 463 2427 520 bis
2468 467 2789 531 nominibus,
2821 468 2941 536 quis
2987 468 3125 522 alius
3153 468 3353 524 rectius
3385 484 3546 538 quam

1987 556 2243 612 Dominus
2288 566 2470 612 noster
2497 557 2651 613 Jesus
2676 561 3012 629 exprimitur,
3052 562 3141 630 qui
3171 568 3254 616 est
3304 560 3400 616 Dei
3444 559 3551 616 Pa-

1988 648 2090 702 tris
2135 648 2325 702 virtus.
2374 649 2498 717 .lpse
2531 664 2741 718 quoque
2791 652 2844 705 in
2884 636 3195 707 fortitudine
3247 652 3391 720 fecit,
3422 653 3548 726 quia

1988 737 2287 792 resurrexit
2317 753 2345 791 a
2374 739 2603 793 mortuis
2632 748 2688 792 ut
2712 739 2812 802 leo,
2841 749 2895 795 et
2921 743 3183 812 confregit
3209 743 3442 798 claustra
3470 745 3550 799 in-

1989 828 2142 883 ferni.
2183 828 2320 883 Boos
2348 841 2520 884 autem
2547 833 2722 900 gcnuit
2748 831 2889 886 Obed
2921 850 2985 887 ea:
3011 833 3168 888 Rutlt.
3199 836 3263 890 Et
3293 839 3380 893 hic
3406 838 3550 894 Ruth

1985 929 2436 974 commemoratur
2461 920 2775 991 alienigena,
2804 923 2929 990 quia
2974 933 3028 977 et
3053 923 3163 993 ipsa
3212 925 3338 981 licet
3365 928 3553 983 alieni—

1985 1024 2119 1077 gena
2148 1008 2328 1069 fuerit,
2376 1019 2553 1064 tamen
2594 1011 2787 1064 bonam
2838 1011 2997 1066 ﬁdem
3054 1014 3278 1080 habuit;
3338 1017 3553 1087 reliquit

1985 1098 2125 1151 enim
2153 1099 2283 1153 deos
2323 1114 2467 1162 suos,
2517 1110 2571 1153 et
2603 1102 2851 1169 quiesivit
2898 1102 3062 1158 Deum
3106 1087 3466 1171 Hebraeorum,
3498 1119 3553 1163 et

1985 1189 2226 1252 servivit,
2258 1201 2476 1259 propter
2498 1206 2735 1245 amorem
2773 1191 2897 1245 viri'
2921 1194 3001 1246 sui
3032 1193 3315 1265 dereliquit
3363 1212 3554 1266 paren-

1988 1289 2067 1334 tes
2101 1296 2247 1344 suos,
2274 1282 2499 1336 adhaesit
2521 1283 2832 1351 parentibus
2864 1285 2966 1339 viri
2995 1287 3096 1339 sui.
3126 1287 3192 1340 Et
3217 1303 3552 1359 nequaquam

1985 1372 2052 1423 ad
2083 1369 2314 1439 pejores,
2356 1380 2450 1425 aut
2494 1374 2829 1441 vagabunda,
2858 1376 2951 1429 sed
3009 1377 3076 1430 ad
3114 1376 3367 1434 meliores
3395 1389 3448 1434 et
3477 1380 3554 1435 le-

1984 1463 2168 1533 gitime
2198 1479 2256 1517 se
2284 1464 2562 1534 conjunxit
2586 1481 2690 1518 non
2722 1465 3061 1522 luxuriantia.
3097 1466 3248 1524 Unde
3277 1480 3332 1524 et
3359 1472 3552 1525 mulier

1982 1554 2196 1607 virtutis
2218 1554 2479 1623 appellata
2504 1554 2620 1608 init.
2640 1555 3027 1625 Interpretatur
3040 1574 3251 1628 quoque
3271 1561 3547 1630 festinans,

319 1657 431 1695 nun
452 1652 577 1697 ante
605 1643 671 1697 de
691 1641 847 1707 Juda,
873 1642 975 1697 nisi
1007 1657 1128 1697 cum
1152 1658 1289 1695 uxor
1312 1642 1479 1711 ipsius
1508 1650 1716 1696 mortua
1760 1642 1878 1695 fuit.
1909 1636 1956 1696 B
1983 1652 2042 1696 ut
2068 1644 2285 1701 nomine
2316 1659 2412 1699 suo
2442 1646 2619 1713 signet
2664 1647 2978 1702 Ecclesium.
3021 1649 3086 1703 Et
3120 1649 3256 1705 Boos
3279 1650 3551 1708 Christum

316 1730 520 1802 anes
540 1729 683 1784 enim
730 1739 857 1786 tunc
902 1730 1278 1786 desiderabant
1327 1730 1463 1793 ﬁlios
1514 1731 1729 1795 habere,
1759 1730 1884 1799 quia

318 1823 553 1876 mundus
605 1836 805 1876 vacuus
858 1830 993 1886 erat,
1024 1830 1079 1876 et
1130 1820 1344 1874 volebat
1375 1821 1738 1888 unusquisque
1781 1820 1885 1875 dici

317 1911 546 1983 populos
570 1912 636 1968 de
663 1927 722 1966 se
749 1920 805 1966 et
830 1927 1018 1983 regna,
1057 1912 1181 1981 quia
1219 1912 1448 1967 necdum
1473 1922 1591 1967 erat
1616 1920 1885 1980 praicepta

315 2005 607 2075 virginitas
638 2018 740 2059 nec
762 2004 990 2059 viduitas
1018 2021 1031 2055 ε
1065 2019 1165 2057 nec
1220 2004 1335 2073 ipsa
1366 2002 1594 2072 amplius
1618 2002 1881 2072 quzesivit,

316 2098 508 2154 nisiut
536 2097 872 2166 conciperet;
905 2105 1188 2166 propterea
1214 2109 1319 2148 non
1363 2101 1448 2149 est
1481 2102 1592 2148 tam
1621 2092 1743 2147 vilis
1772 2099 1886 2147 uta

317 2189 506 2244 multis
525 2189 838 2243 :estimatur.
874 2187 1109 2268 Thamar
1160 2188 1545 2255 interpretatur
1597 2185 1773 2255 palma
1799 2184 1885 2239 vel

315 2281 620 2334 amaritudo
649 2293 667 2331 :
697 2280 874 2350 palma
911 2288 1134 2348 prepter
1164 2286 1382 2333 sanctos
1406 2278 1497 2346 qui
1526 2278 1592 2332 de
1620 2277 1734 2346 ejus
1760 2291 1888 2345 pro-

316 2373 478 2445 genie
504 2374 609 2428 orti
659 2380 802 2438 sunt,
834 2373 901 2427 de
924 2373 1121 2442 quibus
1161 2368 1416 2439 scriptum
1465 2377 1549 2423 est
1573 2386 1585 2421 :
1613 2367 1800 2421 Justus
1829 2376 1886 2420 ut

317 2465 495 2519 aalma
516 2465 764 2535 ﬂorebit;
799 2464 1098 2518 amaritudo
1121 2464 1219 2531 ipsi
1269 2460 1523 2517 convenit
1558 2468 1776 2530 propter
1800 2460 1883 2513 vi-

317 2573 440 2611 rum
467 2572 630 2625 quem
666 2557 775 2611 cito
800 2556 1052 2626 perdidit.
1078 2554 1295 2624 Peperit
1333 2568 1546 2624 quoque
1602 2553 1738 2606 ﬁlios
1766 2568 1883 2623 my-

313 2649 512 2703 sticum
556 2645 961 2717 praeﬁgurantes
1002 2644 1554 2715 populum,videlicet
1600 2641 1883 2697 .lutlaicum

312 2749 371 2794 et
394 2738 670 2809 gentilem.
722 2737 858 2790 Zara
897 2735 1039 2790 enim
1089 2737 1476 2803 interpretatur
1515 2735 1706 2796 oriens,
1760 2731 1885 2799 quia

314 2829 382 2883 de
410 2829 526 2898 ipsa
555 2826 737 2895 plures
772 2827 940 2879 sancti
974 2824 1207 2878 fuerunt.
1248 2822 1452 2877 Phares
1486 2830 1664 2875 autem
1714 2821 1884 2875 inter-

320 2925 561 2985 pretatur
610 2916 816 2980 divisio,
848 2931 875 2968 a
900 2931 1006 2986 quo
1044 2914 1300 2970 Pharismi
1343 2913 1489 2975 dicti,
1509 2919 1653 2967 sunt.
1684 2908 1883 2964 Phares

1983 1733 2287 1802 prmtendit,
2328 1734 2419 1803 qui
2477 1744 2800 1804 accepturus
2823 1747 2941 1789 erat
2990 1752 3239 1805 sponsam
3269 1755 3333 1793 ex
3378 1742 3550 1809 genti-

1982 1824 2103 1878 bus.
2138 1822 2282 1878 Obed
2311 1835 2485 1878 autem
2510 1826 2683 1894 genuit
2713 1825 2878 1879 Jesse.
2912 1826 3060 1882 Obed
3086 1829 3308 1883 serviens
3333 1831 3550 1896 dicitur,

1984 1914 2037 1968 in
2066 1929 2174 1984 quo
2201 1914 2287 1968 ille
2309 1914 2643 1985 signiﬁcatur
2671 1917 2761 1985 qui
2793 1917 2926 1970 dixit
2955 1936 2968 1948 ·
2998 1916 3169 1971 Filius
3199 1919 3422 1975 hominis
3449 1938 3552 1976 non

1982 2005 2117 2057 venit
2139 2005 2449 2067 ministrari,
2480 2005 2570 2058 sed
2606 2006 2922 2060 ministrare.
2959 2004 3109 2061 Jessc
3134 2008 3401 2062 binomius
3428 2010 3546 2074 fuit,

1983 2094 2074 2162 qui
2112 2094 2212 2147 lsai
2243 2102 2467 2148 vocatus
2489 2102 2593 2147 est.
2624 2092 2776 2150 Jesse
2804 2096 3039 2165 aperiens
3087 2105 3261 2151 sanat.
3296 2099 3445 2153 illum
3471 2101 3553 2153 nio

1985 2184 2277 2239 hilominus
2328 2185 2656 2238 annuntians
2703 2185 2756 2239 in
2788 2185 3001 2240 nomine
3049 2201 3169 2251 suo,
3194 2187 3258 2242 de
3285 2204 3392 2256 quo
3418 2189 3551 2242 scri-

1983 2282 2130 2343 ptum
2157 2282 2279 2339 est:
2310 2273 2526 2344 Aperuit
2563 2275 2638 2328 eis
2660 2291 2890 2340 sensum,
2931 2285 2988 2329 ut
3026 2275 3371 2347 intelligerent
3402 2278 3548 2332 Scri-

1981 2373 2180 2432 pturas.
2217 2362 2318 2416 lsai
2374 2364 2535 2416 etiam
2572 2364 2890 2432 sacriﬁcium
2928 2365 3151 2429 dititur,
3206 2367 3320 2421 sive
3370 2367 3554 2421 inceno

1982 2470 2118 2518 sum,
2165 2463 2413 2529 patenter
2463 2456 2611 2510 illum
2649 2458 2937 2513 ostendens
2994 2473 3113 2515 esse
3144 2468 3426 2513 venturum
3463 2460 3553 2527 qui

1984 2546 2221 2616 seipsum
2251 2548 2577 2602 sacriﬁcium
2639 2549 2843 2605 faceret
2888 2564 2987 2618 pro
3022 2550 3201 2604 multis
3230 2552 3282 2604 in
3334 2553 3552 2607 odorem

1985 2641 2281 2695 suavitatis.
2330 2640 2501 2694 Dauid
2551 2654 2726 2695 autent
2757 2658 2848 2695 rea:
2901 2644 3076 2713 genuit
3108 2642 3463 2708 Salomonem,
3491 2660 3556 2699 ea:

1983 2745 2046 2782 ea
2066 2745 2184 2799 qua:
2209 2729 2307 2797 fuit
2342 2728 2505 2784 U‘rite.
2548 2730 2615 2785 Et
2646 2733 2738 2785 hic
2763 2732 3036 2800 peccatrix
3064 2733 3258 2785 mulier
3284 2747 3554 2786 memora-

1985 2829 2091 2885 tur,
2117 2828 2176 2873 ut
2201 2822 2453 2874 ostendat
2499 2820 2644 2876 illum
2675 2838 2771 2891 pro
2819 2824 3192 2892 peccatoribus
3233 2825 3298 2878 de
3327 2824 3557 2878 homini-

1984 2911 2085 2965 bus
2118 2918 2324 2975 natum,
2355 2919 2411 2966 et
2442 2910 2597 2967 Urias
2622 2914 2688 2969 de
2713 2913 3028 2984 alienigenis
3050 2921 3183 2975 erat,
3223 2928 3327 2967 non
3348 2921 3467 2968 erat
3487 2914 3554 2967 de

315 3016 492 3062 autem
520 3006 697 3077 genuit
744 3005 932 3059 Esron.
990 3005 1158 3060 Esron
1214 3005 1600 3074 interpretatur
1638 3002 1883 3071 sagittam
1910 2988 1955 3050 C
1985 2999 2203 3057 Iudaeis.
2240 3001 2359 3069 Qui,
2390 3004 2638 3072 quamvis
2666 3005 2835 3058 bonus
2858 3013 3022 3069 esset,
3046 3005 3242 3059 diaboli
3291 3005 3556 3075 expressit

315 3098 463 3163 vid-it,
496 3098 598 3151 hoc
621 3104 704 3151 est
727 3095 997 3150 Christum
1024 3097 1078 3149 in
1108 3109 1269 3149 carne
1305 3094 1550 3163 praedixit
1577 3099 1881 3158 venturum,

314 3207 346 3244 a
379 3204 486 3260 qua
511 3188 708 3258 sagitta
744 3187 1055 3241 vulneratus
1083 3195 1168 3239 est
1215 3183 1477 3239 diabolus.
1512 3181 1682 3236 Esron
1711 3191 1887 3235 autem

315 3281 495 3352 genuit
542 3278 723 3331 Aram.
770 3276 933 3331 Aram
962 3277 1158 3331 dicitur
1186 3274 1441 3339 excelsus,
1491 3272 1797 3344 signiﬁcans
1829 3272 1885 3329 in

313 3389 419 3428 suo
443 3372 660 3426 nemine
686 3368 968 3425 Dominum
993 3367 1177 3423 Iesum
1209 3367 1506 3432 Christum,
1534 3367 1600 3421 de
1622 3380 1728 3434 quo
1755 3363 1888 3419 dicit

313 3464 600 3537 propheta,
629 3465 751 3535 quia
788 3454 1021 3517 excelsus
1062 3468 1331 3530 reputatus
1378 3467 1453 3512 est
1482 3460 1610 3527 ipse.
1644 3458 1709 3512 Et
1729 3455 1886 3511 Psal-

313 3548 477 3612 inista
507 3573 520 3609 :
555 3554 803 3610 Excelsus
826 3568 981 3622 super
1005 3568 1176 3606 omnes
1213 3558 1383 3615 gentes
1407 3547 1683 3611 Dominus,
1710 3556 1759 3601 et
1789 3563 1883 3600 su-

309 3663 408 3717 per
433 3644 586 3699 caelos
613 3643 780 3715 gloria
817 3644 948 3714 ejus.
983 3641 1114 3707 Quis
1157 3641 1288 3694 sicut
1320 3638 1574 3693 Dominus
1614 3637 1754 3692 Deus
1793 3653 1885 3691 no-

310 3749 442 3800 ster,
464 3736 553 3807 qui
577 3737 631 3790 in
654 3735 775 3789 allis
796 3734 1018 3798 habitat,
1048 3740 1151 3787 etc.
1617 3793 1621 3801 |

393 3828 550 3882 Aram
598 3839 769 3882 autem
808 3826 983 3898 genuit
1037 3825 1351 3879 Aminadab.
1395 3823 1695 3879 Aminadab
1723 3822 1883 3893 spiri-

317 3931 403 3975 tus
426 3934 572 3972 meus
607 3928 919 3989 spontaneus
945 3916 1166 3981 dicitur,
1196 3924 1252 3969 et
1301 3915 1355 3969 in
1381 3915 1484 3969 hoc
1539 3914 1755 3970 nomine
1782 3912 1883 3965 Do-

309 4011 494 4064 minus
538 4006 693 4064 Jesus
735 4007 1087 4077 signiﬁcatur,
1120 4007 1212 4077 qui
1260 4014 1554 4076 spontanee
1611 4004 1882 4068 voluntate

308 4100 534 4171 spiritus
561 4100 640 4153 sui
692 4108 848 4153 natus
892 4105 976 4152 est
999 4098 1077 4151 in;
1108 4092 1332 4151 mundo.
1379 4096 1668 4150 Aminadab
1704 4104 1879 4149 autem

306 4194 490 4265 genuit
533 4192 770 4248 Naason.
821 4193 1032 4246 Naason
1089 4191 1411 4260 serpentinus
1470 4189 1878 4258 interpretatur,

305 4295 367 4341 et
408 4285 664 4339 Dominus
728 4283 984 4353 ﬁguratus
1027 4291 1129 4345 est,
1181 4282 1318 4334 sicut
1345 4279 1458 4350 ipse
1519 4278 1693 4332 dixit:
1731 4275 1878 4332 Sicut

1988 3100 2193 3164 typum,
2220 3091 2374 3161 cujus
2425 3093 2674 3165 conjugio
2700 3103 2819 3148 erat
2843 3095 2994 3164 prius
3043 3094 3288 3164 copulata
3316 3094 3553 3150 Ecclesia

1987 3198 2147 3251 quam
2179 3183 2427 3256 Christus
2459 3185 2789 3255 concupivit,
2831 3201 2955 3240 cum
2984 3186 3115 3240 vidit
3160 3186 3333 3259 illam
3365 3185 3553 3241 lavan-

1987 3282 2120 3340 tem,
2150 3275 2255 3331 boc
2309 3284 2392 3330 est
2433 3277 2777 3347 semetipsam
2803 3291 2832 3330 a
2868 3278 3117 3332 sordibus
3142 3277 3321 3332 smculi
3346 3290 3446 3346 per
3476 3277 3555 3331 la-

1987 3364 2132 3419 vacri
2161 3365 2354 3419 undam
2384 3366 2778 3435 puriﬁcantem.
2809 3366 2885 3420 De
2912 3367 3028 3421 istis
3064 3369 3155 3438 qui
3184 3368 3340 3424 modo
3365 3369 3419 3423 in
3442 3384 3554 3424 nte—

1987 3455 2074 3509 dio
2130 3456 2561 3524 interponuntur,
2625 3472 2732 3511 non
2767 3465 2850 3510 est
2906 3472 3125 3512 necesse
3162 3457 3307 3512 aliud
3348 3458 3552 3522 dicere,
3644 3514 3647 3519 ,

1985 3545 2108 3612 quia
2161 3552 2289 3597 nota
2341 3553 2424 3598 cst
2470 3546 2692 3600 historia
2751 3534 2811 3623 in
2839 3546 3047 3617 Regum
3100 3547 3191 3615 qui
3246 3547 3443 3599 fuerint
3472 3547 3554 3601 v'el

1985 3633 2115 3703 quid
2144 3632 2391 3699 fecerint,
2422 3635 2522 3689 nisi
2555 3637 2925 3692 tantummodo
2961 3637 3427 3705 interpretationes
3459 3653 3554 3692 no-

1986 3724 2187 3777 minum
2244 3739 2465 3793 ponere.
2520 3724 2687 3780 David
2740 3725 3123 3795 interpretatur
3175 3725 3325 3795 fortis
3358 3742 3539 3791 manu,

1982 3814 2075 3882 qui
2101 3812 2233 3882 jeeit
2260 3830 2422 3869 manu
2450 3815 2677 3885 lapidem
2704 3815 2771 3870 de
2799 3813 2984 3881 funda,
3042 3815 3182 3871 unde
3216 3816 3417 3871 occidit
3442 3814 3548 3872 Go-

1982 3902 2133 3969 liatli,
2166 3914 2220 3960 et
2253 3906 2519 3977 signiﬁcat
2539 3908 2592 3962 in
2622 3909 2724 3962 hoc
2769 3906 2911 3963 facto
2936 3907 3218 3962 Dominum
3265 3905 3542 3963 Christum

1982 3999 2072 4067 qni
2095 3999 2223 4054 vicit
2246 3999 2514 4053 diabolum
2543 4015 2639 4071 per
2661 4016 2811 4054 suam
2841 4000 3173 4070 patientiam,
3200 4009 3261 4057 et
3286 4001 3374 4056 hic
3398 3996 3546 4070 'pas-

1983 4104 2076 4143 sus
2102 4097 2185 4142 est
2208 4090 2610 4158 persecutiones
2640 4089 2838 4153 Saulis,
2894 4090 3032 4145 sicut
3061 4089 3309 4145 Christus
3330 4088 3542 4146 ,1υάωο-

1981 4193 2127 4241 rum,
2150 4188 2205 4231 et
2226 4178 2364 4232 sicut
2388 4177 2553 4232 David
2605 4178 2892 4234 derelictus
2921 4180 3021 4234 fuit
3058 4196 3087 4234 a
3114 4195 3212 4235 suo
3239 4180 3548 4235 consiliario

1982 4275 2038 4320 et
2064 4267 2305 4336 proditus
2348 4268 2598 4322 similiter
2625 4269 2875 4325 Christus
2913 4286 2942 4323 a
2967 4269 3101 4335 Juda
3138 4270 3400 4340 discipulo
3426 4287 3545 4335 suo,

304 4377 560 4431 exultavit
607 4352 809 4444 Moyses
845 4383 1128 4442 serpentem
1183 4371 1237 4424 in
1275 4371 1494 4434 deserto,
1541 4370 1618 4422 ita
1652 4368 1880 4423 exaltari
1904 4352 1956 4410 D
1981 4362 2035 4410 et
2072 4357 2214 4411 sicut
2252 4358 2418 4412 David
2470 4359 2709 4429 dejectus
2753 4368 2838 4415 est
2866 4375 2896 4413 a
2928 4377 3091 4432 regno
3120 4377 3149 4415 a
3184 4361 3293 4415 ﬁlio
3321 4377 3436 4424 suo,
3471 4362 3547 4416 ita

305 4476 513 4539 oportet
542 4465 741 4519 Filium
779 4465 1025 4520 hominis.

400 4557 619 4613 Naason
666 4570 836 4612 autem
884 4561 1059 4628 genuit
1111 4556 1348 4611 Salmon.
1421 4554 1635 4609 Salmon
1698 4562 1876 4610 autem

305 4652 515 4723 dicitur
537 4668 660 4720 pax,
687 4659 741 4705 et
771 4651 886 4721 ipse
914 4651 966 4703 in
1024 4649 1239 4703 nomine
1271 4662 1368 4701 suo
1422 4646 1708 4700 Dominum
1737 4661 1875 4715 prae-

306 4743 504 4807 tcnuit,
545 4743 636 4812 qui
658 4752 741 4798 cst
759 4758 862 4815 pax
900 4749 1102 4804 nostra,
1142 4748 1197 4795 et
1223 4739 1312 4808 qui
1351 4736 1734 4808 paciﬁcavitca
1758 4751 1877 4806 quae

308 4839 365 4892 in
399 4834 553 4897 cmlo,
591 4843 646 4889 et
673 4835 724 4888 in
755 4842 898 4888 terra
924 4842 1098 4895 erant,
1128 4831 1455 4885 interﬁciens
1486 4830 1799 4884 inimicitias
1823 4829 1873 4883 in

304 4925 619 4996 semetipso.
684 4923 900 4979 Salmon
947 4931 1119 4996 autem
1162 4922 1335 4990 genuit
1395 4920 1530 4974 Boos
1579 4922 1644 4973 de
1704 4918 1873 4973 Raab.

308 5016 466 5072 Raab
491 5012 784 5070 ascendens
812 5011 1030 5074 dicitur,
1087 5010 1139 5063 in
1168 5024 1273 5078 qua
1302 5009 1539 5063 Ecclesia
1573 5010 1879 5078 praeﬁgura-

308 5119 402 5162 tur
424 5106 491 5160 de
525 5105 794 5177 gentibus,
821 5116 941 5171 qua:
973 5088 1262 5154 ascensura
1289 5108 1406 5153 erat
1451 5100 1517 5154 de
1543 5100 1756 5154 lavacro
1786 5101 1877 5153 ha-

306 5199 514 5272 ptistni,
562 5197 779 5254 munda.
804 5204 859 5251 et
883 5193 1221 5248 immaculata
1256 5191 1549 5262 apristinis
1602 5192 1876 5246 erroribus

310 5296 475 5347 facta.
507 5289 636 5355 Qua:
663 5302 764 5343 nec
799 5285 1022 5363 nimium
1066 5281 1438 5353 vituperanda,
1468 5282 1562 5337 sed
1590 5281 1874 5346 laudanda,

309 5398 437 5439 cum
469 5396 564 5451 per
590 5379 990 5449 espl‘oratorum
1044 5376 1436 5446 susceptionem
1485 5374 1732 5444 praevidit
1775 5375 1876 5428 sibi

309 5474 565 5535 salutem,
593 5480 647 5525 et
674 5471 877 5525 studuit
902 5469 1040 5523 uniri
1070 5466 1265 5538 popqu
1288 5465 1404 5531 Dei,
1435 5468 1574 5520 sicut
1616 5475 1666 5520 et
1696 5464 1876 5521 Eccle-

306 5568 390 5643 sia
421 5572 604 5633 postea
644 5577 706 5617 ex
734 5562 998 5637 gentibus.
1031 5557 1247 5613 Salmon
1275 5558 1376 5612 iste
1395 5565 1481 5611 est
1506 5558 1755 5629 princeps
1782 5557 1875 5612 Ju-

1986 4448 2244 4504 Deminus
2264 4449 2465 4520 ejectus
2494 4460 2577 4505 est
2603 4468 2632 4504 a
2663 4452 2856 4522 populo
2902 4451 3224 4519 intimorum,
3253 4454 3379 4523 quia
3407 4454 3549 4509 ﬁlius

1984 4541 2102 4610 ejus
2160 4543 2336 4607 dictus
2385 4553 2471 4598 est
2521 4558 2615 4614 per
2665 4546 3025 4616 adoptionem,
3081 4556 3232 4602 extra
3272 4550 3544 4605 civitatem

1984 4629 2316 4687 Hierusalem
2341 4631 2542 4701 ejectus
2567 4642 2622 4688 et
2641 4636 2875 4701 occisus,
2928 4637 3041 4692 sive
3063 4639 3223 4693 etiam
3251 4639 3375 4708 quia
3404 4640 3544 4694 idem

1984 4725 2239 4793 Dominus
2274 4725 2522 4780 Christus
2549 4742 2613 4780 ex
2642 4725 2758 4796 ejus
2776 4728 2952 4801 lstirpe
2979 4731 3261 4797 processit.
3292 4728 3543 4784 Salomon

1983 4813 2371 4884 interpretatur
2396 4814 2666 4884 paciﬁcus,
2688 4823 2744 4869 et
2768 4816 2882 4884 ipse
2912 4815 3202 4873 Dominum
3230 4817 3542 4887 praeﬁgura-

1982 4908 2059 4957 vit
2086 4919 2218 4973 pace
2246 4920 2342 4959 sua
2382 4919 2544 4973 quam
2574 4904 2628 4957 in
2658 4920 2823 4973 regno
2860 4906 3065 4970 habuit,
3109 4907 3234 4974 quia
3286 4907 3542 4961 Dominus

1980 5002 2035 5053 et
2059 5009 2163 5063 pax
2198 5004 2379 5050 nostra
2410 5002 2466 5049 et
2514 4993 2772 5063 pacilicus
2816 5004 2999 5050 noster
3048 5004 3152 5060 est,
3182 4997 3305 5065 quia
3333 4996 3399 5050 de
3426 4996 3541 5063 ipso

1981 5084 2182 5139 dictum
2216 5092 2316 5147 est,
2347 5083 2545 5137 orietur
2586 5083 2640 5137 in
2666 5082 2844 5137 diebus
2894 5083 3007 5153 ejus
3041 5084 3270 5153 justitia,
3300 5093 3346 5137 et
3376 5084 3542 5137 abun-

1982 5173 2165 5228 dantia
2185 5173 2349 5241 pacis,
2380 5173 2540 5226 donec
2566 5172 2847 5226 extollatur
2871 5172 3021 5238 luna,
3047 5183 3095 5228 et
3116 5175 3240 5244 quia
3263 5172 3541 5242 aediﬁcavit

1980 5265 2190 5325 domum
2218 5262 2446 5316 Domino
2470 5262 2718 5318 Salomon
2739 5277 2758 5314 :
2788 5262 2867 5317 sic
2890 5274 2945 5318 et
2966 5263 3221 5319 Dominus
3256 5263 3543 5319 aediﬁcavit

1979 5355 2249 5415 cmlestem
2278 5351 2608 5407 Hierusalem
2630 5353 2696 5407 de
2724 5351 2989 5422 lapidibus
3007 5352 3161 5408 vivis.
3193 5352 3423 5406 Roboam
3443 5368 3541 5406 au-

1977 5457 2078 5501 tem
2100 5446 2271 5517 genuit
2311 5444 2462 5497 Abiu.
2501 5442 2737 5499 Roboam
2769 5445 3151 5512 interpretatur
3186 5442 3407 5497 latitudo
3438 5458 3537 5513 po-

1973 5537 2105 5605 puli,
2136 5536 2228 5590 sed
2267 5550 2361 5603 per
2416 5534 2768 5602 antiphrasin,
2798 5536 2897 5588 hoc
2922 5543 3007 5589 est
3055 5549 3149 5604 per
3174 5533 3529 5588 contrarietas
