3962 6174
458 249 589 327 1271

1260 253 1642 310 CHRISTIANI
1688 257 2096 314 DRUTHMARI
2132 261 2574 321 CORBEIENSIS
2610 266 2907 324 MONAClll

3558 278 3691 331 12:2

456 371 562 417 tem
617 364 710 419 Est
739 365 880 418 enim
911 365 1125 434 quidam
1153 368 1360 431 modus,
1390 369 1480 437 qui
1533 371 1861 441 antiphrasis
1889 373 2020 426 dici-
2046 375 2095 434 Α
2123 375 2317 445 ipsum,
2347 381 2424 434 sic
2454 382 2652 437 nullum
2675 393 2950 451 peccatum
2991 400 3110 440 esse
3135 403 3275 456 quon
3306 407 3412 443 non
3445 394 3692 448 remitta-

456 462 545 506 tur
573 455 711 522 apud
758 453 1135 523 grammaticos
1180 457 1396 523 quando
1454 458 1609 512 aliter
1637 469 1720 515 est
1742 476 1826 515 res
1853 477 2016 529 quam

453 553 608 598 sonat
632 544 682 596 in
711 543 946 606 nomine,
979 553 1038 597 ut
1075 544 1267 598 bellum
1317 547 1512 600 dicitur
1544 563 1608 602 eo
1656 550 1798 617 quod
1827 551 1896 603 sit
1922 552 2020 604 mi-

453 633 598 687 nime
647 632 861 686 bellum.
917 631 1176 687 Similiter
1236 643 1289 688 et
1313 636 1402 689 hic
1453 637 1627 691 dictus
1678 638 1899 692 latitudo
1924 657 2021 710 per

453 721 804 787 contrarium,
831 737 896 776 eo
924 723 1067 791 quod
1125 725 1192 778 ab
1242 725 1330 778 illo
1360 726 1671 781 defecerunt
1708 730 1894 784 decem
1921 733 2016 786 tri-

452 815 575 878 bus,
611 825 664 869 et
693 816 1160 885 eo,angustiatum
1214 825 1295 870 est
1339 817 1392 870 in
1438 819 1525 871 illo
1562 834 1782 888 regnum
1836 819 1969 874 Juda
2003 841 2014 874 :

450 906 586 961 Abia
649 907 1032 977 interpretatur
1082 920 1228 979 pater
1268 909 1565 966 Dominus:
1619 923 1806 968 etnon
1863 916 2021 979 debet

451 997 701 1070 conjungi
733 1001 759 1052 b
792 1017 912 1055 cum
942 1004 978 1066 i,
1011 1003 1101 1057 sed
1146 1004 1229 1068 ab,
1254 1018 1350 1071 per
1375 1019 1453 1070 se,
1484 1013 1537 1059 et
1565 1008 1616 1060 ia
1646 1024 1740 1077 per
1767 1026 1847 1073 se,
1877 1012 2019 1078 quod

453 1106 535 1151 est
566 1113 756 1152 nomen
788 1100 1016 1154 Domini.
1049 1101 1116 1156 Et
1142 1112 1287 1156 recte
1311 1104 1412 1158 hoc
1439 1108 1652 1161 nomine
1676 1118 1894 1164 vocatus
1911 1120 2014 1176 est,

453 1187 576 1257 quia
615 1190 862 1259 cognovit
916 1200 1118 1260 patrem
1155 1194 1436 1252 Dominum
1489 1214 1608 1253 esse
1656 1202 1943 1257 creationis
1965 1211 2019 1257 et

454 1276 642 1332 salutis
672 1294 798 1333 suae.
827 1281 958 1332 Abia
990 1293 1160 1335 autem
1185 1287 1359 1353 genuit
1386 1287 1511 1341 Asa.
1536 1288 1643 1342 Asa
1669 1288 1874 1355 dolens,
1905 1292 2018 1346 sive

453 1371 734 1425 sustollens
765 1373 1168 1442 interpretatur.
1210 1378 1315 1432 Asa
1347 1390 1518 1434 autem
1548 1384 1723 1450 genuit
1741 1382 2012 1453 Josaphat.

453 1458 712 1530 Josaphat
736 1463 947 1516 Domini
966 1465 1248 1534 judicium,
1298 1477 1353 1522 et
1388 1469 1477 1523 hic
1518 1472 1743 1525 Domino
1769 1473 2012 1528 adbaasit.

451 1549 708 1621 Josapltat
746 1563 917 1619 autem
956 1556 1129 1624 genuit
1170 1555 1375 1612 Joram.
1424 1560 1526 1614 Iste
1565 1563 1706 1616 enim
1761 1561 2017 1633 Josapliat

453 1642 542 1709 qui
573 1641 889 1711 conjunctus
919 1643 1016 1697 fuit
1065 1645 1272 1711 Achab,
1320 1650 1461 1704 malo
1492 1653 1625 1722 regi,
1661 1661 1714 1708 et
1738 1654 1868 1708 abiit
1895 1671 2015 1710 cum

454 1730 544 1784 illo
572 1729 623 1784 in
664 1731 882 1797 bellum,
913 1742 967 1786 et
996 1736 1174 1790 debuit
1216 1737 1284 1791 ibi
1322 1755 1454 1793 mori
1489 1759 1500 1793 :
1542 1742 1665 1811 quia
1717 1753 1902 1798 contra
1925 1761 2016 1800 vo-

453 1821 712 1876 luntatem
764 1822 972 1878 Domini
1025 1825 1237 1894 adjutor
1278 1839 1396 1883 erat
1433 1830 1591 1895 illius,
1626 1849 1722 1902 pro
1742 1849 1845 1903 qua
1872 1852 1929 1890 re
1962 1845 2017 1890 et

455 1927 484 1964 a
515 1914 769 1982 propheta
800 1914 1104 1984 increpatus
1147 1926 1249 1980 est,
1274 1934 1338 1974 eo
1365 1921 1804 1991 quod.pr:eberet
1841 1927 1888 1979 ei
1928 1942 2018 1980 auo

453 2003 660 2056 silium.
702 2002 804 2058 Sed
841 2013 894 2058 et
915 2021 1080 2060 naves
1118 2005 1244 2060 fecit
1276 2025 1394 2078 quae
1441 2011 1582 2064 irent
1612 2013 1662 2066 in
1690 2012 2018 2084 Asiongaber

453 2108 574 2147 cum
599 2095 825 2149 navibus
861 2096 1004 2152 illius
1029 2107 1083 2151 et
1135 2099 1342 2154 Domini
1374 2111 1510 2156 nutu
1533 2104 1817 2159 confracta:
1869 2114 2013 2160 sunt.

455 2177 604 2249 Quod
633 2185 930 2256 intelligens
949 2187 1219 2258 Josaphat,
1257 2192 1422 2246 voluit
1454 2193 1678 2250 ulterius
1707 2212 1868 2252 naves
1894 2213 2017 2254 suas

454 2275 775 2346 conjungere
801 2293 922 2332 cum
953 2279 1175 2334 navibus
1205 2280 1364 2337 illius.
1396 2281 1579 2337 Joram
1634 2296 1805 2341 autem
1841 2290 2017 2357 genuit

456 2362 659 2418 Oxiam.
690 2365 803 2421 Non
828 2367 966 2423 ﬁlius
1002 2370 1134 2440 ejus,
1164 2372 1256 2426 sed
1283 2389 1448 2443 nepos
1502 2373 1616 2442 ejus
1639 2374 1758 2441 fuit,
1810 2379 1902 2433 sed
1931 2379 2014 2432 di-

455 2470 652 2514 cuntur
678 2462 771 2516 lilii
802 2464 891 2532 qui
924 2465 988 2519 de
1015 2465 1300 2536 longinqua
1339 2470 1595 2538 progenie
1644 2471 1892 2542 exierunt
1919 2471 2015 2524 ali-

453 2547 624 2616 cujus.
647 2550 780 2604 Nam
802 2551 836 2604 J
843 2569 986 2606 oram
1017 2555 1189 2623 genuit
1219 2555 1499 2610 Oclwziam
1530 2575 1548 2610 :
1583 2555 1838 2613 0cltozias
1861 2559 2011 2626 Joas,

452 2639 583 2694 Joas
611 2641 903 2708 Amasiam,
942 2645 1183 2700 Amasias
1217 2646 1422 2701 0:.iam.
1456 2648 1562 2704 Sed
1591 2651 1714 2720 quia
1741 2651 1899 2723 Joras
1919 2670 2014 2710 ac-

453 2733 595 2801 cepit
619 2733 780 2788 ﬁliam
809 2733 1022 2791 Jezabel
1059 2757 1070 2790 :
1109 2753 1226 2808 qua:
1273 2741 1469 2796 occidit
1499 2741 1706 2797 Naboth
1737 2754 1792 2798 et
1837 2761 2017 2814 perse-

453 2835 576 2878 cuta
605 2825 777 2882 fuerat
803 2828 969 2882 Eliam
1000 2839 1050 2884 et
1081 2831 1369 2900 prophetas
1396 2841 1448 2886 et
1473 2834 1779 2889 sacerdotes
1806 2836 2014 2892 Domini

453 2925 505 2972 et
548 2917 748 2972 cultum
802 2920 950 2990 ejus;
983 2932 1264 2991 propterea
1309 2923 1431 2992 quia
1489 2924 1555 2978 de
1585 2925 1732 2995 prole
1760 2927 1874 2997 ejus
1902 2930 2023 2982 nati'

453 3017 597 3072 sunt,
624 3009 880 3062 tolluntur
906 3011 969 3064 de
983 3011 1290 3082 genealogia
1306 3014 1516 3067 Domini
1538 3031 1705 3084 usque
1728 3017 1778 3070 in
1796 3019 2008 3072 tertiam

452 3099 865 3167 generationem.
896 3100 1068 3152 Etiam
1097 3111 1151 3154 ct
1173 3103 1503 3171 propositum
1533 3115 1648 3160 erat
1674 3109 2013 3178 evangelista)

452 3195 564 3242 tres
609 3188 826 3242 ordines
854 3203 1075 3257 ponere,
1118 3207 1280 3244 unum
1311 3201 1436 3246 ante
1463 3193 1651 3264 legem,
1685 3197 1752 3250 de
1782 3199 2012 3267 patriar-

453 3277 672 3331 charum
706 3287 960 3348 tempore,
1003 3279 1164 3333 alium
1197 3282 1295 3334 sub
1325 3284 1704 3352 prophetarum
1733 3302 1876 3352 a:vo;
1915 3297 2017 3343 ter-

451 3367 584 3421 tium
613 3368 711 3422 sub
733 3369 1067 3423 sacerdotum
1091 3369 1344 3437 dominio,
1378 3373 1480 3427 hoc
1503 3382 1583 3428 est
1610 3390 1707 3444 per
1737 3384 1847 3431 tres
1869 3378 2014 3433 vices

450 3459 874 3528 quatuordecim,
904 3462 1002 3515 hoc
1023 3471 1148 3516 sunt
1170 3467 1287 3537 τρές
1302 3467 1553 3540 τέσσαρες
1572 3471 1650 3521 καὶ
1665 3467 1881 3533 δέκαδες,
1904 3481 2014 3526 tres

453 3551 686 3606 te'ssares
720 3560 774 3606 et
803 3562 912 3607 tres
944 3553 1192 3617 decades,
1225 3555 1276 3608 id
1304 3565 1405 3621 est,
1458 3568 1704 3626 quatuor,
1732 3568 1784 3614 et
1828 3562 2009 3618 decem

449 3649 505 3695 et
531 3651 756 3711 septem,
808 3650 1026 3712 propter
1080 3647 1439 3714 septenarium
1471 3664 1749 3703 numerum
1783 3652 2010 3719 sabbati,

451 3733 577 3802 quia
604 3742 805 3804 septem
830 3742 882 3788 et
907 3743 1108 3804 septem
1135 3738 1536 3805 quatuordecim
1561 3739 1781 3795 faciunt.
1811 3741 1878 3795 Et
1910 3743 2014 3797 sic-

451 3833 509 3879 ut
549 3824 641 3878 ﬁlii
664 3824 824 3879 Israel
845 3841 942 3895 per
964 3825 1316 3897 quadraginta
1347 3828 1480 3883 duas
1523 3831 1829 3886 mansiones
1851 3847 2013 3886 vene-

450 3925 574 3970 runt
611 3917 677 3970 ad
709 3924 911 3970 terram
959 3919 1330 3987 promissionis
1383 3921 1518 3976 duce
1546 3922 1706 3987 Mose,
1737 3924 1808 3978 ita
1836 3934 1890 3980 et
1914 3941 2012 3980 nos

450 4007 584 4060 duce
608 4006 834 4061 Domino
859 4008 948 4076 qui
974 4023 1070 4077 per
1098 4009 1230 4064 istas
1262 4011 1410 4065 venit
1460 4012 1525 4066 ad
1556 4029 1670 4072 nos.
1725 4017 2004 4084 pervenie-

450 4113 572 4152 mus
605 4097 669 4151 ad
689 4098 854 4152 vitam
877 4106 1152 4153 aaternam.
1184 4099 1485 4165 Matthmus,
1503 4103 1591 4172 qui
1613 4106 2008 4174 generationem

449 4185 659 4240 Domini
698 4194 960 4241 terrenam
1007 4190 1264 4254 narravit,
1297 4193 1529 4246 ostendit
1556 4194 1786 4262 qualiter
1836 4196 1922 4249 ille
1948 4197 2013 4251 de

449 4278 588 4332 caelo
620 4279 974 4343 descenderit,
1001 4295 1097 4348 per
1121 4282 1520 4348 generationem
1571 4294 1837 4339 terrenam
1865 4303 1878 4349 ;
1909 4286 2010 4339 Lu-

396 4425 400 4428 ,
448 4382 542 4422 cas
566 4383 693 4422 vero
722 4369 1006 4438 specialem
1031 4370 1269 4425 ordinem
1304 4380 1507 4435 tenens,
1557 4375 1790 4429 ostendit
1835 4377 2007 4445 quali-

448 4466 536 4513 ter
563 4460 636 4513 illi
663 4476 852 4515 omnes
879 4461 970 4530 qui
996 4453 1300 4516 'studuerint
1335 4463 1454 4532 ejus
1485 4466 1742 4520 membris
1767 4467 2012 4537 incorpo-

449 4553 560 4608 rari
613 4553 884 4607 ascensuri
937 4561 1118 4606 essent
1155 4554 1207 4606 in
1237 4555 1454 4609 C(Blum.
1490 4557 1556 4610 Et
1585 4558 1704 4613 ideo
1734 4574 1830 4627 per
1855 4561 2010 4629 quin-

370 4639 372 4642 ’
448 4645 700 4714 quaginta
730 4645 1098 4713 generationes
1149 4660 1266 4714 qua:
1295 4647 1602 4715 signiﬁcant
1652 4652 1891 4719 requiem
1921 4651 2014 4706 Ju-

411 4767 414 4772 -
447 4735 585 4791 bilzei
613 4752 625 4786 τ
653 4749 744 4788 seu
773 4750 870 4803 per
899 4735 1232 4804 septuaginta
1263 4737 1395 4791 duas
1417 4738 1805 4806 generationes,
1833 4741 2014 4810 inquo

449 4845 673 4885 numero
706 4838 914 4899 gentes
960 4829 1210 4898 leguntur
1264 4831 1316 4884 in
1350 4830 1503 4885 initio
1543 4845 1667 4886 esse
1721 4832 1925 4896 divisae,
1959 4843 2018 4888 ut

447 4921 827 4975 ostenderetur
841 4921 905 4976 de
931 4919 1180 4974 omnibus
1202 4921 1448 4991 gentibus
1469 4923 1771 4977 credituros
1787 4923 1838 4977 in
1865 4924 2015 4979 Chri-

447 5023 532 5068 sto
555 5021 610 5067 ει
635 5027 952 5068 ascensuros
993 5012 1046 5065 in
1070 5012 1264 5067 coelum
1291 5031 1305 5077 ;
1345 5015 1459 5068 sive
1481 5015 1526 5068 si
1555 5030 1651 5083 per
1675 5018 2013 5087 septuaginta

446 5114 653 5175 septem
695 5105 1065 5174 generationes
1104 5104 1234 5158 velis
1265 5115 1598 5175 computare,
1627 5123 1747 5176 quae
1795 5118 1921 5164 sunt
1948 5113 2014 5167 de

447 5197 662 5251 Christo
688 5197 751 5250 ad
781 5195 972 5258 Adam,
1005 5211 1162 5263 quem
1191 5211 1470 5249 numerum
1515 5196 1772 5254 Dominus
1803 5201 1855 5254 in
1883 5217 2013 5271 pec-

446 5296 687 5340 catorum
735 5287 1102 5340 remissionem
1158 5288 1355 5354 posuit,
1407 5291 1620 5356 quando
1665 5291 1841 5345 dixit:
1887 5293 2010 5348 Non

447 5376 563 5429 dico
591 5377 702 5441 tibi,
731 5373 900 5440 Petre,
931 5375 1222 5428 dimittendi
1266 5377 1470 5445 septies,
1503 5377 1591 5430 sed
1614 5396 1774 5450 usque
1796 5393 2010 5450 septua-

448 5469 553 5537 gies
579 5472 783 5536 septies,
835 5475 894 5520 ιιι
917 5467 1224 5521 ostenderet
1249 5481 1307 5518 se
1354 5468 1532 5520 omnia
1560 5478 1777 5536 peccata
1827 5480 2011 5526 nostra

450 5559 503 5613 in
535 5559 799 5626 baptismo
826 5557 1196 5612 remissurum.
1232 5556 1295 5609 Et
1342 5557 1482 5609 sicut
1533 5556 1675 5613 nulla
1739 5563 2012 5630 generatio

447 5649 810 5718 prmtcrmissa
847 5655 928 5700 est
985 5664 1088 5702 non
1127 5657 1401 5702 numerata
1447 5649 1513 5702 ab
1533 5650 1700 5705 Adam
1730 5670 1897 5722 usque
1945 5656 2013 5710 ad

2035 4426 2086 4484 D

2123 477 2211 520 tur
2241 469 2292 523 in
2319 469 2598 539 baptismo.
2643 473 2710 528 Et
2736 475 2834 528 sub
2884 475 2986 528 hoc
3015 477 3257 546 exemplo
3284 482 3602 550 praecipitur
3634 495 3691 537 ut

2127 559 2181 613 in
2212 577 2312 615 nos
2339 565 2706 631 peccantibus,
2755 568 3057 636 septuagies
3102 571 3300 639 septies
3328 575 3694 630 remittamus.

2120 649 2400 708 Matthmus
2425 663 2602 709 autem
2631 656 2863 710 laborem
2911 661 3227 716 certaminis
3261 664 3402 731 quod
3430 665 3700 722 Dominus

2119 749 2407 817 sanctique
2434 750 2514 804 sui
2543 750 2777 804 habituri
2829 761 3010 807 essent
3037 756 3291 816 ostendit,
3325 772 3421 826 per
3447 761 3698 828 quadra-

2118 838 2263 906 ginta
2321 839 2471 903 duas,
2523 854 2644 909 qua:
2695 841 3091 909 prietenderunt
3127 843 3340 900 labores
3394 846 3447 900 in
3479 862 3694 911 eremo,

2117 925 2299 981 Joram
2338 937 2514 983 autem
2543 930 2806 985 excelsus.
2840 930 2953 986 Hoc
2997 932 3159 986 etiam
3186 949 3282 1002 per
3305 934 3692 1003 antiphrasim,

2119 1018 2489 1088 quiatlejectus
2503 1019 2602 1074 fuit
2625 1029 2846 1090 propter
2859 1021 3044 1076 Achab
3071 1031 3125 1077 et
3153 1022 3385 1078 Iezabel.
3403 1023 3566 1079 Ozias
3582 1026 3693 1080 for-

2121 1107 2289 1163 titudo
2318 1110 2526 1163 Domini
2553 1119 2610 1164 et
2629 1109 2773 1178 juste
2801 1112 2879 1166 sic
2902 1121 3122 1166 vocatus
3145 1123 3250 1176 est,
3293 1115 3418 1184 quia
3446 1115 3687 1169 conﬁsus

2118 1206 2199 1252 est
2229 1199 2281 1252 in
2313 1199 2537 1254 Domino
2563 1209 2617 1254 et
2643 1201 2772 1255 fecit
2819 1216 2937 1270 qua:
2999 1203 3314 1271 placuerunt
3341 1205 3414 1269 ei,
3439 1215 3691 1275 excepto,

2118 1289 2241 1356 quia
2274 1303 2370 1357 per
2405 1304 2462 1343 se
2491 1289 2658 1343 voluit
2715 1291 2918 1344 hostias
2943 1290 3155 1352 oﬂ‘erre,
3190 1294 3330 1360 quod
3384 1309 3693 1349 sacramen-

2119 1386 2228 1432 tum
2258 1386 2394 1432 erat.
2428 1378 2493 1432 Et
2518 1379 2589 1434 ob
2632 1380 2733 1434 hoc
2787 1395 3076 1448 percussus
3111 1381 3281 1450 lepra,
3337 1392 3391 1436 et
3422 1383 3693 1437 habitavit

2117 1468 2254 1525 liber
2279 1485 2309 1524 a
2337 1485 2396 1524 se
2421 1471 2476 1524 in
2502 1472 2660 1526 domo
2687 1487 2926 1526 seorsum
2959 1481 3110 1528 extra
3137 1474 3406 1528 Civitatem
3435 1484 3489 1528 et
3517 1490 3694 1546 popu-

2118 1560 2247 1615 lum.
2276 1559 2476 1615 Habuit
2503 1570 2681 1615 autem
2703 1562 2813 1616 duo
2840 1563 3076 1616 nomina.

2189 1658 2347 1712 Ozias
2376 1669 2549 1712 autem
2569 1660 2741 1729 genuit
2763 1658 3030 1712 Joatham.
3066 1659 3313 1714 Joatham
3339 1660 3597 1728 perfectus
3615 1662 3696 1715 di-

2119 1750 2286 1804 citur:
2303 1756 2353 1802 et
2367 1749 2584 1818 pulchra
2603 1749 2919 1818 etymologia
2933 1756 2987 1803 et
3001 1750 3322 1804 conveniens
3339 1751 3414 1803 illi
3426 1760 3531 1814 est,
3549 1767 3689 1820 quo-

2119 1840 2276 1893 modo
2299 1839 2411 1906 ipse
2423 1838 2694 1908 perfectus
2723 1839 2823 1892 luit
2847 1855 3026 1894 coram
3055 1841 3300 1903 Domino,
3325 1851 3378 1895 et
3402 1842 3694 1896 aediﬁcavit

2116 1941 2324 2001 portam
2358 1930 2561 2000 templi.
2591 1932 2760 1985 Aelius
2781 1942 2952 1986 autem
2975 1933 3146 2002 genuit
3173 1933 3475 1987 Ezecliiam.
3508 1935 3694 1988 Achns

2117 2031 2275 2077 sonat
2317 2021 2750 2090 apprehendens:
2795 2023 3115 2077 subauditur
3171 2025 3428 2095 nequitias
3468 2042 3692 2088 omnes;

2116 2113 2240 2183 quia
2266 2111 2550 2180 dereliquit
2577 2112 2862 2166 Dominum
2891 2122 2944 2167 et
2971 2115 3104 2168 vidit
3131 2114 3302 2170 altare
3331 2116 3385 2169 in
3424 2117 3694 2171 Damasco

2117 2213 2170 2257 et
2199 2211 2485 2257 veneratus
2514 2210 2597 2257 est
2621 2203 2746 2257 illud
2765 2245 2780 2268 ,
2810 2213 2864 2258 ει
2889 2205 3050 2274 jussit
3078 2207 3250 2260 siinile
3281 2206 3396 2262 ﬁeri
3444 2209 3498 2262 in
3527 2206 3690 2262 Jeru-

2117 2292 2302 2347 salem.
2354 2293 2491 2348 Ecce
2541 2302 2695 2362 pater
2749 2294 2920 2348 malus
2989 2296 3175 2364 genuit
3238 2295 3405 2350 ﬁlium
3460 2296 3688 2351 bonum.

2115 2384 2374 2439 Ezechias
2402 2383 2655 2453 fortitudo
2686 2384 2895 2438 Domini
2925 2386 3135 2448 dicitur,
3168 2387 3293 2454 quia
3349 2387 3459 2457 ipse
3484 2388 3538 2440 in
3573 2388 3689 2440 Do-

2116 2475 2262 2528 mino
2286 2473 2432 2527 visus
2461 2482 2542 2526 est
2567 2490 2581 2535 ;
2622 2482 2676 2526 et
2702 2473 2754 2527 in
2808 2473 2996 2530 diebus
3035 2475 3152 2543 ejus
3180 2475 3434 2531 Dominus
3459 2488 3689 2531 centum

2115 2564 2420 2634 octuaginta
2442 2565 2679 2634 quinque
2703 2565 2868 2619 millia
2889 2565 2956 2619 de
2985 2565 3220 2638 Assyriis
3245 2569 3462 2633 occidit,
3486 2576 3688 2624 etcum

2115 2658 2299 2712 decem
2331 2658 2462 2712 viris
2490 2657 2620 2728 fugit
2649 2657 3015 2714 Sennacherib
3043 2660 3278 2738 degterra
3319 2662 3472 2730 ejus:
3499 2670 3558 2715 et
3596 2678 3691 2718 oc-

2116 2749 2259 2802 cisus
2300 2757 2385 2803 est
2413 2765 2441 2801 a
2468 2748 2590 2802 ﬁliis
2642 2749 2754 2804 suis
2803 2765 2925 2804 cum
2976 2752 3227 2806 adoraret
3273 2752 3473 2807 Nesrac
3528 2754 3687 2808 deum

2117 2855 2295 2904 suum,
2320 2849 2374 2893 et
2397 2840 2601 2894 diceret
2630 2859 2641 2892 :
2675 2839 2850 2905 Quare
2891 2857 2976 2895 me
3016 2843 3262 2897 dimisisti
3291 2844 3469 2913 fugere
3519 2847 3597 2899 sic
3625 2846 3691 2899 de

2117 2929 2328 2993 Judwa,
2357 2931 2444 3000 qui
2468 2931 2624 2984 etiam
2661 2931 2799 2999 ﬁlios
2824 2949 2962 2986 meos
2985 2933 3330 2989 immolassem
3363 2937 3457 2990 tibi
3493 2939 3543 2990 si
3563 2938 3690 3006 jus-

2116 3021 2270 3074 sisses
2294 3021 2319 3072 ?
2343 3021 2410 3074 Et
2438 3035 2558 3074 cum
2587 3021 2920 3077 audivissent
2945 3023 3038 3076 ﬁlii
3069 3022 3183 3092 ejus
3212 3025 3346 3090 haec,
3370 3027 3690 3082 occiderunt

2115 3127 2260 3178 eum,
2291 3114 2539 3170 timentes
2563 3128 2631 3168 ne
2675 3115 2945 3171 occideret
2977 3133 3070 3172 eos
3093 3134 3191 3187 pro
3227 3119 3318 3172 tali
3343 3131 3476 3185 uoto,
3514 3129 3572 3175 et
3597 3120 3686 3174 fu-

2114 3214 2306 3275 gerunt
2337 3205 2392 3259 in
2433 3213 2680 3260 \montem
2731 3206 2946 3262 Ararat.
2988 3209 3245 3266 Ezechias
3290 3222 3462 3265 autem
3509 3215 3688 3283 genuit

2115 3296 2419 3352 Manassen.
2462 3297 2735 3352 Manasses
2788 3299 2985 3354 dicitur
3033 3301 3334 3368 obliuiosus,
3385 3305 3511 3373 quia
3573 3307 3688 3374 ipse

2111 3403 2209 3459 per
2237 3388 2398 3443 multa
2426 3388 2632 3444 scelera
2685 3388 2884 3444 oblitus
2930 3401 3015 3446 est
3041 3391 3272 3456 Domini,
3308 3394 3362 3448 in
3393 3402 3604 3449 tantum
3632 3407 3692 3449 ut

2114 3480 2284 3535 ﬁlium
2344 3498 2498 3538 suum
2555 3482 2874 3539 transferret
2908 3501 3005 3554 per
3040 3487 3218 3555 ignem
3249 3486 3606 3551 daemonibus,
3637 3497 3691 3542 et

2113 3586 2238 3626 ecce
2268 3571 2462 3627 iterum
2493 3572 2688 3626 malum
2717 3572 2884 3627 ﬁlium
2941 3575 3114 3630 bonus
3145 3585 3298 3645 pater
3340 3579 3562 3647 genuit;
3597 3579 3686 3633 sed

2112 3669 2296 3730 postea
2329 3670 2506 3715 tamen
2536 3663 2769 3731 suscepit
2803 3663 3061 3718 Dominus
3091 3680 3279 3733 preces
3307 3667 3423 3735 ejus
3472 3678 3688 3736 propter

2111 3757 2340 3818 patrem,
2365 3759 2418 3804 et
2444 3750 2691 3805 liberavit
2712 3765 2832 3806 eum
2857 3753 2921 3807 de
2953 3752 3238 3822 Babylone,
3257 3755 3356 3808 ubi
3380 3755 3560 3809 fuerat
3589 3757 3685 3809 du-

2115 3851 2234 3896 ctus
2256 3841 2502 3910 captivus
2530 3850 2746 3912 propter
2771 3852 2988 3912 peccata
3014 3860 3130 3898 sua.
3184 3844 3459 3920 Manasses
3508 3858 3680 3900 autem

2113 3933 2288 4001 genuit
2314 3933 2503 3985 Aman.
2535 3932 2706 3986 Amon
2745 3941 2900 3988 sonat
2954 3933 3202 4002 inﬁdelis.
3234 3934 3513 4004 Siquidem
3547 3937 3678 3990 Am-

2113 4035 2235 4075 mon
2280 4036 2379 4089 per
2423 4023 2527 4076 duo
2568 4038 2640 4085 m,
2671 4031 2829 4076 sonat
2854 4023 2996 4092 ﬁlius
3021 4024 3199 4093 populi
3225 4028 3325 4078 mei
3350 4040 3368 4078 :
3397 4043 3496 4096 per
3524 4044 3688 4081 unum

2112 4129 2184 4175 m,
2238 4111 2467 4180 inﬁdelis
2489 4111 2686 4166 dicitur
2713 4130 2727 4178 ;
2766 4121 2821 4167 et
2848 4113 2951 4168 iste
2974 4123 3261 4184 propterea
3300 4116 3532 4170 inﬁdelis
3557 4118 3676 4172 dici-

2115 4212 2218 4269 tur,
2249 4203 2374 4273 quia
2401 4205 2626 4259 recessit
2646 4220 2677 4257 a
2706 4205 2790 4258 via
2815 4205 3045 4259 Domini.
3068 4205 3235 4260 Aman
3256 4208 3432 4276 genuit
3462 4206 3685 4260 Josiam.

2110 4292 2284 4348 Josias
2322 4294 2520 4349 dicitur
2566 4296 2653 4348 ubi
2684 4305 2760 4348 est
2802 4297 3068 4350 incensum
3113 4295 3346 4359 Domini,
3385 4308 3442 4351 et
3472 4299 3575 4352 hoc
3605 4300 3686 4352 di-

2112 4398 2215 4453 gne
2239 4384 2413 4438 dictus
2435 4392 2533 4445 est,
2565 4384 2690 4453 quia
2723 4385 2834 4452 ipse
2874 4385 3031 4453 digne
3077 4387 3298 4439 servivit
3326 4386 3590 4449 Domino;
3635 4397 3690 4441 et

2113 4474 2375 4527 destruxit
2405 4473 2542 4528 idola
2571 4484 2624 4526 et
2643 4474 2877 4528 cultores
2901 4473 3186 4536 idolorum,
3205 4485 3260 4527 et
3283 4476 3454 4544 phase
3477 4476 3686 4530 Domini

2115 4561 2434 4616 mirabiliter
2493 4561 2802 4616 celebravit.
2847 4561 3024 4616 Iasius
3055 4572 3228 4617 autem
3269 4566 3446 4633 genuit
3494 4566 3685 4618 lectio-

2118 4652 2278 4704 niam.
2335 4649 2621 4705 Jcchonias
2659 4653 2974 4721 pra’paratio
3019 4653 3227 4706 Domini
3279 4655 3680 4719 sonat,.lecho-

2118 4741 2235 4796 nias
2257 4750 2434 4796 autem
2483 4743 2688 4810 primus
2736 4752 2888 4811 pater
2915 4745 3287 4813 intelligitur;
3315 4756 3372 4800 et
3396 4746 3685 4826 Jechonias

2118 4843 2241 4902 post
2277 4834 2803 4903 transmigrationem
2857 4835 2998 4890 ﬁlius
3061 4834 3176 4904 eius
3219 4836 3355 4900 luit;
3390 4849 3446 4891 et
3493 4838 3688 4893 dicitur

2115 4926 2220 4980 alio
2243 4925 2458 4979 nomine
2478 4923 2740 4989 Joacbim,
2769 4927 2974 4994 primus
3000 4943 3098 4996 per
3117 4946 3143 4981 c
3183 4940 3238 4983 et
3256 4929 3286 4982 li
3314 4939 3371 4983 et
3399 4947 3474 4992 m,
3497 4945 3688 4984 secun—

2117 5018 2216 5071 dus
2244 5031 2341 5086 per
2367 5032 2392 5068 c
2422 5024 2552 5080 ειη,
2581 5025 2636 5070 ει
2663 5017 2868 5086 primus
2892 5016 3135 5071 Joachim
3169 5021 3488 5088 prtvparatio
3509 5019 3690 5073 Domi—

2116 5108 2193 5171 ni,
2222 5106 2488 5161 secundus
2528 5108 2842 5176 prmparatio
2877 5108 2975 5160 Dei
3001 5107 3211 5163 dicitur.
3270 5109 3401 5163 Nam
3431 5111 3476 5164 si
3502 5110 3691 5164 volue-

2121 5200 2289 5254 rimus
2323 5214 2488 5252 unum
2535 5198 2845 5252 Jechoniam
2872 5209 3339 5283 computaretnon
3391 5210 3556 5253 erunt
3585 5201 3690 5256 nisi

2120 5293 2374 5349 tredecim
2406 5294 2798 5362 generationes.
2833 5291 2939 5346 Sed
2977 5293 3057 5347 sic
3083 5303 3166 5347 est
3186 5308 3395 5356 verum,
3425 5294 3554 5362 quia
3581 5295 3692 5362 pri-

2117 5401 2237 5439 mus
2261 5383 2549 5439 Jechonias
2578 5383 2624 5436 is
2662 5390 2745 5436 est
2789 5397 2946 5451 quem
2974 5399 3068 5438 rex
3097 5381 3315 5453 Egypti
3353 5397 3534 5452 regem
3565 5398 3696 5438 con-

2118 5477 2310 5531 stituit.
2344 5477 2448 5532 Sed
2475 5475 2620 5530 venit
2646 5490 2804 5544 super
2825 5489 2946 5530 eum
2985 5474 3478 5535 Nabuchodonosor
3510 5487 3566 5529 et
3591 5492 3688 5530 ex-

2119 5568 2227 5632 egit
2249 5567 2317 5620 ab
2339 5582 2404 5620 eo
2447 5564 2820 5634 jusjurandum
2849 5574 2906 5620 et
2934 5567 3214 5621 tributum.
3249 5565 3316 5621 Et
3342 5569 3466 5637 quia
3494 5569 3692 5621 tuenti—

2123 5665 2206 5708 tus
2237 5664 2320 5709 est
2347 5656 2396 5709 ei
2427 5654 2621 5709 occidit
2650 5671 2795 5720 etim,
2827 5665 2880 5710 et
2920 5655 3108 5726 projici
3153 5657 3316 5728 jussit
3347 5674 3542 5728 corpus
3569 5658 3691 5725 eju‘s
