3962 6174
279 339 415 397 1273

1413 344 1774 402 exposmo
1812 347 1876 402 1N
1918 305 2402 409 nummum.

290 453 345 508 in
384 452 634 523 plateam.
696 452 800 510 Sed
841 453 981 510 ﬁlius
1031 456 1185 511 istius
1228 456 1311 513 cui
1340 455 1829 528 Nabuchodonosor
1857 463 1903 523 Α
1932 461 1997 517 de
2024 478 2130 532 quo
2177 465 2431 535 scriptum
2472 477 2591 522 est:
2622 471 2845 541 Adjutor
2870 475 2921 528 in
2952 478 3418 545 opportunitatibus
3446 483 3500 536 in

270 543 531 609 occurrit,
576 551 860 614 antequam
890 546 1098 599 veniret
1126 545 1457 601 Hierusalem
1511 563 1630 602 cum
1663 558 1833 602 matre

186 626 209 649 ‘
270 643 328 689 et
351 649 560 699 uxore;
591 648 648 691 et
667 635 814 689 dedit
842 635 890 689 ei
945 634 1436 693 Nabuchodonosor
1485 637 1741 693 beneﬁcia
1779 640 1832 693 in

273 735 419 780 terra
460 740 578 789 sua,
622 733 677 780 et
737 724 959 780 tradidit
1011 725 1165 781 fratri
1218 725 1332 795 ejus
1380 727 1672 783 Sedechite.
1727 727 1832 785 Sed

269 816 396 885 quia
423 816 683 871 mentitus
706 824 788 871 est
814 816 863 869 ei
913 827 1310 872 sacramentum
1351 820 1493 888 quod
1544 820 1591 873 ei
1611 818 1833 887 jurave-

268 921 374 973 rat,
404 910 551 963 venit
576 909 767 964 iterum
794 908 1146 975 Hierusalem,
1185 918 1239 964 et
1265 912 1667 982 comprehendit
1687 928 1828 977 eum,

267 1008 323 1053 et
345 999 541 1054 occidit
582 998 720 1054 ﬁlios
751 1014 877 1054 suos
904 999 958 1053 in
1010 1000 1178 1055 oculis
1222 1001 1359 1071 ejus,
1385 1011 1441 1055 et
1483 1002 1624 1055 eruit
1650 1002 1833 1057 oculos

266 1087 385 1156 ejus
412 1098 466 1142 et
494 1089 638 1143 misit
662 1104 785 1143 eum
814 1088 867 1142 in
894 1104 1109 1144 caveam
1138 1106 1288 1146 more
1309 1091 1568 1157 ferarum,
1596 1095 1720 1163 quia
1746 1088 1831 1148 di-

270 1181 765 1249 xerantpropheta:
795 1180 910 1249 ejus
936 1189 992 1234 ut
1035 1181 1118 1237 leo
1170 1193 1350 1250 esset;
1408 1192 1464 1238 et
1510 1185 1659 1240 duxit
1709 1201 1830 1240 eum

267 1273 321 1328 in
350 1273 676 1344 Babylonem
725 1282 780 1329 et
804 1274 951 1329 misit
981 1290 1104 1330 eum
1155 1276 1210 1330 in
1245 1291 1516 1331 carcerem
1549 1286 1603 1332 et
1629 1277 1833 1332 dimisit

264 1379 389 1418 eum
420 1364 493 1419 ibi
540 1378 817 1435 usquequo
923 1364 1037 1433 ipse
1064 1364 1553 1421 Nabuchodonosor
1588 1376 1830 1422 mortuus

264 1465 370 1518 est,
401 1466 458 1510 et
506 1454 577 1509 ibi
626 1456 787 1511 etiam
834 1457 1022 1512 habuit
1061 1455 1309 1525 nepotem
1359 1472 1513 1511 suum
1560 1473 1683 1512 cum
1737 1457 1829 1511 illo

263 1546 653 1613 Evilmerodar,
711 1564 870 1617 quem
927 1549 981 1603 in
1008 1564 1173 1619 regno
1220 1549 1500 1604 invenerat
1523 1550 1737 1619 quando
1764 1550 1830 1605 de

265 1638 452 1693 bestiis
504 1654 755 1694 reversus
798 1639 916 1693 fuit.
973 1640 1048 1694 De
1103 1654 1209 1708 quo
1245 1639 1410 1694 etiam
1438 1639 1694 1708 scriptum
1725 1648 1825 1705 est,

263 1728 406 1798 quod
425 1729 723 1783 sublevavit
754 1730 1124 1785 Evilmerodar
1170 1738 1329 1799 caput
1352 1728 1593 1784 Joachim
1616 1730 1681 1784 de
1711 1745 1828 1784 car-

1933 553 2292 609 tribulatione.
2318 557 2456 609 Azor
2494 569 2665 612 autem
2698 563 2870 631 genuit
2907 563 3102 620 Sadoc.
3140 565 3312 623 Sadoc
3361 569 3497 624 dici-

1932 651 2020 697 tur
2034 644 2214 713 justus
2239 660 2258 698 :
2295 643 2445 699 illum
2466 647 2710 715 profecto
2733 653 3089 719 pnetendeus,
3113 655 3201 724 qui
3226 655 3501 724 estjustus

1930 731 2130 802 absque
2167 735 2566 804 comparatione
2598 754 2611 789 :
2651 737 2716 791 de
2739 754 2845 807 quo
2870 739 3148 797 Psalmus:
3181 743 3365 799 Justus
3386 746 3497 800 Do-

1929 822 2100 875 minus
2130 823 2370 893 justitias
2416 822 2617 878 dilexit.
2673 825 2847 881 Sadoc
2876 840 3048 883 autem
3087 834 3260 901 genuit
3294 836 3496 889 Achim.

1928 912 2093 967 Achis
2120 922 2278 968 sonat
2317 915 2482 985 frater
2504 932 2665 970 meus.
2722 917 2788 971 Et
2823 919 2934 987 ipse
2962 920 3109 975 illum
3132 924 3417 991 prmtendit
3442 919 3520 981 in'

1930 1005 2144 1059 nomine
2204 1007 2295 1075 qui
2337 1007 2504 1062 dicit:
2539 1005 2807 1063 Nuntiabo
2846 1028 3030 1065 nomen
3066 1022 3213 1067 tuum
3237 1015 3491 1084 fratribus

1929 1094 2075 1146 meis.
2115 1093 2205 1149 Ille
2252 1095 2500 1150 videlicet
2552 1097 2644 1166 qui
2679 1097 2820 1153 Deus
2848 1111 2964 1154 erat
3012 1117 3109 1171 per
3136 1102 3493 1171 maiestatem,

1927 1181 2097 1237 frater
2122 1183 2295 1239 factus
2337 1195 2419 1239 est
2441 1188 2634 1255 populo
2661 1187 2969 1245 Christiano
2994 1205 3088 1259 per
3131 1184 3487 1250 humilitatem

1930 1283 1984 1328 et
2014 1276 2479 1329 resurrectionem.
2528 1277 2713 1331 Achim
2740 1290 2913 1333 autem
2940 1282 3113 1350 genuit
3137 1281 3315 1336 Eliud.
3343 1283 3496 1338 Elind

1929 1367 2124 1421 dicitur
2149 1365 2289 1420 Deus
2317 1367 2547 1436 adiutor,
2576 1376 2630 1421 et
2655 1367 2720 1432 el,
2750 1385 2846 1439 per
2873 1386 2952 1434 se,
2976 1380 3029 1425 et
3052 1372 3167 1435 iud,
3189 1382 3395 1441 postea.
3429 1373 3496 1429 Et

1928 1458 2043 1528 ipse
2071 1459 2233 1512 etiam
2269 1473 2335 1514 ex
2365 1460 2578 1513 nomine
2628 1458 2863 1516 futurum
2915 1465 3198 1518 annuntiat
3240 1467 3490 1523 Salvato-

1928 1566 2065 1616 rem,
2091 1551 2183 1620 qui
2210 1552 2483 1606 vocandus
2502 1562 2645 1608 esset
2669 1554 3004 1620 Emmanuel,
3035 1558 3138 1612 hoc
3183 1567 3267 1613 est
3315 1561 3490 1615 nobis-

1928 1657 2046 1694 cum
2083 1640 2242 1694 Deus.
2270 1640 2432 1695 Eliud
2456 1652 2628 1696 autem
2666 1646 2840 1715 genuit
2874 1645 3119 1700 Eleazar.
3152 1647 3374 1704 Eleazar
3396 1651 3491 1704 ad-

1904 1732 2180 1802 .jutorium
2203 1732 2414 1786 Domini
2438 1742 2591 1788 sonat
2619 1753 2632 1787 :
2660 1735 2806 1789 illum
2838 1737 2903 1792 de
2939 1740 3054 1807 quo
3089 1738 3327 1806 psalmus
3372 1740 3480 1795 ait:

262 1832 408 1883 cere,
442 1826 497 1872 et
524 1818 731 1875 locutus
752 1829 836 1875 est
878 1836 999 1875 cum
1024 1836 1090 1875 eo
1111 1820 1356 1891 benigna,
1395 1830 1449 1875 et
1469 1820 1617 1875 dedit
1642 1820 1692 1875 ei
1722 1821 1822 1874 vil-
1851 1816 1899 1874 B
1926 1821 2262 1891 Adjutorium
2294 1833 2524 1876 nostrum
2554 1824 2608 1877 in
2637 1824 2842 1877 nomine
2866 1825 3094 1892 Domini,
3130 1828 3217 1898 qui
3240 1827 3358 1897 fecit
3385 1845 3489 1881 cte-

260 1907 364 1974 tas,
395 1918 452 1964 et
476 1912 756 1966 constituit
785 1912 934 1967 cibos
959 1927 1159 1967 mensa:
1182 1912 1320 1983 ejus,
1352 1913 1476 1982 quia
1507 1913 1638 1968 socii
1669 1921 1824 1967 erant

262 1997 317 2051 in
348 2014 585 2054 carcere.
649 2001 800 2068 Quod
846 2002 978 2056 dicit
1022 2000 1216 2058 fratres
1264 2001 1416 2071 ejus;
1455 2002 1541 2058 ille
1580 2012 1662 2057 est
1687 2019 1824 2057 unus

258 2101 423 2157 quem
442 2089 654 2145 Nacbor
683 2107 776 2145 rex
812 2091 1025 2164 .‘Egypti
1049 2094 1246 2164 junxit,
1304 2102 1358 2148 et
1387 2095 1542 2148 duxit
1571 2095 1623 2149 in
1655 2094 1822 2166 [Egy-

258 2189 430 2250 ptum.
491 2182 559 2236 Et
609 2183 744 2238 alius
789 2184 1047 2239 Eliachim
1091 2187 1184 2256 qui
1236 2187 1493 2258 regnabat
1542 2188 1595 2241 in
1641 2188 1821 2243 Judrca

257 2272 474 2338 quando
531 2274 763 2342 primum
823 2274 1312 2349 Nabuchodonosor
1359 2279 1426 2333 ad
1490 2278 1820 2335 Hierusalem

257 2363 428 2427 venit,
456 2364 673 2432 quando
700 2381 796 2436 per
834 2374 941 2422 tres
963 2368 1106 2422 vices
1161 2369 1495 2439 deprtedatus
1524 2379 1609 2447 est
1650 2371 1820 2441 ipsam

258 2460 478 2520 terram,
518 2464 575 2512 et
614 2466 725 2513 tres
776 2472 931 2531 reges
976 2460 1030 2514 in
1057 2475 1119 2515 ea
1173 2461 1413 2533 abstulit,
1460 2463 1609 2516 illum
1659 2478 1819 2533 quem

258 2548 419 2602 modo
467 2549 575 2605 dixi
615 2551 903 2618 Eliachim,
945 2562 1122 2622 ‘quem
1189 2554 1406 2610 Neohao
1461 2557 1820 2611 constituerat

254 2648 381 2709 post
407 2641 744 2697 interfectum
799 2645 1050 2711 fratrem;
1078 2653 1133 2700 et
1159 2645 1323 2699 alium
1352 2662 1511 2715 quem
1545 2663 1667 2701 cum
1704 2663 1821 2700 ma-

258 2738 342 2782 tre
388 2731 622 2799 .eduxit;
653 2741 711 2788 et
733 2734 947 2789 tertium
1002 2734 1340 2791 Sedeebiam.
1395 2736 1819 2808 Transmigratio

255 2827 438 2874 autem
476 2820 576 2875 fuit
603 2823 654 2874 in
683 2822 972 2894 Babylone,
997 2825 1122 2894 quia
1181 2826 1410 2896 migrare
1436 2827 1762 2897 cogebantur
1788 2842 1819 2881 a

256 2910 749 2970 Nabuchodonosor
777 2908 845 2971 de
891 2931 986 2971 sua
1012 2925 1151 2971 terra
1189 2918 1244 2971 in
1288 2918 1632 2988 Babylonem.
1662 2917 1818 2973 Sala-

255 3001 380 3056 tniel
403 3013 578 3056 autem
604 3006 778 3074 genuit
815 3003 1120 3061 Zorobabel.
1164 3006 1418 3062 Salathiel
1463 3010 1641 3078 petitio
1681 3009 1818 3064 dici-

257 3098 346 3144 tur
392 3090 649 3145 Domini:
696 3101 751 3147 et
799 3102 943 3149 recte
977 3096 1166 3165 petitio
1225 3095 1440 3151 Domini
1495 3097 1710 3164 dicitur,
1760 3108 1819 3152 ut

256 3183 507 3239 ostendat
543 3199 730 3241 omnes
780 3187 1027 3257 antiquos
1056 3197 1241 3259 patres
1278 3190 1497 3260 petiisse
1534 3191 1816 3246 Dominum

258 3274 445 3329 venire
469 3275 536 3329 ad
563 3274 986 3346 redemptionem
1014 3280 1227 3348 generis
1255 3281 1494 3335 humani.
1536 3280 1822 3336 Zorobabel

255 3377 433 3419 autent
455 3368 628 3437 genuit
655 3368 845 3423 Abiud.
879 3370 1175 3426 Zombabel
1220 3373 1334 3443 ipse
1361 3374 1451 3443 qui
1483 3374 1821 3430 custodiebat

254 3454 550 3509 Assuerum
578 3472 757 3528 regem
777 3460 1131 3515 dormientem
1160 3477 1283 3516 cum
1311 3462 1430 3517 aliis
1459 3463 1700 3530 duobus;
1736 3465 1819 3519 di-

254 3554 560 3615 xeruntque
587 3548 657 3601 ad
685 3548 917 3603 invicem
942 3568 955 3603 :
985 3549 1234 3605 Dicamus
1285 3552 1355 3605 ad
1379 3553 1593 3606 invicem
1619 3552 1822 3623 singuli

255 3637 560 3701 sententias,
587 3649 634 3692 et
664 3638 931 3709 apparebit
957 3640 1075 3709 quis
1120 3640 1381 3695 meliorem
1404 3644 1710 3697 sententiam
1736 3643 1819 3697 di-

263 3736 371 3780 cat.
414 3727 564 3784 Unus
600 3729 769 3784 dixit:
823 3729 936 3784 Rea:
964 3740 1039 3785 est
1065 3730 1248 3802 fortior
1273 3732 1367 3785 sub
1389 3731 1535 3787 caelo.
1567 3731 1718 3787 Alius
1737 3732 1819 3788 di-

256 3818 381 3873 xit:
422 3817 607 3875 Vinum
631 3831 705 3875 est
738 3822 926 3891 fortius
962 3822 1056 3876 sub
1086 3822 1232 3878 ctelo.
1260 3822 1471 3878 Tertius
1528 3822 1822 3879 Zorobabel

257 3910 395 3965 dixit
422 3928 437 3965 :
480 3908 681 3966 Veritas
704 3923 778 3968 est
812 3912 1000 3983 fortior
1022 3923 1071 3968 et
1120 3914 1380 3969 mulieres.
1431 3914 1499 3968 Et
1530 3903 1823 3986 exsurgens

258 4016 356 4055 rex
384 4003 702 4071 approbavit
725 4019 848 4059 cum
881 4002 994 4059 suis
1028 4005 1352 4069 hominibus,
1378 4006 1502 4075 quia
1528 4004 1822 4060 Zorobabel

257 4090 449 4146 melius
459 4092 701 4157 dixisset,
725 4102 781 4148 et
799 4101 927 4149 tunc
939 4094 1082 4149 dedit
1107 4095 1153 4150 ei
1171 4096 1527 4165 principatum
1543 4111 1703 4165 super
1713 4110 1824 4149 om-

258 4197 359 4236 nes
385 4178 599 4239 Judaeos
619 4185 711 4253 qui
738 4194 895 4239 erant
920 4186 974 4238 in
987 4200 1153 4256 regno
1180 4186 1314 4255 ejus,
1362 4193 1417 4240 et
1445 4185 1713 4239 licentiam
1740 4200 1823 4240 re-

256 4274 505 4329 vertendi
540 4291 662 4331 cum
688 4277 934 4332 omnibus
954 4277 1153 4332 Judaais
1175 4278 1225 4331 in
1247 4276 1601 4332 Hierbsalem.
1638 4277 1705 4331 Et
1738 4294 1819 4341 ιο,

260 4365 384 4429 iste,
416 4382 495 4431 ro,
528 4366 809 4435 magister,
847 4366 1030 4432 Babel,
1091 4366 1395 4437 Babylonis,
1458 4369 1559 4422 hoc
1584 4376 1688 4433 est,
1723 4368 1823 4423 iste

260 4457 521 4527 magister
549 4458 615 4513 de
670 4458 961 4528 Babylone,
992 4467 1047 4513 et
1086 4458 1353 4529 signiﬁcat
1395 4459 1509 4529 ipse
1538 4459 1822 4514 Dominum

1924 1910 2031 1963 lum
2082 1920 2131 1966 et
2161 1922 2373 1965 terram.
2432 1912 2661 1967 Eleazar
2703 1925 2875 1968 autem
2905 1919 3079 1986 genuit
3120 1917 3355 1971 Nat/tan.
3383 1917 3489 1971 Na-

1922 2003 2052 2056 tban
2102 2002 2341 2067 dulcedo,
2403 2005 2517 2058 sive
2572 2013 2862 2060 saturans:
2925 2006 3257 2062 dulcedinem
3311 2016 3485 2071 sonat,

1920 2092 2268 2162 prmﬁgumns
2296 2092 2465 2156 illum,
2492 2093 2558 2147 de
2589 2108 2695 2162 quo
2740 2095 3066 2164 evangelista
3094 2105 3280 2164 postea
3306 2096 3441 2152 dixit
3470 2115 3482 2151 :

1922 2180 2251 2237 Mirabantur
2278 2199 2451 2236 omnes
2477 2198 2633 2251 super
2666 2183 2746 2236 Itis
2792 2200 2910 2254 qua:
2943 2185 3247 2239 dicebantur
3274 2186 3337 2240 de
3369 2185 3479 2240 illo.

1923 2272 2186 2327 Saturans
2237 2280 2436 2337 autem,
2488 2280 2544 2326 et
2584 2271 2685 2327 hoc
2715 2274 2781 2327 ad
2817 2273 2990 2343 ipsum
3020 2275 3253 2343 pertinet
3290 2275 3355 2329 de
3379 2291 3486 2345 quo

1920 2365 2179 2434 scriptum
2202 2372 2286 2420 est
2312 2382 2325 2418 :
2362 2365 2629 2420 Saturavit
2668 2364 2922 2420 Dominus
2945 2368 3170 2439 quinque
3206 2365 3372 2420 millia
3392 2368 3484 2421 ho-

1919 2455 2139 2507 minum.
2292 2458 2299 2467 '

1992 2542 2208 2598 Nathan
2254 2530 2425 2598 autem
2461 2545 2633 2615 genuit
2667 2543 2854 2599 Iacob.
2908 2545 3075 2603 Jacob
3125 2548 3485 2619 supplantator

1919 2635 2136 2700 dicitur,
2164 2642 2220 2690 et
2246 2635 2332 2688 hic
2356 2649 2452 2689 suo
2472 2635 2688 2689 nomine
2718 2634 2998 2691 Dominum
3022 2638 3362 2706 praenuntiat,
3393 2638 3486 2709 qui

1919 2712 2280 2796 supplantavit
2327 2726 2459 2780 vitia
2486 2736 2539 2782 et
2567 2727 2739 2781 erexit
2789 2727 3053 2783 virtutes:
3086 2729 3154 2784 de
3180 2730 3299 2785 istis
3330 2746 3483 2794 vero,

1918 2819 2011 2887 qui
2057 2819 2271 2872 in'ﬁne
2315 2819 2675 2889 generationis
2723 2828 3004 2887 ponuntur
3056 2820 3350 2875 videndum
3405 2831 3489 2875 est

1919 2925 2087 2981 quare
2101 2908 2573 2964 Matthaeusdicat:
2600 2908 2763 2963 Iacob
2778 2911 2952 2979 genuit
2980 2909 3196 2981 Ioseph,
3232 2921 3285 2967 et
3313 2911 3486 2970 Lucas

1921 3004 2067 3060 dicat
2097 3022 2109 3056 :
2143 3002 2268 3073 quia
2296 2999 2418 3055 Heli
2445 3001 2621 3071 genuit
2670 2986 2885 3071 Ioseph.
2929 3000 3034 3056 Sed
3066 3003 3168 3057 hoc
3208 3002 3486 3058 sciendum

1920 3096 2043 3165 quia
2078 3093 2164 3148 lex
2194 3092 2557 3163 prtecipiebat,
2587 3099 2648 3145 ut
2696 3092 2910 3161 quando
2937 3090 3106 3148 frater
3134 3095 3484 3160 moriebatur,

1844 3184 1889 3246 C
1920 3195 1976 3240 et
2010 3199 2113 3238 non
2178 3182 2518 3251 relinquebat
2573 3180 2762 3243 ﬁlium,
2804 3182 3073 3251 acciperet
3130 3182 3298 3237 frater
3352 3184 3490 3238 alius

1920 3275 2086 3346 ipsius
2110 3288 2353 3335 uxorem,
2384 3286 2506 3326 cum
2558 3285 2654 3325 sua
2685 3286 2873 3335 uxore,
2928 3280 2983 3326 et
3019 3283 3301 3343 generaret
3351 3274 3489 3330 ﬁlios
3518 3274 3523 3279 ί

1920 3366 1974 3420 in
2001 3379 2166 3419 uxore
2212 3362 2395 3417 fratris
2416 3361 2520 3426 sui,
2551 3368 2606 3416 et
2631 3361 2706 3415 illi
2736 3362 2826 3431 qui
2859 3372 3213 3417 nascerentur
3247 3363 3344 3418 ﬁlii
3377 3363 3489 3418 fra-

1918 3455 2019 3509 tris
2039 3454 2234 3508 mortui
2264 3452 2588 3507 dicerentur.
2627 3450 2741 3505 Tali
2774 3467 2902 3521 ergo
2930 3467 3093 3507 causa
3142 3461 3226 3507 est
3253 3455 3490 3512 varietas

1918 3548 1974 3602 in
2025 3543 2390 3614 evangelistis,
2451 3551 2508 3596 et
2558 3542 2842 3598 Mattbaeus
2883 3543 3125 3598 ordinem
3186 3531 3499 3617 naturalem.

1918 3649 2174 3703 sequens,
2232 3632 2363 3687 dicit
2400 3647 2521 3686 eum
2562 3630 2729 3687 ﬁlium
2769 3648 2889 3688 esse
2947 3633 3134 3690 Jacob.
3175 3636 3349 3691 Lucas
3387 3652 3487 3691 au-

1920 3733 2029 3780 tem
2079 3724 2372 3779 secundum
2440 3722 2611 3793 legem
2669 3732 2907 3779 veterem
2953 3725 3086 3781 dicit
3141 3740 3264 3781 eum
3318 3725 3487 3782 ﬁlium

1919 3816 2036 3871 Heli
2102 3814 2287 3869 fuisse.
2345 3813 2461 3869 Heli
2534 3815 2733 3871 dicitur
2790 3816 3094 3883 ascendens,
3166 3816 3332 3875 Iacob
3400 3820 3480 3875 in-

1921 3915 2246 3979 terpretatur
2297 3907 2676 3979 supplantator,
2732 3906 2951 3979 Ioseph,
3005 3919 3361 3981 augmentum.
3416 3911 3485 3965 Et

1922 4004 2036 4076 ipse
2057 4004 2219 4059 etiam
2246 4004 2393 4059 illum
2449 4006 2658 4060 intonat
2698 4014 3004 4073 venturum,
3035 4008 3126 4077 qui
3151 4008 3301 4062 auxit
3323 4023 3489 4078 popu-

1920 4094 2033 4149 lum
2061 4109 2238 4160 sunm,
2266 4094 2451 4150 dicens
2475 4112 2489 4149 :
2517 4095 2585 4149 Et
2614 4095 2747 4150 alias
2764 4112 2879 4151 oves
2904 4097 3087 4163 habeo,
3109 4114 3225 4168 qua:
3246 4114 3349 4152 non
3368 4108 3487 4153 sunt

1921 4202 1986 4263 ea;
2013 4185 2109 4239 hoc
2168 4184 2314 4251 ovili,
2340 4194 2388 4240 et
2416 4184 2536 4240 illas
2566 4196 2761 4254 oportet
2818 4204 2898 4241 me
2933 4187 3214 4253 adducere,
3243 4199 3290 4243 et
3315 4205 3488 4243 vocem

1921 4294 2088 4332 meam
2110 4278 2343 4343 audient,
2386 4288 2433 4333 et
2457 4278 2545 4347 ﬁet
2569 4295 2729 4332 unum
2756 4279 2884 4333 ovile
2910 4288 2957 4333 et
2983 4296 3117 4334 unus
3145 4290 3343 4350 pastor.

1998 4369 2182 4424 Virum
2210 4369 2416 4425 Merito.
2443 4369 2575 4425 Cum
2597 4369 2748 4424 audis
2768 4370 2964 4435 virum,
2988 4371 3222 4440 require,
3246 4370 3489 4426 invenies

1924 4460 1978 4515 in
2006 4458 2302 4530 Scriptura,
2335 4461 2475 4530 quod
2504 4469 2559 4514 et
2595 4461 2778 4531 sponsi
2806 4470 3069 4516 vocantur
3093 4462 3217 4528 viri,
3249 4470 3304 4516 et
3331 4477 3489 4532 spon-
3579 4465 3586 4471 '

258 4548 534 4604 ChriStum
556 4564 572 4604 :
595 4550 720 4621 quia
742 4550 979 4622 Babylon
1006 4528 1243 4621 confusio
1265 4528 1480 4619 dicitur,
1511 4554 1637 4622 quia
1660 4554 1823 4625 signi-
1846 4528 1899 4588 Ῑ)
1925 4564 1998 4604 sa:
2024 4528 2221 4606 uxores
2239 4592 2254 4616 ,
2293 4528 2545 4606 etetiam
2571 4528 2900 4606 consuetudo
2934 4528 3489 4623 historiographorum

259 4641 391 4697 ﬁcat
410 4642 575 4697 istum
598 4643 872 4710 mundum,
900 4645 1041 4699 unde
1068 4643 1324 4700 Dominus
1349 4644 1595 4701 Christus
1634 4656 1824 4702 auctor
1857 4628 1870 4642 ’

258 4742 345 4786 cst
365 4733 476 4802 ipse
500 4740 557 4788 et
585 4734 857 4805 magister,
879 4735 1019 4789 unde
1039 4745 1093 4791 et
1110 4736 1288 4791 educit
1309 4736 1560 4807 populum
1582 4752 1735 4793 suum
1766 4737 1822 4793 in

261 4831 464 4878 terram
492 4825 925 4895 repromissionis
948 4867 964 4893 ,
1002 4827 1106 4882 hoc
1144 4836 1228 4884 est
1263 4828 1318 4882 in
1346 4830 1508 4883 vitam
1539 4837 1817 4884 mternam.

335 4915 410 4969 De
446 4914 638 4985 bisqui
668 4914 722 4969 in
750 4916 927 4971 medio
969 4924 1112 4983 sunt,
1144 4918 1236 4986 qui
1277 4917 1329 4972 in
1370 4919 1682 4988 captivitate
1708 4917 1821 4973 fue-

262 5015 414 5074 runt,
441 5022 550 5062 non
580 5006 835 5061 habemus
859 5006 1114 5077 scriptum
1146 5007 1274 5078 quid
1302 5006 1543 5071 fecerint,
1574 5008 1674 5063 nisi
1708 5017 1824 5062 tan-

266 5099 541 5153 tummodo
570 5098 1035 5168 interpretationes
1058 5098 1316 5154 dicamus.
1348 5099 1518 5153 Abiud
1553 5110 1723 5154 autem
1744 5117 1817 5170 ge-

263 5189 379 5241 nuit
418 5189 660 5244 Eliacim.
707 5187 880 5246 Abiud
939 5190 1102 5259 patris
1158 5189 1360 5243 robur:
1389 5198 1444 5245 et
1496 5206 1593 5261 per
1649 5192 1822 5261 ipsum

260 5281 522 5337 Dominus
548 5280 793 5337 Christus
816 5282 1134 5346 ostenditur,
1161 5280 1252 5351 qui
1285 5289 1369 5336 est
1403 5281 1497 5337 Dei
1538 5282 1707 5336 virtus
1728 5297 1825 5351 per

262 5389 426 5443 quam
451 5372 601 5432 facta
622 5384 747 5431 sunt
791 5375 992 5430 omnia.
1040 5374 1106 5429 Et
1128 5374 1191 5428 ab
1237 5388 1332 5444 per
1365 5390 1425 5430 se
1467 5374 1643 5437 debet,
1676 5374 1822 5445 ,quia

262 5464 329 5517 ab
374 5471 530 5533 pater
550 5465 761 5520 dicitur.
802 5465 1024 5521 Eliacim
1068 5465 1375 5519 resurrectio
1400 5465 1821 5534 interpretatur:

262 5553 390 5623 quia
428 5554 676 5610 videlicet
725 5556 895 5624 ipsum
945 5554 1296 5626 signiﬁcabat,
1329 5569 1427 5623 per
1454 5569 1610 5624 quem
1643 5570 1823 5609 resur-

264 5653 515 5700 recturus
554 5646 658 5699 crit
691 5647 867 5700 omnis
892 5646 1139 5700 mundus.
1193 5644 1417 5698 Eliacim
1455 5654 1625 5698 autem
1650 5645 1824 5713 genuit
1858 5638 1866 5647 ’

268 5734 427 5789 σίων.
457 5735 599 5792 Azor
630 5736 1010 5804 interpretatur
1042 5736 1272 5801 adiutor,
1307 5734 1450 5790 illum
1477 5737 1824 5804 praefigurans

1924 4649 2008 4697 est
2035 4641 2315 4697 historiam
2354 4642 2433 4697 sic
2456 4642 2711 4707 scribere,
2744 4642 2884 4697 sicut
2909 4654 2974 4697 eo
3004 4651 3244 4713 tempore
3272 4650 3490 4713 putatur

1923 4732 2137 4804 quando
2165 4747 2251 4788 res
2270 4733 2465 4801 agitur.
2495 4731 2646 4788 Unde
2671 4733 2737 4787 de
2759 4732 2966 4788 Herode
2990 4733 3185 4787 dicitur
3210 4733 3333 4801 quia
3359 4747 3491 4787 con-

1924 4824 2170 4879 tristatus
2219 4822 2381 4897 fuerit
2424 4822 2492 4876 ad
2522 4822 2835 4891 petitionem
2875 4824 3065 4892 capitis
3101 4822 3349 4888 Joannis,
3382 4837 3489 4878 non

1926 4918 2068 4988 quod
2096 4931 2223 4972 vere
2252 4917 2631 4981 contristatus,
2658 4900 2752 4970 sed
2774 4917 2897 4979 quia
2928 4917 3006 4970 sic
3035 4924 3279 4986 putatum
3314 4923 3398 4969 est
3421 4915 3491 4970 ab

1929 5012 2015 5066 his
2035 5011 2127 5080 qui
2154 5010 2421 5064 viderunt.
2566 5003 2572 5009 ’
3332 5025 3343 5033 -

2000 5103 2054 5156 In
2085 5101 2244 5155 tertio
2273 5098 2462 5154 ordine
2496 5096 2856 5168 generationis
2888 5095 3135 5151 Christus
3172 5096 3490 5166 quartusde-

1928 5193 2100 5248 cimus
2129 5199 2242 5254 est,
2273 5188 2398 5258 quia
2428 5188 2529 5242 ista
2566 5187 2843 5257 generatio
2879 5186 2957 5242 sic
2995 5186 3134 5240 facta
3165 5184 3265 5239 fuit
3302 5185 3368 5240 ad
3394 5198 3491 5241 ca~

1928 5283 2177 5355 piendum
2205 5280 2495 5344 diabolum,
2520 5279 2661 5334 sicut
2688 5280 2881 5335 bamus
2902 5278 2969 5333 ad
2990 5277 3275 5348 capiendos
3292 5279 3488 5349 pisces,

1927 5375 2068 5431 sicut
2094 5373 2148 5427 in
2188 5372 2294 5428 ﬁne
2320 5370 2620 5426 occultatur
2655 5372 2845 5426 hamus
2878 5386 2976 5441 per
3000 5385 3179 5425 escam
3199 5410 3213 5435 ,
3239 5370 3317 5425 sic
3349 5369 3490 5425 divi-

1925 5465 2066 5519 nitas
2092 5463 2290 5519 Christi
2322 5462 2580 5517 absconsa
2609 5460 2710 5516 fuit
2741 5461 2807 5516 de
2834 5476 3029 5527 carne,
3058 5460 3183 5532 quia
3196 5460 3361 5521 ,misit
3387 5460 3490 5515 ha-

1925 5569 2071 5608 mum
2112 5554 2253 5608 Deus
2293 5552 2476 5617 Pater,
2527 5553 2617 5621 qui
2665 5551 2857 5605 Filium
2902 5550 3173 5606 incarnari
3216 5551 3487 5623 praecepit.

1926 5646 2205 5700 Momordit
2229 5646 2469 5701 diabolus
2498 5654 2552 5701 et
2576 5644 2866 5699 transfixus
2896 5652 2978 5700 est
3000 5661 3030 5699 a
3053 5645 3331 5699 divinitate
3350 5641 3483 5712 ejus,

1927 5739 2028 5793 hoc
2052 5746 2134 5793 est
2165 5737 2287 5793 fecit
2318 5754 2535 5794 carnem
2575 5736 2848 5808 cruciﬁgi,
2875 5746 2930 5793 ct
2962 5739 3380 5809 comprehensus
3408 5743 3489 5792 ett

3368 369 3498 422 um
3575 443 3587 453 α
