3962 6174
489 296 625 355 {275

1260 282 1655 364 CIIBISTIANl
1685 281 2091 340 DRUTHMARI
2128 277 2572 337 CORBEIENSIS
2602 274 2903 332 MONACill

3595 270 3727 327 I275

484 420 541 464 et
568 408 823 478 religatus
842 403 910 458 ab
936 402 1049 471 ipsa
1074 398 1355 461 divinitate
1375 412 1495 466 qum
1523 373 1723 450 latebat
1746 393 1844 447 sub
1868 406 2050 445 carne.
2082 394 2133 455 Α
2157 394 2297 449 dzcos
2329 394 2428 449 fuit
2460 396 2561 449 hoc
2593 409 2807 449 nomen.
2841 390 2991 447 Unde
3017 389 3157 449 enim
3185 388 3251 449 ab
3287 386 3457 451 Julio,
3484 388 3581 456 qui
3622 389 3734 456 pri.

488 502 651 571 Virga
692 498 746 551 in
782 510 886 565 qua
924 493 1115 546 hamus
1157 490 1389 543 insertus
1426 496 1509 542 est
1545 485 1819 553 Abraham
1849 479 2053 545 existit,

487 593 577 662 qui
606 591 755 660 origo
784 586 941 655 hujus
966 582 1326 656 generationis
1354 579 1475 633 fuit.
1843 644 1847 648 ὶ

557 678 797 733 Diximus
830 674 943 743 jam
977 688 1144 743 quare
1170 687 1266 743 per
1291 680 1402 726 tres
1434 667 1653 723 ordines
1683 665 1866 721 divisit
1895 663 2053 719 istam

487 767 885 839 generationem
908 804 923 830 ,
962 763 1211 819 videlicet
1243 768 1460 831 propter
1497 758 1601 813 tria
1641 766 1900 826 tempora.
1930 763 2056 809 ante

489 859 692 931 legem,
732 856 832 915 sub
861 856 997 926 lege,
1035 864 1088 910 et
1116 852 1389 923 prophetis
1430 859 1485 905 et
1529 847 1629 905 sub
1666 847 2052 911 sacerdotibus,

487 950 599 1003 sive
640 956 858 1017 pmpter
899 945 1235 1007 Trinitatem.
1274 941 1685 1009 Quatuordecim
1719 948 1897 993 autem
1931 952 2056 1008 pro-

487 1048 607 1109 pter
655 1036 1017 1107 septenarium
1063 1048 1342 1088 numerum
1384 1031 1476 1102 qui
1519 1039 1600 1086 est
1626 1040 1869 1085 sacratus
1913 1028 2055 1098 apud

485 1129 699 1186 Judteos
718 1144 816 1200 pro
835 1128 1081 1191 sabbato,
1105 1125 1229 1196 quia
1252 1134 1454 1196 septem
1477 1133 1531 1178 et
1553 1132 1776 1192 septem,
1799 1116 2057 1191 quatuor-'-

487 1221 661 1278 decim
701 1220 922 1276 iaciunt.
964 1218 1041 1271 De
1075 1234 1175 1287 qua
1222 1228 1374 1270 nutus
1410 1224 1483 1269 est
1516 1213 1693 1279 Jesus,
1724 1215 1813 1285 qui
1841 1223 2056 1267 vocatur

488 1312 744 1367 Christus.
776 1310 927 1365 Sicut
954 1308 1136 1373 scitis,
1181 1306 1459 1361 Matthteus
1485 1304 1692 1359 Domini
1720 1311 1841 1374 post
1868 1318 2054 1357 ascen-

487 1419 604 1458 sum
631 1404 684 1457 in
707 1402 859 1458 caelis
880 1401 991 1458 Caii
1027 1410 1263 1471 tempore
1284 1398 1537 1469 Caligulae
1560 1397 1902 1468 Evangelinm
1922 1397 2055 1451 scri-

488 1496 625 1565 psit,
671 1503 953 1566 pr0pterea
993 1494 1071 1548 sic
1110 1490 1592 1561 utroque-nomine
1627 1490 1756 1544 dicit
1790 1488 1936 1543 illum
1966 1502 2059 1542 vo-

488 1586 632 1647 cari,
670 1585 723 1639 id
760 1593 845 1639 est
890 1598 920 1637 a
959 1582 1305 1638 credentibus
1345 1582 1398 1635 in
1438 1595 1582 1635 eum.
1625 1578 1762 1646 Quid
1796 1578 2057 1648 pertinuit

404 1700 405 1703 η
487 1674 693 1730 narrari
742 1674 1144 1745 generationem
1194 1670 1425 1741 Joseph,
1473 1685 1599 1725 cum
1645 1669 1892 1725 Christus
1938 1668 2055 1739 ejus

2159 501 2278 539 mus
2306 485 2568 539 vocitatus
2596 494 2679 539 est
2705 482 2901 544 Cresar,
2930 496 2994 536 eo
3024 480 3162 550 quod
3191 494 3331 533 caeso
3354 481 3547 533 matris
3573 488 3737 532 utero

2156 585 2380 631 mortuae
2409 577 2632 630 eductus
2649 573 2736 635 sit,
2762 574 2815 628 in
2840 572 3103 642 reliquum
3129 585 3315 625 omnes
3339 570 3584 623 Ctesares
3607 579 3741 623 sunt
3797 619 3811 639 ,
3834 620 3837 627 ι

2158 668 2472 737 nnncnpati,
2497 676 2551 721 et
2570 667 2637 731 ab
2662 664 2973 728 Octaviano,
3000 662 3085 718 cui
3122 662 3344 717 Romani
3376 677 3503 715 cum
3533 676 3739 715 occur-

2157 759 2387 823 rissent,
2430 766 2551 828 post
2593 755 2931 826 subjugatum
2980 754 3165 809 orbem
3197 760 3374 815 teme,
3408 766 3533 807 cum
3574 760 3743 805 scuto

2158 864 2322 904 aureo
2358 834 2412 904 et
2442 848 2735 917 lapidibus,
2769 845 3031 900 dederunt
3063 859 3253 899 nomen
3298 844 3567 911 Augusto,
3604 842 3741 910 quia

2157 941 2450 995 adauxerat
2473 937 2757 1007 imperium
2787 951 2995 999 eorum,
3025 935 3078 989 in
3104 934 3365 1003 reliquum
3392 947 3582 986 omnes
3620 932 3739 983 Au-

2155 1032 2292 1101 gusti
2321 1029 2567 1101 appellati
2596 1036 2739 1083 sunt.
2774 1027 2947 1081 Simili
2972 1025 3130 1080 modo
3160 1025 3282 1095 quia
3308 1025 3487 1078 Aaron
3508 1024 3742 1093 juhente

2156 1122 2383 1177 Domino
2409 1121 2659 1191 inunctus
2687 1129 2769 1186 est
2795 1134 2825 1172 a
2854 1118 3032 1189 Moyse
3056 1118 3109 1171 in
3138 1119 3472 1172 sacerdotem
3491 1157 3506 1179 ,
3541 1130 3741 1169 omnes

2156 1213 2462 1268 sacerdotes
2499 1210 2717 1265 Messias
2745 1217 3027 1265 vocantur.
3071 1206 3330 1264 Similiter
3355 1221 3545 1262 omnes
3574 1222 3742 1275 reges

2157 1320 2186 1358 a
2217 1303 2377 1359 Saule
2405 1304 2495 1373 qui
2523 1303 2725 1372 primus
2767 1316 2863 1358 rex
2903 1316 3085 1358 eorum
3124 1315 3152 1353 a
3187 1298 3435 1355 Samuele
3475 1299 3744 1353 inunctus

2158 1405 2240 1451 est
2264 1396 2318 1450 in
2347 1409 2526 1467 regem
2555 1393 2772 1447 Messias
2805 1392 2946 1448 idem
2977 1391 3164 1446 cbristi
3200 1390 3375 1444 vocati
3403 1399 3550 1444 sunt.
3579 1387 3745 1444 Unde

2156 1498 2212 1545 et
2239 1488 2407 1543 David
2428 1487 2640 1542 dicebat
2672 1503 2685 1539 :
2713 1484 2835 1539 Non
2854 1485 3056 1537 mittam
3083 1498 3294 1535 manum
3318 1498 3486 1535 meam
3511 1481 3567 1533 in
3592 1479 3745 1533 diri.

2156 1590 2294 1632 stum
2323 1577 2569 1641 Domini;
2602 1584 2657 1630 et
2686 1576 2738 1630 in
2776 1574 2986 1629 Psalmo
3014 1592 3026 1628 :
3062 1572 3239 1626 Nolite
3272 1580 3484 1639 tangere
3510 1572 3746 1625 Christus

2157 1685 2318 1722 meos.
2350 1667 2723 1737 lnterpretatio
2750 1680 2854 1719 una
2890 1672 2996 1728 est,
3031 1661 3248 1717 Messias
3270 1672 3317 1716 et
3341 1660 3606 1724 Christus,
3644 1663 3745 1716 sed

488 1766 629 1820 ﬁlius
657 1743 766 1819 non
794 1765 990 1820 fuerit?
1022 1762 1281 1818 Videlicet
1314 1776 1413 1832 pro
1444 1768 1674 1831 quatuor
1710 1758 1907 1813 causis.
1939 1757 2055 1811 Pri-
2085 1743 2130 1803 Β
2159 1768 2338 1813 tamen
2369 1759 2492 1828 quia
2521 1757 2705 1827 Graeca
2746 1755 2924 1827 lingua
2967 1753 3245 1809 sonantior
3271 1759 3324 1808 et
3357 1753 3632 1822 comptior
3656 1760 3746 1806 est

487 1872 607 1922 ma,
634 1864 694 1910 ut
726 1871 824 1925 per
856 1854 1254 1927 generationem
1290 1850 1486 1922 Joseph
1526 1850 1705 1904 Maria:
1743 1856 2057 1905 nosceretur

485 1949 665 2018 origo,
721 1948 847 2019 quia
895 1948 960 2002 de
1003 1961 1107 2001 una
1154 1944 1498 2015 generatione
1538 1941 1702 1997 fuisse
1740 1949 2053 2005 noscuntur,

486 2037 611 2108 quia
647 2045 971 2107 praeceptum
1005 2043 1153 2099 erat,
1183 2044 1243 2088 ut
1275 2034 1638 2103 unusquisque
1675 2034 1833 2087 homo
1863 2032 1928 2086 de
1958 2046 2052 2085 sua

487 2132 630 2187 tribu
653 2146 870 2205 uxorem
895 2138 1151 2195 sumeret,
1179 2129 1320 2199 quod
1348 2128 1565 2197 .loseph,
1595 2128 1686 2199 qui
1706 2125 1883 2196 justus
1916 2134 2052 2188 erat,

485 2222 589 2279 hoc
630 2221 982 2277 custodiebat.
1039 2218 1190 2275 Sicut
1229 2219 1474 2288 apparuit
1523 2218 1575 2271 in
1613 2232 1806 2273 census
1852 2215 2058 2286 profes-

485 2311 669 2375 sione,
706 2310 835 2380 quia
870 2326 993 2366 cum
1027 2318 1352 2379 praeceptum
1388 2316 1563 2372 esset,
1602 2316 1661 2362 ut
1690 2308 2057 2377 unusquisque

488 2409 849 2455 reverteretur
883 2401 938 2455 in
979 2407 1174 2456 terram
1215 2409 1269 2454 et
1309 2400 1362 2454 in
1403 2399 1631 2470 patriam
1667 2413 1852 2463 suam,
1890 2406 1940 2451 et
1987 2396 2056 2449 ibi

488 2488 833 2557 proﬁteretur
861 2504 1054 2549 nomen
1082 2504 1260 2551 suum,
1288 2498 1340 2542 et
1369 2498 1559 2550 artem,
1589 2494 1643 2542 et
1673 2485 1903 2542 solveret
1926 2500 2051 2538 cen—

488 2592 641 2642 sum,
687 2577 928 2633 Ascendit
968 2576 1160 2646 Joseplt
1200 2587 1247 2632 et
1294 2575 1468 2630 Maria
1511 2575 1575 2629 de
1610 2572 1831 2631 Galilrea
1866 2573 1919 2626 in
1961 2571 2058 2624 Re-

483 2666 702 2731 thleem,
744 2667 812 2721 ad
851 2667 1198 2738 proﬁtendum
1243 2682 1428 2721 nomen
1468 2657 1527 2720 in
1565 2666 1738 2736 patria
1781 2682 1897 2719 sua.
1950 2663 2058 2719 Nec

485 2757 628 2812 enim
657 2756 986 2813 consuetudo
1011 2766 1094 2811 est
1131 2754 1420 2825 Scriptura:
1453 2755 1706 2811 historias
1739 2754 1805 2808 de
1843 2754 2058 2808 feminis

488 2861 689 2909 texere.
734 2850 884 2906 Licet
915 2850 1057 2905 enim
1093 2849 1260 2925 Adam
1291 2848 1485 2907 multas
1522 2846 1657 2902 ﬁlias
1694 2847 1969 2911 habuerit,
2001 2855 2055 2901 et

487 2940 633 3006 Noe,
667 2941 751 2997 vel
791 2941 914 3007 alii,
954 2940 1019 2996 de
1058 2939 1218 2996 nullis
1247 2948 1423 2994 tamen
1455 2940 1735 3008 Scriptura
1772 2938 1851 2993 sic
1887 2935 2055 2991 refert

486 3032 625 3087 sicut
654 3032 719 3087 de
751 3030 884 3087 Abel
911 3039 967 3087 et
993 3031 1145 3097 Cain,
1178 3030 1327 3097 Sem,
1352 3030 1519 3087 Cham
1548 3040 1603 3086 et
1628 3029 1839 3101 Japhet,
1874 3039 1930 3087 et
1951 3031 2054 3085 Re-

2157 1849 2406 1905 omnibus
2435 1848 2632 1920 linguis
2660 1846 2759 1902 sub
2785 1845 2943 1910 caelo,
2973 1852 3027 1899 et
3047 1843 3209 1905 etiam
3240 1842 3438 1903 notior,
3468 1850 3586 1894 tum
3614 1851 3745 1895 erat

2156 1950 2378 2010 propter
2418 1940 2688 1994 Romanos
2729 1937 2818 2006 qui
2859 1952 2957 2006 per
2995 1944 3162 1988 totum
3202 1933 3454 1987 ninndnm
3481 1932 3745 1985 domina-

2158 2030 2376 2095 bantur,
2412 2041 2465 2085 et
2491 2031 2561 2084 ob
2588 2028 2803 2084 Cra-cos
2832 2026 2922 2097 qui
2960 2026 3310 2095 sapientiores
3339 2022 3559 2077 fuerunt
3590 2024 3744 2087 aliis,

2159 2122 2359 2177 idcirco
2399 2121 2598 2192 placuit
2645 2118 3001 2189 Evangelistis
3040 2127 3093 2173 et
3138 2115 3522 2186 interpretibus
3567 2114 3623 2167 in
3673 2130 3742 2169 ea

2160 2213 2338 2283 lingua
2371 2212 2502 2267 illud
2536 2226 2727 2265 nomen
2756 2208 3028 2263 dimittere
3056 2227 3067 2259 :
3100 2221 3219 2276 quae
3251 2205 3424 2276 magis
3459 2214 3591 2259 nota
3616 2216 3744 2261 cr.“

2158 2313 2211 2356 et
2246 2299 2549 2355 amabilior.

2677 2392 2740 2446 In
2770 2393 2940 2463 vigilia
2976 2390 3231 2445 Natalis.’

2231 2484 2359 2539 Cum
2385 2494 2515 2539 esset
2560 2484 2890 2554 desponsata.
2930 2482 3169 2553 Sponsus
3196 2492 3252 2537 et
3276 2497 3461 2553 sponsa
3506 2498 3539 2536 a
3570 2501 3737 2552 span-

2157 2578 2325 2631 dendo
2351 2577 2476 2632 dicti
2505 2580 2649 2641 s'unt,
2680 2591 2747 2631 eo
2774 2575 2914 2646 quod
2946 2583 3070 2629 ante
3107 2576 3437 2644 spondebant
3469 2576 3576 2630 sibi
3605 2592 3736 2631 can-

2159 2670 2332 2724 tiones
2377 2668 2701 2724 matrimonii
2744 2669 3080 2734 consentire,
3121 2678 3175 2724 et
3202 2669 3401 2724 dabant
3452 2669 3737 2740 ﬁdejnsso-

2158 2775 2263 2823 res,
2292 2759 2453 2813 etiam
2481 2757 2678 2813 annulo
2697 2757 3141 2813 subarrabantur.
3168 2758 3283 2814 Tali
3307 2774 3437 2830 ergo
3457 2760 3622 2814 modo
3646 2760 3739 2814 de-

2157 2860 2407 2921 sponsata
2434 2852 2550 2906 erat
2579 2848 2745 2906 Maria
2771 2850 2999 2923 Ioseph,
3029 2865 3133 2905 non
3162 2859 3339 2905 tamen
3368 2851 3423 2904 in
3443 2852 3735 2921 concupis-

2156 2943 2330 2998 centia
2380 2942 2588 3013 juncta.
2639 2943 2816 3011 Quare
2867 2943 3189 3013 desponsata
3228 2943 3425 3008 fuerit,
3480 2944 3736 3014 superius

2157 3035 2358 3089 dictum
2385 3041 2487 3089 est.
2523 3034 2696 3089 Mater
2728 3035 2860 3105 ejus.
2893 3032 3058 3104 Cujus
3086 3035 3239 3105 ejus?
3271 3034 3439 3089 Mater
3469 3035 3736 3090 immaeno

488 3137 714 3191 gnarum
756 3121 896 3175 libro
937 3139 950 3173 :
982 3118 1106 3173 Fuit
1136 3121 1212 3191 νίν
1249 3137 1383 3175 unus
1418 3110 1481 3173 de
1518 3119 1779 3173 Ramatha
1817 3117 2049 3191 Sophim.
2080 3094 2124 3158 (ἶ
2156 3123 2281 3187 lati,
2310 3123 2480 3179 Mater
2507 3124 2681 3190 unici;
2713 3094 2803 3193 qui
2837 3123 2889 3177 in
2932 3094 3085 3178 caelis
3108 3094 3237 3178 'sine
3266 3133 3473 3187 matre,
3508 3126 3561 3180 in
3591 3134 3732 3178 terra

488 3212 749 3267 Similiter
778 3211 831 3265 in
859 3211 979 3266 aliis
1000 3211 1265 3265 historiis.
1301 3210 1544 3267 Secunda
1581 3227 1777 3277 causa,
1815 3227 1882 3267 ne
1917 3211 2049 3283 lapi-

488 3302 711 3359 daretur
754 3316 786 3355 a
831 3300 1065 3366 Judzeis,
1112 3302 1157 3358 si
1197 3311 1341 3356 eaeet
1377 3302 1491 3356 sine
1535 3303 1647 3358 viro
1691 3311 1745 3358 et
1781 3303 2058 3359 habuisset

491 3393 677 3449 ﬁlium.
707 3392 957 3463 Omnium
987 3394 1130 3448 enim
1159 3392 1501 3449 incredibiles
1527 3393 1694 3450 Judaei
1734 3395 2058 3466 lapidassent

486 3499 608 3539 eam
636 3484 681 3539 si
712 3482 1005 3553 Josephab
1033 3484 1122 3538 illa
1164 3472 1221 3540 se
1257 3493 1580 3554 separasset.
1613 3484 1798 3542 Maluit
1820 3487 1962 3541 enim
1992 3487 2058 3543 de

488 3583 612 3631 ortu
635 3590 733 3633 suo
761 3575 1005 3630 dubitare
1031 3575 1310 3644 quosdam,
1342 3590 1502 3646 quam
1533 3584 1761 3632 matrem
1790 3592 1938 3632 suam
1961 3576 2060 3634 fal-

490 3666 568 3725 sis
605 3665 998 3734 suspicionibus
1034 3664 1316 3732 infamari,
1355 3666 1438 3722 vel
1472 3668 1632 3731 etiam
1669 3684 1764 3739 per
1794 3678 2059 3729 tormenta

495 3757 749 3833 cruciari,
786 3773 905 3827 qua:
937 3766 1054 3813 erat
1087 3765 1141 3811 ct
1171 3765 1353 3813 tenere
1384 3760 1609 3825 nutrita,
1638 3769 1694 3814 et
1722 3760 1947 3816 inferior
1970 3777 2058 3816 se-

492 3867 611 3905 xus.
654 3851 835 3908 Tertia
870 3865 1064 3915 causa,
1097 3859 1155 3905 ut
1188 3850 1241 3904 in
1266 3848 1558 3922 Egyptum
1586 3851 1733 3919 iens,
1769 3853 1848 3906 vel
1883 3867 2061 3907 rever-

389 4010 399 4021 .
493 3954 644 4006 tens,
688 3944 734 3999 is
771 3942 861 4012 qui
900 3943 982 3997 vir
1008 3950 1122 3997 erat
1159 3952 1473 4011 procuraret
1497 3959 1614 4013 quze
1654 3945 1955 4001 necessaria
1989 3946 2063 4000 fe-

496 4033 654 4088 mina:
677 4040 866 4097 erant,
904 4030 1081 4085 focum
1101 4031 1182 4085 vel
1210 4032 1409 4086 victum
1429 4072 1444 4097 ,
1472 4041 1527 4087 et
1550 4039 1608 4088 ut
1632 4033 1888 4088 infantem
1913 4044 2062 4095 tanto

494 4126 686 4181 itinere
727 4123 894 4177 ferret
933 4139 994 4178 ac
1038 4121 1281 4177 referret.
1326 4123 1524 4189 Quarta
1556 4139 1750 4187 causa,
1783 4134 1843 4179 ut
1877 4137 2062 4196 partus

495 4217 611 4287 ejus
641 4214 908 4270 diabolum
940 4213 1164 4279 iateret,
1192 4214 1283 4283 qui
1309 4213 1353 4268 si
1381 4229 1503 4268 eum
1535 4215 1600 4269 de
1637 4213 1841 4286 virgine
1881 4225 2061 4270 natum

496 4308 716 4373 scisset,
747 4320 1016 4375 nunquam
1056 4319 1177 4358 eum
1207 4303 1524 4376 cruciﬁgere
1551 4304 1809 4359 suasisset
1842 4302 2056 4360 Judmis.

499 4398 651 4454 Unde
678 4406 733 4453 et
761 4397 864 4451 hoc
890 4395 1170 4464 requisivit
1193 4410 1287 4465 per
1312 4396 1646 4465 Ientationes,
1666 4397 1714 4451 si
1737 4406 1879 4453 esset
1898 4396 2063 4453 Filius

436 4485 446 4502 '
502 4491 613 4549 Dei.
644 4488 858 4544 Sciebat
878 4502 1109 4555 namque
1128 4501 1226 4556 per
1254 4486 1561 4558 Scripturas
1580 4487 1705 4557 quia
1732 4496 2061 4555 nasceretur,

500 4582 596 4637 sed
621 4581 675 4635 in
699 4582 802 4637 hoc
826 4580 1079 4649 deceptus
1106 4588 1209 4644 est,
1232 4580 1356 4650 quia
1378 4580 1445 4634 de
1472 4568 1692 4635 muliere
1714 4582 1923 4650 putavit
1941 4598 2065 4639 eum

500 4670 667 4725 fuisse
705 4678 911 4725 natum.
942 4667 1133 4733 Christi
1162 4679 1333 4723 autem
1350 4670 1619 4745 generatio
1649 4671 1724 4724 sic
1760 4681 1905 4736 erat;
1940 4673 2069 4737 sub-

503 4765 719 4822 auditur
750 4765 891 4821 sicut
915 4763 1158 4833 superius
1196 4762 1398 4819 dictum
1430 4771 1533 4816 est.
1568 4762 1690 4819 Ideo
1734 4772 1913 4819 autem
1940 4762 2066 4823 Jesu

503 4856 725 4922 Christi,
755 4863 817 4911 ut
847 4856 1082 4911 dimittat
1116 4853 1303 4924 angelo
1332 4852 1675 4907 narrandum.
1718 4850 1955 4921 Vocabis,
1989 4854 2069 4908 in-

504 4948 645 5018 quit,
664 4962 849 5001 nomen
869 4945 982 5016 ejus
1001 4944 1202 4999 Iesum.
1219 4941 1462 4998 Christus
1481 4940 1725 4996 Graecum
1749 4951 1832 4997 est
1853 4958 2066 5007 nomen,

497 5053 559 5101 et
587 5041 786 5097 dicitur
811 5038 997 5093 Latine
1022 5047 1230 5102 unctus,
1254 5044 1312 5091 et
1336 5034 1593 5090 Hebraice
1613 5034 1810 5089 dicitur
1830 5032 2067 5088 Messias.

506 5132 624 5187 Non
645 5131 875 5188 habebat
892 5139 1071 5185 autem
1090 5136 1214 5181 ante
1234 5125 1496 5189 Latinitas
1515 5124 1617 5180 hoc
1636 5140 1848 5189 nomen,
1868 5125 1961 5179 sed
1984 5126 2074 5179 ha-

507 5221 634 5277 bere
663 5227 878 5290 poterat
901 5219 1037 5279 sicut
1065 5226 1286 5286 apparet
1306 5216 1484 5273 modo.
1510 5214 1631 5269 Fuit
1652 5222 1832 5269 autem
1858 5215 1957 5269 hoc
1978 5230 2071 5269 no-

508 5327 630 5366 men
651 5309 788 5381 apud
803 5307 1013 5364 Judteos
1030 5307 1256 5372 celebre,
1274 5305 1507 5375 quandiu
1524 5320 1709 5360 eorum
1728 5321 1948 5377 regnum
1970 5313 2072 5363 ste-

510 5404 602 5467 tit;
627 5402 751 5473 quia
784 5401 921 5456 sicut
951 5398 1091 5469 apud
1122 5398 1316 5453 multas
1346 5404 1530 5468 gentes
1563 5396 1834 5468 dignitatis
1855 5397 2071 5452 nomina

508 5503 654 5558 sunt,
671 5508 790 5561 quae
804 5506 956 5561 reges
974 5500 1029 5546 et
1046 5490 1311 5561 principes
1329 5505 1425 5559 per
1441 5490 1832 5547 successionem
1852 5489 2066 5554 habent,

510 5591 569 5637 ut
587 5583 726 5652 apud
743 5580 1022 5652 IEgyptios
1047 5581 1352 5636 Pharaones
1370 5589 1424 5635 et
1442 5579 1734 5645 Ptolomaei,
1746 5590 1800 5636 et
1815 5581 1951 5650 apud
1968 5580 2073 5635 Ro-

515 5685 703 5725 manos
732 5671 970 5727 Cresares
995 5680 1049 5727 et
1074 5671 1299 5743 Augusti
1321 5680 1596 5735 vocantur,
1619 5670 1704 5725 ‘ita
1732 5680 1785 5725 et
1814 5671 1951 5742 apud
1982 5671 2072 5726 Ju-

2156 3214 2272 3269 sine
2301 3222 2451 3285 patre
2492 3224 2650 3269 natus
2691 3223 2792 3269 est.
2828 3213 2999 3268 Mater
3022 3214 3194 3278 dicta,
3234 3215 3358 3284 quia
3400 3215 3596 3269 exinde
3620 3215 3735 3269 eili-

2157 3304 2332 3359 ciatur
2363 3303 2582 3374 aliquid.
2616 3303 2783 3358 Maria
2810 3303 3006 3358 dicitur
3034 3302 3421 3368 illuminatrix,
3446 3306 3563 3359 sive
3586 3304 3731 3357 stetta

2157 3396 2318 3448 maris
2341 3410 2359 3450 :
2384 3395 2567 3463 genuit
2593 3395 2735 3449 enim
2758 3395 2930 3450 lucem
2957 3395 3160 3450 mundi.
3191 3394 3452 3451 Sermone
3482 3396 3627 3468 Syro
3644 3399 3732 3450 do-

2156 3490 2299 3542 mina
2338 3497 2582 3554 vocatur,
2632 3497 2684 3544 et
2716 3488 2891 3557 juste;
2942 3491 3124 3561 genuit
3165 3489 3505 3547 Salvatorem
3555 3492 3729 3546 mundi

2157 3577 2539 3649 dominumque
2578 3578 2814 3634 universi
2847 3565 3012 3635 orbis.
3055 3582 3340 3651 Antequam
3382 3586 3726 3637 convenirent.

2160 3668 2273 3724 lioc
2306 3676 2389 3724 est
2426 3685 2487 3723 ea
2531 3671 2901 3747 convenientia
2927 3712 2941 3734 ,
2982 3687 3101 3743 quae
3132 3689 3261 3727 usus
3291 3683 3411 3729 erat
3448 3679 3732 3743 convenire

2160 3774 2413 3829 sponsum
2451 3770 2506 3815 et
2534 3776 2806 3830 sponsam.
2850 3761 3066 3816 Inventa
3094 3773 3187 3817 est.
3224 3765 3488 3821 Videlicet
3529 3769 3599 3823 ab
3626 3769 3732 3837 ipso

2159 3851 2353 3920 Joscph
2381 3852 2596 3907 inventa
2617 3893 2631 3918 ,
2663 3853 2752 3924 qui
2780 3868 2915 3924 pene
2943 3854 3156 3909 licentia
3187 3857 3455 3921 maritali,
3496 3867 3559 3911 ut
3588 3869 3734 3929 puta-

2162 3941 2338 4005 batur,
2377 3940 2568 3996 futurte
2616 3943 2800 3998 uxoris
2841 3946 3022 3999 omnia
3069 3956 3274 4002 secreta
3320 3960 3570 4004 noverat.
3612 3952 3736 4006 Erat

2161 4030 2302 4085 cnim
2330 4047 2460 4085 usus
2488 4031 2541 4086 in
2573 4031 2660 4087 illa
2687 4044 2861 4105 gente,
2890 4049 2947 4090 nt
2974 4038 3064 4106 qui
3093 4054 3313 4093 uxorem
3335 4039 3575 4097 debebat
3601 4045 3735 4098 aeri-

2162 4136 2317 4205 pere,
2352 4121 2417 4174 ad
2452 4122 2704 4191 templum
2734 4139 2852 4178 eam
2881 4125 3249 4195 desponsaret,
3276 4139 3331 4182 et
3356 4140 3549 4200 postea
3579 4132 3623 4187 si
3655 4132 3734 4186 di-

2165 4224 2256 4264 ves
2277 4219 2421 4265 esset
2447 4211 2670 4266 haberet
2695 4214 2885 4270 missos
2907 4230 3032 4271 suos
3053 4232 3175 4271 cum
3195 4234 3255 4272 ea
3279 4235 3294 4283 ;
3324 4229 3418 4273 aut
3442 4221 3485 4274 si
3514 4236 3735 4291 panper,

2163 4302 2277 4373 ipse
2304 4304 2599 4359 custodiret
2639 4305 2796 4360 simul
2824 4322 2944 4361 cum
2983 4317 3134 4378 patre
3168 4319 3224 4364 et
3261 4320 3438 4366 matre
3470 4329 3646 4384 usque
3673 4313 3736 4366 ad

2088 4439 2138 4498 Β
2164 4392 2482 4465 praaﬁnitum
2526 4403 2752 4465 tempus.
2794 4396 2872 4452 Eo
2908 4398 3072 4468 igitur
3114 4409 3299 4455 tenore
3338 4402 3562 4457 inventa
3600 4413 3683 4457 est
3707 4420 3735 4456 ι

2164 4480 2390 4553 Ioseph:
2423 4482 2490 4537 In
2516 4494 2659 4538 utero
2683 4486 2876 4542 habens
2912 4489 2975 4542 de
3009 4488 3207 4559 Spiritu
3234 4502 3441 4569 sancto,
3475 4494 3605 4562 quia
3646 4507 3739 4563 pro

2166 4580 2313 4626 certo
2353 4573 2586 4637 sciebat.
2628 4576 2769 4644 quod
2806 4578 2983 4655 nullus
3024 4579 3183 4634 homo
3221 4580 3287 4633 ad
3326 4596 3447 4635 eam
3488 4599 3559 4637 eo
3588 4583 3741 4637 modo

2158 4663 2377 4732 junctus
2418 4667 2640 4735 fuisset,
2679 4680 2737 4726 ut
2772 4674 3051 4746 concipere
3089 4677 3371 4748 potuisset.
3409 4678 3485 4744 De
3522 4682 3624 4735 ista
3657 4697 3736 4735 so-

2168 4756 2440 4815 lummodo
2465 4760 2567 4817 hoc
2594 4764 2851 4834 scriptum
2880 4773 2985 4830 est,
3016 4767 3157 4836 quod
3181 4775 3234 4822 et
3262 4768 3512 4823 inutero
3545 4770 3742 4825 habue-

2171 4848 2239 4901 rit
2264 4846 2465 4919 Spiritn
2499 4862 2705 4906 sancto.
2733 4853 2835 4906 Ista
2866 4864 3043 4925 autem
3073 4864 3128 4912 et
3161 4857 3213 4911 in
3242 4868 3427 4913 mente
3456 4868 3514 4913 et
3536 4860 3591 4914 in
3622 4868 3738 4913 ute-

2172 4953 2263 5002 ro,
2298 4941 2437 5010 διγὶος
2475 4956 2704 5010 pneuma
2742 4944 2959 5011 dicitur,
2987 4948 3202 5018 quando
3225 4949 3291 5004 de
3321 4948 3530 5020 Spiritu
3558 4960 3741 5005 sanae

2172 5030 2487 5103 intelligitur
2517 5049 2531 5087 :
2555 5036 2769 5105 quando
2798 5053 2928 5092 vero
2956 5038 3023 5094 de
3052 5039 3154 5094 alio
3182 5040 3321 5103 ὅσιος
3344 5058 3577 5112 pneuma
3607 5042 3738 5097 dici-

2174 5128 2278 5173 tur.
2312 5120 2443 5176 Cum
2469 5134 2596 5176 esset
2626 5124 2815 5190 iustus.
2854 5126 3241 5185 Testimonium
3278 5131 3635 5204 Evangelile
3659 5141 3743 5186 est

2174 5213 2240 5266 de
2265 5211 2462 5285 Ioseph
2484 5255 2499 5279 ,
2528 5215 2651 5295 quia
2672 5214 2849 5286 justus
2885 5227 3004 5275 erat
3038 5230 3093 5275 et
3134 5221 3185 5275 in
3215 5233 3589 5279 consummata
3614 5224 3742 5295 lege

2174 5312 2312 5369 erat,
2340 5312 2396 5358 et
2418 5304 2519 5359 hoc
2538 5294 2707 5361 etiam
2728 5323 2794 5362 ex
2821 5310 3153 5378 apparitione
3175 5312 3346 5381 angeli
3369 5313 3594 5387 credere
3760 5376 3777 5387 ο

2175 5411 2391 5460 sumus,
2431 5410 2495 5451 cx
2534 5396 2714 5452 verbis
2758 5398 2924 5469 ipsius
2959 5400 3189 5461 dicentis
3230 5378 3271 5455 ε-
3286 5378 3413 5456 Noli
3446 5378 3646 5457 timere.
3681 5402 3742 5456 Si

2174 5489 2317 5543 enim
2344 5489 2396 5543 in
2421 5504 2540 5543 eam
2575 5490 2768 5544 malam
2796 5491 3153 5561 suspicionem
3180 5492 3475 5558 habuisset,
3500 5510 3598 5549 nec
3626 5495 3745 5563 ipse

2165 5581 2343 5652 justus
2365 5589 2535 5647 esset,
2567 5596 2667 5636 nec
2700 5581 2919 5649 angelus
2948 5582 3173 5637 dixisset
3204 5601 3216 5636 :
3251 5582 3375 5637 Noli
3399 5586 3579 5637 timere
3598 5623 3613 5643 ,
3642 5580 3747 5634 sed

2177 5672 2281 5727 noli
2310 5672 2584 5742 despicere.
2619 5669 2685 5724 Et
2711 5670 2863 5725 nollet
2891 5687 3003 5725 eam
3029 5673 3318 5727 traducere.
3346 5672 3455 5728 lloc
3476 5682 3559 5727 est
3586 5669 3740 5727 dida-
