3962 6174
171 367 310 422 ΙῖἿἹ

1312 363 1670 420 EXPOSITIO
1711 361 1774 414 IN
1817 357 2248 415 MATTll/IEUM.

3254 359 3385 414 19.78

170 494 342 544 mare,
377 478 488 538 sive
513 477 876 541 transducere,
911 477 962 531 id
991 486 1074 532 est
1093 486 1237 532 certa
1267 479 1460 533 ducere
1481 494 1585 548 quo
1608 489 1732 532 tunc
1759 478 1808 536 A
1834 478 1932 532 iste
1960 494 2097 532 unus
2131 478 2262 541 fuit,
2293 476 2381 544 qui
2419 476 2608 545 dignus
2637 474 2846 529 habitus
2885 483 2967 529 est
2999 476 3248 532 nutritius
3274 477 3385 532 ﬁeri

169 580 319 631 erat,
352 578 406 624 et
439 569 493 623 in
533 568 919 636 blasphemiam
947 568 1176 621 mittere.
1222 566 1388 621 Voluit
1427 566 1620 622 occulte
1653 568 1732 620 di-

169 663 374 715 mittere
399 675 533 714 eam.
567 659 623 713 Si
648 659 825 728 justus
850 667 998 722 erat,
1029 667 1084 712 et
1112 659 1312 712 nullam
1345 659 1540 712 malam
1563 657 1734 725 suspi-

168 755 380 807 cionem
422 753 474 806 in
525 766 586 807 ea
635 750 893 823 habebat,
939 767 1103 820 quare
1153 761 1390 806 sanctam
1440 759 1494 804 et
1529 749 1731 818 justam

167 844 330 897 vellet
365 842 672 897 dimittere?
717 840 821 895 Sed
869 842 1072 896 sciebat
1114 841 1570 896 conversationem
1618 841 1733 909 ejus

168 934 286 989 fore
315 943 576 997 sanctam,
607 943 660 986 et
685 934 1110 1003 appropinquare
1137 949 1194 987 se
1224 933 1495 1002 indignum
1525 940 1735 1000 reputa-

168 1026 265 1080 bat
293 1041 307 1079 :
344 1026 483 1079 sicut
507 1024 697 1079 beatus
725 1023 916 1078 Petrus
943 1023 1169 1078 faciebat
1190 1039 1310 1079 cum
1337 1024 1450 1077 viso
1477 1022 1734 1077 miraculo

169 1116 398 1186 piscium
429 1114 560 1168 dicit
588 1131 600 1167 :
633 1113 734 1168 Exi
761 1131 793 1166 α
824 1101 926 1176 me,
959 1113 1192 1176 Domine,
1219 1115 1341 1184 quia
1379 1113 1530 1166 homo
1555 1129 1736 1182 pecca-

168 1218 254 1261 tor
273 1223 408 1260 sum.
443 1205 536 1260 Vel
563 1206 703 1259 sicut
726 1206 967 1259 centurio
996 1206 1212 1258 mittens
1239 1204 1430 1258 missos
1459 1203 1524 1256 ad
1553 1203 1733 1258 Domi-

169 1315 299 1352 num
329 1298 512 1352 dicens
546 1316 557 1350 :
591 1295 711 1350 Non
748 1314 862 1350 sum
899 1298 1086 1366 dignus
1129 1307 1181 1350 ut
1222 1298 1380 1350 intres
1418 1297 1510 1350 sub
1546 1307 1734 1350 tectum

169 1406 368 1450 meum,
411 1402 512 1442 nec
552 1403 637 1441 me
678 1387 851 1457 ipsum
882 1387 1096 1458 dignum
1139 1386 1437 1440 existimavi
1469 1387 1534 1441 ad
1564 1395 1615 1440 te
1642 1401 1733 1438 ve-

169 1479 311 1533 nire.
341 1478 418 1532 Ita
445 1485 501 1532 et
537 1477 638 1532 iste
665 1477 878 1532 dicebat
918 1495 930 1530 :
961 1476 1133 1545 Longe
1167 1476 1352 1544 faciem
1379 1492 1490 1529 eam
1518 1494 1549 1529 a
1576 1493 1656 1529 me
1687 1484 1733 1529 et

169 1569 476 1637 cognatione
511 1584 656 1632 mea,
693 1567 818 1634 quia
855 1567 1120 1636 perspicio
1151 1567 1202 1620 in
1233 1581 1295 1620 ea
1330 1565 1596 1635 quoddam
1625 1581 1737 1619 ma-

171 1663 423 1732 gniﬁcum
448 1668 860 1716 sacramentum.
893 1659 1016 1713 Htrc
1041 1669 1210 1712 autem
1234 1676 1292 1712 eo
1319 1661 1594 1727 cogitante.
1624 1657 1735 1712 Hoc

169 1762 256 1807 est
285 1751 553 1822 indignant
579 1765 635 1805 se
655 1749 929 1818 judicante
954 1751 1002 1804 ei
1031 1749 1472 1819 appropinquare.
1507 1748 1564 1802 Si
1593 1749 1734 1802 enim

1835 569 1958 631 Dei,
1989 577 2043 623 et
2081 579 2262 624 custos
2291 570 2478 623 matris
2505 570 2649 640 ejus,
2686 579 2740 644 et
2777 571 2994 640 dignum
3025 571 3124 626 hoc
3152 585 3300 637 erat,
3332 585 3390 628 ut

1832 660 1921 727 qui
1945 669 2081 714 totos
2101 661 2345 714 homines
2375 660 2426 713 in
2454 669 2715 736 potestate
2737 662 2986 725 habebat,
3017 664 3309 718 sanctiores
3335 673 3387 718 et

1831 753 2178 822 perfectiores
2207 754 2306 807 sibi
2339 754 2764 822 appropinquare
2796 753 3011 808 faceret.

1899 842 2111 912 Ioseph,
2150 841 2227 911 ﬁli
2263 841 2448 895 David.
2486 841 2600 896 Non
2640 843 2810 896 solum
2851 842 2988 896 ﬁlius
3025 844 3145 912 quia
3187 845 3252 900 de
3276 847 3393 916 ejus

1831 933 2098 1002 prosapia,
2131 933 2222 987 sed
2248 933 2408 986 etiam
2431 933 2688 987 imitando
2712 932 2868 987 ﬁdem
2898 934 3032 1003 ejus.
3066 933 3189 988 Noli
3215 938 3394 992 timere

1833 1025 2063 1093 accipere
2102 1023 2327 1076 Mariam
2378 1025 2646 1094 coniugem
2692 1035 2854 1078 tuam.
2900 1025 3014 1079 Noli
3067 1030 3329 1097 trepidare
3373 1047 3390 1084 :

1835 1116 1938 1169 noli
1964 1123 2014 1169 te
2040 1116 2314 1186 indignum
2335 1115 2577 1184 judicare
2606 1117 2702 1183 illi,
2732 1117 2812 1171 vel
2844 1118 3001 1171 matri
3027 1119 3141 1187 ejus
3168 1123 3392 1188 servire,

1833 1205 1954 1274 quia
1990 1205 2076 1257 illa
2115 1204 2271 1274 digna
2307 1213 2360 1258 et
2397 1205 2640 1259 ordinata
2683 1206 2896 1260 inventa
2934 1206 3106 1261 fuerat
3141 1209 3204 1262 ad
3231 1226 3392 1279 gene—
3482 1265 3486 1269 ,

1835 1295 2057 1349 randum
2093 1311 2213 1350 eum
2235 1337 2248 1359 ,
2279 1304 2334 1350 et
2360 1304 2413 1349 tu
2457 1297 2523 1351 ad
2561 1297 2900 1352 nutriendum
2937 1299 3139 1355 electus
3167 1317 3242 1356 es.
3276 1301 3396 1356 Fuit

1836 1393 2012 1438 autem
2045 1393 2164 1439 tuus
2189 1385 2490 1454 mquivocus
2519 1395 2696 1441 castus
2720 1389 2964 1444 inventus
2997 1399 3050 1445 et
3083 1393 3272 1454 bonus,
3302 1394 3394 1448 sed

1836 1489 1938 1528 non
1972 1483 2024 1527 tu
2051 1490 2115 1528 eo
2145 1475 2380 1536 inferior,
2411 1477 2496 1530 cui
2524 1477 2723 1531 credita
2757 1487 2838 1533 est
2874 1480 3150 1550 virginitas
3185 1486 3395 1548 matris,

1834 1572 1888 1618 et
1907 1562 2163 1631 hajulatio
2186 1567 2484 1632 nascentis;
2514 1568 2721 1620 dicatur
2747 1568 2957 1622 interim
2985 1570 3178 1638 conjux
3202 1581 3314 1637 tua,
3341 1583 3398 1628 ut

1834 1654 2028 1709 liberes
2065 1670 2181 1709 eam
2211 1656 2276 1709 de
2311 1659 2772 1726 persecutionibus
2802 1658 3136 1726 Iudaeorum,
3167 1664 3260 1718 sed
3289 1681 3399 1719 me-

1834 1744 1936 1799 lior
1959 1746 2054 1800 tibi
2079 1746 2200 1810 erit,
2229 1762 2388 1815 quam
2413 1748 2456 1801 si
2477 1748 2760 1804 habuisses
2789 1758 2963 1804 tantas
2988 1767 3205 1817 uxores,
3231 1770 3399 1823 quan-

169 1842 316 1896 aliud
344 1842 521 1909 inique
553 1841 873 1910 cogitasset,
900 1840 1118 1910 angelus
1151 1839 1198 1892 ei
1234 1854 1340 1892 non
1377 1839 1728 1909 apparuisset.
1761 1824 1806 1882 Β
1835 1843 1916 1890 tas
1944 1837 2132 1890 habuit
2165 1836 2435 1891 Salomon.
2475 1837 2590 1908 Ipse
2621 1841 2707 1910 qui
2742 1851 2979 1894 nascetur
3011 1859 3074 1896 ex
3104 1861 3164 1897 ea
3201 1845 3402 1898 dicetur

167 1933 212 1988 Α
246 1934 488 2002 superbis
529 1935 670 1988 enim
710 1933 886 2002 potius
916 1932 1108 2002 refugit
1133 1947 1291 2000 quam
1321 1931 1731 2001 appropinquat,

169 2035 225 2078 et
271 2026 468 2079 idcirco
507 2032 727 2095 apparet
769 2041 874 2078 non
917 2024 1079 2078 fuisse
1125 2025 1431 2094 despectum
1476 2023 1734 2091 superbia:

169 2115 266 2168 Sed
309 2115 625 2169 humilitatis
655 2115 1067 2184 elongationem.
1111 2113 1242 2167 Ecce
1277 2113 1488 2183 angelus
1526 2113 1735 2166 Domini

168 2205 415 2272 apparuit
444 2205 498 2256 in
537 2205 730 2258 somnis
756 2205 802 2257 ei
835 2205 1030 2258 dicens.
1061 2205 1338 2258 Visionum
1370 2204 1564 2272 quibus
1596 2203 1736 2257 Deus

170 2295 509 2362 omnipotens
547 2296 756 2350 loeutus
783 2307 864 2351 est
900 2306 1022 2351 ante
1061 2297 1513 2359 incarnationem,
1545 2296 1737 2366 quibus

169 2385 317 2454 loqui
346 2386 530 2450 voluit,
562 2396 763 2456 septem
792 2403 983 2458 genera
1011 2398 1154 2442 sunt.
1182 2389 1422 2442 Primum
1455 2402 1620 2458 genus
1644 2402 1738 2456 per

170 2490 333 2529 aures
365 2477 602 2548 corporis
624 2519 637 2540 ,
666 2485 722 2530 ut
757 2478 894 2530 sicut
924 2478 1057 2531 vidit
1084 2477 1290 2548 Moyses
1322 2479 1512 2531 rubum
1551 2479 1739 2532 ardere

171 2574 228 2617 et
257 2547 679 2619 audivit'vocem
723 2565 816 2619 Dei
862 2580 956 2635 per
991 2581 1147 2625 aures
1175 2547 1449 2634 corporis,
1483 2575 1535 2620 et
1564 2566 1738 2620 omnis

174 2654 333 2708 turba
369 2655 633 2710 exercitus
671 2655 880 2710 lsraelis
917 2657 1120 2710 audivit
1154 2657 1434 2711 Dominum
1476 2657 1737 2711 dicentem

172 2744 361 2798 decem
392 2747 551 2800 verba
595 2746 750 2815 legis.
793 2746 1096 2801 Secundum
1127 2763 1292 2817 genus
1329 2748 1560 2810 extasis,
1601 2749 1740 2803 sicut

170 2835 334 2889 Petro
359 2837 572 2905 quando
594 2836 740 2889 misit
766 2837 830 2889 ad
853 2851 972 2889 eum
1001 2836 1277 2891 Cornelius
1307 2856 1320 2891 :
1361 2838 1426 2890 Et
1453 2839 1632 2891 cecidit
1652 2855 1741 2891 su-

169 2944 266 2998 per
295 2944 406 2980 eum
433 2927 617 2980 mentis
647 2942 906 2991 excessus,
935 2937 981 2980 et
1007 2928 1128 2980 vidit
1160 2945 1245 2981 vas
1275 2928 1485 2981 linteum
1512 2929 1740 2982 submitti

169 3018 238 3070 de
273 3016 413 3069 ctelo.
447 3015 684 3070 Tertium
717 3017 854 3070 sicut
882 3016 1386 3082 Nabuchodonosor,
1417 3020 1628 3086 quando
1664 3019 1743 3072 vi-

173 3107 255 3160 dit
280 3114 506 3160 statuam
539 3106 605 3159 de
635 3106 893 3171 metallis;
923 3107 1007 3160 vel
1034 3109 1278 3162 arborem
1310 3110 1572 3163 abscisam
1602 3110 1742 3164 radi-

1835 1928 1903 1980 ad
1933 1937 2130 1987 tempus
2155 1928 2293 1994 ﬁlius
2317 1939 2454 1992 tuus,
2479 1930 2570 1983 sed
2596 1939 2677 1984 est
2697 1938 2750 1984 et
2772 1941 2984 1986 creator
3006 1939 3146 1997 tuus,
3170 1935 3257 2003 qui
3284 1951 3399 1988 me-

1833 2020 1935 2075 lior
1967 2021 2071 2108 erit
2107 2021 2200 2075 tibi
2238 2037 2398 2090 quam
2440 2022 2484 2076 si
2528 2022 2806 2078 habuisses
2852 2025 3200 2096 quadraginta
3242 2026 3400 2090 ﬁlios,

1833 2118 1894 2162 ut
1930 2111 2115 2164 Abdon
2154 2110 2358 2164 habuit.
2394 2109 2680 2179 Propterea
2720 2113 2859 2166 servi
2891 2121 2950 2165 ut
2985 2112 3207 2167 Domino
3234 2115 3407 2168 domi-

1835 2218 2023 2256 norum
2050 2210 2104 2255 et
2127 2203 2234 2271 regi
2265 2201 2487 2271 Regum.
2507 2192 2794 2271 Conjugem
2824 2212 2969 2258 tuam
2998 2205 3180 2270 dicito,
3207 2213 3264 2259 ut
3295 2206 3406 2260 dia-

1835 2290 1991 2367 bolus
2019 2300 2073 2344 et
2107 2289 2272 2343 Judaei
2300 2291 2542 2345 nesciant
2575 2292 2641 2345 de
2672 2291 2878 2362 virgine
2903 2302 3085 2347 natum
3115 2295 3203 2363 qui
3235 2296 3407 2349 nasci-

1837 2389 1988 2433 turus
2018 2389 2125 2433 est.
2154 2379 2209 2432 Si
2239 2395 2342 2432 non
2365 2388 2446 2433 est
2469 2379 2661 2446 conqu
2690 2388 2776 2434 tua
2805 2395 2952 2436 more.
2975 2381 3201 2436 aliorum
3229 2384 3406 2437 homi-

1838 2489 1987 2537 num,
2007 2473 2110 2527 erit
2137 2471 2328 2542 conjux
2357 2481 2445 2525 tua
2474 2480 2532 2525 ut
2557 2472 2785 2542 recipias
2804 2474 3104 2528 mercedem
3129 2491 3142 2529 :
3168 2489 3287 2530 cum
3311 2475 3401 2529 illa

1839 2565 2102 2634 receperit
2129 2579 2225 2634 pro
2247 2565 2606 2635 generatione,
2637 2573 2690 2617 tu
2720 2565 2946 2633 recipies
2971 2581 3069 2634 pro
3091 2566 3408 2620 educatione

1838 2655 1892 2708 iu
1938 2655 2048 2708 vita
2098 2663 2317 2708 aeterna.
2364 2653 2629 2723 Conjuges
2677 2654 2926 2708 dicuntur
2966 2665 3182 2726 propter
3219 2656 3405 2728 jugum

1838 2746 1979 2814 quod
2019 2745 2310 2814 imponitur
2355 2745 2698 2800 matrimonio
2727 2747 3139 2817 coujungendis,
3180 2749 3293 2802 sive
3324 2749 3412 2803 de-
3467 2809 3472 2818 ,

1839 2841 2198 2910 Sponsationis
2241 2857 2270 2893 a
2301 2841 2472 2910 prima
2512 2840 2645 2903 ﬁde,
2678 2857 2781 2910 qua
2821 2841 2941 2908 quis
2985 2842 3158 2895 adhuc
3204 2841 3410 2913 ignorat

1840 2931 2144 3002 conjugales
2169 2931 2504 2986 concubitus.
2545 2930 2695 2995 Quod
2737 2931 2872 2983 enim
2907 2931 2961 2983 in
3001 2947 3062 2983 ea
3094 2941 3273 2984 natum
3309 2941 3408 2995 est,

1841 3029 1903 3078 de
1935 3023 2134 3093 Spiritu
2166 3033 2345 3077 sancto
2373 3032 2465 3076 est.
2493 3021 2778 3076 lnstruitur
2804 3019 2998 3090 Joseph
3029 3021 3238 3085 melius,
3264 3021 3411 3090 quod

1843 3123 1966 3168 ante
2007 3113 2268 3168 sentiebat
2310 3112 2376 3165 de
2417 3121 2600 3165 sancta
2639 3110 2838 3175 Maria,
2876 3110 3124 3165 videlicet
3160 3114 3300 3180 quod
3345 3112 3412 3166 de

170 3199 335 3260 citus,
367 3205 422 3251 et
452 3197 585 3250 nihil
610 3196 887 3249 intellexit.
918 3195 1174 3262 Quartum
1209 3211 1305 3267 per
1340 3200 1567 3262 nubem,
1605 3201 1742 3254 sicut
1769 3177 1811 3239 Ο
1845 3205 2049 3276 Spiritu
2077 3213 2263 3267 sancto
2292 3204 2381 3267 sit,
2414 3203 2554 3271 quod
2590 3203 2642 3256 in
2681 3217 2743 3255 ea
2773 3201 3005 3256 videbat.
3036 3177 3215 3256 Pariet
3239 3211 3411 3255 autem

173 3287 242 3340 ad
273 3287 372 3341 Job
408 3296 526 3354 post
565 3286 771 3356 plagam
803 3286 1012 3341 locutus
1045 3297 1144 3342 est.
1179 3287 1433 3354 Quintum
1465 3289 1516 3342 in
1559 3292 1740 3354 corde,

171 3380 318 3432 sicut
345 3378 523 3431 multis
552 3378 781 3442 sanctis,
814 3378 893 3431 vel
924 3379 1084 3432 etiam
1117 3379 1332 3432 Balaam
1361 3380 1574 3447 quando
1600 3380 1745 3434 misit

171 3471 399 3524 verbum
439 3469 488 3522 in
529 3483 624 3522 ore
656 3467 802 3535 ejus,
845 3477 898 3522 et
938 3479 1210 3538 assumpta
1248 3470 1497 3540 parabola
1534 3470 1744 3524 locutus

168 3575 281 3618 est.
325 3564 544 3618 Sextum
589 3563 810 3633 repletio
842 3562 1071 3633 Spiritus
1114 3562 1322 3625 sancti,
1351 3563 1489 3615 sicut
1525 3562 1745 3629 replevit

172 3657 509 3725 septuaginta
549 3670 702 3709 senes
737 3655 790 3708 in
829 3667 1028 3707 eremo.
1074 3651 1399 3720 Septimum,
1451 3651 1503 3703 in
1545 3650 1744 3703 somnis

175 3749 456 3809 viderunt,
486 3753 663 3799 mente
691 3744 1083 3798 intellexerunt.
1114 3741 1216 3795 Alii
1243 3742 1404 3812 (quod
1434 3741 1614 3794 verius
1642 3739 1744 3809 est)

177 3836 286 3889 tria
315 3848 507 3902 genera
535 3848 652 3887 esse
678 3834 926 3887 dixerunt
957 3847 972 3885 :
1001 3848 1162 3886 unum
1191 3847 1286 3901 per
1310 3845 1594 3900 corporeos
1621 3845 1746 3883 ocu-

173 3923 280 3985 ios,
303 3923 440 3976 sicut
464 3922 732 3975 Abraham
759 3929 813 3976 et
837 3921 938 3975 Lot
966 3920 1183 3990 angelos
1208 3919 1478 3981 viderunt,
1505 3926 1560 3971 et
1583 3917 1743 3973 locuti

175 4021 456 4068 suntcum
483 4012 592 4074 eis;
638 4011 780 4064 aliud
818 4011 871 4064 in
901 4011 1090 4072 corde,
1120 4010 1258 4063 sicut
1296 4007 1498 4062 Danieli
1540 4007 1746 4062 locutus

171 4114 264 4159 est
292 4105 344 4158 in
377 4105 536 4159 corde
555 4144 567 4167 ,
603 4119 720 4173 qua:
751 4103 1030 4156 Balthasar
1057 4100 1224 4156 oculis
1263 4099 1575 4168 corporibus
1603 4097 1746 4152 vide-

178 4205 268 4249 rat
297 4203 350 4248 et
377 4209 481 4248 non
509 4193 871 4258 intellexerat;
911 4192 1130 4245 tertium
1155 4190 1208 4242 in
1231 4189 1433 4243 somnis
1460 4198 1514 4243 et
1542 4189 1596 4242 in
1627 4204 1748 4243 cor-

178 4288 280 4350 de,
326 4286 464 4339 sicut
502 4285 570 4338 ad
609 4283 798 4338 Isaiam
835 4292 892 4338 et
925 4283 991 4337 ad
1032 4297 1219 4336 omnes
1262 4281 1550 4350 prophetas
1587 4287 1642 4334 et
1681 4279 1746 4332 ad

139 4423 154 4440 ε
176 4380 348 4432 istum
375 4375 569 4445 Joseph
603 4393 616 4428 :
648 4391 766 4444 quae
796 4375 928 4428 visio
955 4371 1297 4427 excellentior
1325 4380 1407 4424 est
1436 4371 1570 4424 aliis.
1605 4369 1746 4423 Nihil

173 4472 328 4525 enim
365 4471 579 4540 prodest
614 4469 782 4524 oculis
821 4469 1001 4522 videre
1041 4466 1406 4535 corporalibus
1442 4466 1581 4519 sicut
1616 4463 1749 4518 vidit

179 4562 484 4626 Baltbasar,
516 4561 619 4616 nisi
647 4561 769 4630 quis
801 4570 857 4614 et
890 4569 1067 4613 mente
1094 4558 1303 4621 videat,
1325 4557 1464 4610 sicut
1488 4555 1618 4608 vidit
1649 4554 1749 4607 Da-

178 4655 293 4710 niel
321 4656 562 4709 eamdem
589 4654 864 4707 visionem.
897 4649 1152 4705 Similiter
1174 4648 1304 4702 nihil
1327 4649 1541 4716 prodest
1567 4645 1749 4700 videre

181 4748 238 4801 iu
269 4746 470 4799 somnis
499 4752 556 4798 ut
583 4743 710 4796 vidit
734 4742 977 4805 Pharao,
1017 4748 1070 4793 et
1109 4737 1616 4797 Nabuchodonosor,
1649 4735 1749 4788 nisi

181 4838 324 4891 assit
352 4837 441 4904 qui
471 4836 550 4889 sic
579 4835 754 4888 videat
789 4833 928 4886 sicut
965 4833 1212 4885 viderunt
1243 4827 1424 4881 Daniel
1453 4834 1503 4880 et
1528 4823 1744 4894 Ioseph.

179 4935 264 4988 Eo
312 4947 438 5002 ergo
482 4929 640 4984 modo
681 4944 785 4996 quo
830 4925 1081 4995 perfectis
1127 4925 1193 4977 ab
1231 4923 1382 4976 initio
1419 4921 1627 4974 locutus
1667 4927 1751 4972 est

177 5029 349 5090 Deus,
377 5039 440 5078 eo
465 5023 627 5076 etiam
660 5021 745 5074 isti
774 5017 986 5086 Joseph,
1019 5017 1140 5084 quia
1168 5029 1284 5083 quae
1311 5014 1442 5067 vidit
1467 5013 1520 5065 in
1549 5010 1750 5066 somnis

177 5116 451 5172 intellexit
475 5123 532 5168 et
553 5111 799 5174 credidit,
826 5108 949 5177 quia
973 5107 1112 5160 sicut
1139 5105 1278 5158 Deus
1305 5103 1643 5170 omnipotens
1670 5101 1753 5154 in-

182 5223 270 5264 lm‘
301 5216 524 5261 cmteros
549 5203 896 5272 archangelos
919 5197 1237 5258 Gabrielem,
1259 5195 1348 5264 qui
1377 5194 1630 5249 fortitudo
1657 5194 1751 5248 Dei

178 5301 404 5362 dicitur,
436 5296 701 5352 ordinavit
729 5295 794 5348 ad
824 5289 1243 5346 armuntiandum
1279 5285 1591 5354 mysterium
1630 5284 1749 5337 Sal-

177 5389 391 5444 vatoris
427 5388 596 5442 nostri
637 5400 792 5453 quem
832 5383 991 5436 etiam
1033 5389 1086 5434 et
1127 5379 1250 5432 huic
1283 5375 1478 5447 Joseph
1510 5375 1743 5428 locutum

175 5497 309 5537 esse
341 5479 640 5542 credimus,
674 5477 752 5531 sic
778 5473 1044 5529 ordinavit
1072 5469 1334 5540 perfectos
1357 5471 1504 5522 viros
1531 5467 1596 5521 ad
1637 5477 1748 5520 tra-

1772 4514 1824 4573 D

1842 3296 2034 3367 ﬁlium,
2068 3295 2314 3365 quamvis
2338 3295 2402 3349 de
2431 3293 2631 3363 Spiritu
2665 3305 2847 3347 sancto
2876 3293 2945 3346 sit
2973 3293 3114 3363 quod
3149 3293 3201 3346 in
3229 3307 3289 3346 ea
3321 3308 3416 3346 na-

1846 3398 1956 3441 tum
1980 3395 2082 3448 est,
2115 3394 2292 3440 tamen
2322 3385 2496 3455 pariet
2521 3384 2684 3437 ﬁlium
2703 3424 2716 3444 ,
2746 3383 2884 3452 quod
2918 3399 3188 3452 nunquam
3219 3381 3412 3437 audisti

1844 3485 1901 3528 ut
1933 3475 2128 3530 femina
2158 3476 2450 3544 peperisset
2479 3472 2644 3525 lilium
2669 3472 2734 3525 de
2765 3471 2963 3542 Spiritu
2995 3479 3197 3525 sancto.
3229 3470 3295 3523 Et
3330 3487 3414 3523 vo-

1843 3568 1984 3621 cabis
2015 3566 2347 3635 nomen-ejus
2381 3564 2583 3618 Jesum.
2627 3563 2738 3632 Ego
2771 3562 2890 3616 dico
2931 3561 3024 3615 tibi
3056 3574 3246 3613 nomen
3277 3557 3412 3626 ejus,

1844 3657 1984 3725 quod
2012 3665 2136 3708 ante
2165 3655 2378 3708 saecula.
2420 3653 2538 3707 Non
2570 3659 2622 3706 tu
2664 3666 2830 3720 pones
2859 3651 2908 3704 ei
2939 3664 3130 3704 nomen
3165 3662 3230 3701 ex
3261 3647 3413 3701 libitu

1845 3756 1957 3810 tuo,
1989 3747 2071 3800 vel
2100 3753 2269 3799 mater
2294 3745 2430 3815 ejus,
2461 3744 2555 3798 sed
2583 3759 2712 3797 voca
2744 3757 2864 3794 eum
2895 3740 3110 3795 nomine
3139 3738 3278 3808 quod
3314 3739 3380 3791 ha

1844 3839 1958 3892 buit
1984 3846 2108 3890 ante
2134 3835 2346 3891 szccula.
2375 3833 2707 3888 Salvatorem
2738 3847 2858 3886 eum
2890 3845 3008 3885 esse
3038 3838 3258 3891 testare,
3289 3827 3410 3896 quia

1845 3929 1958 3995 ipse
1990 3927 2192 3981 salvum
2233 3925 2356 3980 fecit
2401 3925 2467 3978 ab
2495 3924 2648 3978 initio
2685 3937 2896 3976 omnem
2943 3920 3216 3974 mundum.
3259 3917 3416 3973 Jcsus

1846 4017 2126 4072 Hebraeum
2154 4032 2347 4070 nomen
2373 4023 2475 4078 est,
2507 4021 2562 4068 et
2589 4014 2808 4083 angelus
2838 4011 2930 4065 Dei
3010 4009 3272 4078 expressit
3294 4016 3414 4078 ety-

1847 4106 2131 4176 mologiam
2173 4116 2228 4160 et
2269 4103 2766 4173 interpretationem
2809 4100 3023 4168 quando
3063 4099 3199 4153 dixit
3241 4116 3255 4152 :
3299 4096 3417 4166 Ipse

1846 4199 1980 4252 enim
2006 4197 2204 4252 salvum
2246 4196 2401 4266 faciet
2439 4193 2682 4265 papulum
2721 4209 2871 4246 suum
2906 4208 2936 4242 a
2967 4191 3189 4262 peccatis
3217 4206 3394 4244 eorum

1847 4287 2117 4342 Scribitur
2140 4296 2318 4340 autem
2348 4284 2505 4340 Iesus
2533 4285 2659 4347 iota,
2685 4291 2739 4336 et
2769 4291 2874 4344 eta,
2903 4289 2956 4334 et
2981 4280 3167 4350 sigma,
3195 4289 3248 4334 et
3269 4279 3418 4348 apice

1847 4382 2076 4448 desuper
2105 4377 2243 4447 apud
2285 4392 2403 4431 nos.
2446 4374 2580 4429 Nam
2613 4375 2667 4428 in
2701 4373 3006 4428 Graecorum
3043 4371 3192 4425 libris
3219 4370 3420 4425 solum-

1849 4471 2007 4526 modo
2043 4485 2138 4538 per
2161 4471 2298 4533 iota,
2329 4475 2384 4521 et
2411 4467 2604 4536 sigma,
2637 4473 2690 4519 et
2712 4464 2863 4534 apice
2892 4464 3120 4532 desuper
3146 4460 3414 4514 invenitur

1849 4564 2107 4633 scriptum
2132 4603 2146 4627 ,
2191 4569 2246 4614 et
2286 4561 2424 4615 sicut
2461 4559 2562 4613 alia
2605 4558 2820 4612 nomina
2855 4557 2946 4612 Dei
2983 4553 3420 4624 comprelieusive

1850 4655 2044 4709 debent
2083 4652 2278 4716 scribi,
2325 4651 2448 4720 quia
2486 4665 2681 4705 nomen
2722 4649 2817 4703 Dei
2865 4663 2971 4702 non
3011 4653 3189 4717 potest
3230 4645 3421 4699 litteris

1849 4746 2136 4816 explicari;
2165 4745 2376 4814 quando
2397 4758 2588 4814 purum
2609 4741 2879 4796 hominem
2902 4738 3186 4810 signiﬁcat,
3205 4753 3299 4807 per
3313 4752 3398 4789 om

1851 4854 1946 4892 nes
1973 4837 2179 4892 litteras
2205 4837 2474 4891 scribitur.
2507 4834 2773 4888 Debemus
2801 4841 2978 4884 autem
3011 4830 3168 4893 scire,
3198 4829 3284 4882 ubi
3314 4826 3422 4896 pri-

1852 4930 2014 4983 mitus
2043 4929 2184 4983 istud
2210 4941 2404 4981 nomen
2431 4924 2589 4977 fuerit
2623 4923 2912 4982 inventum,
2946 4920 3048 4974 hoc
3077 4926 3158 4972 est
3185 4933 3213 4970 a
3242 4916 3420 4985 Moyse

1855 5019 2083 5087 primum
2117 5016 2421 5085 impositum
2451 5011 2560 5066 ﬁlio
2583 5009 2724 5069 Nun,
2751 5007 2962 5077 quando
2985 5021 3228 5060 reversus
3250 5005 3422 5056 victor

1855 5109 1920 5162 de
1948 5122 2120 5176 pugna
2148 5104 2383 5165 Amalec,
2409 5102 2474 5155 ad
2497 5115 2655 5168 quam
2680 5099 2898 5152 miserat
2921 5110 3041 5149 eum
3071 5094 3277 5163 Moyses
3298 5108 3419 5146 cum

1857 5197 2033 5265 aliqua
2062 5205 2216 5266 parte
2244 5191 2442 5262 populi.
2474 5189 2624 5242 Tunc
2655 5188 2830 5241 ierunt
2858 5185 2907 5240 ei
2943 5185 3152 5238 obviam
3184 5181 3420 5250 reliquus

1854 5285 2081 5354 populus
2111 5299 2231 5337 cum
2270 5277 2638 5334 sacerdotibus
2657 5316 2672 5341 ,
2704 5284 2758 5329 et
2786 5275 3085 5344 imposuere
3119 5270 3168 5324 ei
3197 5270 3297 5324 hoc
3325 5283 3422 5321 no-

1857 5390 2000 5439 men,
2026 5385 2086 5427 ut
2111 5380 2390 5427 vocaretur
2412 5367 2603 5431 Iosue,
2631 5367 2735 5423 hoc
2760 5373 2844 5420 est
2870 5363 3134 5427 Salvator,
3162 5361 3286 5430 quia
3314 5357 3422 5413 sal-

1847 5467 1994 5521 vavit
2018 5463 2270 5535 populum
2299 5462 2366 5516 de
2390 5459 2624 5513 Amalec.
2658 5457 2725 5511 Et
2750 5457 2965 5511 nomine
2995 5463 3048 5508 et
3075 5454 3127 5507 in
3157 5451 3298 5506 facto
3327 5450 3418 5505 ille

178 5575 441 5629 «tandum
464 5570 882 5626 incarnationem
906 5564 1114 5620 Domini
1136 5563 1325 5624 nostri,
1347 5569 1400 5615 et
1421 5576 1524 5614 non
1546 5561 1752 5613 curavit
1848 5557 2010 5613 Josue
2038 5555 2260 5624 ﬁguram
2290 5548 2697 5622 gessitDomini,
2723 5547 2846 5617 quia
2870 5545 3110 5608 Amalec,
3133 5542 3224 5622 qui
3255 5542 3420 5595 intor-

176 5658 498 5736 perdivites
523 5662 623 5716 hoc
649 5658 932 5731 agere,qui
962 5657 1135 5712 solent
1157 5669 1274 5709 esse
1299 5653 1436 5723 pleni
1464 5652 1629 5714 vitiis,
1660 5652 1752 5705 sed
1853 5659 2095 5721 pretatur
2129 5643 2347 5716 populus
2392 5640 2650 5736 lambens,
2697 5636 2962 5736 diabolum
3009 5633 3306 5736 signiﬁcat,
3352 5631 3418 5736 de

177 5721 288 5829 ἱνα·
319 5767 582 5827 pauperes
622 5721 806 5824 plenos
841 5721 1124 5804 virtutibus
1164 5762 1192 5800 a
1231 5721 1575 5815 perfectione.
1607 5743 1756 5798 Unde
1859 5739 2008 5807 cujus
2036 5735 2342 5790 lambitione
2362 5773 2376 5796 ,
2405 5730 2455 5784 id
2485 5737 2595 5791 est,
2626 5725 2963 5792 seductione,
2989 5739 3199 5793 seraper
3227 5721 3417 5776 liberat
