3962 6174
552 303 692 361 1279

1346 296 1730 353 CllRlSTlANl
1770 296 2174 355 DRUTllMARl
2214 296 2651 355 CORBEIENSIS
2688 298 2985 354 MONACHI

3660 303 3799 356 Im

552 420 806 496 populum
835 384 1021 483 sudm.
1039 413 1153 469 Hoc
1190 421 1273 468 est
1305 414 1394 483 qui
1424 415 1503 468 sui
1543 429 1663 469 esse
1688 412 1901 476 festinat
1928 429 2022 468 ore
2050 422 2104 467 et
2130 418 2179 474 Α
2205 412 2401 483 Spiritu
2427 411 2630 477 sancto,
2660 413 2846 468 divisis
2875 415 3012 467 inter
3032 427 3090 467 se
3115 423 3281 484 gestis
3308 416 3548 479 Domini,
3576 431 3795 479 narrat,

552 527 749 583 opere,
789 518 844 563 et
881 522 912 561 a
948 505 1162 561 nomine
1195 504 1309 574 ejus
1347 503 1636 559 Christiani
1674 512 1949 558 vocantur.
1990 501 2103 557 Non

549 598 981 661 etiam‘absolute
1006 597 1140 652 dixit
1166 595 1448 666 populum,
1485 596 1580 651 sed
1610 613 1761 649 suum
1791 595 2026 659 addidit,
2057 594 2110 648 id

549 707 634 754 est
660 698 750 768 qui
792 696 947 750 fidem
973 702 1028 748 et
1055 707 1202 762 spem
1238 705 1390 745 suam
1416 689 1468 743 in
1504 702 1622 742 eam
1651 695 1961 755 posuerunt.
1998 684 2109 738 Hoc

550 795 723 842 autem
751 796 913 840 totum
941 784 1136 853 factum
1157 790 1253 843 est,
1283 788 1339 832 ut
1368 776 1732 846 adimpleretur
1750 776 1889 846 quod
1916 775 2108 828 dictum

551 890 647 934 est.
681 879 792 933 Hoc
818 885 929 942 est,
964 875 1081 929 ideo
1104 873 1355 944 prredicta
1385 879 1541 935 sunt,
1566 870 1692 938 quia
1723 869 1800 922 sic
1829 876 1941 920 erat
1974 867 2112 920 futu-

554 986 707 1034 rum;
745 977 801 1023 et
831 968 949 1021 ideo
985 964 1183 1019 factum
1217 969 1328 1026 est,
1373 969 1432 1014 ut
1458 968 1575 1014 acta
1612 958 1998 1013 concordarcnt
2033 956 2111 1010 di-

552 1059 676 1122 ctis,
707 1066 767 1111 ut
795 1062 935 1111 esset
969 1067 1126 1109 verus
1156 1051 1411 1106 Dominus
1438 1051 1491 1104 in
1517 1049 1809 1118 prophetis,
1840 1056 1896 1103 et
1919 1047 1971 1101 in
1996 1063 2112 1101 om-

555 1149 712 1204 nibus
743 1146 993 1218 operibus
1027 1145 1159 1200 suis.
1200 1142 1313 1198 Hoc
1348 1150 1519 1197 totum
1556 1139 1755 1195 factum
1789 1139 1991 1219 est,.id
2026 1147 2112 1193 est

555 1238 680 1307 quia
711 1236 907 1291 missus
941 1244 1023 1290 est
1051 1232 1297 1305 angelus,
1336 1231 1459 1299 quia
1486 1229 1730 1299 concepit
1757 1229 1922 1283 Maria
1943 1269 1957 1292 ,
1987 1230 2110 1297 quia

555 1328 781 1397 peperit,
809 1326 986 1380 omnia
1012 1325 1110 1379 ista
1138 1323 1391 1393 praedicta
1420 1329 1540 1376 sunt
1571 1337 1601 1375 a
1627 1321 1917 1391 prophetis.
1948 1321 2110 1375 Istum

557 1431 685 1471 vero
710 1432 807 1486 per
828 1415 1017 1470 lsaiam
1045 1415 1242 1469 dictum
1261 1454 1275 1477 ,
1309 1412 1401 1467 sed
1429 1412 1531 1478 ibi,
1561 1413 1842 1481 concipiet,
1873 1413 1994 1480 quia
2026 1410 2112 1465 ille

554 1507 621 1562 de
656 1505 867 1572 futuro;
911 1506 1012 1559 iste
1055 1503 1242 1567 habet,
1279 1502 1513 1565 habebit,
1540 1502 1673 1576 quia
1706 1500 1816 1568 jam
1843 1503 2113 1570 przcterita

556 1598 830 1653 narrabat.
874 1595 944 1650 Et
978 1595 1229 1649 vocabunt
1262 1610 1447 1647 nomen
1480 1593 1593 1662 ejus
1632 1590 1957 1646 Emmanuel.
1994 1592 2113 1645 Em-

554 1690 766 1745 manuel
799 1690 927 1758 quid
959 1688 1028 1743 sit
1065 1687 1389 1758 evangelista
1419 1687 1626 1757 aperuit
1658 1685 1840 1740 dicens
1870 1705 1881 1739 :
1918 1685 2112 1740 Nobis-

554 1798 671 1835 cum
705 1781 865 1835 Deus.
899 1780 1188 1844 Emmanu,
1217 1779 1524 1842 nobiscum,
1554 1777 1620 1843 el,
1648 1794 1811 1832 unum
1839 1778 1903 1833 de
1930 1779 2112 1833 det-cm
2140 1754 2187 1812 Β

554 1871 860 1925 nominibus
898 1885 1004 1940 quo
1048 1871 1182 1924 Deus
1225 1878 1446 1924 vocatur
1491 1870 1629 1940 apud
1678 1868 1946 1924 Hebraeos.
1994 1869 2115 1924 Fuit

556 1960 699 2014 Deus
722 1975 841 2014 cum
870 1958 1191 2029 patriarchis
1214 1966 1268 2012 et
1286 1958 1545 2026 patribus,
1571 1957 1661 2012 sed
1689 1958 1843 2011 aliter
1868 1957 1966 2012 fuit
1992 1974 2112 2011 eum

554 2049 660 2113 liis,
692 2051 756 2103 de
777 2050 972 2119 quibus
1000 2048 1255 2119 preplieta
1278 2049 1380 2103 hoc
1405 2048 1539 2104 dixit
1565 2067 1577 2102 :
1610 2048 1745 2113 Quia
1783 2060 2010 2103 versatus
2042 2059 2114 2102 est

555 2156 673 2193 cum
695 2141 769 2193 eis
797 2140 850 2193 in
878 2156 1032 2193 carne
1054 2149 1100 2193 et
1138 2138 1415 2192 audierunt
1449 2155 1565 2192 eum
1601 2141 1714 2192 viva
1751 2155 1867 2193 voce
1901 2138 2114 2209 loquen-

555 2241 691 2294 tem,
740 2241 786 2285 et
838 2231 1071 2286 viderunt
1114 2230 1367 2284 miracula
1413 2231 1683 2300 facientem
1728 2244 1740 2256 ο
1779 2231 1918 2299 quod
1967 2231 2113 2284 multi

555 2324 828 2391 prophetae
865 2330 922 2377 et
955 2336 1110 2392 reges
1142 2322 1430 2376 voluerunt
1466 2322 1647 2375 videre
1675 2331 1730 2376 et
1765 2323 1950 2376 audire
1966 2315 1993 2386 ,’
2017 2323 2116 2377 hoc

554 2412 657 2467 fuit
687 2424 814 2469 tunc
840 2430 959 2469 cum
991 2414 1113 2470 illis.
1158 2415 1454 2485 Exsurgens
1487 2414 1678 2485 Ioseph
1715 2433 1745 2468 a
1778 2432 1958 2468 somno
1997 2414 2115 2484 fecit

556 2510 689 2563 sicut
717 2519 1026 2580 pra’ceperat
1049 2511 1096 2564 ci
1122 2509 1333 2579 angelus
1363 2508 1591 2562 Domini.
1630 2508 1697 2562 Et
1729 2509 1832 2562 isto
1857 2507 1997 2561 facto
2025 2522 2120 2575 ap-

556 2606 711 2667 paret
736 2598 857 2667 quia
887 2606 941 2653 et
969 2596 1163 2668 Joseph
1199 2596 1434 2668 perfecte
1465 2597 1705 2651 eruditus
1726 2604 1809 2651 est
1832 2598 1900 2650 ah
1931 2597 2118 2666 angelo

558 2686 624 2739 de
653 2684 742 2740 illo
772 2685 935 2751 facto,
963 2694 1017 2742 et
1045 2687 1169 2757 quia
1195 2688 1279 2742 vir
1298 2687 1507 2756 sapiens
1527 2686 1708 2751 fuerit,
1732 2687 1822 2757 qui
1844 2702 1948 2742 non
1969 2701 2117 2756 quaa-

557 2776 683 2831 sivit
713 2776 992 2851 consilium
1021 2787 1206 2848 postea
1234 2780 1299 2834 de
1337 2779 1437 2833 hac
1478 2794 1570 2843 re,
1612 2793 1709 2833 nec
1754 2778 2116 2847 interpretem,

559 2865 653 2921 sed
695 2866 874 2921 statim
920 2865 1048 2922 fecit
1091 2870 1230 2923 sicut
1265 2867 1515 2938 percepit
1554 2867 1602 2920 ei
1644 2867 1878 2937 angelus.
1916 2866 2120 2935 Accepit

556 2972 772 3011 uxorem
794 2957 862 3010 ad
885 2958 1296 3012 custodiendum.
1319 2958 1453 3025 Quia
1476 2954 1669 3025 coniux
1693 2973 1721 3011 a
1751 2951 2120 3027 conjungen'do

452 3114 463 3124 .
559 3044 775 3099 dicitur.
820 3045 888 3099 Et
935 3063 1040 3101 non
1081 3049 1309 3118 cognovit
1349 3064 1463 3102 eam
1509 3047 1668 3101 donec
1714 3048 1907 3117 peperit
1948 3046 2117 3115 ﬁlium

558 3153 710 3190 suum
748 3138 1160 3209 primogenitum.
1204 3141 1283 3195 Ex
1328 3141 1413 3194 his
1455 3141 1585 3196 locis
1622 3141 1857 3228 haeretici
1896 3143 2117 3198 exstite-

560 3236 716 3292 runt,
758 3229 849 3298 qui
892 3230 1141 3284 dixerunt
1179 3232 1301 3299 quia
1345 3232 1463 3287 ideo
1510 3233 1640 3288 dicit
1680 3234 1849 3289 donec
1888 3234 2115 3304 peperit,

559 3318 810 3386 quoniam
840 3327 1023 3389 postea
1055 3321 1300 3390 cognovit
1327 3336 1465 3376 eam.
1495 3320 1599 3377 Sed
1628 3330 1804 3379 tamen
1829 3339 1933 3379 non
1957 3325 2118 3380 habet

561 3408 719 3464 talem
755 3424 970 3464 sensum
1001 3411 1054 3465 in
1090 3409 1363 3482 Scriptura
1400 3412 1598 3477 divina,
1633 3414 1773 3469 sicut
1801 3414 1854 3468 in
1881 3414 2116 3471 humana

558 3492 845 3554 locutione.
899 3499 1040 3556 Dicit
1084 3502 1227 3556 enim
1274 3503 1327 3555 in
1373 3501 1584 3557 Psalmo
1634 3520 1646 3556 :
1690 3501 1823 3567 Sede
1855 3521 1887 3557 a
1923 3504 2116 3560 dextris

561 3588 720 3652 meis,
763 3588 924 3643 donec
959 3606 1147 3660 ponam
1194 3592 1427 3646 inimicos
1460 3591 1738 3646 scabellum
1775 3592 1963 3662 pedum
2001 3604 2119 3647 tuc-

559 3694 694 3731 rum.
726 3677 971 3749 Nunquid
1000 3695 1104 3734 non
1127 3681 1332 3735 sedebit
1355 3681 1581 3752 amplius
1603 3681 1858 3737 Dominus
1877 3683 2117 3738 Christus

559 3769 625 3823 ad
656 3770 931 3826 dexteram
952 3769 1148 3836 Patris,
1182 3772 1280 3826 nisi
1302 3787 1408 3841 quo
1434 3786 1601 3841 usque
1629 3773 1827 3828 inimici
1852 3782 2117 3842 ponantur

559 3860 660 3915 sub
697 3860 921 3929 pedibus
956 3862 1108 3932 ejus?
1138 3862 1206 3916 Et
1237 3862 1289 3916 in
1330 3862 1435 3922 alio
1470 3862 1586 3918 loco
1626 3863 1898 3934 Scriptura
1931 3865 2059 3919 dicit
2099 3883 2112 3919 :

558 3946 733 4001 Donec
763 3951 1155 4015 consenescatis,
1179 3967 1268 4022 ego
1295 3968 1408 4006 sum
1438 3952 1704 4007 Dominus.
1735 3952 1982 4024 Nunquid
2010 3971 2114 4009 non

557 4036 663 4091 erit
689 4037 916 4107 amplius
942 4039 1228 4106 Dominus,
1256 4042 1356 4096 nisi
1384 4057 1488 4111 quo
1524 4058 1693 4112 usque
1735 4043 1807 4097 illi
1838 4059 1994 4100 senes
2024 4044 2118 4100 lie-

561 4139 681 4182 rent
705 4143 825 4182 cum
852 4130 1044 4198 quibus
1069 4131 1184 4186 hrec
1208 4132 1414 4187 loeutus
1436 4135 1550 4188 est?
1578 4132 1681 4189 Sed
1707 4134 1866 4189 donec
1896 4136 1947 4189 in
1975 4135 2118 4191 Scri-

558 4223 714 4286 ptura
756 4218 933 4273 divina
976 4236 1076 4291 pro
1118 4230 1317 4277 aeterno
1360 4223 1602 4293 ponitur,
1641 4233 1699 4278 ut
1736 4225 2058 4295 intelligatur
2098 4244 2110 4279 :

561 4305 695 4362 Sede
729 4325 762 4361 a
786 4308 980 4365 dextris
1017 4312 1141 4365 meis
1168 4313 1224 4367 in
1261 4324 1540 4378 azternum;
1579 4324 1624 4369 et
1658 4332 1844 4384 ponam
1881 4318 2114 4372 inimicos

2205 504 2363 557 debet
2393 505 2561 558 lector
2610 504 2675 557 ad
2713 504 3022 558 memoriam
3073 505 3346 569 reducere,
3393 521 3517 575 quin
3550 507 3705 562 alius
3737 512 3802 563 de

2206 594 2319 664 ipsa
2341 595 2484 648 dicat
2520 595 2862 665 evangelista.
2906 595 3080 650 Lucas
3104 597 3245 650 enim
3294 608 3485 653 narrat
3509 606 3801 669 quomodo

2205 685 2435 756 Angelus
2456 685 2667 741 Gabriel
2713 688 2777 741 ad
2825 686 3045 741 Mariam
3074 689 3302 752 venerit,
3345 699 3401 743 et
3429 691 3601 745 beata
3631 692 3801 747 Naris

2209 778 2474 832 audiendo
2494 788 2547 831 et
2569 778 2833 833 credendo
2860 779 3182 847 conceperit.
3215 778 3498 836 hlatthaaus
3516 786 3804 853 quomoda

2206 866 2401 937 Ioseph
2432 869 2749 937 desponsata
2778 858 2958 923 fuerit.
3002 869 3199 924 lterum
3230 870 3402 926 Lucas
3422 876 3717 941 quomodo
3741 878 3803 929 dc

2207 957 2423 1013 Galilma
2472 968 2690 1029 propter
2738 959 3121 1029 professionem
3179 978 3371 1018 census
3416 969 3799 1022 ascendet-int.

2209 1051 2391 1106 Denuo
2437 1050 2717 1107 Matthaaus
2758 1055 3023 1122 quomodo
3069 1064 3224 1111 natus
3270 1073 3300 1109 a
3331 1059 3505 1128 magis
3530 1059 3803 1113 adoratus

2209 1140 2295 1195 sit.
2318 1141 2409 1196 Ait
2435 1144 2576 1197 enim
2604 1161 2617 1196 :
2642 1140 2772 1197 Cum
2794 1156 2946 1199 natus
2965 1156 3093 1199 esset
3118 1146 3292 1203 Iesus.
3325 1148 3466 1203 Usus
3488 1150 3604 1204 fuit
3631 1154 3798 1206 histo-

2211 1230 2616 1301 riographorum
2645 1243 2704 1288 ut
2741 1235 2952 1303 quando
2985 1235 3264 1291 historiam
3315 1239 3635 1296 scriberent
3668 1253 3801 1296 tem-

2209 1335 2310 1388 pus
2337 1321 2676 1384 adnotarent,
2726 1323 2866 1379 sicut
2907 1325 3069 1379 etiam
3100 1342 3243 1381 nunc
3279 1326 3358 1391 fit,
3389 1344 3501 1383 non
3530 1331 3723 1385 solum
3751 1334 3803 1385 in

2211 1413 2394 1481 gestis,
2434 1414 2526 1468 sed
2573 1415 2732 1468 etiam
2781 1416 2834 1469 in
2876 1417 3102 1472 chartis.
3147 1417 3258 1473 Hac
3304 1419 3471 1473 etiam
3516 1422 3598 1475 de
3636 1438 3803 1477 causa

2213 1502 2490 1559 Matthwus
2537 1513 2744 1574 tempus
2790 1505 3014 1561 Herodis
3058 1509 3226 1577 ponit,
3255 1511 3345 1579 qui
3383 1512 3440 1564 in
3485 1509 3689 1565 lintea
3719 1530 3803 1566 rr-

2211 1595 2427 1665 gnahat.
2460 1594 2633 1649 Lucas
2661 1610 2788 1650 vero
2828 1595 3037 1667 longius
3061 1606 3115 1652 et
3151 1599 3414 1654 excelsius
3452 1612 3730 1671 repetens
3754 1614 3804 1655 ct

2213 1698 2403 1737 nomen
2436 1683 2791 1753 imperatoris,
2817 1692 2872 1739 et
2902 1686 3115 1739 nomina
3145 1686 3443 1752 consulum,
3474 1697 3530 1742 et
3576 1699 3799 1759 tempzs

2213 1774 2561 1843 professionis
2589 1788 2781 1829 census
2808 1775 3085 1830 adnotavit
3127 1776 3309 1832 dicens
3342 1797 3353 1831 :
3381 1777 3529 1833 Exiit
3559 1781 3802 1834 edictuin

2214 1882 2245 1918 a
2269 1861 2471 1918 Cazsare
2498 1864 2749 1935 Augusto,
2780 1865 3029 1921 videlicet
3066 1860 3371 1933 Ocius-iano,
3396 1871 3525 1939 quia
3554 1874 3803 1940 quadra-

2215 1956 2418 2027 gesimo
2444 1957 2678 2010 secundo
2707 1971 2847 2011 anno
2872 1956 3078 2027 imperii
3122 1958 3394 2013 Octaviani
3424 1960 3698 2017 Christus
3720 1980 3805 2019 na-

2217 2057 2301 2101 tus
2325 2054 2432 2109 est,
2469 2056 2523 2100 et
2552 2061 2745 2101 census
2762 2057 3000 2102 exactus.
3038 2047 3103 2101 Et
3128 2049 3266 2103 sicut
3291 2050 3595 2117 Abraham,
3632 2056 3731 2123 qui
3754 2057 3803 2108 in

2214 2137 2384 2207 ﬁgura
2419 2136 2628 2190 Domini
2656 2137 2943 2207 praecessit,
2980 2138 3384 2208 quadragesimo
3417 2144 3678 2196 secundo
3714 2160 3797 2197 an-

2218 2243 2285 2280 no
2309 2226 2451 2291 Nini,
2478 2227 2567 2295 qui
2610 2227 2815 2297 primus
2859 2244 2952 2281 rex
2994 2228 3046 2281 in
3090 2230 3284 2283 mundo
3311 2229 3426 2294 fuit,
3472 2244 3651 2287 natus
3686 2246 3790 2295 est,

2217 2319 2293 2371 sic
2320 2316 2564 2373 Christus
2598 2318 3007 2387 quadragesimo
3033 2320 3267 2374 secundo
3306 2336 3444 2376 anno
3471 2322 3793 2387 Octaviani,

2216 2409 2305 2474 qui
2336 2408 2538 2478 primus
2565 2409 2853 2477 imperator
2877 2410 3170 2489 appellatus
3217 2408 3335 2477 fuit,
3370 2422 3530 2467 natus
3564 2425 3708 2479 est;
3748 2424 3794 2470 et

2217 2498 2332 2566 ipsa
2351 2498 2437 2552 die
2468 2498 2631 2552 multa
2671 2500 2909 2570 prodigia
2949 2500 3293 2566 exSIiterunt,
3333 2518 3443 2572 qua:
3472 2518 3612 2558 eum
3656 2522 3796 2561 crea-

2219 2597 2389 2643 torem
2411 2589 2557 2644 orbis
2584 2589 2954 2644 ostenderunt.
2981 2589 3099 2659 lpso
3148 2591 3235 2645 die
3276 2592 3340 2646 de
3365 2593 3595 2647 taberna
3642 2597 3797 2649 ineri-

2217 2682 2353 2735 toria
2382 2696 2479 2751 per
2508 2690 2675 2736 totum
2706 2682 2845 2736 diem
2877 2682 2995 2738 fons
3017 2683 3119 2737 olei
3162 2684 3495 2755 largissimus
3524 2686 3714 2749 ﬂuxit,
3744 2703 3798 2745 ut

2216 2772 2525 2826 ostenderet
2548 2771 2672 2841 quia
2699 2772 3018 2826 nascebatur
3039 2773 3085 2829 is
3106 2774 3195 2841 qui
3217 2774 3465 2828 Christus
3484 2775 3791 2840 diceretur,

2218 2861 2270 2915 id
2292 2870 2377 2917 est
2420 2873 2605 2917 unctus
2636 2862 2753 2918 oleo
2782 2862 3045 2934 spirituali
3079 2872 3237 2935 atque
3281 2866 3367 2919 ab‘
3396 2865 3516 2934 ejus
3548 2868 3795 2924 Ecclesia

2219 2952 2512 3009 Christiani
2542 2963 2724 3009 essent
2748 2955 2981 3010 dicendi.
3013 2955 3211 3010 Eodem
3253 2956 3340 3011 die
3382 2958 3557 3027 angeli
3603 2972 3794 3014 canta-

2221 3039 2446 3100 verunt:
2480 3043 2658 3100 Gloria
2682 3046 2736 3100 in
2759 3045 2971 3101 excelsis
3000 3045 3128 3110 Deo,
3157 3058 3203 3101 et
3242 3047 3296 3102 in
3336 3063 3477 3101 terra
3500 3067 3611 3118 pax
3635 3052 3799 3105 homi-

2221 3135 2367 3189 nibus
2393 3135 2538 3189 bona:
2580 3133 2876 3190 uoluntatis.
2930 3136 2998 3190 Et
3040 3143 3099 3189 ut
3136 3136 3237 3191 ista
3280 3151 3380 3192 vox
3404 3138 3794 3208 complerant,

2220 3233 2366 3279 tanta
2404 3239 2507 3295 pax
2537 3224 2589 3278 in
2626 3226 2757 3280 orbe
2785 3234 3049 3283 terrarum
3082 3224 3219 3281 facta
3246 3234 3329 3281 est
3371 3242 3468 3296 per
3502 3231 3790 3285 duodecim

2218 3332 2412 3381 annos,
2435 3327 2689 3387 quantum
2730 3317 2907 3373 nullus
2932 3334 3026 3373 rex
3052 3323 3225 3389 potuit
3253 3318 3426 3375 facere
3456 3320 3515 3374 in
3539 3338 3655 3376 una
3678 3339 3793 3393 pro.

2216 3409 2433 3472 vincia;
2486 3409 2557 3462 ita
2590 3414 2671 3473 ut,
2700 3408 2839 3463 sicut
2875 3409 3134 3480 propheta
3167 3409 3318 3475 dixit,
3351 3408 3658 3466 conﬂarem
3688 3413 3789 3482 gla-

2216 3499 2332 3553 dios
2359 3512 2484 3552 suos
2531 3498 2584 3551 in
2634 3512 2879 3552 vomeres
2904 3506 2959 3553 et
2984 3499 3199 3553 lanceas
3240 3515 3365 3553 suas
3392 3499 3446 3553 in
3504 3500 3698 3566 ωορδ,
3738 3514 3783 3556 et

2217 3589 2497 3644 Psalmista
2533 3588 2780 3643 dixerat:
2831 3587 3040 3644 Orietur
3070 3591 3123 3642 in
3165 3589 3344 3643 diebus
3372 3591 3490 3661 ejus
3517 3593 3782 3647 abunden-

2214 3681 2286 3735 tia
2308 3681 2471 3752 pacis.
2503 3681 2698 3735 Eodem
2737 3688 2974 3751 tempore
3019 3681 3106 3737 hic
3134 3680 3485 3747 Octavianus,
3534 3684 3604 3737 ad
3631 3702 3785 3755 quem

2214 3770 2451 3824 omnium
2485 3785 2665 3825 rerum
2712 3784 2922 3826 summa
2975 3781 3346 3835 concesserat,
3394 3772 3681 3829 dominum
3730 3791 3783 3827 se

2215 3863 2490 3918 hominum
2518 3862 2772 3933 appellari
2822 3878 2928 3917 non
2972 3879 3162 3934 passus
3187 3872 3290 3928 est,
3330 3865 3437 3918 imo
3467 3881 3576 3920 non
3603 3884 3782 3932 ausas,

2212 3970 2318 4024 quo
2338 3970 2498 4010 verus
2531 3955 2786 4010 Dominus
2836 3955 3000 4010 totius
3021 3955 3231 4025 generis
3258 3956 3477 4010 humani
3530 3959 3677 4014 inter
3698 3961 3785 4014 ho-

2214 4045 2385 4100 mines
2409 4055 2566 4100 natus
2597 4055 2697 4100 est.
2732 4044 2862 4100 Nam
2886 4062 2989 4100 una
3019 4046 3105 4101 die
3135 4062 3256 4101 cum
3282 4062 3347 4102 eo
3369 4060 3659 4117 spectante
3685 4050 3783 4105 ludi

2213 4144 2517 4204 agerentur,
2543 4144 2597 4191 et
2626 4136 2842 4206 quidam
2888 4137 3081 4189 mimus
3110 4138 3530 4206 pronuntiasset
3554 4158 3568 4192 :
3618 4141 3667 4196 0
3691 4142 3784 4195 Do-

2213 4227 2416 4282 minum
2455 4242 2666 4297 aequum
2699 4236 2752 4281 et
2780 4228 3021 4282 bonum!
3069 4227 3405 4298 universique
3448 4231 3783 4286 exsultantes

2212 4318 2634 4387 approbassent,
2690 4319 2872 4372 statim
2924 4304 3081 4389 many
3137 4319 3390 4387 vultuque
3440 4319 3778 4376 adulationis

559 4405 673 4451 tuos
698 4399 975 4454 scabellum
1001 4402 1189 4471 pedum
1208 4412 1434 4456 tuorum.
1464 4403 1721 4459 Similiter
1741 4407 1792 4460 in
1820 4407 1923 4463 alio
1951 4407 2067 4463 loco
2096 4428 2109 4462 :
2138 4442 2190 4502 Β
2215 4410 2552 4479 compressit,
2592 4418 2648 4463 et
2682 4425 2803 4464 cum
2842 4411 3160 4480 gravissimo
3198 4411 3374 4465 edicto
3399 4427 3457 4465 se
3485 4424 3613 4482 post
3654 4416 3779 4477 hac,

558 4487 671 4556 Ego
698 4506 813 4543 sum
839 4490 1091 4547 Dominus
1118 4494 1171 4547 in
1198 4505 1474 4560 (uernum,
1509 4506 1556 4550 et
1584 4514 1700 4550 cum
1728 4499 1900 4553 vinetis
1923 4510 1969 4554 et
1998 4516 2113 4553 cum

557 4582 847 4645 senescetis,
876 4583 1031 4636 etiam
1076 4592 1126 4636 et
1177 4596 1292 4637 cum
1344 4588 1635 4640 morientini
1663 4627 1678 4651 ,
1732 4588 1834 4643 hoc
1876 4598 1997 4653 est,
2060 4593 2115 4646 in

559 4680 828 4724 internum.
871 4672 948 4726 Ex
978 4672 1083 4728 alio
1116 4673 1351 4729 haeretici
1397 4674 1609 4730 fuerunt
1643 4678 1806 4733 verbo
1842 4680 1931 4749 qui
1962 4680 2112 4734 dixe-

561 4766 717 4822 runt,
754 4761 895 4829 quod
934 4776 1040 4816 non
1076 4762 1342 4818 diceretur
1378 4763 1789 4834 primogenitus,
1822 4765 1924 4820 nisi
1954 4782 2112 4836 quem

559 4846 652 4902 alii
681 4848 873 4907 fratres
906 4860 1219 4923 sequuntur,
1250 4855 1343 4910 sed
1372 4869 1475 4909 non
1515 4862 1596 4909 est
1636 4854 1729 4908 ita.
1771 4854 1911 4925 Lege
1948 4857 2113 4911 Vetus

562 4936 957 4997 Testamentum
986 4953 1041 4999 et
1060 4945 1296 5001 invenies
1326 4945 1450 5015 quia
1483 4959 1670 5000 omnes
1703 4944 1793 5014 qui
1818 4944 1967 5014 prius
1994 4945 2112 4999 vul-

560 5043 683 5085 vam
706 5031 950 5100 aperiunt
972 5032 1119 5106 (licet
1142 5050 1246 5089 non
1274 5036 1507 5090 habeant
1535 5032 1747 5107 fratres)
1772 5034 2110 5105 primogeniti

561 5121 807 5177 dicuntur
842 5141 855 5177 :
882 5117 988 5193 ipsi
1014 5132 1069 5180 et
1094 5127 1348 5195 unigeniti
1378 5135 1431 5181 et
1456 5126 1791 5197 primogeniti
1830 5137 2106 5182 vocantur.

559 5210 660 5276 Qui
689 5212 914 5282 amplius
935 5213 998 5268 de
1018 5213 1137 5269 istis
1154 5215 1396 5284 requirit,
1419 5214 1561 5285 legat
1582 5215 1774 5269 librum
1797 5217 1965 5270 sancti
1987 5214 2111 5269 Hie-

556 5302 762 5372 ronymi
791 5318 949 5372 quem
980 5303 1106 5361 fecit
1131 5313 1317 5360 contra
1343 5305 1641 5360 Helvidium
1662 5306 1728 5360 de
1762 5305 1862 5359 hac
1890 5320 1965 5360 re.

1178 5405 1401 5461 CAPUT
1420 5404 1483 5475 tt.

1008 5492 1075 5548 In
1101 5493 1394 5575 Epiphania
1430 5493 1659 5548 Domini.

626 5579 757 5633 Cum
788 5592 940 5636 natus
963 5595 1089 5638 esset
1117 5584 1269 5639 Iesus
1289 5585 1345 5638 in
1372 5583 1659 5639 Belhlehem
1687 5584 1828 5638 Juda
1851 5585 1905 5638 in
1932 5584 2110 5641 diebus

563 5663 785 5721 Herodis
808 5671 960 5738 regis.
983 5669 1117 5739 Quia
1131 5671 1474 5743 evangelista,
1492 5671 1771 5726 ordinante
1788 5681 2109 5743 regenteque

2215 4515 2313 4554 nec
2341 4515 2371 4552 a
2410 4499 2592 4556 liberis
2615 4498 2888 4569 appellari,
2919 4508 3012 4553 aut
3037 4515 3067 4552 a
3094 4500 3395 4569 nepotibus,
3426 4503 3513 4555 vel
3542 4520 3573 4557 a
3592 4506 3778 4559 servis.

2214 4607 2313 4645 nec
2337 4591 2516 4645 vocari
2540 4592 2812 4646 dominum
2843 4606 3031 4660 passus
3056 4601 3156 4646 est.
3185 4592 3253 4646 In
3293 4593 3593 4649 Bel/ueneni
3617 4596 3777 4647 Iade.

2210 4675 2520 4730 Bethlehem
2545 4676 2727 4730 domus
2746 4677 2894 4746 panis
2919 4677 3133 4738 dicitur,
3161 4686 3283 4731 ante
3305 4687 3494 4731 vocata
3533 4678 3776 4747 Epiri-aia.

2195 4767 2267 4822 'id
2301 4776 2382 4822 est
2408 4766 2682 4838 frugifera.
2717 4767 2822 4822 Sed
2842 4777 3120 4836 postquam
3142 4766 3305 4822 Jaeob
3324 4768 3395 4821 ibi
3417 4779 3570 4836 pavit
3591 4785 3777 4838 [iecora

2214 4875 2330 4926 sua,
2359 4860 2641 4931 appellavit
2689 4876 2810 4914 eam
2852 4860 3179 4915 Bethlehem.
3234 4859 3510 4929 Siquidem
3547 4864 3777 4917 secunda

2216 4948 2394 5003 littera
2423 4950 2563 5017 apud
2591 4949 2866 5014 Hebrmos,
2913 4949 3054 5003 beeth
3084 4948 3301 5014 dicitur,
3339 4959 3395 5004 et
3424 4951 3542 5020 ipsa
3591 4953 3781 5006 domus

2216 5039 2621 5108 interpretatur,
2668 5047 2722 5094 et
2772 5048 2995 5108 utraque
3044 5041 3257 5094 nomina
3304 5041 3561 5095 Ecclesiae
3585 5044 3781 5097 ωιιθεο

2215 5132 2382 5185 niunt.
2413 5131 2480 5185 Et
2498 5131 2714 5202 dignum
2754 5131 2853 5186 fuit
2876 5140 2938 5185 ut
2971 5132 3158 5185 domus
3183 5132 3236 5185 in
3265 5146 3369 5202 qua
3400 5131 3654 5187 ChrTstus
3684 5150 3777 5186 me

2214 5222 2461 5278 scebatur
2484 5221 2571 5276 his
2598 5221 2900 5276 nominibus
2924 5230 3046 5275 ante
3082 5230 3386 5285 vocaretur,
3415 5222 3546 5289 quia
3585 5223 3642 5276 in
3682 5222 3780 5277 Eo.

2215 5310 2375 5373 etesia
2405 5311 2571 5382 ipsius
2597 5325 2755 5366 verus
2797 5311 2970 5381 panis,
3014 5319 3070 5365 ct
3095 5312 3317 5365 satietas
3369 5320 3574 5366 alterna
3629 5328 3781 5382 repe-

2214 5400 2349 5453 rltur
2369 5401 2437 5454 ab
2460 5399 2705 5453 omnibus
2730 5399 2784 5452 in
2804 5400 3030 5454 veritate
3052 5401 3430 5469 quaerentibus.
3460 5401 3579 5455 Non
3598 5415 3773 5458 sum

2213 5488 2370 5543 debet
2398 5487 2580 5542 haberi
2610 5488 2662 5542 in
2702 5487 2837 5543 libro
2880 5486 3094 5552 Iudicas,
3144 5488 3239 5543 sed
3281 5487 3439 5551 Juda,
3495 5491 3619 5559 quia
3672 5507 3773 5546 non

2163 5626 2169 5633 .
2210 5580 2478 5635 invenitur
2497 5588 2648 5633 extra
2674 5578 2885 5635 Judzcos
2912 5579 3014 5633 alia
3054 5595 3186 5649 gens
3230 5580 3478 5635 habuisse
3501 5582 3771 5636 civitatein

2209 5672 2395 5727 eodem
2435 5672 2645 5727 nomine
2675 5681 2931 5726 vocatam.
2963 5673 3211 5725 Attamen
3234 5673 3347 5727 dum:
3373 5681 3498 5727 sunt
3525 5672 3771 5728 civitates
