3962 6174
222 274 351 330 ΗῊ

1382 275 1736 332 EXPOSI'I‘IO
1774 276 1838 330 IN
1879 277 2306 334 MATTIIA‘IUM.

3310 278 3447 336 1232

222 390 275 442 in
303 386 479 441 Iudam
508 402 624 456 qum
650 386 957 443 Bethtebem
988 397 1246 442 vocantur
1271 406 1282 440 :
1328 404 1433 443 una
1465 390 1518 443 in
1566 389 1782 445 Galilma
1812 395 1857 451 A
1888 390 2014 449 Sion
2040 394 2223 456 turris,
2250 408 2367 462 quin
2397 393 2621 447 vertitur
2648 394 2698 447 in
2725 393 3017 463 speculum.
3054 391 3291 449 Vidimus
3311 398 3447 450 enim

223 481 278 530 iu
310 485 454 531 sorte
494 476 664 531 tribus
708 477 962 531 Zabulon.
1010 477 1190 530 Altera
1234 487 1410 531 autem
1463 478 1790 542 Bethlehem,

222 567 418 621 civitas
448 565 612 619 David
643 566 695 620 in
737 575 883 621 sorte
910 566 1080 621 tribus
1106 565 1277 631 Judre,
1307 567 1357 619 in
1404 577 1556 621 sexto
1578 582 1607 620 a
1634 565 1791 621 Jeru-

221 659 393 714 salem
440 657 693 712 milliario
738 665 926 712 contra
966 658 1308 711 Meridianam
1360 658 1591 727 plagam,
1639 658 1793 727 juxta

221 752 364 805 viam
388 766 509 820 quae
533 749 680 804 ducit
728 749 962 815 Ilehron,
1009 750 1097 803 ubi
1124 759 1178 803 et
1219 749 1521 818 sepulcrum
1553 749 1717 803 David
1742 757 1796 801 et

220 840 395 907 patris
419 837 535 906 ejus
563 847 665 901 est,
697 848 744 893 et
777 845 1077 908 sepulcrum
1105 839 1352 892 Archelai
1387 840 1547 909 regis,
1576 839 1794 906 ctjuxta

224 934 397 1001 ipsam
425 930 594 994 turris
623 931 883 985 Adtherto
912 940 993 984 est
1015 931 1208 1001 gregis,
1236 930 1319 984 ubi
1344 930 1562 1000 angelus
1588 929 1793 983 Domini

221 1027 437 1080 locutus
464 1034 546 1079 est
573 1025 895 1094 pastoribus.
932 1023 987 1077 In
1035 1024 1135 1078 hac
1168 1023 1381 1077 civitate
1423 1022 1679 1075 Dominus
1704 1038 1792 1075 na-

223 1127 314 1171 tus
342 1125 422 1169 est
451 1122 650 1169 noster.
694 1112 759 1167 In
788 1114 966 1167 diebus
996 1110 1219 1167 Herodis
1260 1113 1411 1181 regis.
1442 1110 1545 1167 Iste
1568 1121 1652 1166 est
1682 1112 1792 1165 Ile-

224 1208 385 1262 rodes
411 1206 677 1275 Antipatri
728 1204 888 1269 ﬁlius,
940 1206 1029 1275 qui
1059 1221 1180 1260 cmn
1204 1220 1233 1258 a
1268 1204 1564 1258 latronibus
1608 1203 1798 1257 fuisset

223 1298 519 1369 prie-latus,
562 1305 725 1350 tanta:
766 1297 1098 1366 paupertatis
1123 1305 1259 1359 erat,
1290 1305 1349 1349 ut
1373 1295 1616 1349 eumdem
1647 1296 1797 1349 Anti-

224 1398 436 1459 patrem
465 1388 766 1456 nequiverit
814 1387 1117 1463 redimere:
1169 1387 1325 1456 hujus
1376 1387 1515 1442 ﬁlius
1562 1387 1660 1441 fuit
1699 1387 1800 1442 iste

196 1480 490 1533 -Herodes.
523 1478 729 1547 Quique
786 1494 906 1532 cum
956 1477 1188 1533 llircano
1239 1479 1349 1549 regi
1388 1478 1689 1534 Judirorum
1719 1479 1802 1534 Si-

221 1571 405 1649 rrtonis
436 1568 724 1623 Machaluci
782 1570 959 1638 nepoti
1023 1568 1210 1624 fuisset
1259 1570 1556 1637 adjunctus,
1608 1571 1803 1625 direxit

228 1662 372 1717 idem
404 1660 672 1716 Hircanus
712 1662 957 1715 eumdem
1009 1659 1268 1715 llerodem
1304 1661 1355 1715 in
1387 1661 1705 1732 legationem
1738 1662 1800 1715 ad

1888 478 2089 533 stellam
2115 481 2227 549 ejus
2253 481 2305 533 in
2330 478 2557 544 Oriente,
2581 492 2628 535 et
2654 484 2882 537 venimus
2906 485 3128 539 adorare
3153 502 3288 539 eum.
3315 484 3452 541 Stel-

1890 567 1996 623 lam
2040 570 2155 639 ejus
2192 568 2396 634 dicunt,
2427 571 2551 639 quia
2576 571 2864 627 credebant
2906 590 3334 646 unumquemque
3356 577 3454 632 ho-

1891 661 2086 714 minem
2132 663 2275 717 na‘ci
2311 664 2409 717 sub
2453 664 2724 718 stellarum
2780 666 2888 720 fato
2932 677 2985 723 et
3026 686 3455 741 unumquemque

1892 768 2041 806 suam
2062 753 2266 807 stellam
2292 754 2508 809 habere.
2554 755 2659 809 Sed
2691 767 2864 811 tamen
2894 758 2993 812 ista
3036 761 3186 814 stella
3215 778 3320 815 non
3350 763 3451 816 fuit

1895 852 2021 895 ante
2050 858 2149 897 nec
2171 852 2310 912 post,
2348 844 2437 897 sed
2462 845 2526 898 ad
2554 846 2655 900 hoc
2683 846 2781 900 luit
2803 858 2927 903 tunc
2958 860 3158 915 creata,
3188 861 3245 905 ut
3271 863 3456 924 gentes
3484 846 3491 853 ’

1891 947 1988 1000 per
2011 947 2129 986 eam
2160 933 2482 988 docerentur
2501 945 2551 989 et
2596 936 2916 992 ducerentur
2959 940 3023 993 ad
3069 941 3359 999 Christum.
3393 944 3459 998 Et

1895 1021 2060 1075 multa
2092 1022 2274 1076 dicunt
2312 1023 2472 1092 aliqui
2499 1026 2562 1079 de
2604 1026 2753 1079 stella
2784 1028 2906 1092 hac,
2935 1030 3024 1099 qui
3053 1031 3177 1098 quia
3210 1047 3311 1085 non
3363 1032 3460 1085 ha-

1895 1113 2024 1168 bent
2046 1113 2244 1169 fontem
2268 1116 2525 1175 veritatis.
2550 1118 2956 1184 praztermittere
2981 1119 3160 1174 malui.
3194 1120 3457 1176 Venimus.

1897 1204 1960 1258 Et
1983 1204 2048 1259 de
2094 1208 2341 1275 praesenti
2386 1216 2562 1277 potest
2603 1208 2793 1277 accipi,
2820 1210 2973 1278 quasi
3008 1212 3163 1265 modo
3198 1213 3458 1274 venimus,

1897 1302 1952 1347 et
1972 1294 2143 1349 adhuc
2182 1295 2234 1348 in
2274 1296 2469 1350 itinere
2509 1312 2710 1359 sumus,
2740 1299 2993 1367 producta
3035 1301 3321 1370 penultima
3354 1302 3463 1372 syl-

1901 1385 2041 1448 laba,
2067 1394 2121 1438 et
2166 1385 2232 1439 de
2254 1387 2543 1455 praeterito,
2575 1397 2815 1458 correpta
2861 1389 3207 1447 nihilominus
3236 1396 3348 1462 ipsa
3375 1408 3466 1462 pe-

1854 1524 1862 1531 ,
1898 1476 2143 1541 nultima,
2187 1478 2336 1545 quasi
2381 1478 2598 1532 dicant:
2639 1479 2772 1533 Eum
2810 1481 3061 1547 vidimus,
3088 1484 3329 1538 venimus
3363 1485 3469 1538 huc

1901 1581 2087 1635 usque.
2140 1565 2372 1621 Adorare
2412 1584 2548 1623 eum.
2601 1567 2714 1621 Non
2760 1578 2837 1634 ut,
2893 1571 3105 1626 deserto
3142 1572 3465 1642 imperatore

1904 1666 2104 1721 nostro,
2134 1656 2207 1710 illi
2241 1657 2494 1712 tributum
2528 1657 2796 1724 daremus,
2834 1660 2924 1714 sed
2952 1668 3011 1713 ut
3057 1677 3176 1715 cum
3223 1662 3339 1732 ipso
3368 1673 3470 1718 ter-

228 1754 563 1823 Pompeium.
591 1753 654 1807 Et
679 1752 802 1823 quia
830 1752 1109 1823 legationis
1135 1753 1307 1807 fructu
1331 1754 1550 1822 potitus,
1570 1768 1664 1823 per
1680 1768 1798 1806 eam
1830 1737 1873 1794 Β
1903 1763 2030 1801 reuo
2052 1747 2266 1802 domino
2297 1749 2570 1805 caelestem
2595 1765 3001 1821 agnosceremus
3021 1762 3076 1807 et
3095 1767 3472 1808 venerarenmr

234 1847 464 1917 gratiam
494 1853 646 1915 parte
676 1845 825 1912 regni
866 1843 1088 1898 allectus
1130 1856 1232 1907 est,
1258 1852 1309 1898 et
1340 1844 1800 1898 senatusconsulta

230 1936 334 1989 sub
359 1934 590 1988 Antonio
637 1932 834 1988 Iudaeis
883 1948 1111 2004 regnare
1155 1945 1477 2004 praeceptum
1522 1943 1622 1988 est.
1672 1934 1805 1987 Ecce

230 2024 371 2093 magi
393 2023 455 2076 ab
479 2021 690 2076 Oriente
714 2032 977 2076 venerunt.
1009 2022 1143 2091 Magi
1192 2033 1315 2077 sunt
1340 2024 1429 2092 qui
1465 2023 1619 2092 vulgo
1647 2024 1805 2078 male-

231 2111 321 2166 lici
356 2118 649 2165 vocantur:
697 2121 917 2181 propter
944 2112 1085 2181 quod
1138 2111 1501 2178 malefaciant,
1545 2113 1803 2168 elementa

231 2202 568 2266 concutiunt,
603 2210 808 2255 mentes
836 2202 1073 2256 turbant.
1107 2202 1181 2256 De
1206 2202 1307 2257 hac
1329 2211 1444 2257 arte
1471 2202 1683 2256 luerunt
1709 2203 1809 2256 ξιιιε

230 2303 423 2364 gentes
452 2293 619 2347 docta:
655 2292 793 2345 unde
817 2292 901 2346 isti
949 2302 1229 2347 venerunt.
1276 2292 1517 2349 Fuerunt
1543 2304 1717 2348 autem
1745 2295 1815 2348 de

231 2401 436 2456 genere
463 2383 681 2438 Balaam
721 2384 806 2438 isti
850 2392 960 2439 tres
990 2400 1162 2454 rcges.
1196 2385 1270 2439 De
1296 2387 1465 2441 tribus
1495 2388 1671 2458 regnis
1698 2387 1811 2441 fue-

231 2484 363 2528 runt
388 2475 454 2530 de
485 2485 625 2529 terra
656 2474 924 2540 IIevilath,
953 2476 1039 2529 ubi
1068 2476 1316 2530 elfoditur
1338 2493 1526 2532 aurum
1553 2479 1810 2547 optimum

228 2568 377 2623 sicut
406 2568 539 2622 dixit
567 2567 807 2639 Moyses;
856 2576 911 2622 et
942 2568 1106 2622 vicini
1151 2567 1349 2633 Persis,
1381 2569 1519 2623 unde
1562 2570 1691 2623 dicit
1713 2567 1808 2622 Ju-

233 2675 439 2714 vencus
465 2677 477 2713 ε

501 2756 644 2807 Juvat
664 2756 827 2805 Persis
853 2758 1149 2819 pertendere
1169 2771 1285 2820 gres
1309 2773 1407 2807 um.

234 2838 296 2893 In
346 2839 621 2909 prophetia
670 2849 848 2893 autem
894 2838 1107 2893 Balaam
1170 2850 1530 2910 cognoverunt
1580 2841 1719 2910 quod
1768 2842 1814 2897 is

234 2932 330 3001 qui
393 2941 553 2985 natus
604 2939 735 2984 erat
794 2939 848 2984 et
899 2944 990 2983 rex
1055 2938 1109 2984 et
1165 2932 1324 2985 homo
1382 2940 1542 2995 erat;
1604 2932 1656 2984 in
1715 2932 1815 2985 hoc

238 3026 384 3095 quod
408 3024 579 3078 dixit:
615 3022 827 3075 Orietur
866 3021 1034 3085 stella,
1085 3032 1451 3093 cegnoverunt
1487 3038 1606 3076 eum
1638 3023 1809 3077 Domi-

1903 1837 2067 1891 Deum
2111 1846 2403 1892 creatorem
2454 1840 2661 1904 mundi,
2696 1849 2751 1894 et
2789 1841 2977 1895 nostri.
3028 1842 3257 1896 Audiens
3285 1854 3456 1896 autem

1905 1926 2133 1982 Herodes
2201 1946 2290 1982 rex
2333 1929 2570 1983 turbatus
2622 1940 2736 1994 est,
2786 1939 2833 1985 et
2887 1932 3052 1985 omnis
3110 1931 3470 2002 Hierosolyma

1904 2035 2020 2071 cum
2048 2018 2157 2071 illo.
2188 2017 2425 2074 Herodes
2457 2020 2574 2074 ideo
2615 2020 2859 2076 turbatus
2883 2030 2986 2087 est,
3031 2023 3157 2091 quia
3185 2022 3299 2092 ipse
3334 2021 3471 2077 scie-

1904 2110 2016 2174 bat,
2047 2108 2186 2177 quod
2218 2123 2319 2163 non
2366 2118 2509 2163 esset
2555 2110 2620 2165 de
2658 2111 2821 2181 regali
2874 2112 3127 2182 progenie
3179 2112 3364 2176 David,
3422 2120 3476 2166 et

1906 2201 2028 2270 quia
2052 2199 2236 2255 fraude
2254 2216 2473 2271 regnum
2499 2202 2778 2271 quaesisset
2800 2220 2814 2256 :
2841 2202 3002 2256 etiam
3019 2210 3072 2257 et
3097 2203 3211 2271 ipse
3238 2202 3477 2271 aliquan-

1907 2289 1976 2343 do
1995 2290 2104 2359 jam
2132 2289 2438 2358 Scripturas
2468 2291 2694 2345 adurere
2728 2291 2998 2361 jussisset,
3025 2306 3090 2345 ne
3117 2306 3220 2360 qua
3247 2291 3477 2360 posteris

1909 2382 2020 2436 suis
2051 2380 2135 2435 vel
2168 2381 2233 2434 de
2284 2380 2595 2449 praescripto
2638 2381 2806 2434 veteri
2840 2381 3063 2449 quaestio
3111 2390 3414 2436 moveretur
3447 2399 3459 2434 :

1870 2464 1877 2473 ’
1908 2470 2198 2532 aestimans,
2222 2469 2362 2538 quod
2390 2470 2433 2523 si
2471 2468 2671 2537 judicia
2708 2470 2920 2539 publica
2948 2470 3270 2536 sustulisset,
3316 2471 3473 2526 nullis

1910 2559 2029 2612 aliis
2051 2558 2373 2612 testimoniis
2413 2556 2616 2612 clarere
2654 2559 2910 2628 potuisset
2934 2560 3024 2629 qui
3049 2558 3115 2613 de
3143 2560 3477 2630 patriarcha-

1910 2650 2028 2702 ru'm
2073 2648 2154 2703 vel
2191 2648 2579 2719 prosclytorum
2631 2658 2871 2703 veterum
2921 2664 3117 2719 genere
3159 2649 3476 2703 dimanaret.

1913 2738 2281 2809 Hierosolyma
2334 2755 2456 2794 cum
2498 2739 2586 2793 illo
2629 2739 2838 2793 turbata
2888 2748 2970 2793 est
3012 2758 3024 2792 :
3083 2740 3330 2795 videlicet
3385 2756 3483 2810 per

1912 2829 2298 2899 synecdochen,
2344 2843 2439 2897 per
2476 2829 2837 2882 continentem
2895 2828 2947 2882 id
2988 2829 3130 2899 quod
3172 2830 3481 2884 continetur

1914 2918 2217 2981 ostendens,
2244 2919 2293 2972 id
2321 2928 2403 2972 est
2426 2935 2521 2989 per
2542 2922 2813 2975 civitatem
2834 2923 3137 2977 habitantes
3167 2922 3217 2976 in
3239 2923 3474 2979 civitate.

1916 3008 2117 3062 Idcirco
2149 3017 2321 3063 tamen
2347 3020 2400 3063 et
2449 3010 2548 3080 ipsi
2599 3012 2797 3066 turbati
2825 3021 2965 3075 sunt,
3001 3013 3128 3067 auia
3174 3014 3347 3069 solent
3372 3015 3474 3068 im-

235 3132 367 3170 num
392 3133 405 3166 :
448 3129 544 3183 pro
574 3112 725 3182 cujus
750 3120 869 3165 ortu
902 3111 1200 3165 mirabilior
1223 3122 1277 3164 et
1304 3110 1470 3179 major
1495 3111 1643 3165 stella
1671 3112 1809 3165 orie-

1916 3098 2209 3152 mutatione
2254 3101 2393 3170 regis
2443 3101 2533 3155 alii
2574 3102 2786 3167 cadere,
2831 3112 2884 3157 et
2925 3103 3012 3157 alii
3040 3104 3288 3170 exaltari,
3343 3107 3482 3161 sicut

234 3210 422 3269 batur,
453 3206 502 3259 in
533 3206 633 3259 hoc
668 3204 805 3272 quod
833 3202 998 3257 dicit:
1043 3200 1325 3273 Consurget
1355 3203 1492 3273 virga
1518 3203 1579 3256 de
1622 3201 1806 3267 Israel,

236 3289 619 3352 intellexcrunt
646 3297 771 3366 quia
793 3296 953 3349 homo
978 3305 1122 3350 esset
1162 3294 1391 3361 futurus,
1420 3294 1540 3363 quia
1574 3295 1638 3348 de
1658 3294 1810 3349 Jeru—

233 3392 407 3445 salem
446 3399 793 3453 nasceretur;
826 3390 877 3443 in
932 3390 1034 3443 hoc
1086 3404 1248 3442 vero:
1303 3386 1600 3457 Confringet
1655 3388 1810 3441 duces

237 3482 424 3545 Moab,
476 3498 651 3552 regem
704 3482 1001 3536 didicerunt
1052 3479 1202 3545 fore;
1257 3488 1310 3532 ct
1358 3495 1526 3548 usque
1552 3480 1617 3532 ad
1669 3480 1811 3533 aliud

242 3585 459 3642 tempus
494 3574 813 3642 permissum
849 3580 933 3625 est
979 3570 1065 3623 ille
1095 3585 1247 3639 posse
1276 3570 1516 3623 divinare
1544 3570 1594 3621 in
1623 3570 1812 3633 stellis,

242 3672 309 3716 ut
355 3663 652 3731 potuissent
698 3662 771 3715 ibi
817 3661 1088 3714 Christum
1138 3673 1478 3728 cognOScere,
1524 3668 1642 3728 post
1689 3674 1815 3714 vero

241 3751 424 3805 nullus
448 3751 517 3804 ibi
542 3751 712 3819 potuit
738 3751 1016 3804 veritatem
1044 3749 1298 3802 invenire.
1332 3748 1587 3802 Dicebant
1613 3750 1818 3802 mathe-

242 3843 427 3896 matici
477 3842 640 3905 idem,
685 3841 809 3910 quia
858 3850 911 3894 et
937 3849 1087 3894 ortus
1127 3840 1419 3902 hominum,
1452 3848 1505 3893 et
1531 3854 1727 3904 mores,
1764 3848 1818 3893 et

239 3933 558 4001 qualitates,
589 3941 641 3986 et
670 3933 864 3993 obitus,
912 3939 1158 4001 poterant
1186 3932 1323 3985 scire
1352 3932 1401 3984 in
1448 3929 1634 3984 stellis.
1666 3928 1818 3984 Chri-

243 4037 363 4078 stus
386 4025 598 4094 quidem
632 4024 682 4077 in
711 4023 889 4078 .IlltIﬂBII
932 4033 1090 4078 natus
1119 4035 1222 4088 est,
1269 4026 1360 4078 sed
1403 4024 1472 4077 illi
1514 4024 1567 4077 in
1603 4024 1819 4078 Oriente

246 4116 428 4186 positi,
467 4114 672 4169 stellam
710 4115 976 4178 viderunt,
1006 4122 1060 4168 et
1106 4130 1262 4184 quem
1296 4114 1554 4168 indicaret
1592 4130 1820 4184 agnove-

246 4214 394 4261 runt.
432 4205 591 4259 Duxit
629 4214 808 4258 autem
851 4220 943 4258 eos
983 4205 1135 4258 stella
1178 4204 1441 4273 aliquibus
1475 4205 1681 4268 diebus,
1727 4206 1819 4259 sed

246 4310 374 4348 cum
427 4293 985 4364 appropinquaverunt
1032 4293 1098 4347 ad
1147 4293 1408 4359 Judzcam,
1469 4303 1593 4349 tunc
1623 4295 1824 4349 dimisit

246 4400 348 4438 eos
370 4384 521 4439 stella
554 4385 645 4437 Dei
670 4394 825 4447 uutu,
857 4391 913 4436 ut
940 4383 1015 4436 illi
1040 4383 1236 4437 deserti
1263 4400 1290 4436 a
1332 4384 1482 4438 stella
1510 4385 1575 4438 ad
1620 4386 1819 4454 regiam

248 4474 524 4528 civitatem
550 4473 811 4537 venirent,
839 4480 893 4527 et
928 4473 1271 4542 loquerentur
1298 4490 1419 4527 eum
1447 4477 1682 4545 compari
1724 4491 1822 4530 suo

249 4562 483 4624 Ilerode,
512 4564 637 4633 quia
679 4578 840 4617 unum
889 4579 1068 4633 regem
1112 4563 1376 4618 Caesarem
1432 4565 1735 4630 habebant;
1763 4576 1821 4620 ut

254 4657 608 4725 interrogaret
628 4654 862 4710 IIerodes
881 4653 1180 4721 Judmos,et
1202 4656 1390 4711 lierent
1412 4656 1821 4722 inexcusabiles,
1864 4719 1872 4727 ι

252 4749 383 4818 quia
422 4747 523 4803 hoc
550 4762 579 4807 a
622 4748 868 4818 gentibus
920 4748 1213 4812 audissent,
1262 4756 1313 4801 et
1340 4748 1508 4819 magis
1544 4746 1822 4814 certiores,

251 4838 536 4893 audientes
563 4845 632 4889 tta
659 4837 820 4890 fuisse
843 4838 1234 4912 prophetatum.
1278 4834 1534 4890 Venerunt
1583 4836 1825 4891 Hieroso-

250 4930 472 4998 lymam.
518 4927 641 4982 Haec
668 4928 861 4982 civitas
887 4928 1134 4997 primitus
1178 4927 1291 4987 fuit,
1318 4927 1577 4983 anlilicata
1602 4943 1631 4981 a
1677 4927 1822 4993 Setn,

257 5021 371 5075 lilio
400 5020 540 5086 Noe;
576 5022 701 5090 quia
736 5028 954 5074 vocatus
981 5027 1063 5073 est
1090 5019 1495 5083 Melchisedech,
1529 5019 1579 5073 id
1608 5030 1709 5084 est,
1740 5035 1828 5073 rea:

250 5112 455 5183 justus,
484 5121 537 5167 et
567 5112 677 5181 ipsa
703 5109 819 5178 ejus
846 5109 1034 5163 civitas
1061 5108 1261 5174 Salem,
1300 5109 1349 5162 id
1390 5117 1473 5163 est
1512 5126 1616 5179 pax
1639 5119 1826 5163 vocata

258 5214 370 5261 est.
399 5204 510 5260 Sub
531 5204 808 5260 Abraham
833 5202 1044 5273 Solyma
1068 5201 1207 5255 dicta
1228 5208 1328 5255 est.
1360 5201 1618 5255 Homerus
1646 5209 1828 5270 postea

262 5297 688 5368 Hierosolymam
730 5295 884 5359 dixit,
932 5292 1056 5362 quia
1106 5291 1258 5344 Ieron
1308 5289 1567 5344 IIela'aice
1616 5289 1832 5342 munitio

261 5388 503 5453 dicitur;
542 5403 701 5457 quam
748 5394 931 5455 postea
962 5381 1188 5437 Jcbuswi
1224 5388 1530 5444 tenuerunt,
1577 5388 1632 5432 et
1674 5377 1837 5432 Jcbus

262 5487 611 5541 vocaverunt,
646 5476 767 5531 inde
794 5490 856 5529 ex
887 5475 970 5529 his
997 5473 1200 5528 duobus
1242 5471 1544 5525 nominibus
1585 5470 1835 5523 Ilieroso-

269 5571 410 5638 Iyma
435 5570 574 5623 dicta
602 5578 706 5631 est,
738 5568 859 5621 inde
884 5581 913 5619 a
955 5564 1239 5619 Salomone
1268 5563 1408 5617 dicta
1452 5571 1534 5617 est
1581 5561 1836 5615 Hieroso-

271 5662 434 5724 lyma,
463 5661 513 5714 id
543 5671 618 5715 est
648 5659 807 5714 Jcbus
838 5656 1158 5721 Salomonis,
1210 5656 1261 5710 id
1299 5665 1374 5709 est
1408 5656 1643 5724 pacifica.
1694 5653 1746 5706 In
1774 5668 1837 5707 ea

1912 3187 2096 3240 Daniel
2130 3187 2259 3242 dicit
2287 3187 2351 3243 de
2377 3189 2867 3265 Nabuchodonosor
2892 3211 2903 3247 :
2937 3193 3079 3260 Quos
3116 3195 3314 3250 volebat
3335 3197 3482 3250 exal—

1909 3278 2070 3343 tabnt,
2103 3287 2149 3331 et
2179 3295 2306 3349 quos
2342 3278 2535 3333 volebat
2565 3281 2872 3336 humiliabat

1984 3387 2047 3441 Et
2070 3406 2350 3444 convocans
2382 3408 2555 3446 omnes
2576 3392 2832 3461 principes
2866 3394 3193 3449 sacerdotum
3218 3406 3265 3449 et
3288 3396 3482 3452 scribas
3538 3410 3541 3411 '

1910 3478 2107 3547 populi,
2136 3479 2493 3533 sciscitabatur
2526 3481 2589 3533 ab
2629 3481 2702 3535 eis
2745 3482 2829 3534 ubi
2876 3482 3111 3536 Christus
3160 3495 3477 3538 nasceretur.

1914 3568 2047 3632 Quia
2072 3565 2309 3621 Herodes
2342 3568 2557 3622 Judacus
2580 3584 2685 3623 non
2724 3581 2858 3631 erat,
2893 3587 2992 3626 nec
3020 3572 3326 3642 Scripturas
3369 3590 3483 3629 cre-

1914 3650 2094 3719 debat,
2117 3656 2197 3709 vel
2229 3658 2480 3719 usitabat,
2526 3667 2807 3728 propterea
2838 3660 3050 3716 Judaaos
3097 3663 3481 3734 interrogabat.

1917 3742 2190 3799 Sciscitari
2238 3747 2378 3800 enim
2413 3748 2739 3817 interrogare
2774 3738 2884 3804 ‘est.
2934 3752 3215 3808 Enimvero
3256 3762 3311 3809 et
3347 3755 3487 3809 Deus

1918 3832 2084 3899 legem
2137 3835 2439 3890 sacerdotes
2489 3836 2818 3908 interrogare
2861 3838 3041 3907 jussit,
3091 3851 3146 3895 ct
3186 3843 3486 3913 ubicunque

1914 3923 2140 3992 populus
2172 3934 2396 3991 erraret,
2434 3927 2498 3980 ad
2542 3929 2847 3983 sacerdotes
2884 3915 3221 3986 referendum
3267 3948 3487 3987 censue-

1920 4024 2022 4068 rat.
2053 4014 2253 4071 Scriba:
2277 4035 2306 4070 a
2331 4018 2606 4087 Scriptura
2640 4034 2799 4087 quam
2826 4022 3095 4077 usitabant
3128 4026 3479 4085 vocabantur.

1921 4108 1986 4160 At
2028 4108 2105 4161 illi
2152 4108 2393 4161 dixerunt
2440 4109 2525 4161 ei:
2562 4108 2629 4163 In
2678 4109 2971 4164 Bctltleltcm
3017 4111 3196 4166 Iudae.
3250 4114 3487 4184 Apparet

1921 4201 2044 4268 quia
2072 4200 2126 4254 in
2152 4216 2250 4255 usu
2298 4199 2603 4269 Scripturas
2633 4201 2916 4265 habebant,
2961 4203 3083 4272 quia
3112 4210 3221 4257 tam
3264 4206 3370 4259 cito
3405 4222 3488 4259 rc-

1924 4290 2186 4361 spoudere
2224 4297 2532 4357 potuerant,
2581 4298 2637 4345 et
2664 4306 2729 4346 ex
2770 4293 2932 4346 corde
2974 4292 3311 4362 protulerunt
3337 4296 3482 4351 testi—

1926 4381 2160 4436 monium
2203 4384 2257 4433 in
2302 4394 2410 4448 quo
2440 4379 2556 4434 loco
2600 4381 2706 4434 dux
2737 4381 3006 4436 debuisset
3033 4382 3202 4437 nasci.
3233 4382 3492 4438 Similiter

1923 4473 2162 4543 praecipit
2186 4470 2378 4526 Petrus
2421 4472 2691 4541 apostolus
2730 4473 2884 4528 nobis
2920 4474 3135 4529 dicens:
3191 4473 3377 4529 Parati
3420 4476 3489 4529 ad

1925 4562 2175 4615 rationem
2205 4560 2513 4614 reddendam
2554 4562 2694 4614 omni
2712 4564 2939 4631 poscenti
2970 4580 3056 4618 eos
3077 4564 3141 4618 de
3167 4581 3228 4619 ea
3256 4582 3343 4635 spe
3374 4583 3491 4637 qua:

1927 4655 1978 4708 in
2007 4652 2143 4707 vobis
2170 4662 2264 4706 est;
2293 4652 2383 4707 Sic
2422 4652 2562 4707 enim
2605 4655 2863 4723 scriptum
2892 4665 2976 4710 est
3001 4672 3096 4726 per
3132 4658 3444 4728 prophetam
3474 4677 3486 4711 :

1927 4747 1994 4801 Et
2022 4756 2100 4811 tu,
2121 4744 2413 4800 Betltleltem
2429 4756 2566 4799 terra
2587 4745 2751 4810 Juda,
2784 4764 3105 4818 nequaquam
3126 4750 3340 4804 minima
3365 4767 3418 4805 es
3437 4753 3491 4806 in

1926 4837 2241 4909 principibus
2269 4836 2430 4898 Juda,
2465 4853 2528 4891 ea:
2556 4847 2604 4889 te
2650 4839 2785 4890 enim
2826 4838 2955 4891 exiet
2991 4840 3099 4894 dua:
3118 4842 3207 4911 qui
3230 4853 3370 4911 regat
3395 4859 3491 4911 po-

1927 4929 2104 4999 pulant
2132 4945 2299 4982 meum
2332 4928 2516 4982 Israel.
2554 4927 2802 4982 Michreas
2832 4929 2934 4982 hoc
2979 4930 3133 4995 dixit,
3177 4946 3241 4985 ac
3268 4933 3321 4986 si
3348 4931 3493 4987 dice—

1930 5030 2047 5075 ret:
2080 5019 2156 5074 Tu
2185 5018 2516 5082 Bethlehem,
2544 5033 2663 5086 quae
2688 5034 2747 5072 es
2768 5019 2820 5073 in
2845 5029 2989 5074 sorte
3011 5020 3181 5075 tribus
3206 5020 3375 5087 Judze,
3401 5036 3495 5076 ne-

1930 5125 2199 5179 quaquam
2236 5109 2451 5163 minima
2490 5124 2548 5163 es
2576 5109 2718 5163 inter
2753 5110 3074 5180 principales
3116 5120 3173 5165 et
3204 5111 3493 5167 laudabiles

1931 5198 2365 5263 civitatesludaz,
2400 5199 2523 5267 quia
2558 5208 2612 5254 tu
2652 5201 2921 5269 protulisti
2974 5202 3159 5267 David,
3211 5203 3303 5272 qui
3352 5203 3493 5257 istud

1937 5305 2158 5360 regnum
2184 5289 2483 5344 nobilitavit
2509 5299 2565 5344 et
2584 5290 2795 5354 extulit,
2820 5292 2913 5346 sed
2942 5291 3133 5345 iterum
3160 5294 3302 5347 exiet
3322 5307 3389 5347 ex
3420 5304 3493 5358 te,

1936 5382 2024 5450 qui
2051 5390 2198 5449 regat
2226 5380 2475 5450 pepulum
2503 5395 2678 5436 meum
2714 5381 2897 5445 Israel,
2944 5383 3044 5437 hoc
3070 5392 3173 5447 est,
3203 5384 3295 5454 qui
3322 5383 3498 5438 Domi-

1937 5487 2063 5526 num
2093 5472 2277 5526 videre
2323 5481 2500 5526 mente
2541 5472 2819 5537 voluerint,
2856 5473 2979 5542 quia
3013 5474 3175 5527 Israel
3220 5476 3296 5528 vir
3319 5458 3503 5529 videns.

1939 5562 2133 5618 dicitur
2154 5562 2342 5615 Deum.
2370 5560 2473 5626 Qui
2522 5572 2663 5632 regat
2690 5546 2936 5632 populum
2974 5579 3143 5616 meum
3167 5561 3355 5618 Israel.
3406 5562 3495 5615 At-

1884 5644 1900 5661 ’
1943 5652 2260 5706 tendendum
2305 5650 2446 5718 quod
2487 5650 2617 5705 dicit
2658 5651 2902 5721 populum
2943 5667 3113 5706 meum
3148 5649 3334 5716 Israel,
3373 5652 3495 5721 quia
