  <div class='ocr_page' id='page_1' title='image "/cluster/home/n/w/nwhite01/storage/ocr_20150623/106/hvd.32044054759717/647.png"; bbox 0 0 3962 6174; ppageno 0'>
   <div class='ocr_carea' id='block_1_1' title="bbox 603 268 738 327">
    <p class='ocr_par' dir='ltr' id='par_1_1' title="bbox 603 268 738 327">
     <span class='ocr_line' id='line_1_1' title="bbox 603 268 738 327; baseline 0.015 -1"><span class='ocrx_word' id='word_1_1' title='bbox 603 268 738 327; x_wconf 71' lang='grc'><strong>1283</strong></span> 
     </span>
    </p>
   </div>
   <div class='ocr_carea' id='block_1_2' title="bbox 1400 271 3045 335">
    <p class='ocr_par' dir='ltr' id='par_1_2' title="bbox 1400 271 3045 335">
     <span class='ocr_line' id='line_1_2' title="bbox 1400 271 3045 335; baseline 0.004 -8"><span class='ocrx_word' id='word_1_2' title='bbox 1400 271 1784 329; x_wconf 76' lang='lat' dir='ltr'><strong>CHRISTIANI</strong></span> <span class='ocrx_word' id='word_1_3' title='bbox 1820 274 2231 332; x_wconf 73' lang='lat' dir='ltr'><strong>DRUTHMARI</strong></span> <span class='ocrx_word' id='word_1_4' title='bbox 2269 274 2709 332; x_wconf 77' lang='lat' dir='ltr'><strong>CORBEIENSIS</strong></span> <span class='ocrx_word' id='word_1_5' title='bbox 2748 277 3045 335; x_wconf 77' lang='lat' dir='ltr'><strong>MONACHI</strong></span> 
     </span>
    </p>
   </div>
   <div class='ocr_carea' id='block_1_3' title="bbox 3704 289 3819 345">
    <p class='ocr_par' dir='ltr' id='par_1_3' title="bbox 3704 289 3819 345">
     <span class='ocr_line' id='line_1_3' title="bbox 3704 289 3819 345; baseline 0.035 -4"><span class='ocrx_word' id='word_1_6' title='bbox 3704 289 3819 345; x_wconf 64' lang='lat' dir='ltr'><strong>iiSl</strong></span> 
     </span>
    </p>
   </div>
   <div class='ocr_carea' id='block_1_4' title="bbox 597 384 3820 463">
    <p class='ocr_par' dir='ltr' id='par_1_4' title="bbox 597 384 3820 463">
     <span class='ocr_line' id='line_1_4' title="bbox 597 384 3820 463; baseline 0.006 -24"><span class='ocrx_word' id='word_1_7' title='bbox 597 387 688 458; x_wconf 87' lang='lat' dir='ltr'><strong>qui</strong></span> <span class='ocrx_word' id='word_1_8' title='bbox 717 385 809 440; x_wconf 90' lang='lat' dir='ltr'><strong>Dei</strong></span> <span class='ocrx_word' id='word_1_9' title='bbox 855 384 1078 454; x_wconf 88' lang='lat' dir='ltr'><strong>populus</strong></span> <span class='ocrx_word' id='word_1_10' title='bbox 1107 386 1254 448; x_wconf 87' lang='lat' dir='ltr'><strong>sunt,</strong></span> <span class='ocrx_word' id='word_1_11' title='bbox 1286 384 1380 439; x_wconf 92' lang='lat' dir='ltr'><strong>Dei</strong></span> <span class='ocrx_word' id='word_1_12' title='bbox 1428 398 1700 457; x_wconf 84' lang='lat' dir='ltr'><strong>reguntur.</strong></span> <span class='ocrx_word' id='word_1_13' title='bbox 1736 388 1981 458; x_wconf 84' lang='lat' dir='ltr'><strong>imperio,</strong></span> <span class='ocrx_word' id='word_1_14' title='bbox 2016 399 2070 443; x_wconf 87' lang='lat' dir='ltr'><strong>et</strong></span> <span class='ocrx_word' id='word_1_15' title='bbox 2099 405 2162 444; x_wconf 87' lang='lat' dir='ltr'><strong>ea</strong></span> <span class='ocrx_word' id='word_1_16' title='bbox 2191 399 2236 458; x_wconf 81' lang='grc' dir='ltr'>Α</span> <span class='ocrx_word' id='word_1_17' title='bbox 2267 399 2443 443; x_wconf 91' lang='lat' dir='ltr'><strong>torum</strong></span> <span class='ocrx_word' id='word_1_18' title='bbox 2489 399 2544 444; x_wconf 90' lang='lat' dir='ltr'><strong>et</strong></span> <span class='ocrx_word' id='word_1_19' title='bbox 2592 406 2689 459; x_wconf 88' lang='lat' dir='ltr'><strong>pro</strong></span> <span class='ocrx_word' id='word_1_20' title='bbox 2733 392 3015 463; x_wconf 79' lang='lat' dir='ltr'><strong>adeptione</strong></span> <span class='ocrx_word' id='word_1_21' title='bbox 3062 395 3185 448; x_wconf 67' lang='lat' dir='ltr'><strong>vitae</strong></span> <span class='ocrx_word' id='word_1_22' title='bbox 3230 405 3468 453; x_wconf 66' lang='lat' dir='ltr'><strong>aeternae.</strong></span> <span class='ocrx_word' id='word_1_23' title='bbox 3526 400 3688 457; x_wconf 72' lang='lat' dir='ltr'><strong>Unde</strong></span> <span class='ocrx_word' id='word_1_24' title='bbox 3711 415 3763 456; x_wconf 81' lang='lat' dir='ltr'><strong>et</strong></span> <span class='ocrx_word' id='word_1_25' title='bbox 3786 408 3820 458; x_wconf 82' lang='lat' dir='ltr'><strong>is</strong></span> 
     </span>
    </p>
   </div>
   <div class='ocr_carea' id='block_1_5' title="bbox 508 473 2159 544">
    <p class='ocr_par' dir='ltr' id='par_1_5' title="bbox 508 473 2159 544">
     <span class='ocr_line' id='line_1_5' title="bbox 508 473 2159 544; baseline 0.002 -15"><span class='ocrx_word' id='word_1_26' title='bbox 508 528 511 529; x_wconf 30' lang='grc' dir='ltr'><em>ν</em></span> <span class='ocrx_word' id='word_1_27' title='bbox 599 474 803 530; x_wconf 83' lang='lat' dir='ltr'><strong>faciunt</strong></span> <span class='ocrx_word' id='word_1_28' title='bbox 839 488 956 541; x_wconf 66' lang='lat' dir='ltr'><strong>quae</strong></span> <span class='ocrx_word' id='word_1_29' title='bbox 991 473 1082 527; x_wconf 86' lang='lat' dir='ltr'><strong>Dei</strong></span> <span class='ocrx_word' id='word_1_30' title='bbox 1113 481 1256 528; x_wconf 89' lang='lat' dir='ltr'><strong>sunt.</strong></span> <span class='ocrx_word' id='word_1_31' title='bbox 1309 474 1410 541; x_wconf 85' lang='lat' dir='ltr'><strong>Qui</strong></span> <span class='ocrx_word' id='word_1_32' title='bbox 1458 487 1637 529; x_wconf 86' lang='lat' dir='ltr'><strong>autem</strong></span> <span class='ocrx_word' id='word_1_33' title='bbox 1686 491 1748 531; x_wconf 90' lang='lat' dir='ltr'><strong>ea</strong></span> <span class='ocrx_word' id='word_1_34' title='bbox 1795 493 1900 533; x_wconf 91' lang='lat' dir='ltr'><strong>non</strong></span> <span class='ocrx_word' id='word_1_35' title='bbox 1934 478 2159 544; x_wconf 88' lang='lat' dir='ltr'><strong>faciunt,</strong></span> 
     </span>
    </p>
   </div>
   <div class='ocr_carea' id='block_1_6' title="bbox 597 564 2165 634">
    <p class='ocr_par' dir='ltr' id='par_1_6' title="bbox 597 564 2165 634">
     <span class='ocr_line' id='line_1_6' title="bbox 597 564 2165 634; baseline 0.003 -16"><span class='ocrx_word' id='word_1_36' title='bbox 597 578 703 619; x_wconf 87' lang='lat' dir='ltr'><strong>non</strong></span> <span class='ocrx_word' id='word_1_37' title='bbox 727 564 951 634; x_wconf 88' lang='lat' dir='ltr'><strong>populus</strong></span> <span class='ocrx_word' id='word_1_38' title='bbox 977 565 1094 631; x_wconf 86' lang='lat' dir='ltr'><strong>Dei,</strong></span> <span class='ocrx_word' id='word_1_39' title='bbox 1117 566 1210 620; x_wconf 88' lang='lat' dir='ltr'><strong>sed</strong></span> <span class='ocrx_word' id='word_1_40' title='bbox 1236 565 1450 620; x_wconf 85' lang='lat' dir='ltr'><strong>diaboli.</strong></span> <span class='ocrx_word' id='word_1_41' title='bbox 1483 567 1625 621; x_wconf 87' lang='lat' dir='ltr'><strong>Tunc</strong></span> <span class='ocrx_word' id='word_1_42' title='bbox 1649 566 1881 623; x_wconf 69' lang='lat' dir='ltr'><strong>Herodes</strong></span> <span class='ocrx_word' id='word_1_43' title='bbox 1918 570 2052 623; x_wconf 82' lang='lat' dir='ltr'><strong>clam</strong></span> <span class='ocrx_word' id='word_1_44' title='bbox 2077 588 2165 624; x_wconf 83' lang='lat' dir='ltr'><strong>vo-</strong></span> 
     </span>
    </p>
   </div>
   <div class='ocr_carea' id='block_1_7' title="bbox 594 657 2160 735">
    <p class='ocr_par' dir='ltr' id='par_1_7' title="bbox 594 657 2160 735">
     <span class='ocr_line' id='line_1_7' title="bbox 594 657 2160 735; baseline 0.004 -26"><span class='ocrx_word' id='word_1_45' title='bbox 594 657 724 711; x_wconf 86' lang='lat' dir='ltr'><strong>catis</strong></span> <span class='ocrx_word' id='word_1_46' title='bbox 760 657 923 726; x_wconf 86' lang='lat' dir='ltr'><strong>magis</strong></span> <span class='ocrx_word' id='word_1_47' title='bbox 936 657 1231 735; x_wconf 38' lang='lat' dir='ltr'><strong>[diligenter</strong></span> <span class='ocrx_word' id='word_1_48' title='bbox 1254 660 1434 712; x_wconf 77' lang='lat' dir='ltr'><strong>didicit</strong></span> <span class='ocrx_word' id='word_1_49' title='bbox 1481 660 1544 712; x_wconf 88' lang='lat' dir='ltr'><strong>ab</strong></span> <span class='ocrx_word' id='word_1_50' title='bbox 1597 660 1671 713; x_wconf 83' lang='lat' dir='ltr'><strong>eis</strong></span> <span class='ocrx_word' id='word_1_51' title='bbox 1726 671 1924 731; x_wconf 84' lang='lat' dir='ltr'><strong>tempus</strong></span> <span class='ocrx_word' id='word_1_52' title='bbox 1977 661 2160 726; x_wconf 76' lang='lat' dir='ltr'><strong>stellw,</strong></span> 
     </span>
    </p>
   </div>
   <div class='ocr_carea' id='block_1_8' title="bbox 592 749 2160 820">
    <p class='ocr_par' dir='ltr' id='par_1_8' title="bbox 592 749 2160 820">
     <span class='ocr_line' id='line_1_8' title="bbox 592 749 2160 820; baseline 0.002 -17"><span class='ocrx_word' id='word_1_53' title='bbox 592 766 708 820; x_wconf 78' lang='lat' dir='ltr'><strong>qua:</strong></span> <span class='ocrx_word' id='word_1_54' title='bbox 731 752 970 820; x_wconf 79' lang='lat' dir='ltr'><strong>apparuit</strong></span> <span class='ocrx_word' id='word_1_55' title='bbox 997 751 1089 804; x_wconf 86' lang='lat' dir='ltr'><strong>eis.</strong></span> <span class='ocrx_word' id='word_1_56' title='bbox 1120 749 1291 816; x_wconf 87' lang='lat' dir='ltr'><strong>Clam,</strong></span> <span class='ocrx_word' id='word_1_57' title='bbox 1323 751 1377 806; x_wconf 92' lang='lat' dir='ltr'><strong>id</strong></span> <span class='ocrx_word' id='word_1_58' title='bbox 1409 759 1492 806; x_wconf 90' lang='lat' dir='ltr'><strong>est</strong></span> <span class='ocrx_word' id='word_1_59' title='bbox 1526 752 1753 806; x_wconf 76' lang='lat' dir='ltr'><strong>occulte.</strong></span> <span class='ocrx_word' id='word_1_60' title='bbox 1792 751 2012 808; x_wconf 90' lang='lat' dir='ltr'><strong>Occulte</strong></span> <span class='ocrx_word' id='word_1_61' title='bbox 2039 769 2160 808; x_wconf 91' lang='lat' dir='ltr'><strong>cum</strong></span> 
     </span>
    </p>
   </div>
   <div class='ocr_carea' id='block_1_9' title="bbox 597 840 2159 913">
    <p class='ocr_par' dir='ltr' id='par_1_9' title="bbox 597 840 2159 913">
     <span class='ocr_line' id='line_1_9' title="bbox 597 840 2159 913; baseline 0.002 -18"><span class='ocrx_word' id='word_1_62' title='bbox 597 842 678 895; x_wconf 88' lang='lat' dir='ltr'><strong>eis</strong></span> <span class='ocrx_word' id='word_1_63' title='bbox 710 840 923 896; x_wconf 83' lang='lat' dir='ltr'><strong>loeutus</strong></span> <span class='ocrx_word' id='word_1_64' title='bbox 944 850 1046 907; x_wconf 88' lang='lat' dir='ltr'><strong>est,</strong></span> <span class='ocrx_word' id='word_1_65' title='bbox 1071 843 1195 911; x_wconf 88' lang='lat' dir='ltr'><strong>quia</strong></span> <span class='ocrx_word' id='word_1_66' title='bbox 1221 842 1442 896; x_wconf 76' lang='lat' dir='ltr'><strong>timebat</strong></span> <span class='ocrx_word' id='word_1_67' title='bbox 1467 841 1680 896; x_wconf 68' lang='lat' dir='ltr'><strong>Judazos</strong></span> <span class='ocrx_word' id='word_1_68' title='bbox 1703 858 1769 896; x_wconf 91' lang='lat' dir='ltr'><strong>ne</strong></span> <span class='ocrx_word' id='word_1_69' title='bbox 1796 843 1895 913; x_wconf 87' lang='lat' dir='ltr'><strong>ipsi</strong></span> <span class='ocrx_word' id='word_1_70' title='bbox 1936 858 2159 912; x_wconf 90' lang='lat' dir='ltr'><strong>puerum</strong></span> 
     </span>
    </p>
   </div>
   <div class='ocr_carea' id='block_1_10' title="bbox 593 929 2162 999">
    <p class='ocr_par' dir='ltr' id='par_1_10' title="bbox 593 929 2162 999">
     <span class='ocr_line' id='line_1_10' title="bbox 593 929 2162 999; baseline 0.001 -16"><span class='ocrx_word' id='word_1_71' title='bbox 593 931 642 984; x_wconf 76' lang='lat' dir='ltr'><strong>ei</strong></span> <span class='ocrx_word' id='word_1_72' title='bbox 681 929 1028 998; x_wconf 89' lang='lat' dir='ltr'><strong>subjicerent.</strong></span> <span class='ocrx_word' id='word_1_73' title='bbox 1072 930 1207 984; x_wconf 86' lang='lat' dir='ltr'><strong>Nam</strong></span> <span class='ocrx_word' id='word_1_74' title='bbox 1251 931 1456 985; x_wconf 81' lang='lat' dir='ltr'><strong>sciebat</strong></span> <span class='ocrx_word' id='word_1_75' title='bbox 1496 930 1638 999; x_wconf 87' lang='lat' dir='ltr'><strong>quod</strong></span> <span class='ocrx_word' id='word_1_76' title='bbox 1668 929 1836 985; x_wconf 60' lang='lat' dir='ltr'><strong>Judaei</strong></span> <span class='ocrx_word' id='word_1_77' title='bbox 1883 944 2005 985; x_wconf 87' lang='lat' dir='ltr'><strong>eum</strong></span> <span class='ocrx_word' id='word_1_78' title='bbox 2039 931 2162 984; x_wconf 91' lang='lat' dir='ltr'><strong>odio</strong></span> 
     </span>
    </p>
   </div>
   <div class='ocr_carea' id='block_1_11' title="bbox 594 1006 2163 1092">
    <p class='ocr_par' dir='ltr' id='par_1_11' title="bbox 594 1006 2163 1092">
     <span class='ocr_line' id='line_1_11' title="bbox 594 1006 2163 1092; baseline 0.001 -16"><span class='ocrx_word' id='word_1_79' title='bbox 594 1022 879 1087; x_wconf 75' lang='lat' dir='ltr'><strong>haberent,</strong></span> <span class='ocrx_word' id='word_1_80' title='bbox 911 1023 1036 1091; x_wconf 86' lang='lat' dir='ltr'><strong>quia</strong></span> <span class='ocrx_word' id='word_1_81' title='bbox 1079 1023 1193 1092; x_wconf 90' lang='lat' dir='ltr'><strong>ipse</strong></span> <span class='ocrx_word' id='word_1_82' title='bbox 1232 1021 1298 1077; x_wconf 91' lang='lat' dir='ltr'><strong>de</strong></span> <span class='ocrx_word' id='word_1_83' title='bbox 1331 1022 1645 1092; x_wconf 80' lang='lat' dir='ltr'><strong>alienigenis</strong></span> <span class='ocrx_word' id='word_1_84' title='bbox 1668 1031 1804 1077; x_wconf 83' lang='lat' dir='ltr'><strong>erat.</strong></span> <span class='ocrx_word' id='word_1_85' title='bbox 1843 1023 1941 1078; x_wconf 91' lang='lat' dir='ltr'><strong>Hic</strong></span> <span class='ocrx_word' id='word_1_86' title='bbox 1983 1006 2163 1079; x_wconf 82' lang='lat' dir='ltr'><strong>deficit</strong></span> 
     </span>
    </p>
   </div>
   <div class='ocr_carea' id='block_1_12' title="bbox 592 1110 2158 1180">
    <p class='ocr_par' dir='ltr' id='par_1_12' title="bbox 592 1110 2158 1180">
     <span class='ocr_line' id='line_1_12' title="bbox 592 1110 2158 1180; baseline 0.001 -17"><span class='ocrx_word' id='word_1_87' title='bbox 592 1110 838 1175; x_wconf 81' lang='lat' dir='ltr'><strong>historia,</strong></span> <span class='ocrx_word' id='word_1_88' title='bbox 866 1112 988 1179; x_wconf 85' lang='lat' dir='ltr'><strong>quia</strong></span> <span class='ocrx_word' id='word_1_89' title='bbox 1023 1125 1132 1164; x_wconf 90' lang='lat' dir='ltr'><strong>non</strong></span> <span class='ocrx_word' id='word_1_90' title='bbox 1178 1120 1363 1166; x_wconf 85' lang='lat' dir='ltr'><strong>narrat</strong></span> <span class='ocrx_word' id='word_1_91' title='bbox 1405 1110 1531 1179; x_wconf 80' lang='lat' dir='ltr'><strong>quid</strong></span> <span class='ocrx_word' id='word_1_92' title='bbox 1567 1110 1678 1180; x_wconf 87' lang='lat' dir='ltr'><strong>ipse</strong></span> <span class='ocrx_word' id='word_1_93' title='bbox 1721 1111 1787 1164; x_wconf 90' lang='lat' dir='ltr'><strong>ad</strong></span> <span class='ocrx_word' id='word_1_94' title='bbox 1815 1126 1909 1166; x_wconf 89' lang='lat' dir='ltr'><strong>eos</strong></span> <span class='ocrx_word' id='word_1_95' title='bbox 1943 1111 2158 1175; x_wconf 83' lang='lat' dir='ltr'><strong>dixerit,</strong></span> 
     </span>
    </p>
   </div>
   <div class='ocr_carea' id='block_1_13' title="bbox 591 1198 2160 1270">
    <p class='ocr_par' dir='ltr' id='par_1_13' title="bbox 591 1198 2160 1270">
     <span class='ocr_line' id='line_1_13' title="bbox 591 1198 2160 1270; baseline 0.002 -18"><span class='ocrx_word' id='word_1_96' title='bbox 591 1198 676 1255; x_wconf 88' lang='lat' dir='ltr'><strong>vel</strong></span> <span class='ocrx_word' id='word_1_97' title='bbox 704 1200 844 1270; x_wconf 86' lang='lat' dir='ltr'><strong>quod</strong></span> <span class='ocrx_word' id='word_1_98' title='bbox 879 1200 979 1269; x_wconf 89' lang='lat' dir='ltr'><strong>ipsi</strong></span> <span class='ocrx_word' id='word_1_99' title='bbox 1022 1200 1089 1255; x_wconf 92' lang='lat' dir='ltr'><strong>de</strong></span> <span class='ocrx_word' id='word_1_100' title='bbox 1135 1200 1303 1256; x_wconf 74' lang='lat' dir='ltr'><strong>stellae</strong></span> <span class='ocrx_word' id='word_1_101' title='bbox 1342 1209 1583 1270; x_wconf 90' lang='lat' dir='ltr'><strong>tempore</strong></span> <span class='ocrx_word' id='word_1_102' title='bbox 1621 1201 2012 1269; x_wconf 78' lang='lat' dir='ltr'><strong>responderint.</strong></span> <span class='ocrx_word' id='word_1_103' title='bbox 2056 1201 2160 1255; x_wconf 87' lang='lat' dir='ltr'><strong>Sed</strong></span> 
     </span>
    </p>
   </div>
   <div class='ocr_carea' id='block_1_14' title="bbox 591 1289 2162 1361">
    <p class='ocr_par' dir='ltr' id='par_1_14' title="bbox 591 1289 2162 1361">
     <span class='ocr_line' id='line_1_14' title="bbox 591 1289 2162 1361; baseline 0.004 -19"><span class='ocrx_word' id='word_1_104' title='bbox 591 1303 656 1343; x_wconf 74' lang='lat' dir='ltr'><strong>ex</strong></span> <span class='ocrx_word' id='word_1_105' title='bbox 691 1303 755 1344; x_wconf 90' lang='lat' dir='ltr'><strong>eo</strong></span> <span class='ocrx_word' id='word_1_106' title='bbox 783 1291 926 1359; x_wconf 91' lang='lat' dir='ltr'><strong>quod</strong></span> <span class='ocrx_word' id='word_1_107' title='bbox 956 1289 1191 1351; x_wconf 86' lang='lat' dir='ltr'><strong>Herodes</strong></span> <span class='ocrx_word' id='word_1_108' title='bbox 1220 1291 1474 1361; x_wconf 85' lang='lat' dir='ltr'><strong>parvulos</strong></span> <span class='ocrx_word' id='word_1_109' title='bbox 1497 1289 1662 1359; x_wconf 81' lang='lat' dir='ltr'><strong>jussit</strong></span> <span class='ocrx_word' id='word_1_110' title='bbox 1693 1292 1941 1347; x_wconf 89' lang='lat' dir='ltr'><strong>occidere</strong></span> <span class='ocrx_word' id='word_1_111' title='bbox 1968 1308 1999 1346; x_wconf 91' lang='lat' dir='ltr'><strong>a</strong></span> <span class='ocrx_word' id='word_1_112' title='bbox 2028 1293 2162 1348; x_wconf 88' lang='lat' dir='ltr'><strong>duo-</strong></span> 
     </span>
    </p>
   </div>
   <div class='ocr_carea' id='block_1_15' title="bbox 590 1381 2156 1455">
    <p class='ocr_par' dir='ltr' id='par_1_15' title="bbox 590 1381 2156 1455">
     <span class='ocr_line' id='line_1_15' title="bbox 590 1381 2156 1455; baseline 0.002 -19"><span class='ocrx_word' id='word_1_113' title='bbox 590 1381 690 1436; x_wconf 85' lang='lat' dir='ltr'><strong>bus</strong></span> <span class='ocrx_word' id='word_1_114' title='bbox 712 1383 868 1437; x_wconf 88' lang='lat' dir='ltr'><strong>annis</strong></span> <span class='ocrx_word' id='word_1_115' title='bbox 894 1392 949 1436; x_wconf 90' lang='lat' dir='ltr'><strong>et</strong></span> <span class='ocrx_word' id='word_1_116' title='bbox 994 1381 1153 1449; x_wconf 84' lang='lat' dir='ltr'><strong>infra,</strong></span> <span class='ocrx_word' id='word_1_117' title='bbox 1196 1384 1383 1438; x_wconf 91' lang='lat' dir='ltr'><strong>volunt</strong></span> <span class='ocrx_word' id='word_1_118' title='bbox 1422 1384 1673 1455; x_wconf 81' lang='lat' dir='ltr'><strong>colligere</strong></span> <span class='ocrx_word' id='word_1_119' title='bbox 1716 1386 1857 1454; x_wconf 88' lang='lat' dir='ltr'><strong>quod</strong></span> <span class='ocrx_word' id='word_1_120' title='bbox 1904 1384 2156 1446; x_wconf 78' lang='lat' dir='ltr'><strong>dixerint.</strong></span> 
     </span>
    </p>
   </div>
   <div class='ocr_carea' id='block_1_16' title="bbox 588 1474 2162 1544">
    <p class='ocr_par' dir='ltr' id='par_1_16' title="bbox 588 1474 2162 1544">
     <span class='ocr_line' id='line_1_16' title="bbox 588 1474 2162 1544; baseline 0.004 -20"><span class='ocrx_word' id='word_1_121' title='bbox 588 1474 732 1540; x_wconf 90' lang='lat' dir='ltr'><strong>quod</strong></span> <span class='ocrx_word' id='word_1_122' title='bbox 758 1488 929 1528; x_wconf 89' lang='lat' dir='ltr'><strong>annus</strong></span> <span class='ocrx_word' id='word_1_123' title='bbox 953 1481 1096 1528; x_wconf 86' lang='lat' dir='ltr'><strong>esset</strong></span> <span class='ocrx_word' id='word_1_124' title='bbox 1124 1489 1191 1529; x_wconf 85' lang='lat' dir='ltr'><strong>ex</strong></span> <span class='ocrx_word' id='word_1_125' title='bbox 1224 1491 1332 1544; x_wconf 91' lang='lat' dir='ltr'><strong>quo</strong></span> <span class='ocrx_word' id='word_1_126' title='bbox 1375 1475 1594 1529; x_wconf 82' lang='lat' dir='ltr'><strong>stellam</strong></span> <span class='ocrx_word' id='word_1_127' title='bbox 1624 1476 1903 1540; x_wconf 81' lang='lat' dir='ltr'><strong>vidissent,</strong></span> <span class='ocrx_word' id='word_1_128' title='bbox 1946 1485 2000 1530; x_wconf 92' lang='lat' dir='ltr'><strong>et</strong></span> <span class='ocrx_word' id='word_1_129' title='bbox 2037 1477 2162 1531; x_wconf 91' lang='lat' dir='ltr'><strong>inde</strong></span> 
     </span>
    </p>
   </div>
   <div class='ocr_carea' id='block_1_17' title="bbox 590 1568 2160 1639">
    <p class='ocr_par' dir='ltr' id='par_1_17' title="bbox 590 1568 2160 1639">
     <span class='ocr_line' id='line_1_17' title="bbox 590 1568 2160 1639; baseline 0.003 -20"><span class='ocrx_word' id='word_1_130' title='bbox 590 1569 887 1637; x_wconf 84' lang='lat' dir='ltr'><strong>accepisset</strong></span> <span class='ocrx_word' id='word_1_131' title='bbox 920 1583 1086 1621; x_wconf 90' lang='lat' dir='ltr'><strong>unum</strong></span> <span class='ocrx_word' id='word_1_132' title='bbox 1117 1584 1336 1631; x_wconf 89' lang='lat' dir='ltr'><strong>annum,</strong></span> <span class='ocrx_word' id='word_1_133' title='bbox 1385 1578 1444 1622; x_wconf 90' lang='lat' dir='ltr'><strong>et</strong></span> <span class='ocrx_word' id='word_1_134' title='bbox 1495 1568 1657 1622; x_wconf 91' lang='lat' dir='ltr'><strong>alium</strong></span> <span class='ocrx_word' id='word_1_135' title='bbox 1707 1578 2073 1639; x_wconf 63' lang='lat' dir='ltr'><strong>exspectasset</strong></span> <span class='ocrx_word' id='word_1_136' title='bbox 2106 1570 2160 1623; x_wconf 91' lang='lat' dir='ltr'><strong>in</strong></span> 
     </span>
    </p>
   </div>
   <div class='ocr_carea' id='block_1_18' title="bbox 589 1659 2156 1730">
    <p class='ocr_par' dir='ltr' id='par_1_18' title="bbox 589 1659 2156 1730">
     <span class='ocr_line' id='line_1_18' title="bbox 589 1659 2156 1730; baseline -0.001 -16"><span class='ocrx_word' id='word_1_137' title='bbox 589 1660 951 1715; x_wconf 82' lang='lat' dir='ltr'><strong>reversionem</strong></span> <span class='ocrx_word' id='word_1_138' title='bbox 980 1659 1451 1726; x_wconf 18' lang='lat' dir='ltr'><strong>eorum..Quidam</strong></span> <span class='ocrx_word' id='word_1_139' title='bbox 1480 1669 1659 1714; x_wconf 89' lang='lat' dir='ltr'><strong>autem</strong></span> <span class='ocrx_word' id='word_1_140' title='bbox 1684 1659 1889 1724; x_wconf 88' lang='lat' dir='ltr'><strong>dicunt,</strong></span> <span class='ocrx_word' id='word_1_141' title='bbox 1919 1668 2039 1730; x_wconf 89' lang='lat' dir='ltr'><strong>post</strong></span> <span class='ocrx_word' id='word_1_142' title='bbox 2060 1674 2156 1713; x_wconf 88' lang='lat' dir='ltr'><strong>an-</strong></span> 
     </span>
    </p>
   </div>
   <div class='ocr_carea' id='block_1_19' title="bbox 2261 482 3823 555">
    <p class='ocr_par' dir='ltr' id='par_1_19' title="bbox 2261 482 3823 555">
     <span class='ocr_line' id='line_1_19' title="bbox 2261 482 3823 555; baseline 0.01 -20"><span class='ocrx_word' id='word_1_143' title='bbox 2261 482 2507 536; x_wconf 90' lang='lat' dir='ltr'><strong>oratione</strong></span> <span class='ocrx_word' id='word_1_144' title='bbox 2557 490 2740 536; x_wconf 89' lang='lat' dir='ltr'><strong>nostra</strong></span> <span class='ocrx_word' id='word_1_145' title='bbox 2775 484 3035 539; x_wconf 88' lang='lat' dir='ltr'><strong>dicimus:</strong></span> <span class='ocrx_word' id='word_1_146' title='bbox 3096 485 3325 555; x_wconf 75' lang='lat' dir='ltr'><strong>Infunde</strong></span> <span class='ocrx_word' id='word_1_147' title='bbox 3369 492 3625 547; x_wconf 74' lang='lat' dir='ltr'><strong>cordibus</strong></span> <span class='ocrx_word' id='word_1_148' title='bbox 3655 510 3823 550; x_wconf 65' lang='lat' dir='ltr'><strong>nostra</strong></span> 
     </span>
    </p>
   </div>
   <div class='ocr_carea' id='block_1_20' title="bbox 2260 572 3823 649">
    <p class='ocr_par' dir='ltr' id='par_1_20' title="bbox 2260 572 3823 649">
     <span class='ocr_line' id='line_1_20' title="bbox 2260 572 3823 649; baseline 0.012 -25"><span class='ocrx_word' id='word_1_149' title='bbox 2260 573 2397 642; x_wconf 87' lang='lat' dir='ltr'><strong>quod</strong></span> <span class='ocrx_word' id='word_1_150' title='bbox 2424 572 2579 625; x_wconf 83' lang='lat' dir='ltr'><strong>trium</strong></span> <span class='ocrx_word' id='word_1_151' title='bbox 2604 589 2871 643; x_wconf 85' lang='lat' dir='ltr'><strong>magorum</strong></span> <span class='ocrx_word' id='word_1_152' title='bbox 2909 577 3161 631; x_wconf 78' lang='lat' dir='ltr'><strong>mentibus</strong></span> <span class='ocrx_word' id='word_1_153' title='bbox 3190 582 3457 649; x_wconf 77' lang='lat' dir='ltr'><strong>aspirasti.</strong></span> <span class='ocrx_word' id='word_1_154' title='bbox 3489 583 3615 640; x_wconf 82' lang='lat' dir='ltr'><strong>Hoc</strong></span> <span class='ocrx_word' id='word_1_155' title='bbox 3652 589 3823 641; x_wconf 79' lang='lat' dir='ltr'><strong>adors-</strong></span> 
     </span>
    </p>
   </div>
   <div class='ocr_carea' id='block_1_21' title="bbox 2262 659 3824 730">
    <p class='ocr_par' dir='ltr' id='par_1_21' title="bbox 2262 659 3824 730">
     <span class='ocr_line' id='line_1_21' title="bbox 2262 659 3824 730; baseline 0.011 -16"><span class='ocrx_word' id='word_1_156' title='bbox 2262 659 2423 714; x_wconf 83' lang='lat' dir='ltr'><strong>tionis</strong></span> <span class='ocrx_word' id='word_1_157' title='bbox 2446 660 2590 714; x_wconf 86' lang='lat' dir='ltr'><strong>cultu</strong></span> <span class='ocrx_word' id='word_1_158' title='bbox 2633 661 2999 719; x_wconf 70' lang='lat' dir='ltr'><strong>Mardochtcus</strong></span> <span class='ocrx_word' id='word_1_159' title='bbox 3045 669 3328 723; x_wconf 83' lang='lat' dir='ltr'><strong>recusabat</strong></span> <span class='ocrx_word' id='word_1_160' title='bbox 3371 672 3612 729; x_wconf 85' lang='lat' dir='ltr'><strong>adorare</strong></span> <span class='ocrx_word' id='word_1_161' title='bbox 3650 675 3824 730; x_wconf 68' lang='lat' dir='ltr'><strong>Amas</strong></span> 
     </span>
    </p>
   </div>
   <div class='ocr_carea' id='block_1_22' title="bbox 2260 750 3829 822">
    <p class='ocr_par' dir='ltr' id='par_1_22' title="bbox 2260 750 3829 822">
     <span class='ocr_line' id='line_1_22' title="bbox 2260 750 3829 822; baseline 0.013 -20"><span class='ocrx_word' id='word_1_162' title='bbox 2260 750 2327 804; x_wconf 86' lang='lat' dir='ltr'><strong>Et</strong></span> <span class='ocrx_word' id='word_1_163' title='bbox 2355 752 2547 821; x_wconf 85' lang='lat' dir='ltr'><strong>apertis</strong></span> <span class='ocrx_word' id='word_1_164' title='bbox 2575 752 2850 819; x_wconf 76' lang='lat' dir='ltr'><strong>thesauris,</strong></span> <span class='ocrx_word' id='word_1_165' title='bbox 2883 756 3179 812; x_wconf 84' lang='lat' dir='ltr'><strong>obtulerunt</strong></span> <span class='ocrx_word' id='word_1_166' title='bbox 3217 761 3264 813; x_wconf 85' lang='lat' dir='ltr'><strong>ei</strong></span> <span class='ocrx_word' id='word_1_167' title='bbox 3310 778 3555 817; x_wconf 86' lang='lat' dir='ltr'><strong>munera.</strong></span> <span class='ocrx_word' id='word_1_168' title='bbox 3609 766 3829 822; x_wconf 72' lang='lat' dir='ltr'><strong>Thessa-</strong></span> 
     </span>
    </p>
   </div>
   <div class='ocr_carea' id='block_1_23' title="bbox 2261 842 3832 913">
    <p class='ocr_par' dir='ltr' id='par_1_23' title="bbox 2261 842 3832 913">
     <span class='ocr_line' id='line_1_23' title="bbox 2261 842 3832 913; baseline 0.013 -21"><span class='ocrx_word' id='word_1_169' title='bbox 2261 856 2379 894; x_wconf 88' lang='lat' dir='ltr'><strong>rum</strong></span> <span class='ocrx_word' id='word_1_170' title='bbox 2417 842 2651 895; x_wconf 89' lang='lat' dir='ltr'><strong>medium</strong></span> <span class='ocrx_word' id='word_1_171' title='bbox 2686 843 3056 912; x_wconf 65' lang='lat' dir='ltr'><strong>estGrmcum,</strong></span> <span class='ocrx_word' id='word_1_172' title='bbox 3080 851 3310 904; x_wconf 89' lang='lat' dir='ltr'><strong>medium</strong></span> <span class='ocrx_word' id='word_1_173' title='bbox 3347 852 3632 909; x_wconf 87' lang='lat' dir='ltr'><strong>Latinum.</strong></span> <span class='ocrx_word' id='word_1_174' title='bbox 3659 858 3832 913; x_wconf 66' lang='lat' dir='ltr'><strong>Tbesis</strong></span> 
     </span>
    </p>
   </div>
   <div class='ocr_carea' id='block_1_24' title="bbox 2259 930 3832 1017">
    <p class='ocr_par' dir='ltr' id='par_1_24' title="bbox 2259 930 3832 1017">
     <span class='ocr_line' id='line_1_24' title="bbox 2259 930 3832 1017; baseline 0.015 -32"><span class='ocrx_word' id='word_1_175' title='bbox 2259 930 2442 986; x_wconf 69' lang='lat' dir='ltr'><strong>Graece</strong></span> <span class='ocrx_word' id='word_1_176' title='bbox 2497 933 2695 986; x_wconf 89' lang='lat' dir='ltr'><strong>dicitur</strong></span> <span class='ocrx_word' id='word_1_177' title='bbox 2738 936 2947 1002; x_wconf 78' lang='lat' dir='ltr'><strong>positio,</strong></span> <span class='ocrx_word' id='word_1_178' title='bbox 3000 946 3055 992; x_wconf 93' lang='lat' dir='ltr'><strong>et</strong></span> <span class='ocrx_word' id='word_1_179' title='bbox 3107 941 3419 998; x_wconf 83' lang='lat' dir='ltr'><strong>thesaurum</strong></span> <span class='ocrx_word' id='word_1_180' title='bbox 3475 950 3688 1017; x_wconf 82' lang='lat' dir='ltr'><strong>positio</strong></span> <span class='ocrx_word' id='word_1_181' title='bbox 3714 954 3832 1007; x_wconf 71' lang='lat' dir='ltr'><strong>alui.</strong></span> 
     </span>
    </p>
   </div>
   <div class='ocr_carea' id='block_1_25' title="bbox 2260 1022 3835 1110">
    <p class='ocr_par' dir='ltr' id='par_1_25' title="bbox 2260 1022 3835 1110">
     <span class='ocr_line' id='line_1_25' title="bbox 2260 1022 3835 1110; baseline 0.014 -34"><span class='ocrx_word' id='word_1_182' title='bbox 2260 1022 2427 1079; x_wconf 76' lang='lat' dir='ltr'><strong>Recte</strong></span> <span class='ocrx_word' id='word_1_183' title='bbox 2481 1026 2739 1093; x_wconf 64' lang='lat' dir='ltr'><strong>quieritur</strong></span> <span class='ocrx_word' id='word_1_184' title='bbox 2773 1036 2950 1097; x_wconf 86' lang='lat' dir='ltr'><strong>utrum</strong></span> <span class='ocrx_word' id='word_1_185' title='bbox 3000 1031 3192 1103; x_wconf 85' lang='lat' dir='ltr'><strong>singuli</strong></span> <span class='ocrx_word' id='word_1_186' title='bbox 3246 1035 3457 1105; x_wconf 76' lang='lat' dir='ltr'><strong>singula</strong></span> <span class='ocrx_word' id='word_1_187' title='bbox 3508 1040 3835 1110; x_wconf 67' lang='lat' dir='ltr'><strong>obtulerunt,</strong></span> 
     </span>
    </p>
   </div>
   <div class='ocr_carea' id='block_1_26' title="bbox 2261 1112 3835 1197">
    <p class='ocr_par' dir='ltr' id='par_1_26' title="bbox 2261 1112 3835 1197">
     <span class='ocr_line' id='line_1_26' title="bbox 2261 1112 3835 1197; baseline 0.016 -30"><span class='ocrx_word' id='word_1_188' title='bbox 2261 1123 2353 1167; x_wconf 91' lang='lat' dir='ltr'><strong>aut</strong></span> <span class='ocrx_word' id='word_1_189' title='bbox 2381 1114 2575 1185; x_wconf 81' lang='lat' dir='ltr'><strong>singuli</strong></span> <span class='ocrx_word' id='word_1_190' title='bbox 2619 1117 2743 1170; x_wconf 83' lang='lat' dir='ltr'><strong>tria.</strong></span> <span class='ocrx_word' id='word_1_191' title='bbox 2777 1112 2883 1172; x_wconf 87' lang='lat' dir='ltr'><strong>Sed</strong></span> <span class='ocrx_word' id='word_1_192' title='bbox 2913 1122 3181 1178; x_wconf 89' lang='lat' dir='ltr'><strong>credimus</strong></span> <span class='ocrx_word' id='word_1_193' title='bbox 3205 1126 3330 1194; x_wconf 86' lang='lat' dir='ltr'><strong>quia</strong></span> <span class='ocrx_word' id='word_1_194' title='bbox 3364 1132 3507 1197; x_wconf 89' lang='lat' dir='ltr'><strong>quod</strong></span> <span class='ocrx_word' id='word_1_195' title='bbox 3538 1135 3713 1189; x_wconf 83' lang='lat' dir='ltr'><strong>corde</strong></span> <span class='ocrx_word' id='word_1_196' title='bbox 3729 1150 3835 1192; x_wconf 82' lang='lat' dir='ltr'><strong>cre-</strong></span> 
     </span>
    </p>
   </div>
   <div class='ocr_carea' id='block_1_27' title="bbox 2261 1206 3834 1294">
    <p class='ocr_par' dir='ltr' id='par_1_27' title="bbox 2261 1206 3834 1294">
     <span class='ocr_line' id='line_1_27' title="bbox 2261 1206 3834 1294; baseline 0.013 -34"><span class='ocrx_word' id='word_1_197' title='bbox 2261 1206 2531 1271; x_wconf 90' lang='lat' dir='ltr'><strong>diderunt’,</strong></span> <span class='ocrx_word' id='word_1_198' title='bbox 2565 1209 2875 1263; x_wconf 82' lang='lat' dir='ltr'><strong>muneribus</strong></span> <span class='ocrx_word' id='word_1_199' title='bbox 2903 1213 3278 1281; x_wconf 86' lang='lat' dir='ltr'><strong>ostenderunt,</strong></span> <span class='ocrx_word' id='word_1_200' title='bbox 3321 1224 3709 1294; x_wconf 79' lang='lat' dir='ltr'><strong>unusquisque</strong></span> <span class='ocrx_word' id='word_1_201' title='bbox 3748 1231 3834 1281; x_wconf 79' lang='lat' dir='ltr'><strong>tria</strong></span> 
     </span>
    </p>
   </div>
   <div class='ocr_carea' id='block_1_28' title="bbox 2261 1297 3832 1382">
    <p class='ocr_par' dir='ltr' id='par_1_28' title="bbox 2261 1297 3832 1382">
     <span class='ocr_line' id='line_1_28' title="bbox 2261 1297 3832 1382; baseline 0.013 -32"><span class='ocrx_word' id='word_1_202' title='bbox 2261 1297 2511 1351; x_wconf 87' lang='lat' dir='ltr'><strong>obtulerit</strong></span> <span class='ocrx_word' id='word_1_203' title='bbox 2536 1313 2550 1351; x_wconf 86' lang='lat'><strong>:</strong></span> <span class='ocrx_word' id='word_1_204' title='bbox 2579 1315 2768 1353; x_wconf 90' lang='lat' dir='ltr'><strong>aurum</strong></span> <span class='ocrx_word' id='word_1_205' title='bbox 2796 1310 2853 1355; x_wconf 95' lang='lat' dir='ltr'><strong>ut</strong></span> <span class='ocrx_word' id='word_1_206' title='bbox 2879 1304 3012 1373; x_wconf 85' lang='lat' dir='ltr'><strong>regi,</strong></span> <span class='ocrx_word' id='word_1_207' title='bbox 3036 1306 3162 1374; x_wconf 82' lang='lat' dir='ltr'><strong>quia</strong></span> <span class='ocrx_word' id='word_1_208' title='bbox 3191 1308 3317 1364; x_wconf 90' lang='lat' dir='ltr'><strong>illud</strong></span> <span class='ocrx_word' id='word_1_209' title='bbox 3337 1320 3417 1365; x_wconf 88' lang='lat' dir='ltr'><strong>est</strong></span> <span class='ocrx_word' id='word_1_210' title='bbox 3436 1313 3615 1382; x_wconf 83' lang='lat' dir='ltr'><strong>gloria</strong></span> <span class='ocrx_word' id='word_1_211' title='bbox 3642 1310 3832 1377; x_wconf 77' lang='lat' dir='ltr'><strong>mundi.</strong></span> 
     </span>
    </p>
   </div>
   <div class='ocr_carea' id='block_1_29' title="bbox 2260 1384 3837 1474">
    <p class='ocr_par' dir='ltr' id='par_1_29' title="bbox 2260 1384 3837 1474">
     <span class='ocr_line' id='line_1_29' title="bbox 2260 1384 3837 1474; baseline 0.015 -33"><span class='ocrx_word' id='word_1_212' title='bbox 2260 1397 2312 1441; x_wconf 91' lang='lat' dir='ltr'><strong>et</strong></span> <span class='ocrx_word' id='word_1_213' title='bbox 2341 1403 2493 1458; x_wconf 85' lang='lat' dir='ltr'><strong>reges</strong></span> <span class='ocrx_word' id='word_1_214' title='bbox 2520 1405 2550 1443; x_wconf 90' lang='lat' dir='ltr'><strong>a</strong></span> <span class='ocrx_word' id='word_1_215' title='bbox 2595 1384 2824 1446; x_wconf 79' lang='lat' dir='ltr'><strong>subditis</strong></span> <span class='ocrx_word' id='word_1_216' title='bbox 2870 1394 2969 1474; x_wconf 66' lang='lat' dir='ltr'><strong>sibi</strong></span> <span class='ocrx_word' id='word_1_217' title='bbox 3020 1396 3123 1452; x_wconf 92' lang='lat' dir='ltr'><strong>hoc</strong></span> <span class='ocrx_word' id='word_1_218' title='bbox 3154 1400 3393 1471; x_wconf 77' lang='lat' dir='ltr'><strong>exigunt.</strong></span> <span class='ocrx_word' id='word_1_219' title='bbox 3456 1405 3619 1462; x_wconf 83' lang='lat' dir='ltr'><strong>Thus</strong></span> <span class='ocrx_word' id='word_1_220' title='bbox 3663 1419 3725 1463; x_wconf 94' lang='lat' dir='ltr'><strong>ut</strong></span> <span class='ocrx_word' id='word_1_221' title='bbox 3753 1410 3837 1464; x_wconf 81' lang='lat' dir='ltr'><strong>Do-</strong></span> 
     </span>
    </p>
   </div>
   <div class='ocr_carea' id='block_1_30' title="bbox 2261 1476 3836 1563">
    <p class='ocr_par' dir='ltr' id='par_1_30' title="bbox 2261 1476 3836 1563">
     <span class='ocr_line' id='line_1_30' title="bbox 2261 1476 3836 1563; baseline 0.017 -35"><span class='ocrx_word' id='word_1_222' title='bbox 2261 1476 2429 1541; x_wconf 89' lang='lat' dir='ltr'><strong>mino,</strong></span> <span class='ocrx_word' id='word_1_223' title='bbox 2453 1478 2577 1546; x_wconf 82' lang='lat' dir='ltr'><strong>quia</strong></span> <span class='ocrx_word' id='word_1_224' title='bbox 2608 1494 2819 1549; x_wconf 86' lang='lat' dir='ltr'><strong>semper</strong></span> <span class='ocrx_word' id='word_1_225' title='bbox 2843 1491 2897 1536; x_wconf 89' lang='lat' dir='ltr'><strong>et</strong></span> <span class='ocrx_word' id='word_1_226' title='bbox 2922 1486 3063 1552; x_wconf 86' lang='lat' dir='ltr'><strong>apud</strong></span> <span class='ocrx_word' id='word_1_227' title='bbox 3096 1502 3331 1558; x_wconf 80' lang='lat' dir='ltr'><strong>paganos</strong></span> <span class='ocrx_word' id='word_1_228' title='bbox 3357 1502 3414 1546; x_wconf 87' lang='lat' dir='ltr'><strong>et</strong></span> <span class='ocrx_word' id='word_1_229' title='bbox 3438 1497 3589 1563; x_wconf 85' lang='lat' dir='ltr'><strong>apud</strong></span> <span class='ocrx_word' id='word_1_230' title='bbox 3619 1497 3836 1554; x_wconf 61' lang='lat' dir='ltr'><strong>deiectas</strong></span> 
     </span>
    </p>
   </div>
   <div class='ocr_carea' id='block_1_31' title="bbox 2260 1565 3831 1643">
    <p class='ocr_par' dir='ltr' id='par_1_31' title="bbox 2260 1565 3831 1643">
     <span class='ocr_line' id='line_1_31' title="bbox 2260 1565 3831 1643; baseline 0.017 -25"><span class='ocrx_word' id='word_1_231' title='bbox 2260 1565 2362 1620; x_wconf 91' lang='lat' dir='ltr'><strong>hoc</strong></span> <span class='ocrx_word' id='word_1_232' title='bbox 2390 1567 2720 1638; x_wconf 79' lang='lat' dir='ltr'><strong>pigmentum</strong></span> <span class='ocrx_word' id='word_1_233' title='bbox 2739 1571 2964 1627; x_wconf 90' lang='lat' dir='ltr'><strong>Domino</strong></span> <span class='ocrx_word' id='word_1_234' title='bbox 2987 1574 3087 1629; x_wconf 86' lang='lat' dir='ltr'><strong>fuit</strong></span> <span class='ocrx_word' id='word_1_235' title='bbox 3113 1576 3348 1634; x_wconf 88' lang='lat' dir='ltr'><strong>oblatum</strong></span> <span class='ocrx_word' id='word_1_236' title='bbox 3367 1592 3425 1636; x_wconf 90' lang='lat' dir='ltr'><strong>et</strong></span> <span class='ocrx_word' id='word_1_237' title='bbox 3444 1597 3831 1643; x_wconf 68' lang='lat' dir='ltr'><strong>consecratum.</strong></span> 
     </span>
    </p>
   </div>
   <div class='ocr_carea' id='block_1_32' title="bbox 2260 1655 3832 1740">
    <p class='ocr_par' dir='ltr' id='par_1_32' title="bbox 2260 1655 3832 1740">
     <span class='ocr_line' id='line_1_32' title="bbox 2260 1655 3832 1740; baseline 0.016 -31"><span class='ocrx_word' id='word_1_238' title='bbox 2260 1655 2499 1726; x_wconf 85' lang='lat' dir='ltr'><strong>Denique</strong></span> <span class='ocrx_word' id='word_1_239' title='bbox 2519 1674 2732 1730; x_wconf 87' lang='lat' dir='ltr'><strong>semper</strong></span> <span class='ocrx_word' id='word_1_240' title='bbox 2758 1660 2853 1717; x_wconf 86' lang='lat' dir='ltr'><strong>fuit</strong></span> <span class='ocrx_word' id='word_1_241' title='bbox 2883 1679 3011 1718; x_wconf 90' lang='lat' dir='ltr'><strong>usus</strong></span> <span class='ocrx_word' id='word_1_242' title='bbox 3045 1668 3183 1737; x_wconf 89' lang='lat' dir='ltr'><strong>apud</strong></span> <span class='ocrx_word' id='word_1_243' title='bbox 3222 1685 3482 1740; x_wconf 81' lang='lat' dir='ltr'><strong>paganos,</strong></span> <span class='ocrx_word' id='word_1_244' title='bbox 3518 1676 3675 1730; x_wconf 85' lang='lat' dir='ltr'><strong>sicut</strong></span> <span class='ocrx_word' id='word_1_245' title='bbox 3714 1677 3832 1733; x_wconf 58' lang='lat' dir='ltr'><strong>Soi-</strong></span> 
     </span>
    </p>
   </div>
   <div class='ocr_carea' id='block_1_33' title="bbox 588 1744 3830 1837">
    <p class='ocr_par' dir='ltr' id='par_1_33' title="bbox 588 1744 3830 1837">
     <span class='ocr_line' id='line_1_33' title="bbox 588 1744 3830 1837; baseline 0.005 -31"><span class='ocrx_word' id='word_1_246' title='bbox 588 1768 717 1806; x_wconf 89' lang='lat' dir='ltr'><strong>num</strong></span> <span class='ocrx_word' id='word_1_247' title='bbox 759 1762 812 1807; x_wconf 91' lang='lat' dir='ltr'><strong>et</strong></span> <span class='ocrx_word' id='word_1_248' title='bbox 856 1744 1136 1807; x_wconf 84' lang='lat' dir='ltr'><strong>duodecim</strong></span> <span class='ocrx_word' id='word_1_249' title='bbox 1193 1753 1308 1807; x_wconf 89' lang='lat' dir='ltr'><strong>dies</strong></span> <span class='ocrx_word' id='word_1_250' title='bbox 1351 1762 1616 1807; x_wconf 85' lang='lat' dir='ltr'><strong>venerunt</strong></span> <span class='ocrx_word' id='word_1_251' title='bbox 1660 1753 1728 1806; x_wconf 85' lang='lat' dir='ltr'><strong>ad</strong></span> <span class='ocrx_word' id='word_1_252' title='bbox 1772 1752 2067 1816; x_wconf 88' lang='lat' dir='ltr'><strong>Christum,</strong></span> <span class='ocrx_word' id='word_1_253' title='bbox 2105 1760 2159 1805; x_wconf 91' lang='lat' dir='ltr'><strong>et</strong></span> <span class='ocrx_word' id='word_1_254' title='bbox 2188 1752 2231 1809; x_wconf 91' lang='lat' dir='ltr'><strong>B</strong></span> <span class='ocrx_word' id='word_1_255' title='bbox 2261 1762 2362 1801; x_wconf 92' lang='lat' dir='ltr'><strong>nus</strong></span> <span class='ocrx_word' id='word_1_256' title='bbox 2385 1757 2588 1837; x_wconf 82' lang='lat' dir='ltr'><strong>narrat,</strong></span> <span class='ocrx_word' id='word_1_257' title='bbox 2608 1758 2665 1802; x_wconf 88' lang='lat' dir='ltr'><strong>ut</strong></span> <span class='ocrx_word' id='word_1_258' title='bbox 2683 1752 2897 1820; x_wconf 88' lang='lat' dir='ltr'><strong>quando</strong></span> <span class='ocrx_word' id='word_1_259' title='bbox 2921 1753 3277 1826; x_wconf 85' lang='lat' dir='ltr'><strong>colligendum</strong></span> <span class='ocrx_word' id='word_1_260' title='bbox 3297 1772 3440 1827; x_wconf 86' lang='lat' dir='ltr'><strong>erat,</strong></span> <span class='ocrx_word' id='word_1_261' title='bbox 3469 1767 3670 1820; x_wconf 83' lang='lat' dir='ltr'><strong>mundi</strong></span> <span class='ocrx_word' id='word_1_262' title='bbox 3698 1773 3830 1837; x_wconf 68' lang='lat' dir='ltr'><strong>pueri</strong></span> 
     </span>
    </p>
   </div>
   <div class='ocr_carea' id='block_1_34' title="bbox 588 1843 2156 1915">
    <p class='ocr_par' dir='ltr' id='par_1_34' title="bbox 588 1843 2156 1915">
     <span class='ocr_line' id='line_1_34' title="bbox 588 1843 2156 1915; baseline -0.001 -18"><span class='ocrx_word' id='word_1_263' title='bbox 588 1844 806 1915; x_wconf 89' lang='lat' dir='ltr'><strong>quidam</strong></span> <span class='ocrx_word' id='word_1_264' title='bbox 854 1844 1057 1907; x_wconf 90' lang='lat' dir='ltr'><strong>dicunt,</strong></span> <span class='ocrx_word' id='word_1_265' title='bbox 1108 1844 1248 1914; x_wconf 90' lang='lat' dir='ltr'><strong>quod</strong></span> <span class='ocrx_word' id='word_1_266' title='bbox 1294 1859 1415 1898; x_wconf 86' lang='lat' dir='ltr'><strong>eum</strong></span> <span class='ocrx_word' id='word_1_267' title='bbox 1457 1844 1727 1900; x_wconf 91' lang='lat' dir='ltr'><strong>dromedis</strong></span> <span class='ocrx_word' id='word_1_268' title='bbox 1778 1845 1830 1899; x_wconf 89' lang='lat' dir='ltr'><strong>in</strong></span> <span class='ocrx_word' id='word_1_269' title='bbox 1878 1843 2156 1899; x_wconf 89' lang='lat' dir='ltr'><strong>duodecim</strong></span> 
     </span>
    </p>
   </div>
   <div class='ocr_carea' id='block_1_35' title="bbox 585 1936 2160 2006">
    <p class='ocr_par' dir='ltr' id='par_1_35' title="bbox 585 1936 2160 2006">
     <span class='ocr_line' id='line_1_35' title="bbox 585 1936 2160 2006; baseline 0 -15"><span class='ocrx_word' id='word_1_270' title='bbox 585 1937 776 1991; x_wconf 90' lang='lat' dir='ltr'><strong>diebus</strong></span> <span class='ocrx_word' id='word_1_271' title='bbox 822 1945 1114 2001; x_wconf 90' lang='lat' dir='ltr'><strong>venerunt,</strong></span> <span class='ocrx_word' id='word_1_272' title='bbox 1159 1945 1442 2006; x_wconf 85' lang='lat' dir='ltr'><strong>postquam</strong></span> <span class='ocrx_word' id='word_1_273' title='bbox 1488 1937 1701 1992; x_wconf 89' lang='lat' dir='ltr'><strong>stellam</strong></span> <span class='ocrx_word' id='word_1_274' title='bbox 1746 1937 2016 1991; x_wconf 87' lang='lat' dir='ltr'><strong>viderunt.</strong></span> <span class='ocrx_word' id='word_1_275' title='bbox 2066 1936 2160 1991; x_wconf 89' lang='lat' dir='ltr'><strong>Est</strong></span> 
     </span>
    </p>
   </div>
   <div class='ocr_carea' id='block_1_36' title="bbox 585 2027 2159 2099">
    <p class='ocr_par' dir='ltr' id='par_1_36' title="bbox 585 2027 2159 2099">
     <span class='ocr_line' id='line_1_36' title="bbox 585 2027 2159 2099; baseline 0.001 -17"><span class='ocrx_word' id='word_1_276' title='bbox 585 2037 767 2084; x_wconf 88' lang='lat' dir='ltr'><strong>autem</strong></span> <span class='ocrx_word' id='word_1_277' title='bbox 796 2027 1051 2083; x_wconf 88' lang='lat' dir='ltr'><strong>dromeda</strong></span> <span class='ocrx_word' id='word_1_278' title='bbox 1098 2043 1266 2099; x_wconf 89' lang='lat' dir='ltr'><strong>genus</strong></span> <span class='ocrx_word' id='word_1_279' title='bbox 1304 2028 1654 2094; x_wconf 86' lang='lat' dir='ltr'><strong>camelorum,</strong></span> <span class='ocrx_word' id='word_1_280' title='bbox 1701 2030 1926 2085; x_wconf 89' lang='lat' dir='ltr'><strong>minoris</strong></span> <span class='ocrx_word' id='word_1_281' title='bbox 1947 2029 2159 2097; x_wconf 86' lang='lat' dir='ltr'><strong>quidem</strong></span> 
     </span>
    </p>
   </div>
   <div class='ocr_carea' id='block_1_37' title="bbox 588 2121 2163 2182">
    <p class='ocr_par' dir='ltr' id='par_1_37' title="bbox 588 2121 2163 2182">
     <span class='ocr_line' id='line_1_37' title="bbox 588 2121 2163 2182; baseline 0 -6"><span class='ocrx_word' id='word_1_282' title='bbox 588 2130 829 2182; x_wconf 61' lang='lat' dir='ltr'><strong>staturae,</strong></span> <span class='ocrx_word' id='word_1_283' title='bbox 860 2122 954 2177; x_wconf 88' lang='lat' dir='ltr'><strong>sed</strong></span> <span class='ocrx_word' id='word_1_284' title='bbox 982 2121 1269 2177; x_wconf 87' lang='lat' dir='ltr'><strong>velocioris</strong></span> <span class='ocrx_word' id='word_1_285' title='bbox 1294 2141 1306 2176; x_wconf 95' lang='lat'><strong>:</strong></span> <span class='ocrx_word' id='word_1_286' title='bbox 1338 2123 1478 2177; x_wconf 87' lang='lat' dir='ltr'><strong>unde</strong></span> <span class='ocrx_word' id='word_1_287' title='bbox 1505 2130 1559 2178; x_wconf 90' lang='lat' dir='ltr'><strong>et</strong></span> <span class='ocrx_word' id='word_1_288' title='bbox 1598 2138 1789 2177; x_wconf 91' lang='lat' dir='ltr'><strong>nomen</strong></span> <span class='ocrx_word' id='word_1_289' title='bbox 1829 2121 1991 2177; x_wconf 87' lang='lat' dir='ltr'><strong>habet</strong></span> <span class='ocrx_word' id='word_1_290' title='bbox 2017 2136 2046 2175; x_wconf 88' lang='lat' dir='ltr'><strong>a</strong></span> <span class='ocrx_word' id='word_1_291' title='bbox 2073 2137 2163 2176; x_wconf 88' lang='lat' dir='ltr'><strong>ve-</strong></span> 
     </span>
    </p>
   </div>
   <div class='ocr_carea' id='block_1_38' title="bbox 585 2211 2159 2282">
    <p class='ocr_par' dir='ltr' id='par_1_38' title="bbox 585 2211 2159 2282">
     <span class='ocr_line' id='line_1_38' title="bbox 585 2211 2159 2282; baseline 0.001 -16"><span class='ocrx_word' id='word_1_292' title='bbox 585 2212 819 2268; x_wconf 89' lang='lat' dir='ltr'><strong>locitate.</strong></span> <span class='ocrx_word' id='word_1_293' title='bbox 849 2212 985 2268; x_wconf 82' lang='lat' dir='ltr'><strong>Nam</strong></span> <span class='ocrx_word' id='word_1_294' title='bbox 1017 2213 1236 2268; x_wconf 87' lang='lat' dir='ltr'><strong>dromos</strong></span> <span class='ocrx_word' id='word_1_295' title='bbox 1262 2211 1448 2268; x_wconf 52' lang='lat' dir='ltr'><strong>Gra’ce</strong></span> <span class='ocrx_word' id='word_1_296' title='bbox 1474 2227 1668 2269; x_wconf 88' lang='lat' dir='ltr'><strong>cursus</strong></span> <span class='ocrx_word' id='word_1_297' title='bbox 1692 2222 1749 2268; x_wconf 83' lang='lat' dir='ltr'><strong>et</strong></span> <span class='ocrx_word' id='word_1_298' title='bbox 1777 2213 2033 2269; x_wconf 82' lang='lat' dir='ltr'><strong>velocitas</strong></span> <span class='ocrx_word' id='word_1_299' title='bbox 2062 2228 2159 2282; x_wconf 87' lang='lat' dir='ltr'><strong>ap-</strong></span> 
     </span>
    </p>
   </div>
   <div class='ocr_carea' id='block_1_39' title="bbox 586 2303 2158 2375">
    <p class='ocr_par' dir='ltr' id='par_1_39' title="bbox 586 2303 2158 2375">
     <span class='ocr_line' id='line_1_39' title="bbox 586 2303 2158 2375; baseline 0 -18"><span class='ocrx_word' id='word_1_300' title='bbox 586 2304 832 2375; x_wconf 85' lang='lat' dir='ltr'><strong>pellatur.</strong></span> <span class='ocrx_word' id='word_1_301' title='bbox 857 2303 1011 2360; x_wconf 84' lang='lat' dir='ltr'><strong>Unde</strong></span> <span class='ocrx_word' id='word_1_302' title='bbox 1039 2312 1092 2358; x_wconf 92' lang='lat' dir='ltr'><strong>et</strong></span> <span class='ocrx_word' id='word_1_303' title='bbox 1125 2319 1290 2358; x_wconf 90' lang='lat' dir='ltr'><strong>naves</strong></span> <span class='ocrx_word' id='word_1_304' title='bbox 1316 2303 1523 2359; x_wconf 87' lang='lat' dir='ltr'><strong>veloces</strong></span> <span class='ocrx_word' id='word_1_305' title='bbox 1540 2303 1836 2359; x_wconf 84' lang='lat' dir='ltr'><strong>dromoues</strong></span> <span class='ocrx_word' id='word_1_306' title='bbox 1871 2303 2158 2373; x_wconf 89' lang='lat' dir='ltr'><strong>appellant.</strong></span> 
     </span>
    </p>
   </div>
   <div class='ocr_carea' id='block_1_40' title="bbox 586 2392 2160 2465">
    <p class='ocr_par' dir='ltr' id='par_1_40' title="bbox 586 2392 2160 2465">
     <span class='ocr_line' id='line_1_40' title="bbox 586 2392 2160 2465; baseline -0.001 -16"><span class='ocrx_word' id='word_1_307' title='bbox 586 2395 811 2450; x_wconf 89' lang='lat' dir='ltr'><strong>Centum</strong></span> <span class='ocrx_word' id='word_1_308' title='bbox 839 2394 983 2448; x_wconf 89' lang='lat' dir='ltr'><strong>enim</strong></span> <span class='ocrx_word' id='word_1_309' title='bbox 1023 2393 1279 2448; x_wconf 84' lang='lat' dir='ltr'><strong>milliaria</strong></span> <span class='ocrx_word' id='word_1_310' title='bbox 1314 2402 1369 2448; x_wconf 86' lang='lat' dir='ltr'><strong>et</strong></span> <span class='ocrx_word' id='word_1_311' title='bbox 1398 2408 1464 2448; x_wconf 89' lang='lat' dir='ltr'><strong>eo</strong></span> <span class='ocrx_word' id='word_1_312' title='bbox 1502 2392 1750 2463; x_wconf 86' lang='lat' dir='ltr'><strong>amplius,</strong></span> <span class='ocrx_word' id='word_1_313' title='bbox 1791 2408 1897 2447; x_wconf 91' lang='lat' dir='ltr'><strong>uno</strong></span> <span class='ocrx_word' id='word_1_314' title='bbox 1924 2394 2009 2449; x_wconf 90' lang='lat' dir='ltr'><strong>die</strong></span> <span class='ocrx_word' id='word_1_315' title='bbox 2036 2394 2160 2465; x_wconf 81' lang='lat' dir='ltr'><strong>dro—</strong></span> 
     </span>
    </p>
   </div>
   <div class='ocr_carea' id='block_1_41' title="bbox 588 2483 2161 2551">
    <p class='ocr_par' dir='ltr' id='par_1_41' title="bbox 588 2483 2161 2551">
     <span class='ocr_line' id='line_1_41' title="bbox 588 2483 2161 2551; baseline 0 -12"><span class='ocrx_word' id='word_1_316' title='bbox 588 2486 745 2539; x_wconf 85' lang='lat' dir='ltr'><strong>tneda</strong></span> <span class='ocrx_word' id='word_1_317' title='bbox 771 2500 993 2539; x_wconf 89' lang='lat' dir='ltr'><strong>currere</strong></span> <span class='ocrx_word' id='word_1_318' title='bbox 1020 2485 1235 2539; x_wconf 87' lang='lat' dir='ltr'><strong>dicitur.</strong></span> <span class='ocrx_word' id='word_1_319' title='bbox 1280 2484 1349 2537; x_wconf 84' lang='lat' dir='ltr'><strong>Et</strong></span> <span class='ocrx_word' id='word_1_320' title='bbox 1376 2485 1580 2538; x_wconf 85' lang='lat' dir='ltr'><strong>mittens</strong></span> <span class='ocrx_word' id='word_1_321' title='bbox 1606 2483 1725 2538; x_wconf 81' lang='lat' dir='ltr'><strong>illos</strong></span> <span class='ocrx_word' id='word_1_322' title='bbox 1753 2485 1809 2538; x_wconf 87' lang='lat' dir='ltr'><strong>in</strong></span> <span class='ocrx_word' id='word_1_323' title='bbox 1847 2484 2161 2551; x_wconf 73' lang='lat' dir='ltr'><strong>Bethiehem,</strong></span> 
     </span>
    </p>
   </div>
   <div class='ocr_carea' id='block_1_42' title="bbox 584 2572 2162 2645">
    <p class='ocr_par' dir='ltr' id='par_1_42' title="bbox 584 2572 2162 2645">
     <span class='ocr_line' id='line_1_42' title="bbox 584 2572 2162 2645; baseline 0.001 -15"><span class='ocrx_word' id='word_1_324' title='bbox 584 2575 738 2630; x_wconf 78' lang='lat' dir='ltr'><strong>dixit.</strong></span> <span class='ocrx_word' id='word_1_325' title='bbox 781 2574 917 2642; x_wconf 83' lang='lat' dir='ltr'><strong>Quia</strong></span> <span class='ocrx_word' id='word_1_326' title='bbox 951 2575 1195 2630; x_wconf 86' lang='lat' dir='ltr'><strong>audierat</strong></span> <span class='ocrx_word' id='word_1_327' title='bbox 1230 2590 1261 2627; x_wconf 91' lang='lat' dir='ltr'><strong>a</strong></span> <span class='ocrx_word' id='word_1_328' title='bbox 1307 2572 1515 2629; x_wconf 86' lang='lat' dir='ltr'><strong>Scribis</strong></span> <span class='ocrx_word' id='word_1_329' title='bbox 1561 2573 1669 2629; x_wconf 91' lang='lat' dir='ltr'><strong>illic</strong></span> <span class='ocrx_word' id='word_1_330' title='bbox 1717 2575 1865 2628; x_wconf 91' lang='lat' dir='ltr'><strong>nasci</strong></span> <span class='ocrx_word' id='word_1_331' title='bbox 1914 2584 2162 2645; x_wconf 88' lang='lat' dir='ltr'><strong>oportere</strong></span> 
     </span>
    </p>
   </div>
   <div class='ocr_carea' id='block_1_43' title="bbox 585 2663 2158 2735">
    <p class='ocr_par' dir='ltr' id='par_1_43' title="bbox 585 2663 2158 2735">
     <span class='ocr_line' id='line_1_43' title="bbox 585 2663 2158 2735; baseline 0 -15"><span class='ocrx_word' id='word_1_332' title='bbox 585 2680 781 2720; x_wconf 88' lang='lat' dir='ltr'><strong>novum</strong></span> <span class='ocrx_word' id='word_1_333' title='bbox 812 2667 1021 2730; x_wconf 88' lang='lat' dir='ltr'><strong>ducem,</strong></span> <span class='ocrx_word' id='word_1_334' title='bbox 1069 2674 1350 2735; x_wconf 84' lang='lat' dir='ltr'><strong>propterea</strong></span> <span class='ocrx_word' id='word_1_335' title='bbox 1382 2663 1564 2735; x_wconf 83' lang='lat' dir='ltr'><strong>dirigit</strong></span> <span class='ocrx_word' id='word_1_336' title='bbox 1613 2678 1725 2729; x_wconf 86' lang='lat' dir='ltr'><strong>eos,</strong></span> <span class='ocrx_word' id='word_1_337' title='bbox 1754 2672 1809 2718; x_wconf 92' lang='lat' dir='ltr'><strong>ut</strong></span> <span class='ocrx_word' id='word_1_338' title='bbox 1853 2679 1977 2719; x_wconf 90' lang='lat' dir='ltr'><strong>eum</strong></span> <span class='ocrx_word' id='word_1_339' title='bbox 2012 2665 2158 2732; x_wconf 88' lang='lat' dir='ltr'><strong>vide-_</strong></span> 
     </span>
    </p>
   </div>
   <div class='ocr_carea' id='block_1_44' title="bbox 504 2755 2161 2827">
    <p class='ocr_par' dir='ltr' id='par_1_44' title="bbox 504 2755 2161 2827">
     <span class='ocr_line' id='line_1_44' title="bbox 504 2755 2161 2827; baseline 0.003 -20"><span class='ocrx_word' id='word_1_340' title='bbox 504 2799 512 2807; x_wconf 94' lang='lat'><strong>.</strong></span> <span class='ocrx_word' id='word_1_341' title='bbox 588 2765 711 2812; x_wconf 90' lang='lat' dir='ltr'><strong>rent</strong></span> <span class='ocrx_word' id='word_1_342' title='bbox 750 2771 872 2812; x_wconf 92' lang='lat' dir='ltr'><strong>eum</strong></span> <span class='ocrx_word' id='word_1_343' title='bbox 901 2758 1127 2813; x_wconf 88' lang='lat' dir='ltr'><strong>adorare</strong></span> <span class='ocrx_word' id='word_1_344' title='bbox 1159 2755 1408 2813; x_wconf 85' lang='lat' dir='ltr'><strong>custodes</strong></span> <span class='ocrx_word' id='word_1_345' title='bbox 1442 2756 1681 2820; x_wconf 85' lang='lat' dir='ltr'><strong>infantis,</strong></span> <span class='ocrx_word' id='word_1_346' title='bbox 1729 2765 1982 2826; x_wconf 87' lang='lat' dir='ltr'><strong>putarent</strong></span> <span class='ocrx_word' id='word_1_347' title='bbox 2018 2758 2161 2827; x_wconf 89' lang='lat' dir='ltr'><strong>quod</strong></span> 
     </span>
    </p>
   </div>
   <div class='ocr_carea' id='block_1_45' title="bbox 593 2843 2160 2915">
    <p class='ocr_par' dir='ltr' id='par_1_45' title="bbox 593 2843 2160 2915">
     <span class='ocr_line' id='line_1_45' title="bbox 593 2843 2160 2915; baseline -0.003 -13"><span class='ocrx_word' id='word_1_348' title='bbox 593 2846 842 2902; x_wconf 89' lang='lat' dir='ltr'><strong>similiter</strong></span> <span class='ocrx_word' id='word_1_349' title='bbox 860 2845 1020 2900; x_wconf 83' lang='lat' dir='ltr'><strong>vellet</strong></span> <span class='ocrx_word' id='word_1_350' title='bbox 1038 2845 1228 2901; x_wconf 75' lang='lat' dir='ltr'><strong>facere</strong></span> <span class='ocrx_word' id='word_1_351' title='bbox 1248 2844 1488 2900; x_wconf 81' lang='lat' dir='ltr'><strong>Herodes</strong></span> <span class='ocrx_word' id='word_1_352' title='bbox 1508 2852 1629 2915; x_wconf 91' lang='lat' dir='ltr'><strong>post</strong></span> <span class='ocrx_word' id='word_1_353' title='bbox 1651 2843 2014 2898; x_wconf 87' lang='lat' dir='ltr'><strong>reversionem</strong></span> <span class='ocrx_word' id='word_1_354' title='bbox 2045 2860 2160 2899; x_wconf 85' lang='lat' dir='ltr'><strong>ma-</strong></span> 
     </span>
    </p>
   </div>
   <div class='ocr_carea' id='block_1_46' title="bbox 582 2934 2158 3011">
    <p class='ocr_par' dir='ltr' id='par_1_46' title="bbox 582 2934 2158 3011">
     <span class='ocr_line' id='line_1_46' title="bbox 582 2934 2158 3011; baseline -0.003 -18"><span class='ocrx_word' id='word_1_355' title='bbox 582 2954 791 3011; x_wconf 84' lang='lat' dir='ltr'><strong>gorum.</strong></span> <span class='ocrx_word' id='word_1_356' title='bbox 824 2936 906 2991; x_wconf 87' lang='lat' dir='ltr'><strong>Ite</strong></span> <span class='ocrx_word' id='word_1_357' title='bbox 926 2947 975 2991; x_wconf 86' lang='lat' dir='ltr'><strong>et</strong></span> <span class='ocrx_word' id='word_1_358' title='bbox 1002 2937 1316 3007; x_wconf 79' lang='lat' dir='ltr'><strong>interrogate</strong></span> <span class='ocrx_word' id='word_1_359' title='bbox 1342 2934 1618 3006; x_wconf 79' lang='lat' dir='ltr'><strong>diligenter</strong></span> <span class='ocrx_word' id='word_1_360' title='bbox 1668 2934 1733 2989; x_wconf 88' lang='lat' dir='ltr'><strong>de</strong></span> <span class='ocrx_word' id='word_1_361' title='bbox 1756 2950 1937 3004; x_wconf 86' lang='lat' dir='ltr'><strong>puero,</strong></span> <span class='ocrx_word' id='word_1_362' title='bbox 1968 2944 2016 2989; x_wconf 89' lang='lat' dir='ltr'><strong>et</strong></span> <span class='ocrx_word' id='word_1_363' title='bbox 2043 2952 2158 2988; x_wconf 84' lang='lat' dir='ltr'><strong>rum</strong></span> 
     </span>
    </p>
   </div>
   <div class='ocr_carea' id='block_1_47' title="bbox 579 3028 2154 3099">
    <p class='ocr_par' dir='ltr' id='par_1_47' title="bbox 579 3028 2154 3099">
     <span class='ocr_line' id='line_1_47' title="bbox 579 3028 2154 3099; baseline -0.003 -12"><span class='ocrx_word' id='word_1_364' title='bbox 579 3033 894 3095; x_wconf 75' lang='lat' dir='ltr'><strong>inveneritis,</strong></span> <span class='ocrx_word' id='word_1_365' title='bbox 930 3032 1217 3086; x_wconf 77' lang='lat' dir='ltr'><strong>renuntiate</strong></span> <span class='ocrx_word' id='word_1_366' title='bbox 1250 3031 1398 3094; x_wconf 86' lang='lat' dir='ltr'><strong>mihi,</strong></span> <span class='ocrx_word' id='word_1_367' title='bbox 1429 3040 1485 3083; x_wconf 88' lang='lat' dir='ltr'><strong>ut</strong></span> <span class='ocrx_word' id='word_1_368' title='bbox 1514 3038 1560 3083; x_wconf 87' lang='lat' dir='ltr'><strong>et</strong></span> <span class='ocrx_word' id='word_1_369' title='bbox 1590 3045 1681 3099; x_wconf 86' lang='lat' dir='ltr'><strong>ego</strong></span> <span class='ocrx_word' id='word_1_370' title='bbox 1710 3030 1913 3083; x_wconf 82' lang='lat' dir='ltr'><strong>veniens</strong></span> <span class='ocrx_word' id='word_1_371' title='bbox 1943 3028 2154 3083; x_wconf 86' lang='lat' dir='ltr'><strong>adorem</strong></span> 
     </span>
    </p>
   </div>
   <div class='ocr_carea' id='block_1_48' title="bbox 2259 1836 3829 1914">
    <p class='ocr_par' dir='ltr' id='par_1_48' title="bbox 2259 1836 3829 1914">
     <span class='ocr_line' id='line_1_48' title="bbox 2259 1836 3829 1914; baseline 0.015 -27"><span class='ocrx_word' id='word_1_372' title='bbox 2259 1850 2383 1889; x_wconf 87' lang='lat' dir='ltr'><strong>cum</strong></span> <span class='ocrx_word' id='word_1_373' title='bbox 2415 1836 2538 1891; x_wconf 90' lang='lat' dir='ltr'><strong>lotis</strong></span> <span class='ocrx_word' id='word_1_374' title='bbox 2564 1839 2803 1894; x_wconf 89' lang='lat' dir='ltr'><strong>vestibus</strong></span> <span class='ocrx_word' id='word_1_375' title='bbox 2830 1841 2930 1896; x_wconf 91' lang='lat' dir='ltr'><strong>hoc</strong></span> <span class='ocrx_word' id='word_1_376' title='bbox 2956 1843 3284 1914; x_wconf 88' lang='lat' dir='ltr'><strong>colligerent.</strong></span> <span class='ocrx_word' id='word_1_377' title='bbox 3324 1848 3420 1904; x_wconf 83' lang='lat' dir='ltr'><strong>Est</strong></span> <span class='ocrx_word' id='word_1_378' title='bbox 3458 1862 3657 1913; x_wconf 82' lang='lat' dir='ltr'><strong>autem</strong></span> <span class='ocrx_word' id='word_1_379' title='bbox 3686 1858 3829 1911; x_wconf 64' lang='lat' dir='ltr'><strong>art-nr</strong></span> 
     </span>
    </p>
   </div>
   <div class='ocr_carea' id='block_1_49' title="bbox 2258 1930 3835 2013">
    <p class='ocr_par' dir='ltr' id='par_1_49' title="bbox 2258 1930 3835 2013">
     <span class='ocr_line' id='line_1_49' title="bbox 2258 1930 3835 2013; baseline 0.014 -30"><span class='ocrx_word' id='word_1_380' title='bbox 2258 1930 2468 1986; x_wconf 63' lang='lat' dir='ltr'><strong>Arabiae</strong></span> <span class='ocrx_word' id='word_1_381' title='bbox 2488 1935 2632 2001; x_wconf 90' lang='lat' dir='ltr'><strong>quod</strong></span> <span class='ocrx_word' id='word_1_382' title='bbox 2659 1933 2833 2003; x_wconf 91' lang='lat' dir='ltr'><strong>ipsum</strong></span> <span class='ocrx_word' id='word_1_383' title='bbox 2864 1933 2967 1991; x_wconf 86' lang='lat' dir='ltr'><strong>fert</strong></span> <span class='ocrx_word' id='word_1_384' title='bbox 2992 1938 3249 1995; x_wconf 90' lang='lat' dir='ltr'><strong>immensa</strong></span> <span class='ocrx_word' id='word_1_385' title='bbox 3296 1952 3463 2013; x_wconf 86' lang='lat' dir='ltr'><strong>atque</strong></span> <span class='ocrx_word' id='word_1_386' title='bbox 3504 1962 3753 2011; x_wconf 79' lang='lat' dir='ltr'><strong>ramosa,</strong></span> <span class='ocrx_word' id='word_1_387' title='bbox 3778 1952 3835 2005; x_wconf 74' lang='lat' dir='ltr'><strong>le-</strong></span> 
     </span>
    </p>
   </div>
   <div class='ocr_carea' id='block_1_50' title="bbox 2261 2023 3833 2102">
    <p class='ocr_par' dir='ltr' id='par_1_50' title="bbox 2261 2023 3833 2102">
     <span class='ocr_line' id='line_1_50' title="bbox 2261 2023 3833 2102; baseline 0.014 -27"><span class='ocrx_word' id='word_1_388' title='bbox 2261 2023 2465 2077; x_wconf 89' lang='lat' dir='ltr'><strong>nissimi</strong></span> <span class='ocrx_word' id='word_1_389' title='bbox 2511 2025 2751 2089; x_wconf 90' lang='lat' dir='ltr'><strong>corticis,</strong></span> <span class='ocrx_word' id='word_1_390' title='bbox 2801 2028 2868 2080; x_wconf 88' lang='lat' dir='ltr'><strong>ad</strong></span> <span class='ocrx_word' id='word_1_391' title='bbox 2910 2030 3083 2084; x_wconf 81' lang='lat' dir='ltr'><strong>accris</strong></span> <span class='ocrx_word' id='word_1_392' title='bbox 3125 2032 3462 2102; x_wconf 81' lang='lat' dir='ltr'><strong>qualitatem,</strong></span> <span class='ocrx_word' id='word_1_393' title='bbox 3513 2039 3575 2093; x_wconf 90' lang='lat' dir='ltr'><strong>in</strong></span> <span class='ocrx_word' id='word_1_394' title='bbox 3639 2043 3833 2096; x_wconf 72' lang='lat' dir='ltr'><strong>nioduis</strong></span> 
     </span>
    </p>
   </div>
   <div class='ocr_carea' id='block_1_51' title="bbox 2261 2115 3833 2195">
    <p class='ocr_par' dir='ltr' id='par_1_51' title="bbox 2261 2115 3833 2195">
     <span class='ocr_line' id='line_1_51' title="bbox 2261 2115 3833 2195; baseline 0.013 -27"><span class='ocrx_word' id='word_1_395' title='bbox 2261 2115 2557 2184; x_wconf 70' lang='lat' dir='ltr'><strong>amigdalas,</strong></span> <span class='ocrx_word' id='word_1_396' title='bbox 2589 2116 2819 2173; x_wconf 83' lang='lat' dir='ltr'><strong>fundens</strong></span> <span class='ocrx_word' id='word_1_397' title='bbox 2871 2123 3223 2177; x_wconf 88' lang='lat' dir='ltr'><strong>aromaticum</strong></span> <span class='ocrx_word' id='word_1_398' title='bbox 3270 2141 3496 2182; x_wconf 87' lang='lat' dir='ltr'><strong>succum</strong></span> <span class='ocrx_word' id='word_1_399' title='bbox 3549 2130 3762 2195; x_wconf 87' lang='lat' dir='ltr'><strong>album,</strong></span> <span class='ocrx_word' id='word_1_400' title='bbox 3789 2145 3833 2188; x_wconf 79' lang='lat' dir='ltr'><strong>et</strong></span> 
     </span>
    </p>
   </div>
   <div class='ocr_carea' id='block_1_52' title="bbox 2259 2209 3836 2296">
    <p class='ocr_par' dir='ltr' id='par_1_52' title="bbox 2259 2209 3836 2296">
     <span class='ocr_line' id='line_1_52' title="bbox 2259 2209 3836 2296; baseline 0.011 -33"><span class='ocrx_word' id='word_1_401' title='bbox 2259 2223 2379 2263; x_wconf 84' lang='lat' dir='ltr'><strong>cum</strong></span> <span class='ocrx_word' id='word_1_402' title='bbox 2410 2209 2674 2282; x_wconf 81' lang='lat' dir='ltr'><strong>frangitur</strong></span> <span class='ocrx_word' id='word_1_403' title='bbox 2704 2213 2990 2269; x_wconf 84' lang='lat' dir='ltr'><strong>resolvitur</strong></span> <span class='ocrx_word' id='word_1_404' title='bbox 3017 2216 3069 2269; x_wconf 92' lang='lat' dir='ltr'><strong>in</strong></span> <span class='ocrx_word' id='word_1_405' title='bbox 3108 2218 3404 2286; x_wconf 78' lang='lat' dir='ltr'><strong>pulverem,</strong></span> <span class='ocrx_word' id='word_1_406' title='bbox 3453 2232 3512 2276; x_wconf 89' lang='lat' dir='ltr'><strong>et</strong></span> <span class='ocrx_word' id='word_1_407' title='bbox 3542 2224 3663 2294; x_wconf 80' lang='lat' dir='ltr'><strong>igni</strong></span> <span class='ocrx_word' id='word_1_408' title='bbox 3693 2242 3836 2296; x_wconf 74' lang='lat' dir='ltr'><strong>appo-</strong></span> 
     </span>
    </p>
   </div>
   <div class='ocr_carea' id='block_1_53' title="bbox 2260 2298 3829 2380">
    <p class='ocr_par' dir='ltr' id='par_1_53' title="bbox 2260 2298 3829 2380">
     <span class='ocr_line' id='line_1_53' title="bbox 2260 2298 3829 2380; baseline 0.012 -28"><span class='ocrx_word' id='word_1_409' title='bbox 2260 2298 2422 2352; x_wconf 87' lang='lat' dir='ltr'><strong>situm</strong></span> <span class='ocrx_word' id='word_1_410' title='bbox 2455 2300 2686 2354; x_wconf 87' lang='lat' dir='ltr'><strong>ardescit</strong></span> <span class='ocrx_word' id='word_1_411' title='bbox 2724 2302 2899 2368; x_wconf 73' lang='lat' dir='ltr'><strong>facile,</strong></span> <span class='ocrx_word' id='word_1_412' title='bbox 2928 2314 2982 2359; x_wconf 88' lang='lat' dir='ltr'><strong>et</strong></span> <span class='ocrx_word' id='word_1_413' title='bbox 3009 2308 3309 2376; x_wconf 84' lang='lat' dir='ltr'><strong>appellatur</strong></span> <span class='ocrx_word' id='word_1_414' title='bbox 3331 2312 3472 2380; x_wconf 88' lang='lat' dir='ltr'><strong>apud</strong></span> <span class='ocrx_word' id='word_1_415' title='bbox 3504 2330 3617 2368; x_wconf 88' lang='lat' dir='ltr'><strong>nos</strong></span> <span class='ocrx_word' id='word_1_416' title='bbox 3644 2332 3829 2370; x_wconf 81' lang='lat' dir='ltr'><strong>mascu-</strong></span> 
     </span>
    </p>
   </div>
   <div class='ocr_carea' id='block_1_54' title="bbox 2259 2388 3829 2463">
    <p class='ocr_par' dir='ltr' id='par_1_54' title="bbox 2259 2388 3829 2463">
     <span class='ocr_line' id='line_1_54' title="bbox 2259 2388 3829 2463; baseline 0.013 -20"><span class='ocrx_word' id='word_1_417' title='bbox 2259 2388 2362 2455; x_wconf 91' lang='lat' dir='ltr'><strong>lus,</strong></span> <span class='ocrx_word' id='word_1_418' title='bbox 2413 2406 2478 2446; x_wconf 90' lang='lat' dir='ltr'><strong>eo</strong></span> <span class='ocrx_word' id='word_1_419' title='bbox 2505 2394 2648 2461; x_wconf 90' lang='lat' dir='ltr'><strong>quod</strong></span> <span class='ocrx_word' id='word_1_420' title='bbox 2676 2394 2747 2448; x_wconf 89' lang='lat' dir='ltr'><strong>sit</strong></span> <span class='ocrx_word' id='word_1_421' title='bbox 2779 2398 3085 2463; x_wconf 88' lang='lat' dir='ltr'><strong>rotundum,</strong></span> <span class='ocrx_word' id='word_1_422' title='bbox 3134 2399 3186 2452; x_wconf 88' lang='lat' dir='ltr'><strong>in</strong></span> <span class='ocrx_word' id='word_1_423' title='bbox 3217 2401 3573 2458; x_wconf 87' lang='lat' dir='ltr'><strong>similitudine</strong></span> <span class='ocrx_word' id='word_1_424' title='bbox 3634 2408 3829 2462; x_wconf 63' lang='grc' dir='ltr'><strong>ιεέΰαο</strong></span> 
     </span>
    </p>
   </div>
   <div class='ocr_carea' id='block_1_55' title="bbox 2260 2480 3829 2562">
    <p class='ocr_par' dir='ltr' id='par_1_55' title="bbox 2260 2480 3829 2562">
     <span class='ocr_line' id='line_1_55' title="bbox 2260 2480 3829 2562; baseline 0.014 -30"><span class='ocrx_word' id='word_1_425' title='bbox 2260 2480 2453 2536; x_wconf 86' lang='lat' dir='ltr'><strong>lorum.</strong></span> <span class='ocrx_word' id='word_1_426' title='bbox 2482 2482 2627 2538; x_wconf 80' lang='lat' dir='ltr'><strong>Istud</strong></span> <span class='ocrx_word' id='word_1_427' title='bbox 2654 2493 2739 2539; x_wconf 86' lang='lat' dir='ltr'><strong>est</strong></span> <span class='ocrx_word' id='word_1_428' title='bbox 2765 2486 3027 2555; x_wconf 90' lang='lat' dir='ltr'><strong>optimum</strong></span> <span class='ocrx_word' id='word_1_429' title='bbox 3055 2504 3069 2553; x_wconf 91' lang='lat'><strong>;</strong></span> <span class='ocrx_word' id='word_1_430' title='bbox 3099 2489 3360 2560; x_wconf 89' lang='lat' dir='ltr'><strong>reliquum</strong></span> <span class='ocrx_word' id='word_1_431' title='bbox 3388 2492 3629 2562; x_wconf 87' lang='lat' dir='ltr'><strong>planum</strong></span> <span class='ocrx_word' id='word_1_432' title='bbox 3664 2509 3829 2553; x_wconf 66' lang='lat' dir='ltr'><strong>etsu-</strong></span> 
     </span>
    </p>
   </div>
   <div class='ocr_carea' id='block_1_56' title="bbox 2230 2571 3829 2651">
    <p class='ocr_par' dir='ltr' id='par_1_56' title="bbox 2230 2571 3829 2651">
     <span class='ocr_line' id='line_1_56' title="bbox 2230 2571 3829 2651; baseline 0.011 -26"><span class='ocrx_word' id='word_1_433' title='bbox 2230 2571 2476 2627; x_wconf 86' lang='lat' dir='ltr'><strong>’brosum</strong></span> <span class='ocrx_word' id='word_1_434' title='bbox 2501 2590 2517 2638; x_wconf 90' lang='lat'><strong>;</strong></span> <span class='ocrx_word' id='word_1_435' title='bbox 2549 2584 2604 2628; x_wconf 79' lang='lat' dir='ltr'><strong>et</strong></span> <span class='ocrx_word' id='word_1_436' title='bbox 2628 2575 2730 2630; x_wconf 89' lang='lat' dir='ltr'><strong>hoc</strong></span> <span class='ocrx_word' id='word_1_437' title='bbox 2760 2575 2918 2631; x_wconf 88' lang='lat' dir='ltr'><strong>vilius</strong></span> <span class='ocrx_word' id='word_1_438' title='bbox 2941 2586 3044 2640; x_wconf 90' lang='lat' dir='ltr'><strong>est,</strong></span> <span class='ocrx_word' id='word_1_439' title='bbox 3073 2588 3128 2633; x_wconf 89' lang='lat' dir='ltr'><strong>et</strong></span> <span class='ocrx_word' id='word_1_440' title='bbox 3149 2581 3347 2635; x_wconf 83' lang='lat' dir='ltr'><strong>dictum</strong></span> <span class='ocrx_word' id='word_1_441' title='bbox 3369 2592 3454 2637; x_wconf 87' lang='lat' dir='ltr'><strong>est</strong></span> <span class='ocrx_word' id='word_1_442' title='bbox 3484 2599 3515 2637; x_wconf 87' lang='lat' dir='ltr'><strong>a</strong></span> <span class='ocrx_word' id='word_1_443' title='bbox 3545 2586 3829 2651; x_wconf 80' lang='lat' dir='ltr'><strong>tundendo,</strong></span> 
     </span>
    </p>
   </div>
   <div class='ocr_carea' id='block_1_57' title="bbox 2258 2665 3834 2743">
    <p class='ocr_par' dir='ltr' id='par_1_57' title="bbox 2258 2665 3834 2743">
     <span class='ocr_line' id='line_1_57' title="bbox 2258 2665 3834 2743; baseline 0.011 -25"><span class='ocrx_word' id='word_1_444' title='bbox 2258 2665 2309 2719; x_wconf 90' lang='lat' dir='ltr'><strong>id</strong></span> <span class='ocrx_word' id='word_1_445' title='bbox 2333 2675 2417 2720; x_wconf 92' lang='lat' dir='ltr'><strong>est</strong></span> <span class='ocrx_word' id='word_1_446' title='bbox 2437 2667 2806 2736; x_wconf 89' lang='lat' dir='ltr'><strong>percutiendo,</strong></span> <span class='ocrx_word' id='word_1_447' title='bbox 2852 2684 2918 2724; x_wconf 90' lang='lat' dir='ltr'><strong>eo</strong></span> <span class='ocrx_word' id='word_1_448' title='bbox 2947 2671 3089 2742; x_wconf 89' lang='lat' dir='ltr'><strong>quod</strong></span> <span class='ocrx_word' id='word_1_449' title='bbox 3115 2672 3203 2725; x_wconf 89' lang='lat' dir='ltr'><strong>ubi</strong></span> <span class='ocrx_word' id='word_1_450' title='bbox 3246 2677 3509 2743; x_wconf 71' lang='lat' dir='ltr'><strong>permissa</strong></span> <span class='ocrx_word' id='word_1_451' title='bbox 3538 2679 3715 2734; x_wconf 79' lang='lat' dir='ltr'><strong>arbor</strong></span> <span class='ocrx_word' id='word_1_452' title='bbox 3738 2681 3834 2733; x_wconf 74' lang='lat' dir='ltr'><strong>fue-</strong></span> 
     </span>
    </p>
   </div>
   <div class='ocr_carea' id='block_1_58' title="bbox 2257 2756 3833 2829">
    <p class='ocr_par' dir='ltr' id='par_1_58' title="bbox 2257 2756 3833 2829">
     <span class='ocr_line' id='line_1_58' title="bbox 2257 2756 3833 2829; baseline 0.009 -19"><span class='ocrx_word' id='word_1_453' title='bbox 2257 2756 2348 2821; x_wconf 90' lang='lat' dir='ltr'><strong>rit,</strong></span> <span class='ocrx_word' id='word_1_454' title='bbox 2383 2757 2459 2812; x_wconf 88' lang='lat' dir='ltr'><strong>ibi</strong></span> <span class='ocrx_word' id='word_1_455' title='bbox 2486 2758 2737 2829; x_wconf 83' lang='lat' dir='ltr'><strong>amplius</strong></span> <span class='ocrx_word' id='word_1_456' title='bbox 2786 2760 2917 2813; x_wconf 82' lang='lat' dir='ltr'><strong>exit.</strong></span> <span class='ocrx_word' id='word_1_457' title='bbox 2978 2760 3091 2816; x_wconf 81' lang='lat' dir='ltr'><strong>[loc</strong></span> <span class='ocrx_word' id='word_1_458' title='bbox 3136 2771 3189 2815; x_wconf 92' lang='lat' dir='ltr'><strong>et</strong></span> <span class='ocrx_word' id='word_1_459' title='bbox 3235 2762 3505 2819; x_wconf 85' lang='lat' dir='ltr'><strong>Libanum</strong></span> <span class='ocrx_word' id='word_1_460' title='bbox 3556 2779 3833 2823; x_wconf 65' lang='lat' dir='ltr'><strong>vocnt-ra</strong></span> 
     </span>
    </p>
   </div>
   <div class='ocr_carea' id='block_1_59' title="bbox 2258 2847 3827 2922">
    <p class='ocr_par' dir='ltr' id='par_1_59' title="bbox 2258 2847 3827 2922">
     <span class='ocr_line' id='line_1_59' title="bbox 2258 2847 3827 2922; baseline 0.007 -20"><span class='ocrx_word' id='word_1_461' title='bbox 2258 2856 2438 2902; x_wconf 89' lang='lat' dir='ltr'><strong>monte</strong></span> <span class='ocrx_word' id='word_1_462' title='bbox 2486 2847 2718 2913; x_wconf 61' lang='lat' dir='ltr'><strong>Arabiae,</strong></span> <span class='ocrx_word' id='word_1_463' title='bbox 2768 2850 2857 2903; x_wconf 82' lang='lat' dir='ltr'><strong>ub‘i</strong></span> <span class='ocrx_word' id='word_1_464' title='bbox 2888 2849 3061 2906; x_wconf 70' lang='lat' dir='ltr'><strong>Sabaei</strong></span> <span class='ocrx_word' id='word_1_465' title='bbox 3090 2861 3233 2916; x_wconf 90' lang='lat' dir='ltr'><strong>sunt,</strong></span> <span class='ocrx_word' id='word_1_466' title='bbox 3277 2854 3401 2922; x_wconf 85' lang='lat' dir='ltr'><strong>quia</strong></span> <span class='ocrx_word' id='word_1_467' title='bbox 3433 2871 3601 2912; x_wconf 86' lang='lat' dir='ltr'><strong>mons</strong></span> <span class='ocrx_word' id='word_1_468' title='bbox 3654 2872 3827 2913; x_wconf 70' lang='lat' dir='ltr'><strong>eorum</strong></span> 
     </span>
    </p>
   </div>
   <div class='ocr_carea' id='block_1_60' title="bbox 2256 2941 3836 3016">
    <p class='ocr_par' dir='ltr' id='par_1_60' title="bbox 2256 2941 3836 3016">
     <span class='ocr_line' id='line_1_60' title="bbox 2256 2941 3836 3016; baseline 0.004 -20"><span class='ocrx_word' id='word_1_469' title='bbox 2256 2941 2493 2996; x_wconf 81' lang='lat' dir='ltr'><strong>Libanus</strong></span> <span class='ocrx_word' id='word_1_470' title='bbox 2516 2941 2711 2996; x_wconf 89' lang='lat' dir='ltr'><strong>dicitur</strong></span> <span class='ocrx_word' id='word_1_471' title='bbox 2737 2942 2828 2996; x_wconf 91' lang='lat' dir='ltr'><strong>ubi</strong></span> <span class='ocrx_word' id='word_1_472' title='bbox 2858 2942 3015 2997; x_wconf 85' lang='lat' dir='ltr'><strong>thura</strong></span> <span class='ocrx_word' id='word_1_473' title='bbox 3042 2943 3385 3015; x_wconf 88' lang='lat' dir='ltr'><strong>colliguntur.</strong></span> <span class='ocrx_word' id='word_1_474' title='bbox 3438 2946 3728 3016; x_wconf 62' lang='lat' dir='ltr'><strong>Myrrham</strong></span> <span class='ocrx_word' id='word_1_475' title='bbox 3760 2952 3836 3003; x_wconf 64' lang='lat' dir='ltr'><strong>dr-</strong></span> 
     </span>
    </p>
   </div>
   <div class='ocr_carea' id='block_1_61' title="bbox 2258 3032 3836 3111">
    <p class='ocr_par' dir='ltr' id='par_1_61' title="bbox 2258 3032 3836 3111">
     <span class='ocr_line' id='line_1_61' title="bbox 2258 3032 3836 3111; baseline 0.006 -28"><span class='ocrx_word' id='word_1_476' title='bbox 2258 3032 2475 3096; x_wconf 75' lang='lat' dir='ltr'><strong>derunt,</strong></span> <span class='ocrx_word' id='word_1_477' title='bbox 2496 3032 2623 3101; x_wconf 87' lang='lat' dir='ltr'><strong>quia</strong></span> <span class='ocrx_word' id='word_1_478' title='bbox 2657 3032 2978 3087; x_wconf 89' lang='lat' dir='ltr'><strong>moriturum</strong></span> <span class='ocrx_word' id='word_1_479' title='bbox 3020 3049 3119 3104; x_wconf 88' lang='lat' dir='ltr'><strong>pro</strong></span> <span class='ocrx_word' id='word_1_480' title='bbox 3148 3036 3329 3090; x_wconf 90' lang='lat' dir='ltr'><strong>mundi</strong></span> <span class='ocrx_word' id='word_1_481' title='bbox 3360 3036 3539 3093; x_wconf 81' lang='lat' dir='ltr'><strong>salute</strong></span> <span class='ocrx_word' id='word_1_482' title='bbox 3576 3055 3836 3111; x_wconf 77' lang='lat' dir='ltr'><strong>cognove-</strong></span> 
     </span>
    </p>
   </div>
   <div class='ocr_carea' id='block_1_62' title="bbox 581 3104 3835 3195">
    <p class='ocr_par' dir='ltr' id='par_1_62' title="bbox 581 3104 3835 3195">
     <span class='ocr_line' id='line_1_62' title="bbox 581 3104 3835 3195; baseline 0.003 -19"><span class='ocrx_word' id='word_1_483' title='bbox 581 3140 720 3177; x_wconf 86' lang='lat' dir='ltr'><strong>eum.</strong></span> <span class='ocrx_word' id='word_1_484' title='bbox 751 3123 975 3192; x_wconf 79' lang='lat' dir='ltr'><strong>Aspexit</strong></span> <span class='ocrx_word' id='word_1_485' title='bbox 1008 3121 1245 3177; x_wconf 79' lang='lat' dir='ltr'><strong>Herodes</strong></span> <span class='ocrx_word' id='word_1_486' title='bbox 1288 3130 1343 3175; x_wconf 90' lang='lat' dir='ltr'><strong>et</strong></span> <span class='ocrx_word' id='word_1_487' title='bbox 1391 3120 1674 3195; x_wconf 27' lang='lat' dir='ltr'><strong>intellexit.</strong></span> <span class='ocrx_word' id='word_1_488' title='bbox 1698 3120 1824 3190; x_wconf 92' lang='lat' dir='ltr'><strong>quia</strong></span> <span class='ocrx_word' id='word_1_489' title='bbox 1875 3120 1961 3175; x_wconf 90' lang='lat' dir='ltr'><strong>isti</strong></span> <span class='ocrx_word' id='word_1_490' title='bbox 2015 3120 2151 3189; x_wconf 81' lang='lat' dir='ltr'><strong>magi</strong></span> <span class='ocrx_word' id='word_1_491' title='bbox 2181 3104 2225 3164; x_wconf 65' lang='grc' dir='ltr'><strong>(ἒ</strong></span> <span class='ocrx_word' id='word_1_492' title='bbox 2258 3128 2402 3173; x_wconf 89' lang='lat' dir='ltr'><strong>runt.</strong></span> <span class='ocrx_word' id='word_1_493' title='bbox 2429 3120 2553 3175; x_wconf 83' lang='lat' dir='ltr'><strong>Fuit</strong></span> <span class='ocrx_word' id='word_1_494' title='bbox 2573 3122 2715 3175; x_wconf 90' lang='lat' dir='ltr'><strong>enim</strong></span> <span class='ocrx_word' id='word_1_495' title='bbox 2745 3125 3078 3178; x_wconf 88' lang='lat' dir='ltr'><strong>consuetudo</strong></span> <span class='ocrx_word' id='word_1_496' title='bbox 3106 3126 3245 3192; x_wconf 88' lang='lat' dir='ltr'><strong>apud</strong></span> <span class='ocrx_word' id='word_1_497' title='bbox 3276 3125 3498 3192; x_wconf 85' lang='lat' dir='ltr'><strong>multos,</strong></span> <span class='ocrx_word' id='word_1_498' title='bbox 3529 3137 3589 3183; x_wconf 88' lang='lat' dir='ltr'><strong>et</strong></span> <span class='ocrx_word' id='word_1_499' title='bbox 3614 3104 3835 3185; x_wconf 60' lang='lat' dir='ltr'><strong>maxine</strong></span> 
     </span>
    </p>
   </div>
   <div class='ocr_carea' id='block_1_63' title="bbox 580 3209 2154 3289">
    <p class='ocr_par' dir='ltr' id='par_1_63' title="bbox 580 3209 2154 3289">
     <span class='ocr_line' id='line_1_63' title="bbox 580 3209 2154 3289; baseline -0.003 -19"><span class='ocrx_word' id='word_1_500' title='bbox 580 3215 764 3270; x_wconf 81' lang='lat' dir='ltr'><strong>ﬁdeles</strong></span> <span class='ocrx_word' id='word_1_501' title='bbox 793 3222 946 3268; x_wconf 90' lang='lat' dir='ltr'><strong>erant</strong></span> <span class='ocrx_word' id='word_1_502' title='bbox 979 3212 1091 3280; x_wconf 89' lang='lat' dir='ltr'><strong>jam</strong></span> <span class='ocrx_word' id='word_1_503' title='bbox 1117 3212 1233 3282; x_wconf 90' lang='lat' dir='ltr'><strong>ejus</strong></span> <span class='ocrx_word' id='word_1_504' title='bbox 1277 3226 1435 3282; x_wconf 90' lang='lat' dir='ltr'><strong>quem</strong></span> <span class='ocrx_word' id='word_1_505' title='bbox 1482 3209 1813 3289; x_wconf 66' lang='lat' dir='ltr'><strong>quaerebant,</strong></span> <span class='ocrx_word' id='word_1_506' title='bbox 1868 3221 2154 3281; x_wconf 80' lang='lat' dir='ltr'><strong>propterea</strong></span> 
     </span>
    </p>
   </div>
   <div class='ocr_carea' id='block_1_64' title="bbox 579 3300 2155 3368">
    <p class='ocr_par' dir='ltr' id='par_1_64' title="bbox 579 3300 2155 3368">
     <span class='ocr_line' id='line_1_64' title="bbox 579 3300 2155 3368; baseline -0.003 -7"><span class='ocrx_word' id='word_1_507' title='bbox 579 3305 712 3361; x_wconf 89' lang='lat' dir='ltr'><strong>dicit</strong></span> <span class='ocrx_word' id='word_1_508' title='bbox 739 3321 798 3361; x_wconf 88' lang='lat' dir='ltr'><strong>se</strong></span> <span class='ocrx_word' id='word_1_509' title='bbox 827 3305 963 3360; x_wconf 91' lang='lat' dir='ltr'><strong>velle</strong></span> <span class='ocrx_word' id='word_1_510' title='bbox 992 3318 1113 3359; x_wconf 90' lang='lat' dir='ltr'><strong>eum</strong></span> <span class='ocrx_word' id='word_1_511' title='bbox 1160 3303 1416 3368; x_wconf 90' lang='lat' dir='ltr'><strong>adorare;</strong></span> <span class='ocrx_word' id='word_1_512' title='bbox 1451 3303 1611 3357; x_wconf 91' lang='lat' dir='ltr'><strong>etiam</strong></span> <span class='ocrx_word' id='word_1_513' title='bbox 1649 3311 1705 3357; x_wconf 91' lang='lat' dir='ltr'><strong>et</strong></span> <span class='ocrx_word' id='word_1_514' title='bbox 1738 3300 1936 3357; x_wconf 70' lang='lat' dir='ltr'><strong>Judaeis</strong></span> <span class='ocrx_word' id='word_1_515' title='bbox 1988 3303 2155 3356; x_wconf 90' lang='lat' dir='ltr'><strong>noluit</strong></span> 
     </span>
    </p>
   </div>
   <div class='ocr_carea' id='block_1_65' title="bbox 582 3391 2152 3464">
    <p class='ocr_par' dir='ltr' id='par_1_65' title="bbox 582 3391 2152 3464">
     <span class='ocr_line' id='line_1_65' title="bbox 582 3391 2152 3464; baseline -0.002 -14"><span class='ocrx_word' id='word_1_516' title='bbox 582 3394 848 3460; x_wconf 85' lang='lat' dir='ltr'><strong>conﬁteri,</strong></span> <span class='ocrx_word' id='word_1_517' title='bbox 881 3394 1005 3464; x_wconf 86' lang='lat' dir='ltr'><strong>quia</strong></span> <span class='ocrx_word' id='word_1_518' title='bbox 1040 3394 1246 3449; x_wconf 87' lang='lat' dir='ltr'><strong>sciebat</strong></span> <span class='ocrx_word' id='word_1_519' title='bbox 1271 3392 1414 3462; x_wconf 91' lang='lat' dir='ltr'><strong>quod</strong></span> <span class='ocrx_word' id='word_1_520' title='bbox 1436 3406 1559 3448; x_wconf 92' lang='lat' dir='ltr'><strong>eum</strong></span> <span class='ocrx_word' id='word_1_521' title='bbox 1591 3391 1823 3455; x_wconf 86' lang='lat' dir='ltr'><strong>odirent,</strong></span> <span class='ocrx_word' id='word_1_522' title='bbox 1852 3400 1908 3447; x_wconf 90' lang='lat' dir='ltr'><strong>et</strong></span> <span class='ocrx_word' id='word_1_523' title='bbox 1948 3392 2015 3447; x_wconf 91' lang='lat' dir='ltr'><strong>de</strong></span> <span class='ocrx_word' id='word_1_524' title='bbox 2054 3408 2152 3447; x_wconf 88' lang='lat' dir='ltr'><strong>sua</strong></span> 
     </span>
    </p>
   </div>
   <div class='ocr_carea' id='block_1_66' title="bbox 581 3481 2150 3557">
    <p class='ocr_par' dir='ltr' id='par_1_66' title="bbox 581 3481 2150 3557">
     <span class='ocr_line' id='line_1_66' title="bbox 581 3481 2150 3557; baseline -0.002 -16"><span class='ocrx_word' id='word_1_525' title='bbox 581 3493 744 3557; x_wconf 85' lang='lat' dir='ltr'><strong>gente</strong></span> <span class='ocrx_word' id='word_1_526' title='bbox 776 3499 955 3556; x_wconf 85' lang='lat' dir='ltr'><strong>regem</strong></span> <span class='ocrx_word' id='word_1_527' title='bbox 986 3483 1245 3555; x_wconf 83' lang='lat' dir='ltr'><strong>gestirem</strong></span> <span class='ocrx_word' id='word_1_528' title='bbox 1271 3482 1407 3539; x_wconf 89' lang='lat' dir='ltr'><strong>fore.</strong></span> <span class='ocrx_word' id='word_1_529' title='bbox 1437 3481 1543 3539; x_wconf 89' lang='lat' dir='ltr'><strong>Sed</strong></span> <span class='ocrx_word' id='word_1_530' title='bbox 1571 3482 1617 3538; x_wconf 91' lang='lat' dir='ltr'><strong>si</strong></span> <span class='ocrx_word' id='word_1_531' title='bbox 1646 3481 1851 3537; x_wconf 84' lang='lat' dir='ltr'><strong>latebat</strong></span> <span class='ocrx_word' id='word_1_532' title='bbox 1884 3483 2150 3549; x_wconf 88' lang='lat' dir='ltr'><strong>homines,</strong></span> 
     </span>
    </p>
   </div>
   <div class='ocr_carea' id='block_1_67' title="bbox 580 3573 2156 3649">
    <p class='ocr_par' dir='ltr' id='par_1_67' title="bbox 580 3573 2156 3649">
     <span class='ocr_line' id='line_1_67' title="bbox 580 3573 2156 3649; baseline 0.001 -19"><span class='ocrx_word' id='word_1_533' title='bbox 580 3592 688 3631; x_wconf 90' lang='lat' dir='ltr'><strong>non</strong></span> <span class='ocrx_word' id='word_1_534' title='bbox 726 3574 924 3630; x_wconf 85' lang='lat' dir='ltr'><strong>latebat</strong></span> <span class='ocrx_word' id='word_1_535' title='bbox 955 3588 1077 3628; x_wconf 89' lang='lat' dir='ltr'><strong>eum</strong></span> <span class='ocrx_word' id='word_1_536' title='bbox 1107 3573 1199 3643; x_wconf 90' lang='lat' dir='ltr'><strong>qui</strong></span> <span class='ocrx_word' id='word_1_537' title='bbox 1220 3581 1338 3627; x_wconf 89' lang='lat' dir='ltr'><strong>erat</strong></span> <span class='ocrx_word' id='word_1_538' title='bbox 1377 3575 1681 3644; x_wconf 90' lang='lat' dir='ltr'><strong>incorpore</strong></span> <span class='ocrx_word' id='word_1_539' title='bbox 1723 3590 1922 3649; x_wconf 78' lang='lat' dir='ltr'><strong>parvo,</strong></span> <span class='ocrx_word' id='word_1_540' title='bbox 1954 3577 2044 3645; x_wconf 91' lang='lat' dir='ltr'><strong>qui</strong></span> <span class='ocrx_word' id='word_1_541' title='bbox 2069 3592 2156 3631; x_wconf 87' lang='lat' dir='ltr'><strong>so-</strong></span> 
     </span>
    </p>
   </div>
   <div class='ocr_carea' id='block_1_68' title="bbox 585 3664 2154 3738">
    <p class='ocr_par' dir='ltr' id='par_1_68' title="bbox 585 3664 2154 3738">
     <span class='ocr_line' id='line_1_68' title="bbox 585 3664 2154 3738; baseline 0.003 -20"><span class='ocrx_word' id='word_1_542' title='bbox 585 3664 671 3721; x_wconf 90' lang='lat' dir='ltr'><strong>lus</strong></span> <span class='ocrx_word' id='word_1_543' title='bbox 703 3666 976 3720; x_wconf 84' lang='lat' dir='ltr'><strong>hominum</strong></span> <span class='ocrx_word' id='word_1_544' title='bbox 1008 3666 1173 3718; x_wconf 86' lang='lat' dir='ltr'><strong>corda</strong></span> <span class='ocrx_word' id='word_1_545' title='bbox 1216 3664 1565 3738; x_wconf 70' lang='lat' dir='ltr'><strong>agnoscebat.</strong></span> <span class='ocrx_word' id='word_1_546' title='bbox 1626 3664 1760 3720; x_wconf 88' lang='lat' dir='ltr'><strong>Nam</strong></span> <span class='ocrx_word' id='word_1_547' title='bbox 1811 3668 1936 3738; x_wconf 88' lang='lat' dir='ltr'><strong>quia</strong></span> <span class='ocrx_word' id='word_1_548' title='bbox 1973 3667 2154 3723; x_wconf 82' lang='lat' dir='ltr'><strong>fideles</strong></span> 
     </span>
    </p>
   </div>
   <div class='ocr_carea' id='block_1_69' title="bbox 576 3730 2153 3827">
    <p class='ocr_par' dir='ltr' id='par_1_69' title="bbox 576 3730 2153 3827">
     <span class='ocr_line' id='line_1_69' title="bbox 576 3730 2153 3827; baseline 0.001 -18"><span class='ocrx_word' id='word_1_549' title='bbox 576 3763 734 3810; x_wconf 88' lang='lat' dir='ltr'><strong>erant</strong></span> <span class='ocrx_word' id='word_1_550' title='bbox 760 3769 949 3824; x_wconf 88' lang='lat' dir='ltr'><strong>puero,</strong></span> <span class='ocrx_word' id='word_1_551' title='bbox 977 3752 1045 3807; x_wconf 86' lang='lat' dir='ltr'><strong>ad</strong></span> <span class='ocrx_word' id='word_1_552' title='bbox 1071 3730 1336 3807; x_wconf 64' lang='lat' dir='ltr'><strong>Herodem</strong></span> <span class='ocrx_word' id='word_1_553' title='bbox 1359 3754 1560 3808; x_wconf 87' lang='lat' dir='ltr'><strong>reversi</strong></span> <span class='ocrx_word' id='word_1_554' title='bbox 1598 3763 1779 3809; x_wconf 88' lang='lat' dir='ltr'><strong>essent</strong></span> <span class='ocrx_word' id='word_1_555' title='bbox 1797 3756 1898 3809; x_wconf 85' lang='lat' dir='ltr'><strong>nisi</strong></span> <span class='ocrx_word' id='word_1_556' title='bbox 1932 3772 1962 3810; x_wconf 92' lang='lat' dir='ltr'><strong>a</strong></span> <span class='ocrx_word' id='word_1_557' title='bbox 1987 3771 2153 3827; x_wconf 86' lang='lat' dir='ltr'><strong>puero</strong></span> 
     </span>
    </p>
   </div>
   <div class='ocr_carea' id='block_1_70' title="bbox 579 3841 2150 3915">
    <p class='ocr_par' dir='ltr' id='par_1_70' title="bbox 579 3841 2150 3915">
     <span class='ocr_line' id='line_1_70' title="bbox 579 3841 2150 3915; baseline -0.001 -16"><span class='ocrx_word' id='word_1_558' title='bbox 579 3843 633 3899; x_wconf 93' lang='lat' dir='ltr'><strong>in</strong></span> <span class='ocrx_word' id='word_1_559' title='bbox 662 3843 869 3900; x_wconf 91' lang='lat' dir='ltr'><strong>somnis</strong></span> <span class='ocrx_word' id='word_1_560' title='bbox 899 3843 1157 3913; x_wconf 88' lang='lat' dir='ltr'><strong>prohibiti</strong></span> <span class='ocrx_word' id='word_1_561' title='bbox 1185 3850 1387 3898; x_wconf 89' lang='lat' dir='ltr'><strong>essent.</strong></span> <span class='ocrx_word' id='word_1_562' title='bbox 1423 3841 1489 3896; x_wconf 85' lang='lat' dir='ltr'><strong>Et</strong></span> <span class='ocrx_word' id='word_1_563' title='bbox 1512 3859 1626 3897; x_wconf 77' lang='lat' dir='ltr'><strong>ecce</strong></span> <span class='ocrx_word' id='word_1_564' title='bbox 1653 3842 1803 3898; x_wconf 80' lang='lat' dir='ltr'><strong>stella</strong></span> <span class='ocrx_word' id='word_1_565' title='bbox 1818 3861 1981 3915; x_wconf 83' lang='lat' dir='ltr'><strong>quam</strong></span> <span class='ocrx_word' id='word_1_566' title='bbox 2010 3845 2150 3899; x_wconf 84' lang='lat' dir='ltr'><strong>vide-</strong></span> 
     </span>
    </p>
   </div>
   <div class='ocr_carea' id='block_1_71' title="bbox 576 3931 2150 3989">
    <p class='ocr_par' dir='ltr' id='par_1_71' title="bbox 576 3931 2150 3989">
     <span class='ocr_line' id='line_1_71' title="bbox 576 3931 2150 3989; baseline -0.001 -2"><span class='ocrx_word' id='word_1_567' title='bbox 576 3944 694 3989; x_wconf 83' lang='lat' dir='ltr'><strong>rant</strong></span> <span class='ocrx_word' id='word_1_568' title='bbox 720 3935 774 3988; x_wconf 84' lang='lat' dir='ltr'><strong>in</strong></span> <span class='ocrx_word' id='word_1_569' title='bbox 805 3932 1032 3988; x_wconf 84' lang='lat' dir='ltr'><strong>Oriente.</strong></span> <span class='ocrx_word' id='word_1_570' title='bbox 1060 3933 1167 3988; x_wconf 84' lang='lat' dir='ltr'><strong>ista</strong></span> <span class='ocrx_word' id='word_1_571' title='bbox 1193 3932 1344 3988; x_wconf 89' lang='lat' dir='ltr'><strong>stella</strong></span> <span class='ocrx_word' id='word_1_572' title='bbox 1371 3946 1479 3987; x_wconf 91' lang='lat' dir='ltr'><strong>non</strong></span> <span class='ocrx_word' id='word_1_573' title='bbox 1521 3942 1640 3988; x_wconf 87' lang='lat' dir='ltr'><strong>erat</strong></span> <span class='ocrx_word' id='word_1_574' title='bbox 1682 3933 1736 3987; x_wconf 91' lang='lat' dir='ltr'><strong>in</strong></span> <span class='ocrx_word' id='word_1_575' title='bbox 1761 3932 1852 3989; x_wconf 93' lang='lat' dir='ltr'><strong>illo</strong></span> <span class='ocrx_word' id='word_1_576' title='bbox 1898 3934 2035 3989; x_wconf 73' lang='lat' dir='ltr'><strong>coelo</strong></span> <span class='ocrx_word' id='word_1_577' title='bbox 2060 3931 2150 3989; x_wconf 88' lang='lat' dir='ltr'><strong>ubi</strong></span> 
     </span>
    </p>
   </div>
   <div class='ocr_carea' id='block_1_72' title="bbox 575 4019 2152 4095">
    <p class='ocr_par' dir='ltr' id='par_1_72' title="bbox 575 4019 2152 4095">
     <span class='ocr_line' id='line_1_72' title="bbox 575 4019 2152 4095; baseline -0.001 -16"><span class='ocrx_word' id='word_1_578' title='bbox 575 4024 695 4081; x_wconf 65' lang='lat' dir='ltr'><strong>alia:</strong></span> <span class='ocrx_word' id='word_1_579' title='bbox 728 4023 913 4089; x_wconf 65' lang='lat' dir='ltr'><strong>stellae,</strong></span> <span class='ocrx_word' id='word_1_580' title='bbox 959 4024 1054 4078; x_wconf 89' lang='lat' dir='ltr'><strong>sed</strong></span> <span class='ocrx_word' id='word_1_581' title='bbox 1100 4022 1399 4092; x_wconf 84' lang='lat' dir='ltr'><strong>prosimior</strong></span> <span class='ocrx_word' id='word_1_582' title='bbox 1448 4019 1630 4078; x_wconf 54' lang='lat' dir='ltr'><strong>terrai</strong></span> <span class='ocrx_word' id='word_1_583' title='bbox 1661 4030 1717 4078; x_wconf 90' lang='lat' dir='ltr'><strong>et</strong></span> <span class='ocrx_word' id='word_1_584' title='bbox 1751 4024 1948 4079; x_wconf 87' lang='lat' dir='ltr'><strong>clarior</strong></span> <span class='ocrx_word' id='word_1_585' title='bbox 1990 4039 2152 4095; x_wconf 88' lang='lat' dir='ltr'><strong>quam</strong></span> 
     </span>
    </p>
   </div>
   <div class='ocr_carea' id='block_1_73' title="bbox 576 4114 2150 4186">
    <p class='ocr_par' dir='ltr' id='par_1_73' title="bbox 576 4114 2150 4186">
     <span class='ocr_line' id='line_1_73' title="bbox 576 4114 2150 4186; baseline 0.001 -18"><span class='ocrx_word' id='word_1_586' title='bbox 576 4114 1018 4186; x_wconf 58' lang='lat' dir='ltr'><strong>reliquiestellae.</strong></span> <span class='ocrx_word' id='word_1_587' title='bbox 1075 4114 1413 4169; x_wconf 78' lang='lat' dir='ltr'><strong>Antecedebat</strong></span> <span class='ocrx_word' id='word_1_588' title='bbox 1443 4132 1549 4180; x_wconf 91' lang='lat' dir='ltr'><strong>eos,</strong></span> <span class='ocrx_word' id='word_1_589' title='bbox 1592 4132 1753 4186; x_wconf 86' lang='lat' dir='ltr'><strong>usque</strong></span> <span class='ocrx_word' id='word_1_590' title='bbox 1792 4115 1917 4169; x_wconf 85' lang='lat' dir='ltr'><strong>dum</strong></span> <span class='ocrx_word' id='word_1_591' title='bbox 1946 4116 2150 4170; x_wconf 72' lang='lat' dir='ltr'><strong>veniens</strong></span> 
     </span>
    </p>
   </div>
   <div class='ocr_carea' id='block_1_74' title="bbox 574 4204 2152 4287">
    <p class='ocr_par' dir='ltr' id='par_1_74' title="bbox 574 4204 2152 4287">
     <span class='ocr_line' id='line_1_74' title="bbox 574 4204 2152 4287; baseline 0.002 -29"><span class='ocrx_word' id='word_1_592' title='bbox 574 4216 731 4259; x_wconf 89' lang='lat' dir='ltr'><strong>staret</strong></span> <span class='ocrx_word' id='word_1_593' title='bbox 779 4220 938 4275; x_wconf 83' lang='lat' dir='ltr'><strong>supra</strong></span> <span class='ocrx_word' id='word_1_594' title='bbox 963 4204 1049 4258; x_wconf 87' lang='lat' dir='ltr'><strong>ubi</strong></span> <span class='ocrx_word' id='word_1_595' title='bbox 1094 4214 1206 4258; x_wconf 88' lang='lat' dir='ltr'><strong>erat</strong></span> <span class='ocrx_word' id='word_1_596' title='bbox 1250 4222 1398 4275; x_wconf 85' lang='lat' dir='ltr'><strong>puer.</strong></span> <span class='ocrx_word' id='word_1_597' title='bbox 1428 4204 1668 4260; x_wconf 83' lang='lat' dir='ltr'><strong>Herodes</strong></span> <span class='ocrx_word' id='word_1_598' title='bbox 1700 4221 1806 4261; x_wconf 90' lang='lat' dir='ltr'><strong>non</strong></span> <span class='ocrx_word' id='word_1_599' title='bbox 1841 4205 1942 4287; x_wconf 79' lang='lat' dir='ltr'><strong>fuit</strong></span> <span class='ocrx_word' id='word_1_600' title='bbox 1961 4206 2152 4277; x_wconf 82' lang='lat' dir='ltr'><strong>dignus</strong></span> 
     </span>
    </p>
   </div>
   <div class='ocr_carea' id='block_1_75' title="bbox 574 4295 2150 4366">
    <p class='ocr_par' dir='ltr' id='par_1_75' title="bbox 574 4295 2150 4366">
     <span class='ocr_line' id='line_1_75' title="bbox 574 4295 2150 4366; baseline 0.001 -17"><span class='ocrx_word' id='word_1_601' title='bbox 574 4298 756 4351; x_wconf 81' lang='lat' dir='ltr'><strong>videre</strong></span> <span class='ocrx_word' id='word_1_602' title='bbox 785 4296 995 4350; x_wconf 83' lang='lat' dir='ltr'><strong>stellam</strong></span> <span class='ocrx_word' id='word_1_603' title='bbox 1041 4306 1262 4366; x_wconf 90' lang='lat' dir='ltr'><strong>propter</strong></span> <span class='ocrx_word' id='word_1_604' title='bbox 1313 4295 1575 4350; x_wconf 89' lang='lat' dir='ltr'><strong>malitiam</strong></span> <span class='ocrx_word' id='word_1_605' title='bbox 1633 4311 1804 4362; x_wconf 89' lang='lat' dir='ltr'><strong>suam,</strong></span> <span class='ocrx_word' id='word_1_606' title='bbox 1859 4296 1983 4366; x_wconf 91' lang='lat' dir='ltr'><strong>quia</strong></span> <span class='ocrx_word' id='word_1_607' title='bbox 2012 4297 2150 4351; x_wconf 91' lang='lat' dir='ltr'><strong>Deus</strong></span> 
     </span>
    </p>
   </div>
   <div class='ocr_carea' id='block_1_76' title="bbox 573 4385 2150 4457">
    <p class='ocr_par' dir='ltr' id='par_1_76' title="bbox 573 4385 2150 4457">
     <span class='ocr_line' id='line_1_76' title="bbox 573 4385 2150 4457; baseline -0.001 -17"><span class='ocrx_word' id='word_1_608' title='bbox 573 4387 868 4441; x_wconf 81' lang='lat' dir='ltr'><strong>intentatur</strong></span> <span class='ocrx_word' id='word_1_609' title='bbox 913 4385 1172 4439; x_wconf 91' lang='lat' dir='ltr'><strong>malorum</strong></span> <span class='ocrx_word' id='word_1_610' title='bbox 1209 4394 1314 4449; x_wconf 88' lang='lat' dir='ltr'><strong>est,</strong></span> <span class='ocrx_word' id='word_1_611' title='bbox 1361 4387 1465 4441; x_wconf 91' lang='lat' dir='ltr'><strong>hoc</strong></span> <span class='ocrx_word' id='word_1_612' title='bbox 1496 4394 1608 4453; x_wconf 87' lang='lat' dir='ltr'><strong>est,</strong></span> <span class='ocrx_word' id='word_1_613' title='bbox 1653 4402 1760 4441; x_wconf 89' lang='lat' dir='ltr'><strong>non</strong></span> <span class='ocrx_word' id='word_1_614' title='bbox 1811 4396 1895 4441; x_wconf 90' lang='lat' dir='ltr'><strong>est</strong></span> <span class='ocrx_word' id='word_1_615' title='bbox 1938 4387 2150 4457; x_wconf 88' lang='lat' dir='ltr'><strong>adjutor</strong></span> 
     </span>
    </p>
   </div>
   <div class='ocr_carea' id='block_1_77' title="bbox 2255 3212 3836 3289">
    <p class='ocr_par' dir='ltr' id='par_1_77' title="bbox 2255 3212 3836 3289">
     <span class='ocr_line' id='line_1_77' title="bbox 2255 3212 3836 3289; baseline 0.008 -23"><span class='ocrx_word' id='word_1_616' title='bbox 2255 3217 2394 3284; x_wconf 88' lang='lat' dir='ltr'><strong>apud</strong></span> <span class='ocrx_word' id='word_1_617' title='bbox 2413 3212 2643 3280; x_wconf 68' lang='lat' dir='ltr'><strong>Judaros,</strong></span> <span class='ocrx_word' id='word_1_618' title='bbox 2678 3216 2768 3286; x_wconf 93' lang='lat' dir='ltr'><strong>qui</strong></span> <span class='ocrx_word' id='word_1_619' title='bbox 2806 3220 3250 3273; x_wconf 88' lang='lat' dir='ltr'><strong>resurrectionem</strong></span> <span class='ocrx_word' id='word_1_620' title='bbox 3289 3223 3617 3289; x_wconf 87' lang='lat' dir='ltr'><strong>credebant,</strong></span> <span class='ocrx_word' id='word_1_621' title='bbox 3650 3236 3711 3280; x_wconf 91' lang='lat' dir='ltr'><strong>ut</strong></span> <span class='ocrx_word' id='word_1_622' title='bbox 3730 3244 3836 3281; x_wconf 71' lang='lat' dir='ltr'><strong>cui:</strong></span> 
     </span>
    </p>
   </div>
   <div class='ocr_carea' id='block_1_78' title="bbox 2255 3303 3832 3390">
    <p class='ocr_par' dir='ltr' id='par_1_78' title="bbox 2255 3303 3832 3390">
     <span class='ocr_line' id='line_1_78' title="bbox 2255 3303 3832 3390; baseline 0.011 -32"><span class='ocrx_word' id='word_1_623' title='bbox 2255 3303 2446 3376; x_wconf 90' lang='lat' dir='ltr'><strong>aliquis</strong></span> <span class='ocrx_word' id='word_1_624' title='bbox 2485 3308 2680 3363; x_wconf 91' lang='lat' dir='ltr'><strong>charus</strong></span> <span class='ocrx_word' id='word_1_625' title='bbox 2720 3319 2959 3365; x_wconf 90' lang='lat' dir='ltr'><strong>mortuus</strong></span> <span class='ocrx_word' id='word_1_626' title='bbox 2992 3309 3202 3376; x_wconf 88' lang='lat' dir='ltr'><strong>fuisset,</strong></span> <span class='ocrx_word' id='word_1_627' title='bbox 3253 3314 3449 3370; x_wconf 85' lang='lat' dir='ltr'><strong>nobilis</strong></span> <span class='ocrx_word' id='word_1_628' title='bbox 3484 3317 3575 3372; x_wconf 88' lang='lat' dir='ltr'><strong>vel</strong></span> <span class='ocrx_word' id='word_1_629' title='bbox 3632 3330 3832 3390; x_wconf 74' lang='lat' dir='ltr'><strong>potens.</strong></span> 
     </span>
    </p>
   </div>
   <div class='ocr_carea' id='block_1_79' title="bbox 2254 3402 3829 3484">
    <p class='ocr_par' dir='ltr' id='par_1_79' title="bbox 2254 3402 3829 3484">
     <span class='ocr_line' id='line_1_79' title="bbox 2254 3402 3829 3484; baseline 0.013 -35"><span class='ocrx_word' id='word_1_630' title='bbox 2254 3409 2571 3454; x_wconf 87' lang='lat' dir='ltr'><strong>vacuaretur</strong></span> <span class='ocrx_word' id='word_1_631' title='bbox 2611 3402 2679 3455; x_wconf 92' lang='lat' dir='ltr'><strong>ab</strong></span> <span class='ocrx_word' id='word_1_632' title='bbox 2723 3402 3006 3466; x_wconf 90' lang='lat' dir='ltr'><strong>intestinis,</strong></span> <span class='ocrx_word' id='word_1_633' title='bbox 3059 3415 3116 3460; x_wconf 90' lang='lat' dir='ltr'><strong>et</strong></span> <span class='ocrx_word' id='word_1_634' title='bbox 3144 3408 3578 3465; x_wconf 87' lang='lat' dir='ltr'><strong>contunderetur</strong></span> <span class='ocrx_word' id='word_1_635' title='bbox 3624 3416 3829 3484; x_wconf 70' lang='lat' dir='ltr'><strong>myrrha</strong></span> 
     </span>
    </p>
   </div>
   <div class='ocr_carea' id='block_1_80' title="bbox 2255 3488 3827 3566">
    <p class='ocr_par' dir='ltr' id='par_1_80' title="bbox 2255 3488 3827 3566">
     <span class='ocr_line' id='line_1_80' title="bbox 2255 3488 3827 3566; baseline 0.008 -22"><span class='ocrx_word' id='word_1_636' title='bbox 2255 3505 2375 3544; x_wconf 91' lang='lat' dir='ltr'><strong>cum</strong></span> <span class='ocrx_word' id='word_1_637' title='bbox 2399 3488 2539 3557; x_wconf 86' lang='lat' dir='ltr'><strong>aloe&#39;,</strong></span> <span class='ocrx_word' id='word_1_638' title='bbox 2566 3491 2649 3545; x_wconf 91' lang='lat' dir='ltr'><strong>vel</strong></span> <span class='ocrx_word' id='word_1_639' title='bbox 2678 3491 2800 3546; x_wconf 89' lang='lat' dir='ltr'><strong>aliis</strong></span> <span class='ocrx_word' id='word_1_640' title='bbox 2825 3493 3131 3564; x_wconf 87' lang='lat' dir='ltr'><strong>pigmentis,</strong></span> <span class='ocrx_word' id='word_1_641' title='bbox 3159 3505 3214 3551; x_wconf 90' lang='lat' dir='ltr'><strong>et</strong></span> <span class='ocrx_word' id='word_1_642' title='bbox 3253 3499 3509 3566; x_wconf 82' lang='lat' dir='ltr'><strong>primitus</strong></span> <span class='ocrx_word' id='word_1_643' title='bbox 3536 3501 3827 3560; x_wconf 78' lang='lat' dir='ltr'><strong>illinereter</strong></span> 
     </span>
    </p>
   </div>
   <div class='ocr_carea' id='block_1_81' title="bbox 2208 3580 3830 3664">
    <p class='ocr_par' dir='ltr' id='par_1_81' title="bbox 2208 3580 3830 3664">
     <span class='ocr_line' id='line_1_81' title="bbox 2208 3580 3830 3664; baseline 0.006 -30"><span class='ocrx_word' id='word_1_644' title='bbox 2208 3603 2221 3616; x_wconf 67' lang='grc' dir='ltr'><strong>ν</strong></span> <span class='ocrx_word' id='word_1_645' title='bbox 2254 3581 2320 3635; x_wconf 91' lang='lat' dir='ltr'><strong>de</strong></span> <span class='ocrx_word' id='word_1_646' title='bbox 2342 3580 2580 3650; x_wconf 85' lang='lat' dir='ltr'><strong>balsamo</strong></span> <span class='ocrx_word' id='word_1_647' title='bbox 2605 3588 2773 3635; x_wconf 91' lang='lat' dir='ltr'><strong>totum</strong></span> <span class='ocrx_word' id='word_1_648' title='bbox 2792 3596 2986 3652; x_wconf 89' lang='lat' dir='ltr'><strong>corpus</strong></span> <span class='ocrx_word' id='word_1_649' title='bbox 3007 3583 3150 3640; x_wconf 90' lang='lat' dir='ltr'><strong>intro</strong></span> <span class='ocrx_word' id='word_1_650' title='bbox 3173 3595 3227 3640; x_wconf 92' lang='lat' dir='ltr'><strong>et</strong></span> <span class='ocrx_word' id='word_1_651' title='bbox 3246 3597 3419 3651; x_wconf 79' lang='lat' dir='ltr'><strong>extra,</strong></span> <span class='ocrx_word' id='word_1_652' title='bbox 3444 3601 3503 3645; x_wconf 83' lang='lat' dir='ltr'><strong>et</strong></span> <span class='ocrx_word' id='word_1_653' title='bbox 3525 3604 3657 3661; x_wconf 78' lang='lat' dir='ltr'><strong>post</strong></span> <span class='ocrx_word' id='word_1_654' title='bbox 3677 3611 3830 3664; x_wconf 67' lang='grc' dir='ltr'><strong>ιεμιτ·</strong></span> 
     </span>
    </p>
   </div>
   <div class='ocr_carea' id='block_1_82' title="bbox 2253 3671 3831 3754">
    <p class='ocr_par' dir='ltr' id='par_1_82' title="bbox 2253 3671 3831 3754">
     <span class='ocr_line' id='line_1_82' title="bbox 2253 3671 3831 3754; baseline 0.01 -30"><span class='ocrx_word' id='word_1_655' title='bbox 2253 3679 2469 3740; x_wconf 85' lang='lat' dir='ltr'><strong>gcretur</strong></span> <span class='ocrx_word' id='word_1_656' title='bbox 2499 3671 2566 3727; x_wconf 89' lang='lat' dir='ltr'><strong>de</strong></span> <span class='ocrx_word' id='word_1_657' title='bbox 2595 3672 2712 3742; x_wconf 91' lang='lat' dir='ltr'><strong>ipso</strong></span> <span class='ocrx_word' id='word_1_658' title='bbox 2737 3672 2974 3741; x_wconf 87' lang='lat' dir='ltr'><strong>pulvere,</strong></span> <span class='ocrx_word' id='word_1_659' title='bbox 3007 3683 3065 3729; x_wconf 92' lang='lat' dir='ltr'><strong>ut</strong></span> <span class='ocrx_word' id='word_1_660' title='bbox 3107 3688 3530 3735; x_wconf 83' lang='lat' dir='ltr'><strong>conservaretur</strong></span> <span class='ocrx_word' id='word_1_661' title='bbox 3573 3684 3831 3754; x_wconf 66' lang='lat' dir='ltr'><strong>integre:</strong></span> 
     </span>
    </p>
   </div>
   <div class='ocr_carea' id='block_1_83' title="bbox 2251 3761 3833 3844">
    <p class='ocr_par' dir='ltr' id='par_1_83' title="bbox 2251 3761 3833 3844">
     <span class='ocr_line' id='line_1_83' title="bbox 2251 3761 3833 3844; baseline 0.007 -28"><span class='ocrx_word' id='word_1_662' title='bbox 2251 3777 2445 3830; x_wconf 84' lang='lat' dir='ltr'><strong>corpus</strong></span> <span class='ocrx_word' id='word_1_663' title='bbox 2472 3776 2569 3830; x_wconf 81' lang='lat' dir='ltr'><strong>per</strong></span> <span class='ocrx_word' id='word_1_664' title='bbox 2602 3761 2793 3816; x_wconf 74' lang='lat' dir='ltr'><strong>sarcula</strong></span> <span class='ocrx_word' id='word_1_665' title='bbox 2820 3779 2834 3826; x_wconf 90' lang='lat'><strong>;</strong></span> <span class='ocrx_word' id='word_1_666' title='bbox 2861 3764 3005 3818; x_wconf 92' lang='lat' dir='ltr'><strong>unde</strong></span> <span class='ocrx_word' id='word_1_667' title='bbox 3029 3774 3084 3820; x_wconf 90' lang='lat' dir='ltr'><strong>et</strong></span> <span class='ocrx_word' id='word_1_668' title='bbox 3115 3764 3313 3837; x_wconf 82' lang='lat' dir='ltr'><strong>Joseph</strong></span> <span class='ocrx_word' id='word_1_669' title='bbox 3355 3769 3542 3825; x_wconf 81' lang='lat' dir='ltr'><strong>attulit</strong></span> <span class='ocrx_word' id='word_1_670' title='bbox 3573 3774 3650 3827; x_wconf 80' lang='lat' dir='ltr'><strong>ad</strong></span> <span class='ocrx_word' id='word_1_671' title='bbox 3679 3778 3833 3844; x_wconf 60' lang='lat' dir='ltr'><strong>squil-</strong></span> 
     </span>
    </p>
   </div>
   <div class='ocr_carea' id='block_1_84' title="bbox 2254 3852 3837 3930">
    <p class='ocr_par' dir='ltr' id='par_1_84' title="bbox 2254 3852 3837 3930">
     <span class='ocr_line' id='line_1_84' title="bbox 2254 3852 3837 3930; baseline 0.011 -25"><span class='ocrx_word' id='word_1_672' title='bbox 2254 3861 2424 3907; x_wconf 85' lang='lat' dir='ltr'><strong>turam</strong></span> <span class='ocrx_word' id='word_1_673' title='bbox 2458 3852 2667 3908; x_wconf 89' lang='lat' dir='ltr'><strong>Domini</strong></span> <span class='ocrx_word' id='word_1_674' title='bbox 2698 3853 2974 3910; x_wconf 89' lang='lat' dir='ltr'><strong>misturam</strong></span> <span class='ocrx_word' id='word_1_675' title='bbox 3013 3861 3244 3930; x_wconf 70' lang='lat' dir='ltr'><strong>myrrha:</strong></span> <span class='ocrx_word' id='word_1_676' title='bbox 3272 3872 3326 3915; x_wconf 88' lang='lat' dir='ltr'><strong>et</strong></span> <span class='ocrx_word' id='word_1_677' title='bbox 3354 3862 3507 3919; x_wconf 87' lang='lat' dir='ltr'><strong>aloes</strong></span> <span class='ocrx_word' id='word_1_678' title='bbox 3529 3864 3709 3920; x_wconf 81' lang='lat' dir='ltr'><strong>libras</strong></span> <span class='ocrx_word' id='word_1_679' title='bbox 3731 3883 3837 3921; x_wconf 70' lang='lat' dir='ltr'><strong>cra-</strong></span> 
     </span>
    </p>
   </div>
   <div class='ocr_carea' id='block_1_85' title="bbox 2254 3944 3825 4023">
    <p class='ocr_par' dir='ltr' id='par_1_85' title="bbox 2254 3944 3825 4023">
     <span class='ocr_line' id='line_1_85' title="bbox 2254 3944 3825 4023; baseline 0.009 -28"><span class='ocrx_word' id='word_1_680' title='bbox 2254 3950 2386 4006; x_wconf 90' lang='lat' dir='ltr'><strong>tum,</strong></span> <span class='ocrx_word' id='word_1_681' title='bbox 2418 3944 2666 4013; x_wconf 87' lang='lat' dir='ltr'><strong>quamvis</strong></span> <span class='ocrx_word' id='word_1_682' title='bbox 2693 3959 2798 3999; x_wconf 93' lang='lat' dir='ltr'><strong>non</strong></span> <span class='ocrx_word' id='word_1_683' title='bbox 2824 3945 2986 4004; x_wconf 88' lang='lat' dir='ltr'><strong>fuerit</strong></span> <span class='ocrx_word' id='word_1_684' title='bbox 3015 3951 3397 4005; x_wconf 89' lang='lat' dir='ltr'><strong>necessarium.</strong></span> <span class='ocrx_word' id='word_1_685' title='bbox 3420 3953 3611 4009; x_wconf 84' lang='lat' dir='ltr'><strong>Etiam</strong></span> <span class='ocrx_word' id='word_1_686' title='bbox 3646 3957 3761 4023; x_wconf 80' lang='lat' dir='ltr'><strong>ipsa</strong></span> <span class='ocrx_word' id='word_1_687' title='bbox 3783 3960 3825 4009; x_wconf 75' lang='lat' dir='ltr'><strong>in</strong></span> 
     </span>
    </p>
   </div>
   <div class='ocr_carea' id='block_1_86' title="bbox 2249 4033 3831 4109">
    <p class='ocr_par' dir='ltr' id='par_1_86' title="bbox 2249 4033 3831 4109">
     <span class='ocr_line' id='line_1_86' title="bbox 2249 4033 3831 4109; baseline 0.01 -23"><span class='ocrx_word' id='word_1_688' title='bbox 2249 4033 2446 4087; x_wconf 85' lang='lat' dir='ltr'><strong>Arabia</strong></span> <span class='ocrx_word' id='word_1_689' title='bbox 2493 4036 2750 4100; x_wconf 90' lang='lat' dir='ltr'><strong>nascitur,</strong></span> <span class='ocrx_word' id='word_1_690' title='bbox 2799 4052 2864 4091; x_wconf 92' lang='lat' dir='ltr'><strong>eo</strong></span> <span class='ocrx_word' id='word_1_691' title='bbox 2913 4053 3064 4095; x_wconf 89' lang='lat' dir='ltr'><strong>more</strong></span> <span class='ocrx_word' id='word_1_692' title='bbox 3110 4055 3215 4109; x_wconf 89' lang='lat' dir='ltr'><strong>quo</strong></span> <span class='ocrx_word' id='word_1_693' title='bbox 3254 4051 3308 4096; x_wconf 90' lang='lat' dir='ltr'><strong>et</strong></span> <span class='ocrx_word' id='word_1_694' title='bbox 3342 4043 3473 4098; x_wconf 90' lang='lat' dir='ltr'><strong>thus</strong></span> <span class='ocrx_word' id='word_1_695' title='bbox 3509 4046 3581 4100; x_wconf 87' lang='lat' dir='ltr'><strong>de</strong></span> <span class='ocrx_word' id='word_1_696' title='bbox 3649 4049 3831 4101; x_wconf 81' lang='lat' dir='ltr'><strong>arbore</strong></span> 
     </span>
    </p>
   </div>
   <div class='ocr_carea' id='block_1_87' title="bbox 2249 4122 3837 4206">
    <p class='ocr_par' dir='ltr' id='par_1_87' title="bbox 2249 4122 3837 4206">
     <span class='ocr_line' id='line_1_87' title="bbox 2249 4122 3837 4206; baseline 0.012 -33"><span class='ocrx_word' id='word_1_697' title='bbox 2249 4135 2435 4191; x_wconf 89' lang='lat' dir='ltr'><strong>parva.</strong></span> <span class='ocrx_word' id='word_1_698' title='bbox 2471 4122 2637 4194; x_wconf 81' lang='lat' dir='ltr'><strong>Major</strong></span> <span class='ocrx_word' id='word_1_699' title='bbox 2653 4124 2814 4179; x_wconf 89' lang='lat' dir='ltr'><strong>arbor</strong></span> <span class='ocrx_word' id='word_1_700' title='bbox 2834 4126 3135 4181; x_wconf 80' lang='lat' dir='ltr'><strong>cubitorum</strong></span> <span class='ocrx_word' id='word_1_701' title='bbox 3157 4130 3414 4200; x_wconf 85' lang='lat' dir='ltr'><strong>quinque,</strong></span> <span class='ocrx_word' id='word_1_702' title='bbox 3445 4135 3656 4191; x_wconf 84' lang='lat' dir='ltr'><strong>similis</strong></span> <span class='ocrx_word' id='word_1_703' title='bbox 3684 4139 3837 4206; x_wconf 75' lang='lat' dir='ltr'><strong>spina:</strong></span> 
     </span>
    </p>
   </div>
   <div class='ocr_carea' id='block_1_88' title="bbox 2250 4214 3840 4291">
    <p class='ocr_par' dir='ltr' id='par_1_88' title="bbox 2250 4214 3840 4291">
     <span class='ocr_line' id='line_1_88' title="bbox 2250 4214 3840 4291; baseline 0.011 -27"><span class='ocrx_word' id='word_1_704' title='bbox 2250 4228 2409 4282; x_wconf 88' lang='lat' dir='ltr'><strong>quam</strong></span> <span class='ocrx_word' id='word_1_705' title='bbox 2437 4214 2723 4280; x_wconf 87' lang='lat' dir='ltr'><strong>achautum</strong></span> <span class='ocrx_word' id='word_1_706' title='bbox 2751 4214 2954 4281; x_wconf 87' lang='lat' dir='ltr'><strong>dicunt,</strong></span> <span class='ocrx_word' id='word_1_707' title='bbox 2988 4219 3142 4289; x_wconf 88' lang='lat' dir='ltr'><strong>cujus</strong></span> <span class='ocrx_word' id='word_1_708' title='bbox 3188 4230 3338 4291; x_wconf 85' lang='lat' dir='ltr'><strong>gutta</strong></span> <span class='ocrx_word' id='word_1_709' title='bbox 3390 4226 3591 4280; x_wconf 86' lang='lat' dir='ltr'><strong>viridis</strong></span> <span class='ocrx_word' id='word_1_710' title='bbox 3618 4239 3680 4282; x_wconf 88' lang='lat' dir='ltr'><strong>et</strong></span> <span class='ocrx_word' id='word_1_711' title='bbox 3706 4245 3840 4281; x_wconf 68' lang='lat' dir='ltr'><strong>ann-</strong></span> 
     </span>
    </p>
   </div>
   <div class='ocr_carea' id='block_1_89' title="bbox 2249 4305 3837 4380">
    <p class='ocr_par' dir='ltr' id='par_1_89' title="bbox 2249 4305 3837 4380">
     <span class='ocr_line' id='line_1_89' title="bbox 2249 4305 3837 4380; baseline 0.008 -22"><span class='ocrx_word' id='word_1_712' title='bbox 2249 4322 2329 4360; x_wconf 88' lang='lat' dir='ltr'><strong>ra.</strong></span> <span class='ocrx_word' id='word_1_713' title='bbox 2359 4305 2508 4362; x_wconf 92' lang='lat' dir='ltr'><strong>Unde</strong></span> <span class='ocrx_word' id='word_1_714' title='bbox 2536 4309 2741 4376; x_wconf 74' lang='lat' dir='ltr'><strong>accepit</strong></span> <span class='ocrx_word' id='word_1_715' title='bbox 2762 4324 2953 4363; x_wconf 91' lang='lat' dir='ltr'><strong>nomen</strong></span> <span class='ocrx_word' id='word_1_716' title='bbox 2979 4311 3222 4380; x_wconf 82' lang='lat' dir='ltr'><strong>myrrha,</strong></span> <span class='ocrx_word' id='word_1_717' title='bbox 3249 4313 3300 4366; x_wconf 89' lang='lat' dir='ltr'><strong>id</strong></span> <span class='ocrx_word' id='word_1_718' title='bbox 3324 4324 3410 4368; x_wconf 81' lang='lat' dir='ltr'><strong>est</strong></span> <span class='ocrx_word' id='word_1_719' title='bbox 3438 4330 3659 4371; x_wconf 80' lang='lat' dir='ltr'><strong>amara.</strong></span> <span class='ocrx_word' id='word_1_720' title='bbox 3686 4318 3837 4373; x_wconf 73' lang='lat' dir='ltr'><strong>Gutta</strong></span> 
     </span>
    </p>
   </div>
   <div class='ocr_carea' id='block_1_90' title="bbox 2249 4397 3841 4472">
    <p class='ocr_par' dir='ltr' id='par_1_90' title="bbox 2249 4397 3841 4472">
     <span class='ocr_line' id='line_1_90' title="bbox 2249 4397 3841 4472; baseline 0.011 -20"><span class='ocrx_word' id='word_1_721' title='bbox 2249 4397 2363 4467; x_wconf 84' lang='lat' dir='ltr'><strong>ejus</strong></span> <span class='ocrx_word' id='word_1_722' title='bbox 2398 4408 2587 4469; x_wconf 87' lang='lat' dir='ltr'><strong>sponte</strong></span> <span class='ocrx_word' id='word_1_723' title='bbox 2619 4416 2845 4457; x_wconf 89' lang='lat' dir='ltr'><strong>manans</strong></span> <span class='ocrx_word' id='word_1_724' title='bbox 2891 4403 3177 4472; x_wconf 87' lang='lat' dir='ltr'><strong>pretiosior</strong></span> <span class='ocrx_word' id='word_1_725' title='bbox 3221 4416 3324 4471; x_wconf 88' lang='lat' dir='ltr'><strong>est,</strong></span> <span class='ocrx_word' id='word_1_726' title='bbox 3383 4407 3571 4463; x_wconf 84' lang='lat' dir='ltr'><strong>elicita</strong></span> <span class='ocrx_word' id='word_1_727' title='bbox 3628 4413 3841 4469; x_wconf 76' lang='lat' dir='ltr'><strong>corticis</strong></span> 
     </span>
    </p>
   </div>
   <div class='ocr_carea' id='block_1_91' title="bbox 573 4461 3834 4571">
    <p class='ocr_par' dir='ltr' id='par_1_91' title="bbox 573 4461 3834 4571">
     <span class='ocr_line' id='line_1_91' title="bbox 573 4461 3834 4571; baseline 0.006 -37"><span class='ocrx_word' id='word_1_728' title='bbox 573 4492 759 4530; x_wconf 79' lang='lat' dir='ltr'><strong>eorum</strong></span> <span class='ocrx_word' id='word_1_729' title='bbox 796 4477 910 4544; x_wconf 70' lang='grc' dir='ltr'><strong>«ιιιιί</strong></span> <span class='ocrx_word' id='word_1_730' title='bbox 963 4475 1105 4529; x_wconf 75' lang='lat' dir='ltr'><strong>male</strong></span> <span class='ocrx_word' id='word_1_731' title='bbox 1155 4485 1342 4547; x_wconf 68' lang='lat' dir='ltr'><strong>880m.</strong></span> <span class='ocrx_word' id='word_1_732' title='bbox 1396 4476 1492 4532; x_wconf 73' lang='lat' dir='ltr'><strong>Sed</strong></span> <span class='ocrx_word' id='word_1_733' title='bbox 1522 4476 1815 4547; x_wconf 68' lang='grc' dir='ltr'><strong>Ρθΐωίεεοι·</strong></span> <span class='ocrx_word' id='word_1_734' title='bbox 1861 4475 2143 4541; x_wconf 68' lang='lat' dir='ltr'><strong>malorum.</strong></span> <span class='ocrx_word' id='word_1_735' title='bbox 2171 4461 2224 4520; x_wconf 82' lang='lat' dir='ltr'><strong>D</strong></span> <span class='ocrx_word' id='word_1_736' title='bbox 2249 4488 2466 4543; x_wconf 86' lang='lat' dir='ltr'><strong>vulnere</strong></span> <span class='ocrx_word' id='word_1_737' title='bbox 2494 4489 2667 4545; x_wconf 89' lang='lat' dir='ltr'><strong>vilior.</strong></span> <span class='ocrx_word' id='word_1_738' title='bbox 2702 4488 2854 4545; x_wconf 85' lang='lat' dir='ltr'><strong>Nulla</strong></span> <span class='ocrx_word' id='word_1_739' title='bbox 2887 4502 2971 4548; x_wconf 89' lang='lat' dir='ltr'><strong>est</strong></span> <span class='ocrx_word' id='word_1_740' title='bbox 2996 4504 3172 4549; x_wconf 89' lang='lat' dir='ltr'><strong>autem</strong></span> <span class='ocrx_word' id='word_1_741' title='bbox 3198 4496 3495 4565; x_wconf 89' lang='lat' dir='ltr'><strong>pretiosior</strong></span> <span class='ocrx_word' id='word_1_742' title='bbox 3544 4517 3721 4571; x_wconf 85' lang='lat' dir='ltr'><strong>quam</strong></span> <span class='ocrx_word' id='word_1_743' title='bbox 3754 4504 3834 4557; x_wconf 75' lang='lat' dir='ltr'><strong>ila</strong></span> 
     </span>
    </p>
   </div>
   <div class='ocr_carea' id='block_1_92' title="bbox 572 4565 2149 4637">
    <p class='ocr_par' dir='ltr' id='par_1_92' title="bbox 572 4565 2149 4637">
     <span class='ocr_line' id='line_1_92' title="bbox 572 4565 2149 4637; baseline 0.001 -19"><span class='ocrx_word' id='word_1_744' title='bbox 572 4568 699 4635; x_wconf 84' lang='lat' dir='ltr'><strong>quia</strong></span> <span class='ocrx_word' id='word_1_745' title='bbox 729 4566 895 4620; x_wconf 88' lang='lat' dir='ltr'><strong>multa</strong></span> <span class='ocrx_word' id='word_1_746' title='bbox 922 4566 1188 4636; x_wconf 89' lang='lat' dir='ltr'><strong>permittit</strong></span> <span class='ocrx_word' id='word_1_747' title='bbox 1234 4580 1397 4637; x_wconf 86' lang='lat' dir='ltr'><strong>agere</strong></span> <span class='ocrx_word' id='word_1_748' title='bbox 1429 4582 1548 4636; x_wconf 65' lang='lat' dir='ltr'><strong>quae</strong></span> <span class='ocrx_word' id='word_1_749' title='bbox 1594 4578 1784 4623; x_wconf 89' lang='lat' dir='ltr'><strong>contra</strong></span> <span class='ocrx_word' id='word_1_750' title='bbox 1812 4566 1928 4635; x_wconf 88' lang='lat' dir='ltr'><strong>ejus</strong></span> <span class='ocrx_word' id='word_1_751' title='bbox 1957 4565 2149 4621; x_wconf 89' lang='lat' dir='ltr'><strong>volun-</strong></span> 
     </span>
    </p>
   </div>
   <div class='ocr_carea' id='block_1_93' title="bbox 571 4657 2146 4726">
    <p class='ocr_par' dir='ltr' id='par_1_93' title="bbox 571 4657 2146 4726">
     <span class='ocr_line' id='line_1_93' title="bbox 571 4657 2146 4726; baseline 0.001 -17"><span class='ocrx_word' id='word_1_752' title='bbox 571 4663 741 4710; x_wconf 81' lang='lat' dir='ltr'><strong>tatem</strong></span> <span class='ocrx_word' id='word_1_753' title='bbox 770 4666 1051 4722; x_wconf 84' lang='lat' dir='ltr'><strong>sunt,.non</strong></span> <span class='ocrx_word' id='word_1_754' title='bbox 1096 4667 1273 4712; x_wconf 89' lang='lat' dir='ltr'><strong>tamen</strong></span> <span class='ocrx_word' id='word_1_755' title='bbox 1318 4657 1551 4726; x_wconf 87' lang='lat' dir='ltr'><strong>adjuvat,</strong></span> <span class='ocrx_word' id='word_1_756' title='bbox 1599 4659 1694 4713; x_wconf 90' lang='lat' dir='ltr'><strong>sed</strong></span> <span class='ocrx_word' id='word_1_757' title='bbox 1726 4657 1991 4714; x_wconf 90' lang='lat' dir='ltr'><strong>diabolus.</strong></span> <span class='ocrx_word' id='word_1_758' title='bbox 2052 4657 2146 4711; x_wconf 83' lang='lat' dir='ltr'><strong>Vi-</strong></span> 
     </span>
    </p>
   </div>
   <div class='ocr_carea' id='block_1_94' title="bbox 573 4745 2148 4820">
    <p class='ocr_par' dir='ltr' id='par_1_94' title="bbox 573 4745 2148 4820">
     <span class='ocr_line' id='line_1_94' title="bbox 573 4745 2148 4820; baseline 0.004 -22"><span class='ocrx_word' id='word_1_759' title='bbox 573 4745 751 4799; x_wconf 75' lang='lat' dir='ltr'><strong>dentes</strong></span> <span class='ocrx_word' id='word_1_760' title='bbox 774 4756 948 4801; x_wconf 88' lang='lat' dir='ltr'><strong>autem</strong></span> <span class='ocrx_word' id='word_1_761' title='bbox 965 4746 1170 4802; x_wconf 83' lang='lat' dir='ltr'><strong>stellam</strong></span> <span class='ocrx_word' id='word_1_762' title='bbox 1188 4748 1354 4819; x_wconf 79' lang='lat' dir='ltr'><strong>gavisi</strong></span> <span class='ocrx_word' id='word_1_763' title='bbox 1372 4758 1491 4803; x_wconf 86' lang='lat' dir='ltr'><strong>sunt</strong></span> <span class='ocrx_word' id='word_1_764' title='bbox 1504 4745 1706 4820; x_wconf 78' lang='lat' dir='ltr'><strong>&#39;gaudio</strong></span> <span class='ocrx_word' id='word_1_765' title='bbox 1727 4766 1935 4820; x_wconf 80' lang='lat' dir='ltr'><strong>magno.</strong></span> <span class='ocrx_word' id='word_1_766' title='bbox 1963 4748 2148 4805; x_wconf 89' lang='lat' dir='ltr'><strong>Solent</strong></span> 
     </span>
    </p>
   </div>
   <div class='ocr_carea' id='block_1_95' title="bbox 573 4830 2141 4909">
    <p class='ocr_par' dir='ltr' id='par_1_95' title="bbox 573 4830 2141 4909">
     <span class='ocr_line' id='line_1_95' title="bbox 573 4830 2141 4909; baseline 0.003 -19"><span class='ocrx_word' id='word_1_767' title='bbox 573 4830 717 4891; x_wconf 76' lang='lat' dir='ltr'><strong>enim</strong></span> <span class='ocrx_word' id='word_1_768' title='bbox 756 4836 972 4891; x_wconf 90' lang='lat' dir='ltr'><strong>homine</strong></span> <span class='ocrx_word' id='word_1_769' title='bbox 1004 4836 1179 4907; x_wconf 85' lang='lat' dir='ltr'><strong>majus</strong></span> <span class='ocrx_word' id='word_1_770' title='bbox 1206 4837 1467 4909; x_wconf 85' lang='lat' dir='ltr'><strong>gaudium.</strong></span> <span class='ocrx_word' id='word_1_771' title='bbox 1498 4840 1695 4894; x_wconf 87' lang='lat' dir='ltr'><strong>habere</strong></span> <span class='ocrx_word' id='word_1_772' title='bbox 1722 4840 1789 4894; x_wconf 88' lang='lat' dir='ltr'><strong>de</strong></span> <span class='ocrx_word' id='word_1_773' title='bbox 1831 4839 2036 4909; x_wconf 90' lang='lat' dir='ltr'><strong>perdita</strong></span> <span class='ocrx_word' id='word_1_774' title='bbox 2062 4853 2141 4905; x_wconf 89' lang='lat' dir='ltr'><strong>re,</strong></span> 
     </span>
    </p>
   </div>
   <div class='ocr_carea' id='block_1_96' title="bbox 572 4931 2145 5004">
    <p class='ocr_par' dir='ltr' id='par_1_96' title="bbox 572 4931 2145 5004">
     <span class='ocr_line' id='line_1_96' title="bbox 572 4931 2145 5004; baseline 0 -17"><span class='ocrx_word' id='word_1_775' title='bbox 572 4935 845 4991; x_wconf 58' lang='lat' dir='ltr'><strong>enarrem</strong></span> <span class='ocrx_word' id='word_1_776' title='bbox 878 4931 1204 5000; x_wconf 89' lang='lat' dir='ltr'><strong>invenerint,</strong></span> <span class='ocrx_word' id='word_1_777' title='bbox 1238 4948 1399 5003; x_wconf 86' lang='lat' dir='ltr'><strong>quam</strong></span> <span class='ocrx_word' id='word_1_778' title='bbox 1426 4934 1601 5004; x_wconf 81' lang='lat' dir='ltr'><strong>primo</strong></span> <span class='ocrx_word' id='word_1_779' title='bbox 1645 4948 1767 4988; x_wconf 91' lang='lat' dir='ltr'><strong>cum</strong></span> <span class='ocrx_word' id='word_1_780' title='bbox 1799 4932 1996 4987; x_wconf 88' lang='lat' dir='ltr'><strong>habere</strong></span> <span class='ocrx_word' id='word_1_781' title='bbox 2035 4946 2145 4987; x_wconf 86' lang='lat' dir='ltr'><strong>coe-</strong></span> 
     </span>
    </p>
   </div>
   <div class='ocr_carea' id='block_1_97' title="bbox 528 5020 2143 5093">
    <p class='ocr_par' dir='ltr' id='par_1_97' title="bbox 528 5020 2143 5093">
     <span class='ocr_line' id='line_1_97' title="bbox 528 5020 2143 5093; baseline 0.001 -19"><span class='ocrx_word' id='word_1_782' title='bbox 528 5038 529 5041; x_wconf 67' lang='lat'>‘</span> <span class='ocrx_word' id='word_1_783' title='bbox 575 5030 788 5092; x_wconf 77' lang='lat' dir='ltr'><strong>permit.</strong></span> <span class='ocrx_word' id='word_1_784' title='bbox 816 5020 886 5074; x_wconf 84' lang='lat' dir='ltr'><strong>Et</strong></span> <span class='ocrx_word' id='word_1_785' title='bbox 908 5022 1160 5077; x_wconf 81' lang='lat' dir='ltr'><strong>intrantes</strong></span> <span class='ocrx_word' id='word_1_786' title='bbox 1188 5024 1397 5076; x_wconf 86' lang='lat' dir='ltr'><strong>domum</strong></span> <span class='ocrx_word' id='word_1_787' title='bbox 1441 5025 1743 5078; x_wconf 77' lang='lat' dir='ltr'><strong>invenerunt</strong></span> <span class='ocrx_word' id='word_1_788' title='bbox 1782 5039 1997 5093; x_wconf 86' lang='lat' dir='ltr'><strong>puerum</strong></span> <span class='ocrx_word' id='word_1_789' title='bbox 2027 5040 2143 5077; x_wconf 84' lang='lat' dir='ltr'><strong>cum</strong></span> 
     </span>
    </p>
   </div>
   <div class='ocr_carea' id='block_1_98' title="bbox 577 5102 2146 5185">
    <p class='ocr_par' dir='ltr' id='par_1_98' title="bbox 577 5102 2146 5185">
     <span class='ocr_line' id='line_1_98' title="bbox 577 5102 2146 5185; baseline 0.002 -20"><span class='ocrx_word' id='word_1_790' title='bbox 577 5111 763 5166; x_wconf 72' lang='lat' dir='ltr'><strong>Maria</strong></span> <span class='ocrx_word' id='word_1_791' title='bbox 778 5123 944 5166; x_wconf 80' lang='lat' dir='ltr'><strong>matre</strong></span> <span class='ocrx_word' id='word_1_792' title='bbox 968 5113 1105 5182; x_wconf 88' lang='lat' dir='ltr'><strong>ejus.</strong></span> <span class='ocrx_word' id='word_1_793' title='bbox 1138 5114 1273 5181; x_wconf 84' lang='lat' dir='ltr'><strong>Quia</strong></span> <span class='ocrx_word' id='word_1_794' title='bbox 1310 5129 1408 5184; x_wconf 90' lang='lat' dir='ltr'><strong>pro</strong></span> <span class='ocrx_word' id='word_1_795' title='bbox 1431 5129 1600 5185; x_wconf 87' lang='lat' dir='ltr'><strong>puero</strong></span> <span class='ocrx_word' id='word_1_796' title='bbox 1637 5124 1910 5181; x_wconf 86' lang='lat' dir='ltr'><strong>venerant,</strong></span> <span class='ocrx_word' id='word_1_797' title='bbox 1947 5102 2146 5170; x_wconf 87' lang='lat' dir='ltr'><strong>nomen</strong></span> 
     </span>
    </p>
   </div>
   <div class='ocr_carea' id='block_1_99' title="bbox 576 5204 2141 5274">
    <p class='ocr_par' dir='ltr' id='par_1_99' title="bbox 576 5204 2141 5274">
     <span class='ocr_line' id='line_1_99' title="bbox 576 5204 2141 5274; baseline 0.002 -17"><span class='ocrx_word' id='word_1_798' title='bbox 576 5204 729 5273; x_wconf 87' lang='lat' dir='ltr'><strong>pueri</strong></span> <span class='ocrx_word' id='word_1_799' title='bbox 760 5204 1112 5273; x_wconf 62' lang='lat' dir='ltr'><strong>praeponitur.</strong></span> <span class='ocrx_word' id='word_1_800' title='bbox 1160 5204 1231 5258; x_wconf 83' lang='lat' dir='ltr'><strong>Et</strong></span> <span class='ocrx_word' id='word_1_801' title='bbox 1278 5207 1599 5274; x_wconf 83' lang='lat' dir='ltr'><strong>procidentes</strong></span> <span class='ocrx_word' id='word_1_802' title='bbox 1628 5206 1974 5261; x_wconf 86' lang='lat' dir='ltr'><strong>adoraverunt</strong></span> <span class='ocrx_word' id='word_1_803' title='bbox 2003 5222 2141 5261; x_wconf 87' lang='lat' dir='ltr'><strong>eum.</strong></span> 
     </span>
    </p>
   </div>
   <div class='ocr_carea' id='block_1_100' title="bbox 573 5293 2144 5366">
    <p class='ocr_par' dir='ltr' id='par_1_100' title="bbox 573 5293 2144 5366">
     <span class='ocr_line' id='line_1_100' title="bbox 573 5293 2144 5366; baseline 0.003 -19"><span class='ocrx_word' id='word_1_804' title='bbox 573 5293 814 5349; x_wconf 85' lang='lat' dir='ltr'><strong>Adorare</strong></span> <span class='ocrx_word' id='word_1_805' title='bbox 837 5294 1125 5364; x_wconf 86' lang='lat' dir='ltr'><strong>aliquando</strong></span> <span class='ocrx_word' id='word_1_806' title='bbox 1150 5309 1248 5365; x_wconf 92' lang='lat' dir='ltr'><strong>pro</strong></span> <span class='ocrx_word' id='word_1_807' title='bbox 1272 5295 1523 5349; x_wconf 80' lang='lat' dir='ltr'><strong>inclinare</strong></span> <span class='ocrx_word' id='word_1_808' title='bbox 1549 5297 1783 5366; x_wconf 89' lang='lat' dir='ltr'><strong>ponitur,</strong></span> <span class='ocrx_word' id='word_1_809' title='bbox 1812 5297 1954 5366; x_wconf 91' lang='lat' dir='ltr'><strong>quod</strong></span> <span class='ocrx_word' id='word_1_810' title='bbox 1991 5306 2048 5352; x_wconf 88' lang='lat' dir='ltr'><strong>et</strong></span> <span class='ocrx_word' id='word_1_811' title='bbox 2078 5298 2144 5352; x_wconf 88' lang='lat' dir='ltr'><strong>ad</strong></span> 
     </span>
    </p>
   </div>
   <div class='ocr_carea' id='block_1_101' title="bbox 486 5374 2142 5443">
    <p class='ocr_par' dir='ltr' id='par_1_101' title="bbox 486 5374 2142 5443">
     <span class='ocr_line' id='line_1_101' title="bbox 486 5374 2142 5443; baseline 0.002 -4"><span class='ocrx_word' id='word_1_812' title='bbox 486 5374 493 5377; x_wconf 50' lang='grc'>⁷</span> <span class='ocrx_word' id='word_1_813' title='bbox 576 5385 821 5440; x_wconf 89' lang='lat' dir='ltr'><strong>homines</strong></span> <span class='ocrx_word' id='word_1_814' title='bbox 846 5394 903 5439; x_wconf 89' lang='lat' dir='ltr'><strong>et</strong></span> <span class='ocrx_word' id='word_1_815' title='bbox 936 5385 1005 5439; x_wconf 89' lang='lat' dir='ltr'><strong>ad</strong></span> <span class='ocrx_word' id='word_1_816' title='bbox 1047 5385 1215 5440; x_wconf 91' lang='lat' dir='ltr'><strong>Deum</strong></span> <span class='ocrx_word' id='word_1_817' title='bbox 1245 5401 1526 5441; x_wconf 91' lang='lat' dir='ltr'><strong>commune</strong></span> <span class='ocrx_word' id='word_1_818' title='bbox 1567 5396 1668 5441; x_wconf 89' lang='lat' dir='ltr'><strong>est.</strong></span> <span class='ocrx_word' id='word_1_819' title='bbox 1709 5387 1859 5442; x_wconf 86' lang='lat' dir='ltr'><strong>Unde</strong></span> <span class='ocrx_word' id='word_1_820' title='bbox 1884 5388 1952 5442; x_wconf 89' lang='lat' dir='ltr'><strong>de</strong></span> <span class='ocrx_word' id='word_1_821' title='bbox 1979 5389 2142 5443; x_wconf 89' lang='lat' dir='ltr'><strong>Chusi</strong></span> 
     </span>
    </p>
   </div>
   <div class='ocr_carea' id='block_1_102' title="bbox 576 5477 2140 5553">
    <p class='ocr_par' dir='ltr' id='par_1_102' title="bbox 576 5477 2140 5553">
     <span class='ocr_line' id='line_1_102' title="bbox 576 5477 2140 5553; baseline 0.005 -23"><span class='ocrx_word' id='word_1_822' title='bbox 576 5477 806 5531; x_wconf 89' lang='lat' dir='ltr'><strong>dicitur:</strong></span> <span class='ocrx_word' id='word_1_823' title='bbox 839 5477 1117 5553; x_wconf 76' lang='lat' dir='ltr'><strong>~Adoraui_t</strong></span> <span class='ocrx_word' id='word_1_824' title='bbox 1168 5495 1334 5549; x_wconf 86' lang='lat' dir='ltr'><strong>regem</strong></span> <span class='ocrx_word' id='word_1_825' title='bbox 1388 5496 1582 5549; x_wconf 87' lang='lat' dir='ltr'><strong>pronus</strong></span> <span class='ocrx_word' id='word_1_826' title='bbox 1620 5483 1677 5534; x_wconf 85' lang='lat' dir='ltr'><strong>in</strong></span> <span class='ocrx_word' id='word_1_827' title='bbox 1725 5477 1883 5535; x_wconf 82' lang='lat' dir='ltr'><strong>terra.</strong></span> <span class='ocrx_word' id='word_1_828' title='bbox 1944 5481 2140 5538; x_wconf 76' lang='lat' dir='ltr'><strong>Verum</strong></span> 
     </span>
    </p>
   </div>
   <div class='ocr_carea' id='block_1_103' title="bbox 578 5568 2137 5633">
    <p class='ocr_par' dir='ltr' id='par_1_103' title="bbox 578 5568 2137 5633">
     <span class='ocr_line' id='line_1_103' title="bbox 578 5568 2137 5633; baseline 0.008 -17"><span class='ocrx_word' id='word_1_829' title='bbox 578 5573 754 5619; x_wconf 84' lang='lat' dir='ltr'><strong>tamen</strong></span> <span class='ocrx_word' id='word_1_830' title='bbox 787 5582 894 5620; x_wconf 88' lang='lat' dir='ltr'><strong>non</strong></span> <span class='ocrx_word' id='word_1_831' title='bbox 919 5568 1078 5622; x_wconf 85' lang='lat' dir='ltr'><strong>habet</strong></span> <span class='ocrx_word' id='word_1_832' title='bbox 1119 5569 1207 5623; x_wconf 86' lang='lat' dir='ltr'><strong>hic</strong></span> <span class='ocrx_word' id='word_1_833' title='bbox 1235 5568 1393 5624; x_wconf 87' lang='lat' dir='ltr'><strong>talem</strong></span> <span class='ocrx_word' id='word_1_834' title='bbox 1422 5570 1780 5633; x_wconf 82' lang='lat' dir='ltr'><strong>intellectum,</strong></span> <span class='ocrx_word' id='word_1_835' title='bbox 1809 5572 1903 5626; x_wconf 89' lang='lat' dir='ltr'><strong>sed</strong></span> <span class='ocrx_word' id='word_1_836' title='bbox 1943 5573 2137 5628; x_wconf 83' lang='lat' dir='ltr'><strong>adora-</strong></span> 
     </span>
    </p>
   </div>
   <div class='ocr_carea' id='block_1_104' title="bbox 580 5634 2133 5737">
    <p class='ocr_par' dir='ltr' id='par_1_104' title="bbox 580 5634 2133 5737">
     <span class='ocr_line' id='line_1_104' title="bbox 580 5634 2133 5737; baseline 0.01 -31"><span class='ocrx_word' id='word_1_837' title='bbox 580 5668 770 5712; x_wconf 74' lang='lat' dir='ltr'><strong>verunt</strong></span> <span class='ocrx_word' id='word_1_838' title='bbox 799 5668 857 5712; x_wconf 85' lang='lat' dir='ltr'><strong>ut</strong></span> <span class='ocrx_word' id='word_1_839' title='bbox 886 5660 1051 5715; x_wconf 90' lang='lat' dir='ltr'><strong>Deum</strong></span> <span class='ocrx_word' id='word_1_840' title='bbox 1081 5663 1446 5717; x_wconf 88' lang='lat' dir='ltr'><strong>et-Dominum</strong></span> <span class='ocrx_word' id='word_1_841' title='bbox 1472 5678 1572 5732; x_wconf 88' lang='lat' dir='ltr'><strong>pro</strong></span> <span class='ocrx_word' id='word_1_842' title='bbox 1604 5664 1918 5718; x_wconf 85' lang='lat' dir='ltr'><strong>remissione</strong></span> <span class='ocrx_word' id='word_1_843' title='bbox 1943 5634 2133 5737; x_wconf 66' lang='lat' dir='ltr'><strong>pecca:</strong></span> 
     </span>
    </p>
   </div>
   <div class='ocr_carea' id='block_1_105' title="bbox 2249 4578 3842 4660">
    <p class='ocr_par' dir='ltr' id='par_1_105' title="bbox 2249 4578 3842 4660">
     <span class='ocr_line' id='line_1_105' title="bbox 2249 4578 3842 4660; baseline 0.006 -25"><span class='ocrx_word' id='word_1_844' title='bbox 2249 4597 2367 4651; x_wconf 64' lang='lat' dir='ltr'><strong>qua:</strong></span> <span class='ocrx_word' id='word_1_845' title='bbox 2394 4585 2459 4635; x_wconf 90' lang='lat' dir='ltr'><strong>de</strong></span> <span class='ocrx_word' id='word_1_846' title='bbox 2497 4578 2821 4653; x_wconf 77' lang='lat' dir='ltr'><strong>Troglodyta</strong></span> <span class='ocrx_word' id='word_1_847' title='bbox 2865 4584 3036 4638; x_wconf 89' lang='lat' dir='ltr'><strong>insula</strong></span> <span class='ocrx_word' id='word_1_848' title='bbox 3067 4584 3308 4640; x_wconf 79' lang='lat' dir='ltr'><strong>affertur.</strong></span> <span class='ocrx_word' id='word_1_849' title='bbox 3362 4586 3435 4640; x_wconf 85' lang='lat' dir='ltr'><strong>Et</strong></span> <span class='ocrx_word' id='word_1_850' title='bbox 3470 4607 3731 4660; x_wconf 80' lang='lat' dir='ltr'><strong>responso</strong></span> <span class='ocrx_word' id='word_1_851' title='bbox 3766 4611 3842 4645; x_wconf 74' lang='lat' dir='ltr'><strong>et-</strong></span> 
     </span>
    </p>
   </div>
   <div class='ocr_carea' id='block_1_106' title="bbox 2246 4672 3842 4753">
    <p class='ocr_par' dir='ltr' id='par_1_106' title="bbox 2246 4672 3842 4753">
     <span class='ocr_line' id='line_1_106' title="bbox 2246 4672 3842 4753; baseline 0.011 -30"><span class='ocrx_word' id='word_1_852' title='bbox 2246 4680 2391 4740; x_wconf 87' lang='lat' dir='ltr'><strong>cepto</strong></span> <span class='ocrx_word' id='word_1_853' title='bbox 2425 4672 2480 4724; x_wconf 90' lang='lat' dir='ltr'><strong>in</strong></span> <span class='ocrx_word' id='word_1_854' title='bbox 2508 4673 2701 4727; x_wconf 85' lang='lat' dir='ltr'><strong>somnis</strong></span> <span class='ocrx_word' id='word_1_855' title='bbox 2723 4689 2784 4726; x_wconf 88' lang='lat' dir='ltr'><strong>ne</strong></span> <span class='ocrx_word' id='word_1_856' title='bbox 2813 4674 3039 4728; x_wconf 85' lang='lat' dir='ltr'><strong>redirent</strong></span> <span class='ocrx_word' id='word_1_857' title='bbox 3060 4677 3129 4728; x_wconf 82' lang='lat' dir='ltr'><strong>ad</strong></span> <span class='ocrx_word' id='word_1_858' title='bbox 3159 4675 3443 4731; x_wconf 82' lang='lat' dir='ltr'><strong>Herodem.</strong></span> <span class='ocrx_word' id='word_1_859' title='bbox 3480 4678 3647 4737; x_wconf 88' lang='lat' dir='ltr'><strong>Sicut</strong></span> <span class='ocrx_word' id='word_1_860' title='bbox 3672 4685 3842 4753; x_wconf 74' lang='lat' dir='ltr'><strong>solent</strong></span> 
     </span>
    </p>
   </div>
   <div class='ocr_carea' id='block_1_107' title="bbox 2248 4767 3839 4843">
    <p class='ocr_par' dir='ltr' id='par_1_107' title="bbox 2248 4767 3839 4843">
     <span class='ocr_line' id='line_1_107' title="bbox 2248 4767 3839 4843; baseline 0.011 -25"><span class='ocrx_word' id='word_1_861' title='bbox 2248 4780 2401 4836; x_wconf 86' lang='lat' dir='ltr'><strong>reges</strong></span> <span class='ocrx_word' id='word_1_862' title='bbox 2429 4767 2628 4820; x_wconf 89' lang='lat' dir='ltr'><strong>terreni</strong></span> <span class='ocrx_word' id='word_1_863' title='bbox 2660 4767 3013 4838; x_wconf 87' lang='lat' dir='ltr'><strong>legationibus</strong></span> <span class='ocrx_word' id='word_1_864' title='bbox 3055 4786 3307 4841; x_wconf 90' lang='lat' dir='ltr'><strong>responsa</strong></span> <span class='ocrx_word' id='word_1_865' title='bbox 3358 4774 3619 4843; x_wconf 87' lang='lat' dir='ltr'><strong>reddere,</strong></span> <span class='ocrx_word' id='word_1_866' title='bbox 3649 4782 3839 4834; x_wconf 80' lang='lat' dir='ltr'><strong>simili-</strong></span> 
     </span>
    </p>
   </div>
   <div class='ocr_carea' id='block_1_108' title="bbox 2246 4854 3845 4933">
    <p class='ocr_par' dir='ltr' id='par_1_108' title="bbox 2246 4854 3845 4933">
     <span class='ocr_line' id='line_1_108' title="bbox 2246 4854 3845 4933; baseline 0.008 -24"><span class='ocrx_word' id='word_1_867' title='bbox 2246 4865 2330 4911; x_wconf 87' lang='lat' dir='ltr'><strong>ter</strong></span> <span class='ocrx_word' id='word_1_868' title='bbox 2353 4854 2480 4911; x_wconf 89' lang='lat' dir='ltr'><strong>fecit</strong></span> <span class='ocrx_word' id='word_1_869' title='bbox 2506 4856 2764 4912; x_wconf 90' lang='lat' dir='ltr'><strong>Dominus</strong></span> <span class='ocrx_word' id='word_1_870' title='bbox 2790 4869 2974 4914; x_wconf 83' lang='lat' dir='ltr'><strong>noster</strong></span> <span class='ocrx_word' id='word_1_871' title='bbox 3024 4861 3237 4932; x_wconf 83' lang='lat' dir='ltr'><strong>regibus</strong></span> <span class='ocrx_word' id='word_1_872' title='bbox 3276 4865 3366 4933; x_wconf 90' lang='lat' dir='ltr'><strong>qui</strong></span> <span class='ocrx_word' id='word_1_873' title='bbox 3404 4865 3478 4920; x_wconf 88' lang='lat' dir='ltr'><strong>ad</strong></span> <span class='ocrx_word' id='word_1_874' title='bbox 3511 4882 3572 4922; x_wconf 87' lang='lat' dir='ltr'><strong>se</strong></span> <span class='ocrx_word' id='word_1_875' title='bbox 3618 4874 3845 4925; x_wconf 79' lang='lat' dir='ltr'><strong>adoran-</strong></span> 
     </span>
    </p>
   </div>
   <div class='ocr_carea' id='block_1_109' title="bbox 2250 4946 3845 5026">
    <p class='ocr_par' dir='ltr' id='par_1_109' title="bbox 2250 4946 3845 5026">
     <span class='ocr_line' id='line_1_109' title="bbox 2250 4946 3845 5026; baseline 0.008 -26"><span class='ocrx_word' id='word_1_876' title='bbox 2250 4946 2375 5001; x_wconf 88' lang='lat' dir='ltr'><strong>dum</strong></span> <span class='ocrx_word' id='word_1_877' title='bbox 2395 4956 2654 5001; x_wconf 83' lang='lat' dir='ltr'><strong>venerant</strong></span> <span class='ocrx_word' id='word_1_878' title='bbox 2680 4965 2692 5001; x_wconf 94' lang='lat'><strong>:</strong></span> <span class='ocrx_word' id='word_1_879' title='bbox 2726 4949 2839 5017; x_wconf 89' lang='lat' dir='ltr'><strong>ipse</strong></span> <span class='ocrx_word' id='word_1_880' title='bbox 2868 4966 2964 5020; x_wconf 89' lang='lat' dir='ltr'><strong>per</strong></span> <span class='ocrx_word' id='word_1_881' title='bbox 2989 4967 3047 5007; x_wconf 91' lang='lat' dir='ltr'><strong>se</strong></span> <span class='ocrx_word' id='word_1_882' title='bbox 3068 4953 3294 5008; x_wconf 79' lang='lat' dir='ltr'><strong>reddidit</strong></span> <span class='ocrx_word' id='word_1_883' title='bbox 3320 4970 3656 5026; x_wconf 80' lang='lat' dir='ltr'><strong>responsum</strong></span> <span class='ocrx_word' id='word_1_884' title='bbox 3683 4964 3845 5016; x_wconf 68' lang='lat' dir='ltr'><strong>etiam</strong></span> 
     </span>
    </p>
   </div>
   <div class='ocr_carea' id='block_1_110' title="bbox 2252 5036 3844 5117">
    <p class='ocr_par' dir='ltr' id='par_1_110' title="bbox 2252 5036 3844 5117">
     <span class='ocr_line' id='line_1_110' title="bbox 2252 5036 3844 5117; baseline 0.008 -27"><span class='ocrx_word' id='word_1_885' title='bbox 2252 5036 2307 5090; x_wconf 89' lang='lat' dir='ltr'><strong>in</strong></span> <span class='ocrx_word' id='word_1_886' title='bbox 2332 5036 2556 5102; x_wconf 90' lang='lat' dir='ltr'><strong>somnis,</strong></span> <span class='ocrx_word' id='word_1_887' title='bbox 2585 5037 2726 5092; x_wconf 90' lang='lat' dir='ltr'><strong>sicut</strong></span> <span class='ocrx_word' id='word_1_888' title='bbox 2755 5039 3032 5108; x_wconf 87' lang='lat' dir='ltr'><strong>prophetis</strong></span> <span class='ocrx_word' id='word_1_889' title='bbox 3071 5051 3122 5096; x_wconf 91' lang='lat' dir='ltr'><strong>et</strong></span> <span class='ocrx_word' id='word_1_890' title='bbox 3147 5042 3403 5111; x_wconf 81' lang='lat' dir='ltr'><strong>perfectis</strong></span> <span class='ocrx_word' id='word_1_891' title='bbox 3437 5045 3606 5109; x_wconf 79' lang='lat' dir='ltr'><strong>viris,</strong></span> <span class='ocrx_word' id='word_1_892' title='bbox 3642 5057 3707 5102; x_wconf 76' lang='lat' dir='ltr'><strong>nt</strong></span> <span class='ocrx_word' id='word_1_893' title='bbox 3744 5048 3844 5117; x_wconf 55' lang='lat' dir='ltr'><strong>ipsi</strong></span> 
     </span>
    </p>
   </div>
   <div class='ocr_carea' id='block_1_111' title="bbox 2251 5127 3844 5208">
    <p class='ocr_par' dir='ltr' id='par_1_111' title="bbox 2251 5127 3844 5208">
     <span class='ocr_line' id='line_1_111' title="bbox 2251 5127 3844 5208; baseline 0.007 -26"><span class='ocrx_word' id='word_1_894' title='bbox 2251 5135 2425 5182; x_wconf 88' lang='lat' dir='ltr'><strong>erant.</strong></span> <span class='ocrx_word' id='word_1_895' title='bbox 2462 5127 2529 5183; x_wconf 88' lang='lat' dir='ltr'><strong>Et</strong></span> <span class='ocrx_word' id='word_1_896' title='bbox 2566 5130 2776 5183; x_wconf 90' lang='lat' dir='ltr'><strong>monuit</strong></span> <span class='ocrx_word' id='word_1_897' title='bbox 2806 5145 2900 5185; x_wconf 88' lang='lat' dir='ltr'><strong>eos</strong></span> <span class='ocrx_word' id='word_1_898' title='bbox 2934 5146 3001 5185; x_wconf 91' lang='lat' dir='ltr'><strong>ne</strong></span> <span class='ocrx_word' id='word_1_899' title='bbox 3026 5132 3263 5187; x_wconf 88' lang='lat' dir='ltr'><strong>redirent</strong></span> <span class='ocrx_word' id='word_1_900' title='bbox 3290 5135 3357 5188; x_wconf 89' lang='lat' dir='ltr'><strong>ad</strong></span> <span class='ocrx_word' id='word_1_901' title='bbox 3382 5134 3692 5198; x_wconf 72' lang='lat' dir='ltr'><strong>Herodem,</strong></span> <span class='ocrx_word' id='word_1_902' title='bbox 3726 5144 3844 5208; x_wconf 73' lang='lat' dir='ltr'><strong>quia</strong></span> 
     </span>
    </p>
   </div>
   <div class='ocr_carea' id='block_1_112' title="bbox 2250 5216 3847 5296">
    <p class='ocr_par' dir='ltr' id='par_1_112' title="bbox 2250 5216 3847 5296">
     <span class='ocr_line' id='line_1_112' title="bbox 2250 5216 3847 5296; baseline 0.007 -27"><span class='ocrx_word' id='word_1_903' title='bbox 2250 5216 2338 5272; x_wconf 88' lang='lat' dir='ltr'><strong>via</strong></span> <span class='ocrx_word' id='word_1_904' title='bbox 2371 5217 2610 5286; x_wconf 90' lang='lat' dir='ltr'><strong>ipsorum</strong></span> <span class='ocrx_word' id='word_1_905' title='bbox 2644 5233 2751 5273; x_wconf 91' lang='lat' dir='ltr'><strong>non</strong></span> <span class='ocrx_word' id='word_1_906' title='bbox 2783 5217 2960 5274; x_wconf 89' lang='lat' dir='ltr'><strong>fuerat</strong></span> <span class='ocrx_word' id='word_1_907' title='bbox 2982 5236 3080 5290; x_wconf 89' lang='lat' dir='ltr'><strong>per</strong></span> <span class='ocrx_word' id='word_1_908' title='bbox 3096 5236 3189 5276; x_wconf 89' lang='lat' dir='ltr'><strong>eos</strong></span> <span class='ocrx_word' id='word_1_909' title='bbox 3214 5224 3417 5290; x_wconf 86' lang='lat' dir='ltr'><strong>venire,</strong></span> <span class='ocrx_word' id='word_1_910' title='bbox 3447 5225 3556 5280; x_wconf 88' lang='lat' dir='ltr'><strong>nisi</strong></span> <span class='ocrx_word' id='word_1_911' title='bbox 3586 5243 3700 5296; x_wconf 83' lang='lat' dir='ltr'><strong>pro</strong></span> <span class='ocrx_word' id='word_1_912' title='bbox 3725 5245 3847 5283; x_wconf 81' lang='lat' dir='ltr'><strong>caa—</strong></span> 
     </span>
    </p>
   </div>
   <div class='ocr_carea' id='block_1_113' title="bbox 2251 5308 3847 5379">
    <p class='ocr_par' dir='ltr' id='par_1_113' title="bbox 2251 5308 3847 5379">
     <span class='ocr_line' id='line_1_113' title="bbox 2251 5308 3847 5379; baseline 0.007 -16"><span class='ocrx_word' id='word_1_913' title='bbox 2251 5308 2325 5363; x_wconf 87' lang='lat' dir='ltr'><strong>sis</strong></span> <span class='ocrx_word' id='word_1_914' title='bbox 2352 5309 2598 5379; x_wconf 78' lang='lat' dir='ltr'><strong>superius</strong></span> <span class='ocrx_word' id='word_1_915' title='bbox 2650 5310 3069 5378; x_wconf 89' lang='lat' dir='ltr'><strong>comprehensis.</strong></span> <span class='ocrx_word' id='word_1_916' title='bbox 3128 5315 3265 5367; x_wconf 84' lang='lat' dir='ltr'><strong>Ante</strong></span> <span class='ocrx_word' id='word_1_917' title='bbox 3314 5314 3459 5368; x_wconf 89' lang='lat' dir='ltr'><strong>enim</strong></span> <span class='ocrx_word' id='word_1_918' title='bbox 3508 5315 3847 5373; x_wconf 64' lang='lat' dir='ltr'><strong>Bethlem</strong></span> 
     </span>
    </p>
   </div>
   <div class='ocr_carea' id='block_1_114' title="bbox 2247 5398 3606 5470">
    <p class='ocr_par' dir='ltr' id='par_1_114' title="bbox 2247 5398 3606 5470">
     <span class='ocr_line' id='line_1_114' title="bbox 2247 5398 3606 5470; baseline 0.004 -17"><span class='ocrx_word' id='word_1_919' title='bbox 2247 5405 2330 5453; x_wconf 90' lang='lat' dir='ltr'><strong>est</strong></span> <span class='ocrx_word' id='word_1_920' title='bbox 2356 5398 2694 5453; x_wconf 82' lang='lat' dir='ltr'><strong>venientibus</strong></span> <span class='ocrx_word' id='word_1_921' title='bbox 2720 5399 2785 5454; x_wconf 91' lang='lat' dir='ltr'><strong>de</strong></span> <span class='ocrx_word' id='word_1_922' title='bbox 2806 5398 3043 5463; x_wconf 88' lang='lat' dir='ltr'><strong>Oriente,</strong></span> <span class='ocrx_word' id='word_1_923' title='bbox 3084 5415 3243 5470; x_wconf 89' lang='lat' dir='ltr'><strong>quam</strong></span> <span class='ocrx_word' id='word_1_924' title='bbox 3268 5400 3606 5459; x_wconf 82' lang='lat' dir='ltr'><strong>Jerusalem.</strong></span> 
     </span>
    </p>
   </div>
   <div class='ocr_carea' id='block_1_115' title="bbox 2315 5490 3845 5560">
    <p class='ocr_par' dir='ltr' id='par_1_115' title="bbox 2315 5490 3845 5560">
     <span class='ocr_line' id='line_1_115' title="bbox 2315 5490 3845 5560; baseline 0.008 -17"><span class='ocrx_word' id='word_1_925' title='bbox 2315 5490 2450 5555; x_wconf 68' lang='lat' dir='ltr'><strong>Liuia</strong></span> <span class='ocrx_word' id='word_1_926' title='bbox 2472 5500 2530 5545; x_wconf 90' lang='lat' dir='ltr'><strong>ut</strong></span> <span class='ocrx_word' id='word_1_927' title='bbox 2551 5494 2821 5560; x_wconf 90' lang='lat' dir='ltr'><strong>potuimus</strong></span> <span class='ocrx_word' id='word_1_928' title='bbox 2843 5493 3156 5549; x_wconf 87' lang='lat' dir='ltr'><strong>historicum</strong></span> <span class='ocrx_word' id='word_1_929' title='bbox 3185 5496 3517 5552; x_wconf 88' lang='lat' dir='ltr'><strong>intellectum</strong></span> <span class='ocrx_word' id='word_1_930' title='bbox 3539 5510 3845 5556; x_wconf 79' lang='lat' dir='ltr'><strong>transcur-</strong></span> 
     </span>
    </p>
   </div>
   <div class='ocr_carea' id='block_1_116' title="bbox 2242 5581 3847 5653">
    <p class='ocr_par' dir='ltr' id='par_1_116' title="bbox 2242 5581 3847 5653">
     <span class='ocr_line' id='line_1_116' title="bbox 2242 5581 3847 5653; baseline 0.006 -20"><span class='ocrx_word' id='word_1_931' title='bbox 2242 5581 2449 5637; x_wconf 88' lang='lat' dir='ltr'><strong>rimus:</strong></span> <span class='ocrx_word' id='word_1_932' title='bbox 2479 5598 2619 5637; x_wconf 89' lang='lat' dir='ltr'><strong>nunc</strong></span> <span class='ocrx_word' id='word_1_933' title='bbox 2658 5583 2952 5653; x_wconf 89' lang='lat' dir='ltr'><strong>spiritalem</strong></span> <span class='ocrx_word' id='word_1_934' title='bbox 2993 5584 3289 5638; x_wconf 85' lang='lat' dir='ltr'><strong>videamus.</strong></span> <span class='ocrx_word' id='word_1_935' title='bbox 3325 5584 3481 5641; x_wconf 86' lang='lat' dir='ltr'><strong>Sicut</strong></span> <span class='ocrx_word' id='word_1_936' title='bbox 3507 5589 3677 5642; x_wconf 83' lang='lat' dir='ltr'><strong>enim</strong></span> <span class='ocrx_word' id='word_1_937' title='bbox 3712 5592 3847 5643; x_wconf 69' lang='lat' dir='ltr'><strong>diui-</strong></span> 
     </span>
    </p>
   </div>
   <div class='ocr_carea' id='block_1_117' title="bbox 2243 5674 3849 5750">
    <p class='ocr_par' dir='ltr' id='par_1_117' title="bbox 2243 5674 3849 5750">
     <span class='ocr_line' id='line_1_117' title="bbox 2243 5674 3849 5750; baseline 0.006 -24"><span class='ocrx_word' id='word_1_938' title='bbox 2243 5688 2360 5727; x_wconf 92' lang='lat' dir='ltr'><strong>mus</strong></span> <span class='ocrx_word' id='word_1_939' title='bbox 2390 5683 2552 5735; x_wconf 84' lang='lat' dir='ltr'><strong>retro,</strong></span> <span class='ocrx_word' id='word_1_940' title='bbox 2578 5674 2923 5728; x_wconf 87' lang='lat' dir='ltr'><strong>inveniuntur</strong></span> <span class='ocrx_word' id='word_1_941' title='bbox 2964 5690 3151 5729; x_wconf 86' lang='lat' dir='ltr'><strong>omnes</strong></span> <span class='ocrx_word' id='word_1_942' title='bbox 3178 5675 3281 5730; x_wconf 68' lang='lat' dir='ltr'><strong>illm</strong></span> <span class='ocrx_word' id='word_1_943' title='bbox 3323 5687 3433 5733; x_wconf 87' lang='lat' dir='ltr'><strong>tres</strong></span> <span class='ocrx_word' id='word_1_944' title='bbox 3464 5679 3849 5750; x_wconf 55' lang='lat' dir='ltr'><strong>philosophi:</strong></span> 
     </span>
    </p>
   </div>
  </div>
