3962 6174
315 307 443 364 9⁸283

1462 307 1817 365 EXPOSlTlO
1852 309 1916 364 1N
1958 308 2388 366 MATTllelIll.

3389 310 3521 365 19κῦ

308 422 613 477 (meorum
671 423 830 477 etiam
885 422 936 477 in
992 421 1169 477 divina
1221 422 1517 492 Scriptura.
1570 421 1637 475 Et
1686 421 1860 474 omnis
1890 426 1938 481 Α
1965 435 2063 474 nus
2088 462 2102 482 ,
2145 433 2206 476 ut
2236 436 2396 489 super
2426 436 2612 474 aurum
2641 429 2694 475 et
2731 421 2975 489 topaziou
3006 434 3068 474 ea
3121 417 3414 475 delectetur
3470 425 3523 475 is

305 523 468 566 etiam
510 514 842 584 philosophia
893 524 947 569 et
972 528 1158 567 omnes
1203 511 1346 566 modi
1392 512 1721 571 locutionum
1749 518 1871 580 ante

306 601 520 657 fuerunt
560 601 612 656 in
654 602 929 673 Scriptura
971 602 1171 667 divina,
1218 617 1379 673 quam
1434 600 1571 671 apud
1607 600 1873 669 sophistas

306 693 610 757 smculares,
644 695 766 763 quia
789 695 831 749 si
863 694 989 764 quid
1030 694 1351 758 habuerunt,
1382 694 1447 748 de
1488 693 1584 748 Dei
1610 694 1748 747 dono
1777 693 1875 747 ba-

308 788 558 848 buerunt,
588 785 703 854 ipso
752 783 1031 855 largiente.
1083 784 1212 837 Cum
1268 793 1422 837 natus
1467 792 1596 837 esset
1642 781 1796 836 Iesus
1820 783 1873 834 in

307 874 620 929 Bethlehem.
673 873 1002 939 Bethlehem,
1059 874 1199 929 sicut
1241 875 1492 939 diximus,
1519 874 1701 928 domus
1726 873 1875 943 panis

309 966 711 1035 interpretatur,
743 973 794 1018 et
845 965 1111 1035 significat
1137 964 1456 1030 Ecclesiam,
1489 965 1543 1018 in
1568 980 1670 1034 qua
1715 980 1876 1018 verus

306 1056 460 1128 panis
496 1056 784 1121 invenitur,
812 1056 863 1110 id
899 1066 981 1110 est
1003 1055 1268 1121 Christus,
1300 1056 1390 1125 qui
1420 1055 1589 1109 dixit:
1621 1054 1731 1126 Ego
1760 1071 1874 1108 sum

306 1148 456 1217 panis
485 1147 629 1203 vivus
653 1147 742 1217 qui
764 1147 826 1202 de
850 1146 976 1201 caelo
1001 1146 1260 1212 descendi,
1287 1156 1335 1201 et
1360 1147 1405 1200 si
1440 1147 1556 1218 quis
1590 1146 1876 1199 manduca-

306 1238 434 1293 uerit
461 1255 525 1293 ea:
542 1239 638 1291 hoc
665 1253 817 1308 pane,
849 1239 973 1291 vivet
1000 1237 1053 1291 in
1085 1238 1352 1291 wternum.

380 1328 517 1399 Magi
564 1336 675 1382 tres
724 1327 1029 1397 signiﬁcant
1072 1327 1323 1397 gentilem
1372 1327 1626 1399 populum
1674 1327 1763 1395 qui
1810 1341 1877 1379 ex

307 1420 483 1474 tribus
520 1418 644 1473 ﬁliis
690 1416 802 1473 Noe
852 1420 958 1474 orti
986 1428 1132 1483 sunt,
1160 1420 1273 1474 sive
1302 1420 1426 1489 quia
1455 1420 1507 1473 in
1558 1418 1875 1472 Trinitatem

308 1511 529 1577 credere
556 1510 774 1564 habent.
817 1511 897 1564 Ab
922 1510 1144 1565 Oriente
1172 1520 1454 1573 venerunt,
1503 1510 1617 1564 sive
1657 1509 1781 1578 quia
1812 1507 1878 1561 de

310 1598 557 1675 paradiso
585 1605 752 1673 patris
799 1604 993 1668 nostri,
1029 1606 1096 1659 ad
1141 1603 1409 1658 diabolum
1440 1609 1723 1663 venerunt,
1765 1599 1878 1652 sive

309 1690 433 1762 quia
458 1690 936 1761 Oriens‘Dominus
962 1701 1146 1747 noster
1171 1699 1414 1754 vocatur,
1460 1701 1515 1745 et
1555 1691 1622 1744 ab
1651 1689 1764 1758 ipso
1790 1704 1879 1742 ac—

1974 511 2207 565 tidelium
2241 527 2455 565 suorum
2494 513 2776 567 mentibus.
2824 511 2880 566 Si
2909 513 3070 583 igitur
3101 528 3220 566 cum
3251 514 3367 567 istis
3411 529 3534 565 mu-

1974 594 2188 655 neribus
2216 611 2338 656 ante
2368 611 2708 669 conspectum
2740 603 2947 656 Domini
3001 601 3163 656 semel
3193 602 3528 664 venerimus,

1973 691 2343 744 videamus‘ne
2371 701 2553 760 postea
2579 691 2646 747 ad
2674 690 2956 757 Herodem,
2981 692 3032 747 id
3061 703 3143 747 est
3168 695 3232 747 ad
3262 693 3526 748 diabolum

1976 788 2325 836 revertamur.

2043 873 2177 939 Quia
2199 883 2370 927 autem
2409 874 2547 926 istud
2581 873 2919 942 Evangelium
2951 873 3001 927 in
3023 873 3312 943 Epiphania
3340 874 3529 945 legitur

1976 965 2114 1035 apud
2144 980 2261 1027 nos,
2287 963 2527 1017 dicamus
2558 964 2790 1016 breviter
2814 978 2972 1032 quam
3003 978 3150 1017 sacra
3176 964 3273 1016 ista
3296 964 3408 1017 dies
3432 964 3532 1017 ha-

1974 1057 2184 1110 beatur.
2208 1053 2340 1107 Nam
2373 1055 2425 1107 in
2455 1053 2657 1107 Grzeeia
2689 1054 2743 1106 in
2782 1053 2951 1108 Natali
2979 1053 3185 1108 Domini
3213 1055 3405 1124 legitur
3430 1054 3534 1109 huc

1975 1142 2317 1213 Evangelium
2353 1150 2406 1197 et
2452 1142 2502 1195 in
2548 1150 2647 1197 ista
2679 1143 2765 1196 die
2787 1142 3131 1212 Evangelium
3160 1143 3224 1198 de
3269 1143 3534 1213 baptismo

1976 1233 2091 1304 ejus
2115 1231 2327 1301 legitur.
2377 1231 2443 1284 In
2469 1233 2743 1302 principio,
2774 1242 2950 1286 autem
2981 1232 3032 1286 in
3065 1233 3263 1302 pascha
3309 1232 3533 1303 legitur,

1976 1333 2035 1378 ut
2056 1324 2194 1378 sicut
2212 1323 2581 1377 solemnitates
2614 1339 2774 1393 super
2810 1324 2944 1378 alias
2982 1323 3296 1379 festivitates
3316 1325 3535 1394 praecla-

1977 1417 2203 1471 rissimae
2227 1424 2370 1479 sunt,
2403 1416 2474 1469 ita
2506 1415 2790 1486 Evangelia
2823 1415 3231 1485 praeclarissima
3260 1415 3313 1469 in
3347 1417 3534 1470 iisdem

1977 1505 2353 1562 festivitatibus
2375 1506 2635 1577 legantur.
2665 1505 2797 1561 Nam
2837 1507 2888 1561 in
2911 1506 3083 1561 Natali
3115 1507 3227 1577 ejus
3257 1508 3448 1578 legitur
3473 1510 3537 1561 de

1977 1599 2255 1653 nativitate
2277 1598 2475 1662 carnis,
2506 1599 2556 1652 in
2582 1600 2779 1667 pascha
2815 1598 2879 1652 de
2903 1599 3177 1653 nativitate
3222 1599 3535 1653 divinitatis.

1978 1694 2116 1766 Ergo
2135 1695 2261 1763 quia
2304 1693 2631 1747 consuetudo
2658 1701 2741 1747 est
2788 1693 2926 1747 istud
2972 1692 3318 1762 Evangelium
3347 1692 3400 1746 in
3426 1691 3540 1745 lucc

310 1792 569 1853 ceperunt
593 1789 654 1837 ut
680 1782 744 1837 ad
793 1796 915 1836 eum
958 1782 1223 1845 venirent,
1268 1782 1392 1839 ouia
1435 1787 1585 1834 nemo
1629 1781 1761 1834 venit
1808 1779 1874 1831 ad

1988 1789 2063 1843 lie
2091 1788 2213 1857 legi,
2243 1787 2483 1863 dicamus
2510 1788 2670 1843 etiam
2705 1788 2772 1844 de
2814 1789 3086 1844 miraculis
3108 1805 3226 1859 qum
3250 1789 3302 1844 in
3331 1789 3431 1846 hac
3457 1789 3541 1842 die

312 1873 527 1928 Patrem
552 1875 651 1928 nisi
670 1890 762 1944 per
782 1872 1001 1938 Filium,
1028 1873 1151 1943 quia
1175 1874 1288 1943 ipso
1320 1873 1371 1927 in
1398 1865 1557 1927 corde
1584 1871 1877 1926 incremen-

313 1975 425 2018 tum
447 1966 630 2029 dante,
657 1964 947 2019 credimus.
980 1964 1143 2020 Stella
1175 1964 1289 2033 ejus
1330 1963 1419 2018 lux
1463 1962 1585 2017 fidei
1626 1971 1726 2027 est,
1773 1976 1876 2031 qua

311 2054 532 2124 aspirati
562 2069 767 2118 sumus,
798 2061 857 2107 ut
895 2054 948 2107 in
987 2067 1109 2107 eum
1146 2054 1367 2108 credere
1391 2053 1727 2107 deberemus.

379 2142 673 2198 Jerusalem
721 2157 873 2196 sacra
920 2141 1196 2211 Scriptura
1228 2142 1353 2196 hinc
1399 2140 1619 2211 intelligi
1668 2147 1874 2208 potest,

314 2246 407 2300 per
433 2247 593 2300 quam
620 2229 902 2286 Dominum
927 2233 1317 2303 cognoscimus.
1365 2230 1604 2286 Herodes
1643 2231 1735 2300 qui
1778 2229 1880 2300 pel-

313 2322 463 2375 licius
485 2321 697 2386 dicitur,
731 2322 831 2376 hoc
870 2330 973 2388 est,
1011 2321 1360 2385 subdolosus‘,
1414 2321 1677 2392 signiﬁcat
1700 2320 1881 2374 diabo-

313 2412 447 2475 lum,
473 2427 562 2481 qut
592 2411 788 2480 quaerit
831 2411 883 2466 in
924 2411 1175 2467 cordibus
1219 2411 1510 2467 electorum
1540 2410 1880 2480 exstinguere

312 2501 604 2565 Christum,
636 2501 688 2556 id
713 2508 794 2555 est
816 2516 846 2555 a
873 2502 1129 2556 memoria
1176 2516 1363 2557 eorum
1413 2501 1636 2557 aboleri.
1680 2500 1881 2555 Scriba:

314 2600 371 2645 et
394 2589 647 2645 Pharisaei
676 2604 935 2660 sequaces
955 2590 1150 2645 diaboli
1212 2598 1267 2646 et
1316 2591 1556 2645 membra
1594 2588 1725 2658 ejus,
1765 2589 1879 2644 sive

315 2682 551 2737 haeretici
577 2682 666 2752 qui
696 2682 850 2737 nobis
882 2683 1152 2737 insinuant
1177 2682 1448 2738 Christum
1481 2722 1496 2749 ,
1546 2682 1670 2752 quia
1724 2682 1876 2735 iusti-

314 2772 563 2842 gantibus
592 2772 902 2842 plerumque
947 2773 1233 2837 hmreticis,
1268 2773 1332 2827 de
1359 2772 1576 2827 Christo
1596 2772 1880 2841 cognosci-

316 2876 439 2915 mus
464 2861 607 2930 quod
631 2876 727 2916 nos
757 2861 984 2926 latebat;
1015 2863 1127 2916 sive
1155 2863 1499 2917 circumimus
1528 2862 1659 2915 alias
1685 2870 1879 2925 sectas,

314 2961 371 3007 et
398 2951 728 3006 abundantia
757 2951 1005 3023 vitiorum
1050 2962 1170 3021 Qua:
1207 2952 1259 3006 in
1296 2953 1375 3007 eis
1402 2952 1878 3022 deprehendimus,

315 3041 600 3096 Dominum
633 3042 994 3113 intelligimus,
1018 3044 1142 3111 quia
1171 3042 1295 3095 vitia
1342 3042 1454 3101 odit
1477 3050 1533 3096 et
1549 3043 1776 3097 virtutes
1803 3043 1883 3097 di-

316 3135 453 3205 ligit,
482 3135 858 3206 cognoscimus
880 3142 1025 3198 tunc,
1053 3134 1175 3203 quia
1204 3134 1257 3188 in
1298 3133 1606 3188 Bethlehem
1625 3175 1639 3200 ,
1679 3135 1780 3190 hoc
1804 3141 1885 3189 est
1912 3125 1955 3187 C

316 3228 370 3281 in
403 3228 637 3284 Ecclesia
666 3228 924 3284 catholica
953 3214 1296 3297 quaerendum
1325 3232 1426 3282 e‘st.
1486 3225 1541 3281 Si
1583 3236 1759 3281 autem
1789 3227 1886 3280 ali-

317 3320 442 3389 quis
477 3320 541 3375 de
562 3319 667 3374 illis
701 3316 856 3375 nobis
881 3319 1022 3373 bona
1050 3314 1265 3382 dixerit,
1283 3316 1458 3372 facere
1487 3318 1759 3381 debemus,
1776 3318 1884 3373 sic-

318 3423 379 3463 ut
422 3410 561 3480 magi
595 3408 884 3474 fecerunt,
928 3408 1049 3476 quia
1099 3409 1355 3478 scriptum
1378 3419 1497 3462 est:
1532 3406 1662 3472 Qua:
1705 3408 1886 3462 dicunt

319 3500 478 3570 facite
502 3516 520 3563 ;
543 3516 658 3571 qua!
682 3509 855 3553 autem
886 3498 1103 3569 faciunt,
1141 3498 1311 3567 facere
1341 3498 1515 3551 nolite.
1545 3498 1676 3552 Cum
1708 3508 1885 3552 autem

319 3605 351 3643 a
382 3588 593 3646 diabolo
618 3588 853 3658 elongati
896 3586 1155 3643 fuerimus
1177 3628 1191 3649 ,
1243 3587 1449 3642 stellam
1479 3588 1730 3660 vidimus,
1759 3588 1886 3657 quia

321 3687 522 3747 quanto
551 3674 743 3749 magis
769 3678 996 3733 Domino
1024 3676 1529 3746 appropinquamus,
1566 3690 1630 3730 eo
1656 3676 1889 3745 amplius

322 3770 605 3825 Dominum
635 3768 1027 3839 cognoscimus,
1061 3775 1114 3821 et
1149 3768 1215 3819 ab
1254 3765 1368 3834 ipso
1398 3765 1889 3834 responsum'aeci—

324 3863 521 3932 pimus,
548 3868 610 3914 ut
640 3859 782 3913 viam
808 3873 912 3929 qua
944 3858 1184 3912 venimus
1210 3869 1314 3910 non
1353 3863 1661 3925 repetamus
1695 3874 1707 3908 :
1759 3871 1887 3925 pro-

323 3952 590 4006 mittimus
624 3948 1149 4007 renuntiaturosnos
1198 3945 1408 4001 diabolo
1433 3954 1487 4001 et
1513 3947 1716 4017 angelis
1744 3946 1886 4016 ejus,
1932 3985 1936 3988 ‹

324 4042 447 4112 quia
476 4042 615 4096 sicut
651 4040 735 4093 via
775 4039 1036 4094 bonorum
1062 4046 1118 4092 ct
1141 4038 1280 4092 bona
1320 4052 1504 4106 opera,
1533 4038 1606 4093 ita
1633 4039 1739 4091 vita
1772 4056 1889 4093 ma-

324 4131 493 4187 lorum
544 4141 598 4187 et
638 4131 789 4195 vitia,
820 4131 944 4202 quia
983 4131 1156 4199 patria
1204 4137 1384 4184 nostra
1439 4130 1718 4199 paradisus
1761 4127 1888 4194 fuit;

328 4222 466 4277 umle
488 4236 584 4291 per
602 4229 877 4291 parentem
904 4219 1137 4289 primum
1177 4211 1502 4274 decessimus
1546 4235 1642 4288 per
1679 4219 1891 4289 gulam,

326 4311 628 4375 avaritiam,
644 4325 837 4364 vanam
866 4309 1087 4380 gloriam
1115 4317 1169 4364 et
1214 4309 1419 4378 reliqua
1453 4309 1544 4363 'his
1587 4308 1801 4364 similia.
1832 4309 1890 4364 Si

325 4417 455 4473 ergo
478 4401 543 4455 ad
570 4401 794 4472 patriam
819 4409 1057 4455 nostram
1087 4400 1263 4455 redire
1297 4400 1560 4469 cupimus,
1586 4415 1691 4456 non
1714 4390 1892 4455 imiteé

1974 1880 2116 1935 facta
2145 1869 2300 1936 sunt.

2042 1969 2109 2025 Et
2129 1964 2342 2039 quidem
2374 1970 2425 2044 in
2454 1971 2553 2025 hac
2582 1970 2667 2025 die
2703 1987 2807 2025 non
2848 1972 3018 2027 solum
3050 1987 3235 2044 magos
3279 1971 3542 2042 primitias

1974 2061 2211 2130 gentium
2239 2042 2474 2131 suscepit
2510 2061 2782 2127 Dominus,
2811 2078 2995 2116 verum
3027 2042 3185 2117 etiam
3223 2062 3277 2115 in
3305 2062 3406 2117 hac
3456 2061 3542 2115 die

1975 2151 2233 2221 baptizari
2260 2152 2457 2220 placuit
2491 2167 2519 2204 a
2547 2151 2751 2206 Joanne
2780 2153 2830 2206 in
2859 2151 3108 2207 Jordane.
3138 2152 3214 2206 De
3241 2167 3377 2222 aqua
3401 2166 3540 2220 quo-

1976 2257 2078 2311 que
2099 2242 2278 2296 vinum
2302 2241 2415 2296 fieri
2444 2242 2622 2316 elegit,
2646 2250 2805 2312 atque
2823 2244 2983 2297 etiam
3017 2241 3252 2313 quinque
3275 2241 3439 2295 millia
3470 2241 3538 2296 de

1977 2333 2211 2403 quinque
2241 2332 2469 2402 panibus
2489 2333 2748 2387 saturavit
2774 2374 2788 2396 ,
2818 2350 2921 2387 non
2956 2342 3131 2388 tamen
3168 2333 3219 2386 in
3242 2348 3347 2387 uno
3374 2347 3536 2395 anno,

1978 2423 2070 2478 sed
2107 2438 2200 2501 per
2228 2425 2549 2508 rever-tentia
2598 2441 2858 2479 annorum
2908 2424 3194 2479 curricula.
3226 2422 3336 2478 lloc
3384 2423 3545 2476 nihil-

1977 2515 2190 2569 ominus
2211 2515 2297 2569 die
2320 2507 2500 2586 (quem
2512 2507 2682 2571 Cinaei
2701 2515 3010 2585 Epiphania,
3032 2514 3204 2569 Latini
3229 2515 3405 2568 dicere
3422 2529 3543 2583 pos-

1979 2613 2104 2660 sunt
2131 2605 2516 2677 apparitionis),
2534 2607 2662 2660 hora
2688 2606 2866 2670 tertia,
2901 2621 3038 2674 puro
3067 2620 3131 2660 ac
3160 2620 3350 2661 sereno
3379 2604 3538 2666 cmlo,

1980 2694 2211 2750 circulus
2273 2696 2339 2750 ad
2400 2697 2631 2766 speciem
2687 2697 2924 2751 caelestis
2983 2712 3143 2751 arcus
3194 2696 3318 2751 solis
3360 2695 3545 2749 urbem

1978 2784 2205 2840 Romam
2232 2786 2471 2849 ambivit,
2497 2787 2650 2855 quasi
2674 2801 2796 2840 eum
2841 2802 3023 2840 unum.
3042 2802 3104 2840 ac
3134 2786 3467 2855 potissimum
3495 2785 3547 2837 in

1981 2878 2084 2932 hoc
2109 2878 2308 2931 mundo
2334 2877 2611 2946 solumque
2654 2876 3011 2931 clarissimum
3049 2878 3098 2930 in
3126 2878 3256 2932 orbe
3286 2885 3550 2931 monstra-

1981 2977 2065 3023 ret
2092 2976 2275 3022 natum
2320 2983 2457 3032 esse,
2481 2969 2572 3038 qui
2600 2969 2771 3039 ipsum
2804 2969 3143 3033 solusfsolem
3189 2971 3550 3039 mundumque

1985 3070 2154 3117 totum
2174 3060 2400 3116 fecisset
2428 3070 2483 3117 et
2514 3054 2747 3131 regeret.
2776 3061 2986 3117 Dicitur
3010 3071 3188 3116 autem
3215 3073 3269 3116 et
3297 3063 3410 3132 ipse
3437 3062 3552 3116 dies

1985 3170 2015 3209 a
2045 3153 2360 3225 quibusdam
2388 3154 2730 3224 Theophania
2758 3195 2773 3219 ,
2827 3155 2878 3208 id
2923 3165 3046 3217 est,
3109 3155 3205 3209 Dei
3255 3156 3550 3227 apparitio:

1984 3258 2145 3313 quam
2183 3258 2281 3297 nos
2308 3257 2406 3312 pro
2425 3244 2589 3297 tantis
2618 3244 2889 3314 mysteriis
2919 3253 3030 3298 tota
3060 3246 3343 3300 devotione
3368 3261 3555 3317 perco-

1983 3332 2094 3388 lere
2113 3331 2399 3396 debemus,
2429 3333 2553 3401 quia
2606 3333 2681 3388 illi
2712 3334 2851 3405 magi
2894 3335 3144 3403 primitire
3171 3337 3405 3407 gentium
3443 3336 3556 3392 fue-

1984 3432 2129 3487 runt,
2160 3432 2214 3478 et
2255 3440 2352 3480 nos
2386 3425 2436 3478 in
2467 3424 2734 3480 Christum
2788 3427 3085 3481 credituros
3126 3429 3553 3497 praetenderant;

1950 3524 2265 3583 propterea
2318 3531 2525 3569 summa
2562 3507 2688 3568 cum
2741 3515 3023 3574 devotione
3079 3517 3443 3586 amplectenda
3475 3527 3557 3573 est

1987 3605 2091 3658 ista
2114 3605 2227 3659 dies
2247 3620 2273 3656 a
2304 3604 2473 3659 nobis.
2509 3603 2691 3659 Potest
2717 3616 2896 3659 autem
2942 3614 2994 3658 et
3037 3606 3148 3674 ipsa
3175 3606 3289 3660 dies
3325 3621 3427 3674 qua
3460 3623 3553 3676 ρει·
3582 3635 3593 3649 ι

1987 3693 2220 3747 storibus
2247 3692 2589 3747 Hebe-uorum
2614 3710 2709 3763 per
2738 3694 2957 3764 angelos
2996 3694 3369 3750 manifestatus
3396 3711 3558 3766 appa-

1986 3783 2094 3837 ruit
2122 3780 2266 3854 (quia
2288 3784 2357 3837 de
2377 3784 2455 3837 eis
2480 3784 2736 3852 scriptum
2762 3791 2844 3839 est
2879 3782 3138 3839 Venerunt
3167 3795 3213 3839 et
3242 3786 3550 3839 invenerunt

1986 3873 2119 3926 sicut
2149 3872 2343 3925 dictum
2386 3883 2459 3926 est
2491 3872 2555 3925 ab
2588 3872 2726 3945 ipso)
2752 3856 3073 3944 "Epiphania
3120 3874 3410 3944 appellari,
3464 3876 3558 3930 sed

1988 3963 2089 4016 ista
2118 3970 2398 4032 propterea
2430 3972 2612 4017 nostra
2634 3972 2734 4027 est,
2760 3964 2882 4035 quia
2914 3965 3065 4018 nobis
3084 3980 3189 4033 per
3226 3964 3434 4020 stellam
3465 3966 3557 4020 de-

1988 4060 2316 4106 monstratus
2335 4058 2435 4116 εει,
2458 4069 2555 4122 per
2577 4069 2693 4108 eam
2746 4065 3047 4110 creaturam
3093 4071 3254 4125 quam
3286 4055 3399 4126 ipsa
3427 4071 3559 4127 gens

1988 4142 2276 4213 plurimum
2304 4138 2511 4198 colebat
2541 4153 2594 4198 et
2624 4145 2999 4198 venerabatur.

2474 4300 2479 4307 .
2609 4249 2833 4308 CAPUT
2867 4253 2949 4308 lli.

2414 4322 2501 4377 'l'n
2541 4317 2713 4376 natale
2742 4322 3100 4378 Innocenlum.

2062 4413 2163 4479 Qui
2189 4431 2305 4469 cum
2332 4417 2677 4478 recessissent,
2700 4430 2813 4468 ecce
2840 4414 3053 4483 angelus
3080 4413 3290 4468 Domini
3311 4430 3558 4485 apparuit

329 4506 450 4545 mur
470 4491 701 4561 Primum
724 4489 914 4553 Adam:
938 4488 1033 4543 93d
1064 4489 1377 4552 secundum,
1408 4489 1499 4557 (Ιυί
1532 4488 1797 4558 Ρνοῗῒίδίω
1823 4489 1890 4542 3b
1915 4477 1969 4535 Β
1994 4504 2048 4557 in
2083 4477 2276 4557 somnis
2295 4500 2520 4571 Ioseph,"
2540 4503 2735 4556 dicens.
2785 4477 2931 4556 Sunt
2947 4503 3110 4573 aliqui
3148 4504 3237 4575 qui
3265 4477 3450 4560 vol-unt
3481 4505 3563 4561 di-'

328 4597 396 4637 eo
425 4580 666 4637 faciendo
691 4579 953 4652 discessit.
983 4579 1117 4645 lste,’
1138 4580 1280 4634 viam
1309 4580 1432 4633 vita:
1471 4579 1700 4634 tenendo
1724 4588 1896 4633 etno-

329 4673 416 4729 his
449 4672 799 4728 monstrando
832 4672 886 4726 in
915 4672 1108 4728 caelum
1150 4671 1406 4736 ascendit,
1438 4679 1494 4726 et
1520 4670 1668 4726 sedet
1700 4684 1842 4725 nunc
1863 4685 1895 4725 a

333 4766 535 4821 dextris
563 4763 675 4820 Dei.

406 4861 547 4915 Ecce
566 4860 795 4932 physicaI
822 4858 1246 4933 intelligentiam
1275 4859 1496 4914 historia
1526 4860 1679 4914 nobis
1704 4859 1895 4929 patuit,

335 4951 507 5023 logica
530 4951 585 5005 in
608 4950 885 5021 spiritali;
910 4950 1083 5004 ethica
1108 4958 1331 5019 quoque
1365 4950 1594 5004 inveniri
1620 4957 1816 5019 potest,
1849 4950 1894 5004 si

336 5042 628 5098 secundum
682 5042 954 5111 anagdgen
1007 5027 1378 5108 requiramusi
1426 5040 1671 5095 videlicet
1713 5042 1758 5095 si
1804 5054 1899 5094 cor

338 5140 581 5186 nostrum
630 5129 940 5187 Bethlehem
968 5128 1246 5195 efﬁciatur,
1282 5140 1342 5184 ut
1368 5131 1457 5186 ubi
1488 5132 1720 5187 abundet
1740 5132 1898 5201 spiri-

338 5223 462 5279 talis
490 5224 766 5279 meditatio
788 5222 1211 5292 Seripturarum,
1244 5222 1385 5291 quod
1413 5231 1494 5277 est
1510 5222 1729 5277 verbum
1770 5223 1895 5289 Dei,

337 5323 395 5368 et
419 5314 641 5370 credens
678 5315 733 5368 in
759 5320 999 5368 sanctam
1030 5310 1346 5366 Trinitatem
1372 5352 1385 5373 ,
1431 5312 1589 5365 etiam
1619 5312 1685 5366 de
1728 5311 1899 5368 tribus

338 5405 628 5460 virtutibus
677 5413 928 5460 ornatum
975 5411 1098 5458 ante
1148 5401 1430 5455 Dominum
1477 5412 1766 5471 appareat:
1796 5402 1900 5457 hoc

337 5508 424 5552 est
453 5498 519 5553 de
548 5496 676 5561 fide,
704 5510 797 5566 spe
822 5503 878 5550 et
921 5494 1186 5549 charilate
1210 5534 1225 5560 ,
1272 5509 1390 5564 qua:
1436 5493 1509 5547 ita
1552 5494 1731 5549 chara:
1774 5504 1900 5549 sunt

341 5586 473 5658 Regi
501 5586 837 5650 saeculorum,
865 5593 920 5641 et
953 5586 1061 5641 Deo
1087 5584 1314 5640 creatori
1344 5592 1652 5638 cunctorum
1701 5594 1755 5639 et
1802 5586 1899 5640 ho-

343 5677 473 5731 mini
516 5675 657 5732 facto
706 5675 760 5730 in
793 5674 899 5731 line
923 5674 1266 5741 saeculorum,
1309 5672 1399 5743 qui
1446 5680 1529 5729 est
1553 5688 1688 5728 unus
1714 5672 1896 5730 Domi-

1995 4610 2118 4649 cere
2140 4596 2280 4665 quod
2310 4595 2365 4648 in
2398 4594 2632 4665 zEgypto
2676 4597 2814 4667 magi
2841 4596 2907 4652 ad
2955 4612 3077 4651 eum
3115 4598 3387 4664 venerint,
3440 4613 3563 4670 pro-

1995 4696 2175 4758 pterea
2199 4686 2323 4757 quia
2348 4688 2546 4744 occisio
2577 4685 2838 4742 infantum
2882 4696 3006 4744 ante
3046 4689 3350 4744 celebratur
3397 4703 3563 4758 quam

1998 4777 2413 4847 Epiphaniorum
2461 4777 2595 4840 dies,
2627 4778 2767 4845 quod
2817 4792 3151 4846 nequaquam
3200 4792 3319 4834 esse
3352 4786 3561 4847 potest,

1996 4866 2120 4937 quia
2147 4864 2376 4921 infantes
2409 4874 2525 4935 post
2567 4866 2699 4920 ducs
2729 4866 3024 4921 nativitatis
3051 4867 3249 4922 Christi
3276 4882 3447 4923 annos
3469 4881 3565 4923 oc-

1999 4956 2095 5010 cisi
2125 4964 2267 5018 sunt,
2291 4955 2383 5008 sed
2415 4962 2467 5008 et
2506 4954 2642 5023 magi
2685 4954 2736 5007 iu
2773 4954 3085 5009 Bethlehem
3114 4956 3431 5010 invenerunt
3459 4955 3564 5011 Do-

1999 5044 2224 5108 minum,
2256 5054 2316 5098 ut
2337 5043 2465 5096 certi
2488 5042 2879 5111 “magis'lierent
2930 5058 3028 5113 per
3074 5045 3406 5115 prophetiam
3464 5043 3555 5099 Mi-

2001 5132 2163 5187 cba‘a?
2182 5134 2247 5187 de
2277 5131 2519 5197 Christo;
2570 5140 2626 5186 et
2658 5131 2998 5204 Evangelium
3028 5140 3212 5202 aperte
3239 5134 3405 5199 dicit,
3436 5135 3563 5202 quia

2002 5240 2123 5279 cum
2154 5223 2226 5277 illi
2258 5223 2628 5287 recessissent,
2657 5222 2875 5292 angelus
2900 5222 3106 5276 Demini
3135 5218 3561 5295 monuit‘Joseph

2002 5311 2437 5366 transferendum”
2461 5326 2682 5380 puerum
2735 5312 2787 5365 in
2812 5311 3122 5383 IEgyptum.
3153 5312 3321 5383 Surge
3346 5323 3394 5367 et
3420 5315 3560 5368 acci-

2002 5418 2066 5471 pe
2088 5416 2326 5470 puerum,
2361 5410 2409 5453 et
2451 5410 2666 5454 matrem
2700 5403 2834 5470 ejus.
2860 5401 3252 5455 Attendenrlum
3272 5411 3382 5468 est,
3420 5403 3563 5472 quod

2003 5506 2109 5544 non
2144 5491 2285 5544 dicat
2318 5488 2429 5558 jam
2483 5490 2761 5559 conjugem
2810 5500 2953 5545 tuam
2979 5530 2993 5554 ,
3039 5491 3130 5544 sed
3176 5499 3349 5546 mater
3388 5491 3557 5562 pueri.

2003 5582 2144 5637 Puer
2167 5582 2335 5637 tribus
2361 5582 2532 5637 modis
2554 5583 2769 5646 dicitur,
2794 5596 2899 5636 uno
2923 5596 3020 5651 pro
3047 5590 3203 5638 aetate
3225 5591 3280 5637 et
3305 5592 3557 5657 puritate.

2004 5674 2126 5744 quia
2155 5687 2290 5743 puer
2312 5687 2342 5728 a
2381 5673 2615 5743 puritate
2645 5672 2857 5738 dicitur,
2905 5680 2962 5727 ut
2998 5670 3162 5728 Isaias
3195 5673 3264 5729 de
3298 5671 3548 5730 Domine:
