3962 6174
492 237 628 294 i287

1263 224 1661 282 CllRlSTlANl-
1687 221 2094 279 DRUTIIMARI
2132 218 2577 277 CORBEIENSIS
2612 217 2915 278 MONACIII

3571 216 3710 272 £388

487 353 629 408 Puer
653 359 805 404 natus
832 356 903 403 est
928 347 1101 408 nobis;
1135 359 1265 414 puer
1285 344 1453 398 solum
1489 356 1585 413 pro
1614 349 1773 397 aetate
1802 380 1817 404 ,
1870 349 1928 394 ut
1953 339 2040 393 in-
2067 340 2117 399 Α
2141 345 2222 390 est
2259 334 2517 390 naturalis
2554 333 2713 388 ﬁlius.
2761 332 2903 387 Tunc
2943 328 3172 386 Heroas:
3221 331 3399 386 videns
3446 339 3719 403 quomodo

484 444 604 499 fans
628 448 825 510 septem
856 449 1131 490 annorum.
1157 432 1295 487 Puer
1309 448 1406 502 pro
1426 431 1681 500 obsequio
1706 439 1760 485 et
1784 431 2040 485 obedien-

489 539 580 600 tia,
608 544 666 589 ut
700 531 955 585 Dominus
981 526 1044 580 ad
1069 525 1356 581 Jeremiam
1389 544 1402 579 :
1436 521 1578 576 Puer
1603 540 1743 577 meus
1766 540 1817 575 es
1840 523 1915 583 tu,
1933 520 2040 574 noli

484 629 675 679 timere.
704 622 766 675 Et
792 621 841 674 in
865 619 999 673 libro
1038 617 1238 686 Regum
1288 616 1437 685 pueri
1476 614 1644 668 David
1677 632 1689 665 λ
1738 612 1871 665 Ecce
1921 612 2041 680 fecit

488 717 734 771 Dominus
762 694 898 783 quod
921 712 1029 763 suis
1072 695 1246 779 postea
1275 717 1622 777 prwcepturus
1661 713 1771 757 erat
1799 717 1817 754 :
1845 700 1903 757 Si
1928 719 2038 764 vos,

484 806 671 874 inquit,
708 802 960 873 persecuti
1012 799 1202 867 fuerint
1252 797 1304 850 in
1346 798 1549 851 civitate
1596 796 1763 858 ista,-
1786 793 1947 863 fugite
1987 793 2043 845 in

482 896 663 955 alium,
693 894 826 947 dans
866 889 1188 959 exemplum,
1223 896 1280 941 ut
1304 887 1391 956 qui
1420 884 1627 955 pondus
1656 882 2045 954 persecutionis

482 1002 539 1039 se
561 998 715 1054 posse
740 980 976 1052 perferre
1010 980 1312 1046 desperant,
1337 991 1439 1028 non
1474 982 1695 1043 peccant
1721 972 1765 1025 si
1792 970 2045 1025 secedant

482 1074 533 1128 in
561 1074 722 1127 alium
770 1072 982 1126 locum:
1019 1077 1223 1123 tantum
1270 1075 1427 1136 caput
1469 1082 1641 1128 suum,
1679 1065 1730 1120 id
1780 1075 1862 1120 est
1890 1063 2046 1119 Chri-

482 1178 642 1227 stum,
675 1165 727 1218 in
766 1179 860 1217 sua
884 1168 1059 1215 mente
1087 1160 1418 1223 custodiant,
1472 1164 1525 1212 et
1575 1172 1639 1211 ea
1684 1154 1884 1210 faciant
1926 1168 2046 1225 quae

484 1259 594 1325 ipse
623 1253 894 1324 praecepit,
927 1252 1051 1320 quia
1076 1251 1128 1304 in
1153 1250 1297 1303 omni
1330 1248 1444 1304 loco
1479 1246 1872 1302 dominationes
1904 1244 2040 1312 ejus,

483 1356 538 1401 et
564 1347 674 1415 ipse
700 1345 896 1411 ubique
915 1350 1013 1403 est,
1038 1351 1091 1395 et
1119 1340 1258 1395 oculi
1288 1339 1402 1407 ejus
1428 1354 1589 1409 super
1607 1337 1785 1406 justos
1810 1346 1862 1393 et
1888 1352 2047 1392 aures

484 1438 600 1507 ejus
629 1436 681 1489 in
722 1449 910 1503 preces
937 1447 1143 1486 eorum.

560 1526 839 1596 IEgyptns,
874 1524 1011 1577 sicut
1038 1523 1206 1582 scitis.
1248 1530 1525 1593 postquam
1547 1519 1714 1577 Judaei
1744 1520 1850 1575 illic
1893 1520 2046 1575 habi-

488 1626 750 1679 taverunt,
783 1631 995 1685 semper
1028 1614 1130 1668 fuit
1180 1614 1472 1668 domestica
1503 1608 1723 1673 Iudaeis,
1753 1621 1808 1666 et
1837 1625 2048 1680 semper

2142 428 2327 483 illusus
2355 439 2483 483 esset
2518 447 2550 482 a
2587 430 2769 498 magis.
2804 426 2915 481 Hoc
2946 434 3030 482 est
3056 434 3363 495 exspectato
3401 443 3512 480 uno
3540 444 3722 487 unm.

2144 520 2330 575 illusus
2374 528 2474 574 est.
2513 519 2735 574 Delusus
2758 527 2836 573 est
2868 518 2921 572 in
2961 531 3026 572 eo
3072 517 3214 585 quod
3244 517 3490 571 dixerant
3534 534 3723 572 rever.

2144 610 2333 665 tendos
2354 620 2408 664 et
2438 626 2543 664 non
2573 618 2698 664 sunt
2722 608 2942 663 reversi.
2995 607 3063 661 Et
3090 608 3293 660 mittens
3320 608 3509 663 occidit
3537 625 3725 662 omnes

2142 720 2328 772 pueros
2352 704 2441 776 qui
2469 702 2694 756 erantin
2727 698 3040 762 Bethlehem,
3071 707 3119 752 et
3148 698 3203 751 in
3237 698 3475 751 omnibus
3499 699 3630 767 ejus
3659 699 3727 765 ῤ-

2144 796 2313 849 nibus.
2338 796 2395 849 ln
2423 794 2671 849 omnibus
2715 791 2940 855 ﬁnibus,
2986 789 3039 844 id
3072 798 3160 844 est
3194 789 3246 843 in
3294 788 3435 843 villis
3485 804 3617 858 quae
3658 791 3727 843 ad

2143 886 2257 955 ejus
2276 886 2588 957 comitatum
2612 881 2967 953 pertinebant,
2996 880 3137 952 sicut
3163 882 3399 942 tradunt,
3424 891 3727 951 exspecta-

2144 978 2238 1043 vit,
2271 985 2329 1031 ut
2353 976 2600 1031 venirent
2622 974 2690 1028 ad
2732 971 3123 1026 solemnitatem
3155 985 3315 1040 quam
3353 970 3445 1024 illo
3475 980 3728 1039 tempore

2144 1067 2513 1131 celebrabant;
2545 1074 2603 1121 et
2630 1072 2759 1118 tunc
2785 1077 2905 1118 eum
2938 1062 3011 1116 ibi
3038 1060 3253 1115 fuerunt
3286 1061 3548 1130 praecepit
3578 1062 3719 1114 mili-

2146 1159 2287 1213 tibus
2318 1167 2375 1212 ut
2409 1156 2717 1212 occiderent
2756 1168 2868 1208 eos.
2917 1152 2961 1204 Α
2993 1152 3187 1204 bimatu
3230 1160 3276 1202 et
3335 1149 3499 1218 infra.
3547 1150 3729 1204 hiatus

2146 1264 2320 1303 annus
2342 1247 2552 1308 dicitur,
2569 1245 2748 1306 biduo,
2775 1244 2826 1297 id
2851 1250 2938 1298 est
2964 1242 3047 1296 bis
3077 1255 3107 1293 a
3132 1239 3535 1310 prmpositione,
3559 1239 3613 1293 id
3644 1249 3729 1292 est

2146 1359 2175 1396 a
2199 1342 2404 1397 duobus
2441 1339 2614 1393 annis.
2638 1337 2705 1390 Et
2734 1335 2875 1405 infra
2894 1375 2909 1400 ,
2940 1334 3043 1388 hoc
3067 1341 3151 1387 est
3184 1333 3273 1402 qui
3307 1333 3487 1387 minus
3507 1332 3726 1386 habue-

2148 1443 2276 1488 runt
2295 1432 2375 1487 vel
2401 1446 2561 1485 unum
2588 1445 2809 1492 annum,
2840 1426 2926 1481 vel
2970 1425 3246 1480 dimidium
3266 1466 3280 1484 ,
3325 1424 3412 1479 vel
3431 1440 3601 1478 unam
3636 1440 3732 1478 no-

2147 1535 2309 1581 ctem.
2351 1522 2648 1580 Secundum
2694 1530 2891 1589 tempus
2915 1558 2932 1585 ,
2971 1517 3108 1588 quod
3134 1516 3448 1587 exquisierat
3474 1533 3506 1569 a
3529 1517 3730 1585 magis.

2147 1614 2422 1683 Quomodo
2455 1615 2535 1686 (ut
2567 1610 2817 1680 diximus)
2846 1625 3007 1663 unum
3034 1623 3230 1662 annum
3255 1608 3465 1677 accepit
3504 1609 3581 1661 de
3620 1612 3737 1660 rna-

486 1706 722 1791 Aigyptii
749 1706 911 1759 Deum
944 1704 1286 1759 Hebrzeorum
1333 1702 1643 1763 timuerunt,
1670 1710 1723 1757 et
1762 1701 1906 1791 ipsos
1947 1700 2044 1791 Hei

2152 1723 2335 1780 gorum
2366 1708 2533 1769 dictu,
2562 1705 2714 1775 quasi
2752 1720 2923 1758 annus
2944 1704 3156 1773 quando
3184 1703 3459 1757 venissent
3492 1700 3616 1769 jam
3649 1719 3735 1755 es-

486 1788 669 1852 lineas
685 1796 920 1849 venerati
967 1804 1111 1848 sunt.
1138 1792 1492 1862 Quapropter,
1519 1800 1579 1846 ut
1605 1790 1868 1860 Josephus
1886 1799 1939 1844 et
1960 1788 2048 1843 alii

488 1887 727 1943 referunt
754 1898 1020 1947 auctores,
1045 1886 1144 1940 sub
1164 1884 1512 1954 Philadelpho
1540 1898 1666 1955 rege
1689 1883 1853 1938 Onias
1874 1898 2053 1938 sacer-

488 1981 583 2035 dos
615 1981 697 2033 vir
722 1981 891 2033 bonus
918 1987 972 2033 et
1008 1978 1186 2049 justus
1208 1976 1459 2046 expulsus
1487 1991 1516 2029 a
1546 1974 1727 2029 Judaza
1747 2015 1762 2039 ,
1800 1972 2050 2042 templum

488 2069 542 2123 in
567 2068 798 2140 Egypto
826 2068 1130 2133 aediﬁcavit,
1151 2076 1205 2122 et
1222 2082 1425 2122 morem
1440 2067 1872 2123 holocaustorum
1892 2063 2051 2119 insti-

488 2161 611 2224 tuit,
636 2171 694 2213 ut
718 2160 769 2214 in
793 2157 970 2214 Judtea
994 2162 1269 2232 agebatur.
1301 2161 1380 2216 Ob
1394 2160 1532 2216 hanc
1551 2174 1767 2215 causam
1794 2159 1912 2229 plus
1936 2158 2052 2228 pla-

489 2251 601 2305 cuit
631 2250 737 2304 Deo
759 2251 811 2304 in
844 2249 1133 2322 Aigyptum
1160 2252 1268 2315 ire,
1298 2266 1457 2320 quam
1487 2251 1552 2304 ad
1578 2249 1711 2305 alias
1739 2258 1931 2312 terras,
1963 2249 2051 2303 ubi

492 2339 667 2391 minus
692 2347 806 2392 erat
831 2339 1119 2409 religionis.
1151 2337 1419 2409 Egyptus
1450 2347 1626 2392 autem
1650 2352 1680 2391 a
1704 2338 1932 2407 quodam
1952 2338 2052 2392 bo-

491 2427 631 2481 mine
665 2424 897 2497 Egypto
920 2428 1135 2481 nomine
1172 2436 1363 2481 vocata
1384 2436 1485 2493 est,
1518 2428 1664 2497 regio
1693 2427 1814 2481 cmli
1863 2427 2053 2481 imbri-

492 2520 591 2572 bus
610 2506 825 2572 insueta
849 2528 902 2573 et
922 2519 1114 2589 pluviis
1136 2520 1341 2587 ignara.
1372 2517 1531 2574 Solus
1557 2518 1705 2573 Nilus
1730 2535 1847 2572 eam
1870 2518 2057 2588 irrigat

490 2624 584 2663 sua
615 2609 976 2663 inundatione.
1008 2609 1158 2666 Unde
1186 2618 1240 2664 et
1274 2610 1421 2664 ferax
1449 2609 1708 2680 frugibus,
1731 2608 1850 2663 aliis
1891 2609 2054 2663 etiam

489 2701 758 2755 mercibus
789 2700 939 2755 valde
966 2701 1189 2771 repleta.
1876 2686 1879 2691 ’

564 2790 825 2845 Futurum
848 2801 922 2845 est
944 2792 1080 2846 enim
1103 2787 1418 2846 ut'Herodes
1456 2802 1654 2864 qureret
1685 2807 1922 2861 puerum.
1946 2789 2055 2845 Fu-

2147 1808 2250 1863 set,
2276 1797 2436 1851 alium
2456 1794 2800 1865 exspectavit,
2824 1808 2921 1864 pro
2951 1792 3256 1848 reversione
3290 1806 3498 1847 eorum.
3529 1789 3651 1845 νοτ
3679 1793 3734 1844 in

2151 1888 2318 1942 Rama
2340 1887 2522 1941 audita
2546 1896 2640 1941 est.
2699 1886 2867 1940 Rama
2914 1901 3019 1940 non
3071 1895 3318 1953 putemus
3363 1900 3564 1939 nomen
3629 1885 3733 1939 loci

2149 1994 2285 2042 esse,
2313 1979 2406 2035 sed
2440 1980 2605 2033 Rama
2630 1978 2889 2033 excelsum
2935 1958 3338 2047 interpretatur.
3361 1978 3515 2046 quasi
3547 1978 3729 2032 dixis-

2150 2077 2269 2124 set:
2303 2084 2402 2124 vox
2429 2068 2582 2140 longe
2613 2067 2826 2137 lateque
2847 2067 3027 2122 audita
3054 2075 3154 2120 est.
3198 2067 3328 2121 Nam
3370 2068 3542 2122 Rama
3574 2070 3732 2137 quod

2151 2161 2204 2216 in
2230 2160 2432 2230 Regum
2456 2158 2698 2228 legimus,
2714 2156 2869 2226 juxta
2898 2155 3081 2211 Gabaa
3111 2167 3211 2212 est.
3250 2157 3485 2212 Rarhaet
3510 2159 3733 2228 plorans

2150 2249 2286 2319 ﬁlios
2313 2254 2455 2303 suos.
2490 2247 2765 2313 Quomodo
2791 2246 3029 2301 Rachael
3079 2248 3273 2302 dicitur
3319 2248 3562 2317 plorasse
3613 2251 3736 2305 illos

2152 2340 2244 2409 qui
2281 2354 2385 2394 non
2414 2339 2628 2393 fuerunt
2656 2337 2722 2393 de
2746 2352 2840 2391 sua
2870 2338 3141 2408 progenie,
3173 2338 3267 2393 sed
3306 2339 3371 2393 de
3413 2339 3560 2392 alia?
3624 2340 3733 2395 Sed

2150 2429 2429 2486 setendum
2451 2428 2591 2499 quod
2619 2427 2851 2483 Rachael
2876 2428 3083 2497 sepulta
3109 2435 3189 2483 est
3236 2427 3287 2482 in
3328 2427 3654 2484 Betblcbem
3682 2440 3733 2485 et

2151 2524 2255 2576 hoc
2283 2520 2595 2589 prophetico
2628 2534 2776 2573 more
2801 2518 2886 2589 agi
2914 2519 3148 2574 dicitur:
3189 2519 3302 2574 sive
3343 2535 3437 2588 per
3480 2531 3735 2592 metony-

2153 2611 2317 2666 miam
2339 2612 2593 2681 speciem,
2617 2626 2712 2681 per
2740 2610 2794 2665 id
2822 2611 2963 2680 quod
2990 2611 3294 2666 continetur
3337 2611 3388 2666 id
3419 2611 3566 2681 quod
3604 2629 3736 2668 con-

2154 2702 2292 2757 tinet
2335 2701 2663 2766 ostendens,
2715 2716 2809 2755 seu
2851 2701 3014 2764 etiam
3059 2701 3184 2770 quia
3234 2701 3512 2771 Beniamin
3556 2704 3737 2756 tribus

2151 2793 2336 2864 juncta
2357 2801 2473 2847 erat
2504 2792 2665 2847 tribui
2691 2788 2863 2855 Judie,
2888 2802 2943 2848 et
2978 2807 3096 2846 cum
3130 2793 3212 2848 his
3257 2793 3476 2848 fuerunt
3518 2794 3593 2849 de
3634 2794 3736 2848 Be-

492 2895 692 2947 turum,
724 2884 824 2938 hoc
850 2892 931 2936 est
956 2892 1241 2937 venturum
1267 2923 1282 2947 ,
1330 2883 1479 2937 venit
1526 2898 1557 2937 a
1600 2882 1763 2956 verbo
1806 2881 1946 2951 quod
1974 2888 2060 2935 est
2157 2884 2390 2957 thlehem
2434 2886 2629 2949 occisi,
2681 2893 2736 2940 et
2767 2885 2879 2956 jam
2908 2894 3189 2956 propterea
3241 2887 3441 2941 dicitur
3489 2885 3738 2942 Racbacl

491 2993 628 3039 sum,
650 2984 702 3031 et
729 2992 831 3029 non
866 2975 1027 3029 habet
1072 2990 1307 3030 nnesens
1355 2975 1725 3045 participium,
1758 2973 1861 3028 nisi
1915 2972 2056 3028 istud
2088 3031 2125 3048 Α
2157 2974 2393 3045 plorasse
2424 2973 2560 3030 ﬁlios
2612 2972 2757 3031 satis.
2808 2975 2877 3030 Et
2924 2974 3090 3030 noluit
3133 2976 3409 3040 consolari,
3447 2978 3575 3048 quia
3630 2994 3737 3030 non

492 3065 662 3119 solum
700 3064 839 3133 quod
879 3073 961 3117 est
993 3074 1254 3118 venturus.
1284 3031 1372 3117 Ad.
1409 3031 1720 3131 perdendum
1767 3081 1902 3118 eum.
1945 3063 2057 3119 Hoc
2083 3031 2127 3094 Ο
2157 3031 2297 3121 sunt.
2320 3064 2648 3122 Subauditur
2667 3065 2805 3121 ultra
2844 3067 3128 3122 revocandi
3178 3067 3233 3121 in
3281 3031 3539 3123 mundum
3562 3108 3582 3134 ,
3640 3071 3734 3139 qui

494 3154 740 3224 apparuit
764 3154 816 3206 in
847 3153 1026 3222 pueris
1053 3168 1186 3221 quos
1214 3168 1310 3222 pro
1355 3153 1444 3207 illo
1469 3154 1684 3209 occidit.
1719 3153 1822 3220 Qui
1846 3171 2059 3209 consur—
2154 3157 2296 3213 bono
2317 3157 2461 3211 exitu
2486 3156 2699 3212 habent
2736 3156 2945 3212 ﬁnitum
2975 3158 3252 3221 mundum,
3284 3174 3375 3214 seu
3410 3160 3521 3214 alio
3565 3177 3665 3215 nio
3690 3168 3738 3215 ὀ

492 3261 614 3314 gens
664 3243 855 3311 accepit
887 3258 1103 3309 puerum
1134 3252 1182 3296 et
1209 3252 1425 3296 matrem
1453 3243 1589 3313 ejus.
1618 3242 1841 3309 Quando
1887 3245 2055 3316 fugit,
2157 3250 2327 3305 noluit
2351 3250 2769 3305 consolationem
2796 3253 3051 3321 recipere,
3088 3254 3210 3321 quia
3236 3240 3457 3324 putabat
3475 3270 3573 3309 eos
3602 3271 3732 3325 per-

495 3350 599 3389 nox
627 3342 973 3398 memoratur,
993 3333 1206 3403 quando
1233 3332 1522 3389 revertitur
1564 3333 1695 3387 nihil
1722 3334 1826 3389 tale
1853 3349 2059 3391 memo-
2159 3339 2299 3394 ditos
2325 3338 2455 3394 fore.
2484 3338 2722 3407 Defuncti
2735 3351 2856 3395 sunt
2876 3342 3034 3408 enim,
3061 3343 3151 3413 qui
3171 3345 3466 3413 qmcbant
3492 3347 3731 3398 animos:

496 3436 660 3479 ratur.
712 3423 958 3478 Refertur
1014 3424 1069 3478 in
1120 3422 1498 3482 Ecclesiastica
1548 3422 1788 3479 Historia
1843 3424 2058 3479 Eusebii

493 3517 635 3588 quod
659 3518 872 3587 (litando
892 3514 1090 3585 Ioseph
1113 3515 1317 3571 ferebat
1337 3515 1391 3570 in
1422 3514 1713 3589 [Egyptum
1756 3517 2054 3583 Dominum,

496 3612 825 3667 transierant
861 3626 958 3681 per
981 3609 1296 3680 ileli0polim
1322 3612 1614 3676 civitatem,
1637 3620 1692 3665 et
1717 3620 1834 3665 erat
1856 3611 1908 3665 in
1946 3610 2062 3680 pla-

496 3702 594 3756 teis
624 3699 739 3769 ejus
785 3701 1155 3755 thercbinthus
1181 3701 1329 3754 mira:
1378 3700 1757 3771 magnitudinis
1785 3741 1798 3765 ,
1852 3701 1904 3754 in
1955 3694 2087 3768 quo

495 3781 826 3844 habitatores
873 3789 975 3844 loci
1006 3789 1151 3844 illius
1196 3789 1528 3845 divinahant.
1576 3788 1814 3860 Cumque
1864 3790 2060 3861 Joseph

493 3896 615 3934 cum
644 3895 811 3950 puero
851 3880 1124 3945 transiret,
1147 3880 1440 3950 prostravit
1470 3896 1529 3936 se
1559 3881 1722 3936 arbor
1750 3882 1963 3937 obviam
2008 3883 2059 3937 ei

495 3972 549 4026 in
577 3980 798 4036 terram,
821 3979 875 4026 et
900 3971 1069 4041 jacuit
1094 3972 1263 4026 donec
1288 3972 1623 4042 pertransiit,
1649 3980 1704 4027 et
1734 3972 1926 4027 iterum
1950 3989 2064 4028 ere-

493 4072 601 4127 cta,
628 4063 774 4118 stetit
803 4063 941 4118 sicut
969 4071 1093 4118 ante
1116 4070 1355 4119 steterat.
1379 4063 1448 4117 Et
1486 4079 1607 4119 cum
1635 4066 1967 4133 pervenisset
2007 4068 2061 4121 in

494 4154 806 4225 .Egyptum,
836 4163 895 4209 ut
921 4155 1285 4226 compleretur
1328 4156 1471 4226 quod
1501 4156 1763 4225 propheta
1811 4157 2056 4212 dixerat:

2162 3429 2328 3499 pueri.
2358 3428 2573 3498 Species
2606 3430 2849 3499 quaedam
2878 3441 2982 3495 est,
3020 3448 3140 3502 qua:
3164 3434 3301 3503 apud
3343 3437 3734 3504 grammaticos

2168 3518 2365 3574 dicitur
2387 3519 2740 3589 synecdoche,
2766 3522 2981 3590 quando
3006 3522 3124 3593 plus
3150 3524 3391 3578 minusve
3411 3529 3732 3593 pronuntia-

2161 3617 2288 3672 tur,
2332 3606 2474 3663 sicut
2521 3608 2610 3665 hic
2644 3618 2724 3664 est
2754 3626 2877 3665 cum
2923 3627 3022 3681 pro
3051 3628 3156 3668 uno
3202 3614 3482 3682 pluraliter
3528 3615 3733 3671 dicitur

2158 3697 2354 3752 mortui
2384 3706 2526 3763 sunt,
2568 3714 2688 3753 cum
2730 3698 2875 3754 solus
2916 3699 3151 3757 Herodes
3167 3712 3408 3758 mortuus
3427 3714 3593 3759 esset.
3629 3704 3734 3759 Sed

2158 3795 2212 3841 et
2234 3801 2355 3842 esse
2385 3788 2555 3857 potuit
2586 3796 2644 3842 ut
2682 3789 2772 3843 alii
2811 3803 3151 3845 morerentur
3186 3794 3237 3846 in
3271 3803 3421 3848 tanto
3439 3794 3624 3863 spatio
3643 3796 3735 3864 qui

2163 3874 2356 3930 malam
2380 3876 2708 3932 voluntatem
2732 3879 3046 3934 habuissent
3076 3881 3127 3934 in
3155 3881 3446 3936 Christum.

2232 3966 2305 4021 De
2327 3968 2428 4021 hoc
2440 3967 2649 4024 Herode
2668 3968 2931 4041 Josephus
2956 3971 3139 4033 refert,
3162 3984 3215 4028 et
3243 3974 3355 4039 alii,
3376 3975 3521 4044 quod
3543 3991 3739 4046 suspe-

2160 4065 2246 4110 cte
2280 4057 2494 4123 vixerit,
2521 4068 2575 4113 et
2616 4061 2847 4129 pessime
2869 4060 3082 4115 ﬁnierit.
3114 4062 3298 4127 Refert
3323 4081 3555 4136 namque
3586 4070 3740 4138 quod

2159 4149 2416 4205 occiderit
2439 4150 2660 4204 Mariam
2690 4161 2909 4206 uxomm
2934 4168 3105 4218 suam,
3134 4155 3294 4209 ﬁliam
3315 4156 3612 4212 Aristoboli
3655 4176 3740 4213 n3-

495 4245 628 4299 Ecce
653 4246 892 4300 ascendet
935 4262 1092 4316 super
1127 4246 1312 4301 nubem
1351 4246 1545 4312 levem,
1577 4256 1623 4301 et
1660 4247 1973 4317 ingredietur
2004 4248 2051 4301 in

2159 4241 2261 4311 gis,
2292 4256 2450 4311 quam
2481 4243 2798 4297 nobiliorem
2847 4243 3114 4310 habebat,
3169 4261 3234 4301 eo
3273 4249 3416 4316 quod
3473 4262 3738 4304 accusata

493 4332 800 4404 Egyptum,
835 4341 890 4389 et
936 4333 1076 4389 idola
1107 4333 1323 4405 Egypti
1367 4347 1640 4390 corruerit.
1692 4333 1825 4390 Cum
1851 4335 2060 4389 transiit
2081 4380 2135 4439 Β
2161 4329 2321 4386 fuerit
2352 4330 2490 4400 apud
2519 4346 2639 4386 eum
2666 4332 2809 4401 quod
2833 4347 3040 4389 veneno
3087 4334 3353 4403 perimere
3390 4351 3516 4390 eum
3547 4337 3741 4392 volne-

491 4425 687 4495 Joseph
716 4443 837 4481 cum
865 4441 1031 4496 puero
1051 4436 1175 4482 ante
1198 4426 1453 4497 templum
1479 4468 1494 4494 ,
1537 4434 1855 4483 corruerunt
1880 4428 2059 4483 omnia
2081 4419 2133 4439 ”
2160 4420 2252 4485 τίιν
2280 4434 2342 4475 εκ
2385 4435 2490 4491 qua
2523 4419 2632 4489 iam
2663 4422 2893 4477 habebat
2921 4421 3211 4477 Hircamlm
3246 4433 3301 4479 et
3351 4424 3736 4482 Aristobulum

494 4515 632 4569 idola
658 4518 710 4570 in
740 4525 952 4581 terram,
986 4529 1045 4570 ut
1071 4520 1445 4572 ostenderetur
1466 4518 1591 4588 quia
1616 4519 1756 4573 idem
1780 4526 1899 4573 erat
1917 4518 2058 4574 Deus
2160 4512 2298 4567 ﬁlios
2323 4511 2633 4582 imperatori
2674 4511 2966 4568 Octaviano
3013 4517 3456 4571 commendatos:
3491 4535 3638 4589 quos
3680 4531 3739 4575 et

493 4616 618 4660 ante
644 4606 796 4676 cujus
831 4621 1012 4661 arcam
1053 4607 1231 4677 Dagon
1260 4622 1463 4678 pronus
1483 4617 1538 4662 et
1562 4607 1787 4664 abscisis
1815 4609 2059 4664 manibus
2159 4602 2304 4671 ipsos
2338 4601 2589 4656 similiter
2613 4603 2829 4669 occidit.
2863 4604 2989 4674 quia
3036 4619 3135 4673 pro
3181 4615 3352 4659 matre
3395 4621 3496 4661 Sua
3524 4610 3573 4663 ei
3606 4611 3735 4666 irati

493 4704 548 4749 et
574 4695 800 4764 pedibus
845 4693 1106 4760 iacuerat.
1138 4694 1312 4768 Usque
1349 4697 1418 4749 ad
1448 4700 1642 4751 obitum
1664 4696 1907 4753 Herodis.
1943 4698 2060 4754 Sci-
2159 4709 2282 4750 esse
2305 4693 2911 4764 videbanturmosthmc
2935 4695 3152 4749 tertium
3177 4695 3341 4752 ﬁlium
3362 4698 3734 4769 Antipatrem,

494 4788 621 4843 licet
647 4803 815 4857 usque
841 4789 908 4844 ad
937 4797 1046 4845 tres
1073 4804 1262 4845 annos.
1326 4788 1393 4844 Et
1425 4789 1527 4844 hoc
1550 4797 1633 4843 est
1666 4797 1875 4859 tempus
1912 4789 2061 4856 abla-
2159 4787 2251 4856 qui
2278 4784 2475 4841 fratres
2494 4799 2621 4842 suos
2645 4793 2989 4842 consenserat
3018 4787 3232 4853 occidi;
3271 4789 3336 4842 ad
3364 4790 3617 4845 ultimum
3648 4794 3739 4847 in-

493 4878 766 4944 ctationis,
797 4895 901 4949 quo
928 4878 1133 4949 antiqui
1165 4879 1303 4935 ﬁlios
1328 4896 1454 4935 suos
1477 4879 1833 4944 ablactabant,
1858 4889 1913 4935 et
1934 4881 2057 4936 inde
2160 4881 2289 4937 cidit
2340 4880 2451 4950 ipse
2504 4881 2559 4936 in
2591 4880 2903 4936 inﬁrmitate
2955 4882 3135 4952 gravi;
3195 4892 3249 4937 et
3300 4884 3516 4937 vocavit
3550 4886 3622 4938 ad
3678 4903 3738 4939 se

494 4974 847 5043 separationis
893 4974 1156 5030 faciebant
1183 4977 1482 5032 convivium
1509 5018 1525 5043 ,
1569 4977 1708 5033 sicut
1738 4975 1865 5033 fecit
1886 4977 2056 5033 Abra-
2159 4988 2412 5044 generum
2441 4989 2594 5028 suum
2621 4982 2677 5029 et
2704 4974 2907 5029 amicos
2925 4973 3027 5029 sibi
3048 4973 3297 5030 credulos
3318 5016 3331 5039 ,
3381 4975 3631 5046 dixitque
3666 4980 3735 5032 ad

495 5065 618 5119 ham
655 5064 895 5136 deilsaac
928 5065 1036 5121 ﬁlio
1066 5082 1179 5120 suo.
1230 5066 1293 5121 Et
1338 5076 1538 5137 quanto
1566 5066 1790 5137 longiori
1818 5075 2056 5137 tempore
2157 5079 2288 5119 eos:
2327 5082 2346 5114 ‹
2381 5064 2492 5135 Ego
2538 5064 2660 5119 novi
2703 5066 2845 5134 quod
2894 5064 3059 5120 Judaei
3095 5066 3440 5121 exsultabunt
3476 5068 3543 5122 de
3605 5084 3735 5124 meo

495 5155 792 5209 ablactatus
822 5154 1001 5209 infans
1030 5154 1109 5207 vel
1135 5171 1298 5224 pecus
1321 5156 1458 5211 lacte
1485 5156 1670 5212 matris
1696 5155 1875 5221 fuerit,
1907 5166 2055 5211 tanto
2157 5154 2396 5217 interitu,
2418 5155 2542 5223 quia
2579 5155 2768 5210 odiunt
2804 5171 2908 5212 me.
2945 5156 3051 5211 Vos
3070 5167 3249 5211 autem
3278 5158 3526 5227 poteritis
3546 5158 3737 5214 facere

497 5243 686 5298 melius
706 5244 921 5298 crescit.
973 5241 1039 5297 Ut
1071 5244 1439 5323 adimpleretur
1462 5244 1600 5316 quod
1621 5246 1813 5321 dictum
1849 5256 1922 5299 est
1964 5263 2055 5317 per
2156 5254 2214 5299 ut
2243 5246 2484 5316 lugentes
2506 5247 2788 5316 exsequias
2816 5247 3063 5313 habeam,
3095 5249 3139 5303 si
3171 5249 3419 5303 faceretis
3440 5252 3587 5319 quod
3640 5253 3735 5305 di-

495 5334 828 5403 nrophetam;
855 5334 1103 5390 videlicet
1126 5334 1423 5396 Michaeam,
1446 5337 1606 5391 etiam
1632 5345 1687 5391 et
1723 5339 1822 5392 l'oc
1842 5337 2055 5391 Balaam
2156 5353 2352 5393 cerem.
2386 5338 2494 5408 Ego
2518 5338 2717 5406 jubebo
2761 5356 2949 5395 omnes
2972 5341 3249 5403 recludere
3292 5344 3533 5397 omnium
3568 5346 3735 5399 nubi.

498 5423 626 5478 dicit
651 5442 663 5476 :
694 5424 779 5478 Ex
814 5422 1041 5495 zEg’ypto
1071 5426 1245 5479 vocavi
1288 5424 1486 5479 Filium
1526 5443 1709 5480 meum.
1762 5427 1874 5482 lino
1900 5426 2057 5481 modo
2155 5430 2285 5484 lium
2316 5429 2471 5493 ﬁlios,
2500 5439 2558 5485 ut
2582 5447 2706 5486 cum
2734 5448 2835 5503 ego
2863 5434 3107 5503 spiritum
3135 5435 3477 5499 exlialavero,
3506 5452 3603 5490 vos
3629 5452 3732 5491 eos

501 5511 831 5582 intelligitur,
869 5513 934 5567 de
978 5512 1141 5569 Israel
1183 5513 1422 5577 carnali,
1469 5514 1557 5585 qui
1588 5524 1806 5570 vocatus
1842 5524 1924 5569 est
1963 5532 2059 5585 per
2157 5521 2432 5583 oceidatis.
2465 5530 2519 5575 et
2548 5530 2675 5576 tunc
2708 5523 2859 5577 inviti
2885 5523 3138 5594 lugebunt
3172 5528 3458 5596 exsequias
3485 5543 3657 5582 meas.
3700 5549 3723 5580 ι

503 5598 713 5667 Moysen
738 5618 801 5655 ex
834 5601 1093 5674 .‘Egypto;
1141 5605 1315 5659 verius
1360 5615 1536 5659 autem
1579 5606 1642 5661 de
1695 5608 1937 5671 Domino,
1968 5609 2057 5678 qui
2159 5611 2235 5663 Illi
2267 5627 2391 5664 vero
2412 5612 2853 5681 promiseruntse
2897 5614 2968 5667 ita
3002 5612 3253 5679 facturos,
3289 5625 3463 5672 tamen
3504 5633 3608 5671 non
3650 5620 3735 5673 fe-
