3962 6174
245 361 381 418 1289

1394 368 1754 425 EXPOSlTlO
1790 368 1856 424 IN
1898 370 2330 427 MATTILEUM.

3349 384 3484 437 123))

238 479 448 534 cerunt,
482 472 575 527 sed
607 480 664 526 ut
699 473 813 543 ipse
846 482 1089 530 mortuus
1125 476 1247 541 fuit,
1274 476 1593 532 dimiserunt
1614 494 1706 534 eos
1732 479 1805 533 f0-
1830 483 1881 543 Α
1907 491 2058 535 serat
2085 499 2099 534 :
2141 482 2240 547 Tu,
2266 499 2414 551 puer,
2446 487 2691 555 propheta
2743 490 2995 544 Altissimi
3033 494 3288 547 vocaberis
3308 536 3322 558 ,
3353 512 3487 563 prius

240 579 348 618 ras.
396 563 488 618 llle
528 578 657 619 vero
712 580 834 620 cum
888 566 1006 622 aliis
1053 568 1336 623 tormentis
1393 569 1579 624 habuit
1636 572 1813 641 ignem

236 663 418 709 actum
451 655 506 708 in
529 655 643 710 suis
668 656 916 710 verendis
956 664 1011 711 et
1052 667 1515 728 computruerunt,
1548 661 1622 714 ita
1643 668 1701 714 ut
1721 662 1809 715 vix

232 757 418 817 posset
454 747 655 818 aliquis
699 749 958 803 accedere
996 750 1062 803 ad
1089 764 1247 816 eum;
1302 750 1443 806 unde
1470 762 1525 806 et
1552 752 1724 806 voluit
1751 768 1810 808 se

232 838 500 904 occidere,
526 838 626 893 nisi
658 838 963 908 prohibitus
988 838 1179 895 fuisset
1208 841 1277 895 ab
1319 841 1410 896 illo
1439 841 1529 911 qui
1567 856 1688 896 eum
1711 858 1806 897 cu-

232 928 470 991 stodivit,
506 938 562 982 et
604 928 695 997 qui
734 928 1046 984 innocentes
1072 930 1271 984 occidit
1308 946 1431 987 cum
1468 931 1650 986 multis
1699 940 1810 987 tor-

232 1021 429 1074 mentis
450 1020 576 1074 hinc
600 1034 849 1091 egressus
876 1022 944 1075 ad
974 1021 1199 1091 majora.
1241 1022 1380 1078 Ecce
1401 1024 1703 1079 audivimus
1741 1025 1808 1078 de

231 1119 405 1164 morte
432 1109 680 1165 Herodis.
712 1110 845 1166 Cum
871 1113 1173 1169 venerimus
1200 1114 1265 1169 ad
1300 1116 1625 1185 passionem,
1654 1118 1795 1172 dice-

230 1216 350 1254 mus
389 1201 577 1270 quisit
606 1200 694 1255 ille
722 1201 981 1259 Herodes.
1014 1202 1128 1259 Hoc
1152 1195 1323 1259 solum
1345 1204 1577 1261 suﬂiciat
1603 1206 1805 1263 dixisse

228 1290 356 1359 quia
385 1290 450 1345 de
493 1291 597 1345 isto
636 1291 846 1347 llerode
893 1307 998 1347 non
1054 1295 1282 1349 audietis
1332 1296 1563 1366 amplius
1610 1297 1662 1351 in
1703 1298 1804 1353 hoc

228 1381 539 1451 Evangelia,
566 1382 662 1437 sed
692 1384 759 1438 de
805 1384 944 1439 aliis.
976 1385 1080 1451 Qui
1114 1404 1429 1458 consurgens
1454 1392 1647 1461 accepit
1672 1409 1800 1461 pue-

227 1486 343 1524 rum
373 1481 421 1525 et
449 1482 667 1526 matrem
696 1473 829 1543 ejus.
863 1475 931 1528 Et
962 1475 1047 1530 hic
1075 1478 1368 1532 notandum
1399 1482 1667 1550 quomodo
1694 1499 1801 1538 non

225 1559 356 1614 dicit
402 1560 702 1633 conjugem,
731 1578 854 1618 cum
880 1562 991 1631 jam
1039 1572 1149 1622 tres
1175 1569 1299 1622 anni
1336 1578 1518 1624 essent
1555 1580 1676 1639 post
1706 1588 1801 1627 na-

223 1658 339 1705 tum
366 1665 623 1721 puerum,
667 1663 722 1709 et
748 1654 949 1711 ideirco
976 1659 1231 1715 mentitus
1268 1669 1353 1716 est
1390 1660 1664 1719 Helvidius
1706 1666 1798 1734 qui

222 1742 359 1796 dixit
387 1742 639 1799 habuisse
663 1755 906 1801 sanetam
939 1746 1163 1804 Mariam
1190 1749 1331 1806 ﬁlios
1358 1751 1424 1807 de
1444 1750 1664 1823 Joseph.

1912 570 2010 641 ibis
2038 581 2158 626 ante
2190 574 2375 641 faciem
2403 575 2612 631 Domini
2659 596 2850 648 parare
2889 582 2997 638 vias
3022 583 3154 652 ejus.
3186 583 3295 641 Nec
3337 588 3482 650 testi-,-

1911 664 2165 717 mandum
2213 666 2355 735 quod
2381 663 2614 723 Joannes
2652 670 2893 727 hoc‘non
2950 674 3308 742 intellexerit,
3360 694 3483 754 eum

1910 769 2015 807 non
2044 753 2268 810 haberet
2318 756 2417 810 nisi
2455 767 2579 812 octo
2611 759 2744 824 dies,
2777 776 2899 816 cum
2948 765 3124 820 adhuc
3178 769 3485 837 nominatus

1910 841 2175 896 intellexit
2201 854 2442 899 sanctam
2486 846 2707 901 Mariam
2740 849 3041 919 loquentem
3095 862 3149 908 et
3194 858 3485 929 exsultavit

1910 933 1961 986 iu
1991 941 2145 989 utero
2167 937 2355 991 matris
2378 953 2505 992 sum.
2536 938 2841 995 Pnrdicans
2870 943 2925 997 in
2950 944 3170 999 deserto.
3199 947 3267 1001 Et
3286 964 3482 1004 secun-

1909 1023 2033 1077 dum
2056 1024 2334 1079 historiam
2358 1027 2411 1081 in
2440 1027 2673 1093 deserto,
2700 1032 2839 1100 quod
2862 1031 3017 1100 juxta
3048 1036 3336 1106 Jordancm
3367 1048 3481 1106 est,

1905 1110 2137 1167 Joannes
2164 1124 2513 1171 conversatus
2539 1126 2644 1182 est,
2666 1116 2819 1185 juxta
2846 1119 3168 1190 Belharaba,
3199 1126 3313 1181 sive
3339 1130 3480 1197 quod

1905 1201 2012 1255 alio
2039 1203 2251 1259 nomine
2274 1205 2480 1260 Ennom
2508 1208 2705 1262 dicitur
2730 1251 2744 1275 ,
2791 1212 2881 1266 ubi
2909 1228 3062 1283 aqua:
3089 1217 3268 1272 multa:
3292 1228 3481 1294 erant;

1906 1291 2019 1345 sive
2053 1294 2402 1361 spiritualiter
2424 1295 2604 1369 Judaca
2631 1298 2743 1368 jam
2767 1309 2894 1356 tunc
2921 1303 3129 1359 deserta
3154 1316 3269 1360 erat
3295 1291 3479 1384 abilla

1904 1383 2146 1443 custodia
2178 1400 2339 1453 quam
2368 1395 2529 1465 antea
2551 1388 2832 1458 habuerat,
2862 1400 2918 1448 et
2949 1386 3218 1471 destitutae
3241 1413 3304 1474 ac
3329 1383 3480 1463 dere:

1905 1475 2043 1531 lictte
2079 1477 2328 1532 solatium
2365 1480 2741 1553 Redemptoris
2791 1490 3165 1563 annuntiabat.
3217 1491 3480 1549 Paeniten-

1902 1567 2052 1632 tiam,
2078 1568 2273 1638 inquit,
2298 1573 2457 1641 agile,
2480 1577 2910 1648 appropinquavit
2938 1582 3075 1635 enim
3120 1600 3335 1655 regnum
3376 1603 3479 1641 ca:-

1902 1656 2092 1712 lorum.
2118 1658 2269 1716 Sicut
2291 1660 2524 1720 Joannes
2548 1671 2824 1736 praecessit
2840 1671 3126 1729 Dominum
3155 1676 3210 1729 in
3230 1692 3326 1733 sua
3350 1695 3477 1748 pro-

1900 1749 2100 1817 phetia,
2132 1751 2211 1807 sic
2233 1752 2394 1808 etiam
2425 1756 2479 1809 in
2523 1772 2618 1812 sua
2668 1760 3049 1829 pratdicatione
3088 1775 3141 1821 et
3170 1767 3222 1822 in
3254 1784 3352 1824 suo
3382 1772 3480 1835 ba:

302 1830 454 1887 Venit
486 1833 539 1886 in
562 1842 753 1889 terram
777 1835 964 1891 Israel.
989 1838 1187 1895 Omnes
1215 1840 1382 1897 Judaei
1404 1842 1567 1911 Israel
1597 1860 1795 1901 voean-
1828 1824 1875 1885 Β
1902 1840 2120 1909 υῑὶειηο,
2151 1858 2220 1898 ne
2253 1847 2587 1904 occasionem
2641 1848 2808 1924 Judaei
2856 1854 3116 1912 haberent
3142 1873 3270 1931 erga
3316 1860 3473 1918 Chri-

223 1932 333 1989 tur,
361 1924 498 1980 Juda
527 1934 706 1982 autem
756 1944 862 2018 pna
918 1930 1109 1987 tribus.
1166 1931 1400 1989 Audiens
1448 1946 1619 1991 autem
1657 1938 1798 2011 quod

218 2014 506 2071 Archelaus
545 2014 781 2087 regnaret
829 2019 886 2074 in
924 2018 1119 2076 Judaza
1153 2038 1247 2092 pro
1270 2021 1481 2093 Herode
1508 2035 1654 2095 patre
1669 2023 1792 2108 suo,

218 2104 392 2163 timuit
416 2104 506 2158 illo
528 2106 623 2159 ire.
679 2106 809 2162 Post
844 2118 1070 2164 mortem
1106 2109 1334 2168 Herodis
1376 2112 1668 2184 imperator
1714 2104 1798 2172 re;

215 2210 383 2263 gnum
410 2195 526 2265 ejus
572 2196 712 2252 inter
732 2196 1052 2254 Archelaum
1074 2209 1130 2255 et
1153 2200 1350 2258 fratres
1374 2203 1489 2272 ejus
1513 2245 1529 2271 ,
1578 2205 1632 2260 id
1680 2215 1793 2275 est,

216 2282 520 2353 Philippum
542 2293 596 2339 et
637 2285 897 2342 Herodem
933 2296 987 2343 et
1022 2288 1236 2360 Lysiam
1264 2291 1475 2358 divisit,
1529 2302 1584 2349 et
1636 2304 1797 2366 caput

214 2376 365 2445 regni
393 2375 689 2434 Jerusalem
737 2379 1002 2436 Archelao
1047 2383 1281 2450 tradidit,
1314 2400 1420 2454 quo
1466 2401 1630 2456 parvo
1662 2398 1797 2444 tem-

213 2480 346 2534 pore
375 2464 568 2530 fruitus
592 2477 695 2535 est,
724 2470 849 2540 quia
896 2471 1188 2541 imperator
1212 2484 1431 2545 prepter
1455 2476 1793 2534 insolentiam

212 2570 426 2610 morum
452 2558 568 2628 ejus
603 2568 915 2615 accusatum
944 2559 1206 2618 Viennam
1234 2578 1265 2617 a
1302 2562 1517 2632 Judaeis,
1567 2582 1688 2639 qua:
1710 2578 1795 2625 est

212 2644 268 2700 in
306 2646 610 2720 Burgundia
658 2651 879 2721 civitas,
921 2653 1114 2710 exsilio
1160 2655 1432 2726 relegavit,
1463 2666 1518 2715 et
1567 2674 1792 2731 regnum

211 2740 330 2808 ejus
360 2742 531 2801 Pilato
553 2748 966 2814 commendavit,
1006 2765 1111 2805 non
1141 2759 1318 2806 tamen
1356 2753 1522 2820 dedit,
1553 2769 1655 2810 nec
1689 2770 1792 2811 no-

210 2848 335 2889 men
364 2837 570 2907 regium
598 2839 841 2907 permisit
868 2840 1085 2895 habere.
1132 2842 1255 2898 Ideo
1291 2843 1442 2911 dicit,
1466 2847 1593 2916 quia
1621 2848 1793 2907 noluit

209 2924 290 2980 ire
312 2926 365 2981 in
405 2927 582 2983 locum
609 2928 756 2984 illum
783 2945 891 3001 quo
910 2932 1205 2988 Archelaus
1239 2937 1517 3006 regnabat,
1535 2941 1790 3010 quoniam

209 3011 478 3085 Deus,qui
500 3018 843 3074 monuiteum
869 3020 1136 3078 divertere
1157 3022 1212 3076 in
1231 3024 1391 3079 aliam
1416 3036 1647 3097 partem,
1665 3046 1791 3101 pro-

1896 1944 2039 1987 ctum
2051 1934 2291 2010 dicentes
2315 1956 2328 1992 :
2359 1938 2534 1995 Novas
2558 1956 2750 1999 causas
2763 1945 2917 2001 nobis
2937 1950 3237 2027 annuntiat,
3253 1961 3306 2007 et
3325 1952 3476 2027 facit,

1894 2033 2179 2095 propterea
2205 2042 2309 2083 non
2342 2031 2631 2101 recipimus
2656 2035 3090 2103 prmdicationem
3128 2024 3263 2113 ejus.
3296 2024 3475 2099 Poeni;

1895 2115 2109 2167 tentiam
2134 2117 2295 2200 agite,
2321 2122 2752 2194 appropinquavit
2782 2126 2919 2201 enim
2951 2144 3163 2199 regnum
3204 2132 3471 2207 caelorum,

1895 2201 2081 2260 Nullas
2106 2215 2230 2261 ante
2262 2205 2525 2266 Joannem
2554 2213 2657 2268 ista
2682 2216 3015 2285 praedicavit,
3052 2220 3155 2275 nisi
3200 2204 3264 2277 de
3293 2203 3467 2297 terre-

1892 2293 1979 2349 nis
2014 2296 2176 2352 rebus
2200 2298 2414 2354 dicens:
2449 2300 2506 2356 Si
2535 2302 2651 2358 haec
2675 2298 2757 2361 vel
2786 2305 2875 2379 illa
2902 2307 3113 2378 feceris,
3138 2293 3303 2383 longo.
3320 2314 3467 2389 vives

1893 2392 2153 2474 tempore,
2182 2388 2249 2443 ad
2289 2398 2485 2446 terram
2534 2394 2601 2448 ad
2644 2410 2806 2464 quam
2847 2398 3164 2469 ingredieris
3202 2388 3473 2474 possidené,

1893 2466 2036 2531 dam.
2078 2466 2230 2535 Nunc
2259 2496 2353 2552 per
2374 2498 2671 2553 praeconem
2691 2466 2930 2553 iustitiae
2942 2490 3175 2546 dicitur:
3202 2466 3470 2551 τΡαιηὶιρεη-

1894 2567 2021 2620 tiam
2044 2569 2203 2638 agite,
2227 2574 2663 2644 appropinquavit
2681 2593 2894 2647 regnum
2924 2584 3188 2637 cmlarum.
3219 2583 3464 2641 Honora-

1893 2663 1982 2712 tur
2004 2657 2147 2713 enim
2175 2674 2351 2729 praeco
2384 2660 2627 2730 Domini,
2671 2667 2814 2735 quod
2845 2668 2958 2738 ipse
2979 2669 3046 2725 de
3076 2670 3303 2729 Domino
3329 2691 3464 2729 nun-

1892 2750 1992 2803 tiat
2048 2749 2192 2819 quod
2245 2750 2420 2807 nullus
2479 2761 2606 2810 ante
2660 2755 2835 2827 ipsum
2893 2759 3231 2829 prophetavit
3259 2804 3274 2828 ,
3335 2766 3461 2841 quia

1893 2839 2142 2895 videlicet
2180 2840 2297 2911 ipsa
2323 2842 2408 2896 via
2440 2859 2560 2914 qua:
2605 2846 2784 2902 clausa
2834 2844 3001 2903 fuerit
3040 2850 3242 2928 homini
3291 2839 3464 2924 primo

1889 2943 1989 3000 per
2047 2939 2327 2999 peccatum
2385 2935 2671 2989 reseranda
2718 2936 2789 2990 sit
2847 2938 2974 2993 cito.
3031 2940 3274 3019 Regnum
3319 2947 3461 3002 enim

1890 3019 2149 3075 cmlorum
2178 3021 2231 3076 in
2267 3023 2371 3077 hoc
2406 3022 2696 3096 Evangelio
2747 3028 3035 3099 aliquando
3076 3048 3312 3102 praesens
3362 3036 3466 3094 Ec-

206 3105 424 3161 videbat
449 3108 591 3176 quod
618 3108 731 3179 ipse
775 3107 1013 3179 ejusdem
1042 3112 1334 3169 voluntatis
1364 3113 1501 3172 foret
1538 3119 1691 3190 cujus
1729 3130 1784 3177 et

1888 3108 2082 3177 clesia,
2121 3110 2408 3181 aliquando
2435 3114 2545 3169 vita
2588 3115 3153 3205 a3terna,aliquan'd0
3200 3125 3313 3205 ipse
3356 3128 3464 3194 Do:

205 3204 380 3264 pater.
429 3196 649 3254 Fratres
676 3207 856 3254 autem
896 3198 1013 3270 ejus
1041 3217 1147 3258 non
1176 3203 1310 3260 adeo
1352 3206 1652 3263 dilexerant
1691 3225 1786 3280 pa-

206 3299 346 3343 trem
372 3303 469 3358 pro
494 3287 865 3347 interiectione
908 3301 1221 3363 parentum;
1253 3295 1454 3353 idcirco
1481 3297 1701 3356 divertit
1729 3300 1783 3356 in

203 3380 498 3447 Galilaaam,
512 3381 602 3438 ubi
616 3381 854 3439 Herodes
867 3384 1145 3455 regnabat.
1165 3385 1235 3441 Ut
1256 3387 1626 3458 adimpleretur
1645 3394 1784 3464 quod

202 3475 402 3527 dictum
434 3484 507 3529 est
546 3491 637 3545 per
672 3476 948 3547 prophetas
972 3490 991 3529 :
1024 3476 1285 3542 Quoniam
1312 3479 1587 3537 Nazareus
1631 3496 1784 3540 voca-

202 3564 361 3618 bitur.
393 3563 705 3637 Ubicunque
729 3567 862 3622 dicit
884 3568 1211 3639 evangelista
1231 3587 1324 3640 per
1345 3573 1640 3641 prophetas,
1665 3577 1782 3645 plu-

201 3654 303 3709 rali
336 3670 577 3723 numero,
611 3672 718 3711 non
749 3657 916 3713 ﬁxum
944 3659 1095 3729 ponit
1114 3658 1440 3730 exemplum,
1474 3664 1570 3718 sed
1599 3670 1779 3720 tamen

200 3761 392 3801 omnes
411 3748 685 3816 propheta:
711 3748 815 3802 hoc
861 3748 1164 3818 praedixere
1191 3745 1335 3819 quad
1378 3750 1667 3807 Nazaraeus
1695 3766 1782 3809 es-

201 3844 306 3900 set,
335 3836 387 3890 id
408 3844 492 3891 est
512 3846 751 3897 sanctus.
781 3838 979 3893 Verum
1018 3837 1184 3893 Isaias
1213 3839 1345 3894 dicit
1370 3840 1475 3895 hoc
1500 3842 1661 3897 modo
1688 3857 1779 3898 se-

199 3926 435 3981 cundum
466 3925 783 3982 Hebraicam
812 3945 825 3980 :
857 3926 1011 3981 Exiet
1038 3927 1183 3999 virga
1225 3928 1290 3982 de
1327 3930 1502 3985 radice
1522 3931 1697 3997 Jesse,
1728 3940 1777 3987 et

201 4016 480 4071 Nazareus
508 4017 573 4072 de
612 4018 788 4072 radice
811 4018 925 4088 ejus
967 4018 1227 4073 ascendet.
1257 4019 1352 4074 Est
1374 4030 1552 4076 autem
1600 4022 1778 4092 aliqua

198 4109 498 4165 dill‘erentia
519 4110 658 4165 inter
676 4109 1013 4168 Nazarenam
1037 4118 1092 4166 et
1110 4109 1444 4167 Nazamum.
1466 4113 1777 4173 Nazarenus

194 4215 228 4254 a
260 4199 395 4264 loco,
432 4197 719 4256 Nazarccus
744 4216 775 4256 a
799 4201 1078 4272 religione.

805 4310 1029 4370 CAPUT
1063 4311 1150 4369 IV.

272 4400 544 4458 Tractatus
588 4401 887 4527 Christiani,
902 4404 1210 4486 Drutltmati
1248 4406 1313 4461 de
1333 4408 1701 4479 praulicatione

889 4491 1094 4527 oanms.

889 4491 1094 4529 oanms.

270 4558 333 4626 In
363 4561 542 4624 diebus
586 4571 759 4617 autem
801 4562 926 4621 illis.
960 4564 1014 4619 ld
1042 4575 1125 4623 est
1166 4564 1311 4622 illius
1357 4566 1499 4639 regis
1525 4569 1616 4639 qui
1644 4579 1771 4627 tunc

188 4650 451 4719 regnabat
483 4652 538 4706 in
564 4651 801 4719 Galiltea,
824 4655 1069 4712 videlicet
1121 4656 1369 4723 Herodis,
1407 4662 1551 4729 quod
1586 4661 1760 4727 Lucas

188 4741 433 4808 apertius
459 4742 675 4809 indicat,
702 4744 885 4800 dicens
911 4760 926 4800 :
959 4746 1110 4801 Anno
1135 4751 1315 4817 quinto
1347 4751 1548 4806 decimo
1564 4754 1767 4824 imperii

191 4832 385 4887 Tiberii
425 4832 672 4901 Caesaris,
700 4848 1011 4906 procurante
1057 4837 1249 4895 Pontio
1294 4839 1470 4896 Pilato
1495 4844 1762 4912 Judwam,

186 4926 454 4979 tetrarcha
477 4936 650 4981 autem
676 4925 909 4981 Galilazte
937 4927 1164 4994 Herode,
1194 4928 1431 5003 Philippo
1457 4944 1628 4988 autem
1654 4935 1765 5004 [ra-

186 5024 271 5067 tre
309 5013 440 5082 ejus,
467 5024 603 5081 cte.,
645 5019 778 5075 venit
835 5018 1065 5075 Joannes
1118 5018 1375 5086 Baptista.
1419 5020 1653 5079 Joannes
1685 5025 1764 5079 in-

188 5116 520 5176 terpretatur
565 5112 737 5180 gratia
768 5110 898 5175 Dei,
925 5111 1065 5178 quod
1120 5127 1313 5168 nomen
1347 5113 1421 5169 illi
1472 5131 1501 5169 a
1538 5115 1763 5172 Domino

184 5198 502 5266 impositum
536 5209 641 5264 est,
666 5201 792 5269 quia
824 5200 1091 5255 veraciter
1124 5199 1226 5254 fuit
1263 5202 1316 5256 in
1342 5217 1408 5257 eo
1434 5206 1604 5273 gratia
1631 5207 1759 5272 Dei,

183 5288 330 5351 sicut
356 5289 409 5342 in
434 5288 718 5358 Evangelio
741 5290 985 5345 audistis.
1008 5290 1243 5359 Baptista
1286 5308 1479 5349 nomen
1515 5294 1759 5352 Gmcum

183 5386 291 5440 est,
322 5387 377 5431 et
403 5379 598 5433 dicitur
622 5379 810 5435 Latine
833 5380 1056 5445 lavator,
1077 5387 1131 5434 et
1161 5381 1308 5435 venit
1328 5397 1359 5435 a
1383 5381 1572 5438 Grmco
1597 5386 1760 5441 verbo

183 5468 333 5539 quod
357 5476 441 5537 est
461 5469 685 5539 baptizo,
715 5470 765 5523 id
792 5479 894 5533 cst,
923 5469 1060 5530 lavo.
1092 5469 1208 5524 Fuit
1236 5479 1413 5525 autem
1435 5471 1624 5528 Joauni
1648 5477 1760 5545 epi-

184 5558 379 5613 theton
408 5574 568 5628 super
601 5577 754 5615 suum
803 5577 1018 5627 nomen,
1051 5562 1191 5630 quod
1226 5563 1371 5617 venit
1414 5580 1445 5617 a
1497 5565 1755 5635 Domino,

185 5644 396 5701 scilicet
420 5650 629 5702 missus.
659 5649 893 5718 Angelus
922 5665 1152 5720 namque
1174 5652 1241 5707 ad
1270 5653 1586 5710 Zachariam
1609 5658 1757 5713 dixe-

185 5741 280 5799 rat
311 5753 322 5789 :
354 5736 469 5807 Ipse
495 5742 748 5807 praecedet
773 5752 891 5794 ante
921 5743 1087 5798 illaut.
1120 5745 1182 5799 Et
1214 5744 1498 5803 Zacharias
1531 5748 1640 5811 lilio
1668 5751 1748 5809 di-

586 5834 825 5892 PaTtmt
849 5881 860 5894 .
901 5835 1028 5895 CVI

1884 3200 2065 3256 minus
2098 3202 2379 3273 accipitur.
2424 3204 2483 3259 ln
2526 3206 2629 3262 hoc
2665 3221 2792 3264 vero
2826 3201 3004 3279 potest
3049 3202 3333 3288 utrumque
3384 3220 3465 3283 in?

1883 3291 2050 3364 telligi
2095 3300 2152 3348 et
2196 3293 2311 3364 ipse
2372 3294 2676 3364 Dominus,
2732 3294 2876 3370 quod
2935 3301 3050 3371 jam
3101 3306 3155 3360 in
3215 3310 3461 3384 proximo

1882 3385 1986 3451 sit,
2055 3388 2200 3457 quod
2246 3388 2466 3444 audiant
2524 3404 2710 3446 vocem
2749 3388 2881 3461 ejus
2924 3394 3296 3466 przcdicantis,
3362 3418 3457 3459 seu

1881 3476 2024 3545 quod
2086 3476 2198 3531 vita
2255 3486 2455 3533 acterna
2514 3480 2623 3534 cito
2689 3483 2975 3550 aperienda
3036 3487 3105 3541 δὴ
3170 3505 3268 3559 per
3322 3492 3463 3548 bona

1880 3568 2244 3636 quaerentibus
2288 3584 2471 3638 opera.
2512 3570 2609 3626 Hic
2639 3573 2781 3627 enim
2809 3583 2892 3630 est
2917 3576 3008 3645 qui
3033 3575 3207 3634 dictus
3241 3588 3325 3634 est
3360 3596 3459 3651 per

1878 3656 2072 3712 Isaiam
2099 3660 2436 3729 prophetam.
2459 3662 2576 3718 Non
2607 3660 2777 3719 solum
2801 3682 2919 3736 quae
2938 3666 3196 3726 Dominus
3216 3672 3459 3751 facturus

1878 3757 1997 3803 erat
2039 3750 2093 3805 in
2119 3766 2282 3807 carne
2311 3755 2566 3824 praedicta
2599 3766 2726 3812 sunt
2751 3774 2782 3814 a
2826 3762 3125 3831 prophetis,
3156 3766 3252 3820 sed
3292 3767 3454 3825 etiam

1878 3841 2021 3910 quod
2048 3857 2225 3929 prteco
2252 3845 2442 3915 ipsius.
2474 3847 2540 3902 Et
2566 3848 2781 3920 dignum
2830 3847 2935 3906 luit
2958 3861 3019 3908 ut
3053 3871 3304 3929 maguum
3350 3862 3456 3926 Do:

1877 3926 2084 3988 minum
2132 3934 2325 4007 magna
2382 3946 2437 3993 et
2473 3939 2755 3995 innumera
2803 3946 3166 4012 praevenirent
3213 3952 3453 4008 oracula.

1878 4020 2061 4078 Dictus
2095 4033 2180 4079 est
2206 4019 2331 4080 ante
2357 4024 2592 4083 Joannes
2633 4046 2731 4084 vox
2756 4030 2824 4088 ab
2854 4032 2989 4088 lsaia
3021 4050 3036 4089 :
3067 4037 3192 4107 quia
3218 4024 3453 4119 Verbum

1872 4127 2236 4182 prmcessurus
2257 4126 2394 4172 eral.
2410 4117 2573 4174 Scitis
2597 4120 2742 4175 enim
2759 4124 2901 4191 quod
2926 4124 3183 4183 Dominus
3210 4117 3454 4188 Christus

1874 4204 2111 4260 Verbum
2157 4206 2338 4263 Patris
2388 4209 2565 4265 dictus
2592 4219 2717 4266 est:
2759 4211 2899 4278 Quia
2950 4231 3043 4285 per
3094 4219 3265 4285 ipsum
3309 4222 3453 4292 facta

1874 4304 1993 4349 sunt
2019 4298 2216 4363 omnia,
2247 4307 2301 4353 et
2330 4299 2551 4354 verbum
2586 4301 2639 4356 in
2690 4302 2923 4359 humana
2955 4306 3222 4366 locutione
3265 4325 3448 4377 sonus,

1874 4383 1929 4439 id
1948 4394 2033 4442 est
2064 4402 2166 4443 vox
2193 4388 2333 4444 solet
2358 4393 2681 4460 prmeedere.
2708 4393 2861 4450 Sicut
2885 4396 3051 4468 igitur
3070 4414 3172 4453 vox
3198 4404 3453 4471 pneccdit

1871 4478 2126 4544 verbum;
2167 4479 2246 4535 sic
2292 4478 2528 4539 Joannes
2553 4524 2568 4550 ,
2617 4485 2743 4554 quia
2800 4489 3024 4558 praeibat
3060 4489 3318 4559 Verbum,
3349 4511 3450 4549 vox

1868 4563 2043 4621 dictus
2065 4576 2151 4622 est
2176 4583 2207 4623 a
2237 4570 2524 4639 propheta;
2547 4575 2676 4643 quid
2703 4586 2883 4633 autem
2918 4578 3030 4649 ipsa
3060 4597 3164 4637 vox
3190 4583 3449 4642 clamaret

1869 4654 2176 4726 adjungitur
2206 4676 2218 4712 :
2258 4658 2452 4716 Parata
2485 4664 2626 4718 viam
2664 4665 2897 4722 Domini.
2942 4668 3130 4727 Omnis
3163 4674 3254 4743 qui
3286 4660 3445 4731 [idem

1867 4754 2071 4800 rectam
2100 4756 2154 4803 et
2181 4764 2343 4819 opera
2391 4753 2530 4808 bona
2576 4757 2851 4825 praedicat,
2905 4762 3033 4828 quid
3085 4763 3229 4823 aliud
3282 4782 3443 4835 quant

1865 4835 2101 4891 venienti
2131 4837 2361 4897 Domino
2388 4845 2457 4898 ad
2500 4861 2598 4901 cor
2624 4849 2955 4905 audientium
2982 4854 3124 4909 viam
3166 4868 3343 4927 parat,
3386 4870 3445 4915 ut

1864 4925 1947 4979 vis
1986 4928 2175 4996 gratim
2214 4946 2310 4987 cor
2335 4943 2579 5001 penetret
2603 4944 2659 4990 et
2686 4938 2917 4995 illustret
2946 4942 3147 5001 lumine
3167 4925 3440 5015 veritatis,

1862 5023 1918 5068 et
1941 5025 2118 5073 rectas
2145 5019 2256 5076 Deo
2278 5022 2501 5078 semitas
2545 5024 2730 5093 faciat,
2754 5028 2879 5084 dum
2905 5035 3134 5090 mundas
3155 5038 3438 5107 cogitatio-

1860 5120 1960 5162 nes
1980 5107 2034 5161 in
2058 5111 2238 5165 animo
2258 5127 2358 5182 per
2383 5128 2687 5172 sermonem
2713 5120 2867 5176 hante
2905 5125 3298 5193 praedicationis
3324 5127 3437 5192 for-_

1861 5199 2006 5251 mat?
2035 5199 2132 5255 Via
2158 5217 2390 5270 namque
2418 5204 2627 5261 Domini
2660 5210 2728 5263 ad
2753 5225 2849 5265 cor
2891 5212 3168 5283 dirigetur,
3196 5216 3320 5272 dum
3350 5235 3436 5275 ve-

1862 5289 1993 5345 ritas
2021 5295 2287 5348 sermonis
2309 5295 2582 5353 humiliter
2617 5301 2851 5357 auditur.
2878 5303 3063 5360 Rectas
3088 5306 3246 5375 facile
3274 5314 3432 5365 semi-

1858 5383 2112 5451 tasvejus.
2162 5382 2381 5440 Semita:
2405 5402 2584 5456 pravae
2602 5400 2729 5445 sunt
2767 5392 2820 5447 in
2845 5394 3096 5449 cordibus
3133 5397 3428 5466 hominum,

1857 5472 2071 5540 quando
2090 5473 2339 5541 superbia
2367 5477 2449 5531 vel
2474 5487 2670 5533 ctetera
2691 5480 2818 5535 vitia
2840 5482 2913 5536 ibi
2939 5483 3303 5543 habitaculum
3324 5474 3430 5542 ’ὴδέ

1857 5565 2014 5629 bent;
2062 5568 2213 5635 quasi
2245 5568 2387 5622 enim
2440 5571 2658 5640 quidam
2694 5584 2903 5629 montes
2956 5585 3081 5630 sunt
3128 5578 3240 5647 ipsa
3273 5580 3425 5662 vitia,

1857 5671 1975 5723 qua:
2006 5657 2260 5712 abhorret
2280 5658 2564 5729 Dominus,
2591 5664 2729 5719 sicut
2747 5666 2859 5733 ipse
2882 5666 3016 5720 dixit
3039 5686 3050 5719 :
3084 5666 3251 5737 Super
3276 5657 3427 5740 queui

1858 5751 2192 5824 requiescam,
2233 5753 2329 5805 nisi
2378 5769 2529 5822 super
2573 5755 2816 5809 Itumifcm
2856 5766 2902 5809 et
2948 5757 3196 5827 quietum,
3233 5769 3279 5822 et
3326 5769 3425 5837 tre:

2948 5844 3013 5930 ίξὲ
