3976 6180
502 324 626 377 ιευι

1277 317 1663 377 CllRlS'l‘lANl
1700 315 2108 375 DRUTPIMARI
2148 308 2600 371 CORBEIENSIS
2639 313 2945 397 MONAQIH

3642 319 3765 376 ωε

494 450 712 495 mentem
766 436 917 492 verba
948 436 1105 490 mea?
1153 435 1268 488 'l‘ali
1320 448 1448 504 ergo
1498 436 1656 488 mulo
1696 433 1792 487 vite
1835 447 2013 500 prava:
2041 446 2070 483 a
2102 458 2146 511 Α
2178 439 2542 497 peccatorum,
2569 428 2663 483 sed
2708 436 2885 481 tamen
2923 437 2981 481 ut
3033 435 3177 482 esset
3228 443 3409 498 prteco
3461 428 3694 484 Domini
3722 443 3771 487 et

488 529 935 607 praedicatoribus
965 535 1127 584 rectm
1175 526 1353 580 liunt:
1395 524 1439 579 si
1491 539 1587 592 per
1638 522 2071 591 praedicationem

494 619 764 692 Evangelii
804 617 860 673 hi
905 616 996 687 qui
1036 624 1161 669 ante
1192 614 1401 668 fuerant
1428 612 1661 681 superbi,
1702 610 1929 665 humiles
1963 608 2075 665 elli-

493 716 733 778 ciantur;
766 710 856 780 qui
902 706 1183 770 luxuriosi,
1213 704 1380 767 casti;
1418 703 1510 771 qui
1557 701 1822 767 crudeles,
1867 701 2073 755 miscri-

493 806 684 861 cordes
708 802 858 857 ﬁant.
892 800 1043 855 Tunc
1067 813 1172 852 non
1200 796 1370 851 solum
1393 796 1570 850 veniet
1599 794 1856 848 Dominus
1877 795 1930 849 in
1955 808 2075 848 cor-

491 897 649 950 dibus
677 895 884 958 talium,
907 890 1001 945 sed
1025 889 1187 943 etiam
1215 886 1549 943 mansionem
1590 884 1771 949 faciet,
1797 884 1937 938 sicut
1960 885 2073 954 ipse

395 992 408 1015 ‘
490 986 565 1040 ait
598 983 693 1039 :Si
718 984 832 1055 quis
871 980 1043 1051 diligit
1069 995 1168 1045 me,
1197 992 1483 1031 sermonem
1531 991 1700 1027 nteum
1732 975 1976 1039 servabit,
2023 984 2071 1027 et

491 1077 654 1131 Pater
682 1092 825 1130 meus
848 1072 1023 1144 diliget
1058 1088 1197 1135 enin,
1220 1078 1267 1123 et
1295 1069 1362 1123 ad
1385 1083 1502 1122 eum
1535 1068 1815 1132 veniemus,
1845 1077 1891 1120 et
1923 1083 2068 1121 man-

489 1170 689 1222 sionem
729 1165 869 1236 apud
901 1180 1020 1218 eum
1047 1162 1320 1235 faciemus.

560 1258 680 1327 Ipse
723 1265 898 1309 autent
940 1254 1170 1309 Joannes
1198 1250 1415 1305 habebat
1461 1250 1818 1305 vestimentum
1861 1246 1925 1301 de
1950 1246 2070 1315 pilis

487 1346 825 1401 camelorum.
853 1345 1085 1400 Austera
1125 1342 1289 1397 vestis
1324 1336 1580 1396 indicium
1608 1349 1691 1395 est
1718 1340 2066 1410 ptenitentiie.

487 1437 647 1490 Fiunt
668 1447 848 1492 autem
876 1435 1050 1489 cilicia
1078 1442 1131 1489 et
1156 1444 1335 1487 vestes
1353 1448 1420 1488 ex
1451 1432 1569 1486 lana
1599 1431 1927 1486 camelorum
1952 1446 2070 1500 qua:

486 1529 553 1583 de
597 1528 821 1583 camelis
861 1526 1120 1581 tonditur.
1151 1524 1322 1579 llabet
1349 1523 1492 1577 enim
1540 1522 1638 1577 sub
1666 1530 1853 1576 ventre
1892 1520 2069 1574 lanam

485 1635 608 1674 cum
640 1635 746 1689 qua
776 1619 1032 1673 miscetur
1050 1614 1152 1670 alia
1181 1615 1303 1668 lana
1328 1614 1494 1668 etiam
1524 1621 1579 1667 et
1598 1612 1906 1683 caprina,et
1935 1610 2070 1665 liunt

486 1710 775 1780 aliquando
807 1710 941 1764 mira
970 1715 1023 1763 et
1070 1708 1205 1762 dura
1233 1707 1298 1761 de
1325 1706 1520 1777 quibus
1565 1704 1798 1759 Joannes
1843 1701 2068 1757 vestitus

2178 519 2229 572 in
2266 518 2440 584 factis,
2472 520 2583 575 sola
2609 535 2839 588 corpora
2878 535 3018 588 aqua
3051 519 3282 583 lavabat,
3326 528 3383 574 et
3416 521 3771 592 pnecipiebat

2177 617 2236 663 ut
2274 611 2582 681 quicunque
2605 625 2705 664 suo
2733 610 3004 677 baptismo
3034 610 3404 679 baptizaretur
3433 613 3698 668 crederet
3724 615 3769 668 in

2174 700 2322 756 illum
2346 702 2437 772 qui
2470 712 2592 772 post
2641 701 2816 772 ipsum
2850 710 3110 755 venturus
3158 710 3335 765 esset,
3384 709 3447 756 et
3492 704 3770 773 acciperet

2172 793 2319 847 aliud
2349 792 2677 864 baptismum
2707 791 2761 845 in
2790 792 3162 846 remissionem
3211 800 3589 863 peccatorum.
3616 794 3769 849 Dice-

2172 884 2263 939 bat
2290 893 2470 939 autem
2491 884 2706 952 quando
2731 898 2828 938 eos
2858 883 3170 953 baptizabat
3195 900 3206 935 :
3237 882 3465 953 Baptiso
3483 896 3558 951 te,
3580 896 3642 938 ut
3672 904 3770 940 cre-

2171 975 2267 1026 das
2290 973 2343 1027 in
2359 974 2581 1043 eumqui
2597 983 2711 1043 post
2736 990 2816 1026 me
2845 982 3088 1027 venturus
3104 985 3197 1026 est.
3221 973 3376 1029 Unde
3390 984 3583 1045 postea
3598 976 3767 1031 dixit:

2174 1062 2276 1116 llic
2298 1074 2371 1117 est
2397 1065 2485 1136 qui
2516 1063 2767 1134 baptizat,
2785 1063 2872 1133 qui
2900 1061 3034 1116 tollit
3048 1073 3262 1134 peccata
3291 1065 3475 1118 mundi
3492 1083 3589 1136 per
3610 1084 3767 1120 suum

2170 1152 2504 1224 baptismum.
2541 1155 2741 1209 Vidcns
2786 1163 2969 1208 autem
3016 1154 3214 1207 multos
3261 1153 3675 1211 Pharisaeorum
3718 1166 3766 1211 et

2172 1244 2552 1298 Saducmorum
2597 1244 2876 1298 venientes
2903 1245 2969 1296 ad
3004 1259 3161 1298 suum
3206 1244 3562 1314 baptismum,
3589 1247 3765 1301 dixit:

2174 1332 2455 1404 Progenies
2488 1337 2800 1404 viperarum.
2832 1334 3028 1406 Vipera
3082 1337 3227 1391 dicta
3275 1351 3342 1392 eo
3370 1340 3520 1408 quod
3571 1341 3622 1395 vi
3676 1358 3772 1410 pa-

2173 1424 2295 1477 riat.
2330 1424 2462 1477 Nam
2492 1441 2613 1479 eum
2656 1434 2843 1478 venter
2894 1426 3085 1479 matris
3120 1425 3443 1480 intumuerit
3475 1428 3543 1481 de
3584 1440 3769 1497 partu,

2171 1517 2355 1580 catuli,
2373 1532 2476 1570 non
2493 1526 2867 1588 exspectantes
2890 1525 3157 1571 maturam
3189 1517 3510 1575 solutionem
3537 1530 3769 1587 natura,

2171 1607 2407 1662 corrosis
2452 1608 2879 1677 ejus'lateribus
2934 1618 3226 1678 erumpunt
3276 1611 3524 1665 interitu.
3572 1611 3775 1667 Fertur

2172 1708 2354 1752 autem
2377 1700 2503 1768 quia
2533 1715 2654 1753 cum
2680 1699 2956 1754 masculus
2994 1715 3090 1756 ore
3128 1701 3336 1756 inserto
3357 1717 3546 1757 semen
3570 1704 3774 1772 vipera:

485 1802 604 1856 fuit.
657 1799 808 1856 Unde
837 1808 892 1854 et
920 1814 951 1854 a
983 1798 1209 1854 Domino
1240 1796 1486 1851 laudatus
1514 1803 1596 1849 est
1624 1796 1687 1849 de
1718 1794 1832 1864 ipsa
1864 1807 1940 1846 re.
1994 1790 2064 1844 Et
2093 1806 2139 1866 Β
2172 1792 2416 1862 exspuit,
2447 1792 2536 1845 illa
2566 1806 2633 1846 ex
2665 1791 2941 1847 voluntate
2979 1793 3220 1848 libidinis
3250 1793 3305 1848 in
3347 1794 3556 1848 rabiem
3585 1809 3771 1859 versa,

484 1910 674 1948 zonam
702 1892 973 1963 pelliceam
996 1891 1135 1944 circa
1164 1888 1365 1942 lumbos
1390 1888 1523 1956 ejus.
1556 1888 1700 1940 Zona
1728 1895 1911 1939 autem
1948 1881 2063 1952 pel-

483 1984 619 2038 licea
649 1982 923 2038 accinctus
951 1994 1165 2052 quoque
1193 1988 1247 2033 et
1265 1978 1411 2033 Elias
1435 1977 1553 2042 fuit,
1584 1975 1709 2047 quia
1736 1974 1789 2028 in
1812 1973 2066 2029 onmibns

484 2073 677 2129 similis
700 2071 795 2125 illi.
837 2070 982 2126 Zona
1015 2083 1142 2124 vero
1165 2067 1392 2138 pellicea
1439 2064 1909 2120 mortiﬁcationem
1940 2076 2061 2116 car-

485 2169 570 2221 nis
596 2166 860 2236 designat,
891 2177 1051 2232 quam
1081 2159 1315 2216 Joannes
1358 2160 1414 2214 in
1445 2174 1541 2213 suo
1584 2170 1810 2226 corpore
1855 2154 2061 2208 habuit.

486 2256 623 2313 Esca
649 2268 820 2311 autem
849 2256 961 2326 ejus
992 2265 1138 2309 erant
1170 2252 1405 2308 locustw.
1439 2251 1506 2307 Et
1548 2251 1614 2305 de
1636 2249 1859 2304 locustis
1886 2247 2066 2302 audivi

484 2349 769 2421 quemdam
801 2348 980 2402 dicere
1005 2345 1145 2416 quod
1193 2344 1308 2399 istae
1358 2343 1577 2398 locusta:
1603 2340 1824 2397 avicula:
1852 2339 2070 2395 fuerunt

485 2455 662 2511 parva:
682 2456 804 2495 cum
841 2438 1023 2493 rubeis
1068 2436 1244 2501 tibiis;
1299 2434 1462 2488 alium
1489 2432 1653 2488 etiam
1695 2431 1876 2486 dicere
1922 2429 2068 2499 quod

484 2536 720 2588 Joannes
769 2542 931 2601 super
982 2527 1273 2583 Jordanem
1320 2523 1770 2588 conversabatnr,
1829 2523 2069 2576 locustae

486 2626 659 2695 pisces
691 2621 929 2675 marinos
957 2618 1168 2671 ederit:
1205 2617 1301 2671 sed
1325 2624 1576 2669 neutrum
1604 2628 1790 2667 verum
1816 2619 1931 2676 est;
1969 2609 2069 2666 sed

486 2719 617 2770 istas
660 2712 891 2767 locustas
914 2724 1050 2779 quas
1082 2707 1311 2762 vidimus
1354 2706 1409 2759 in
1449 2704 1641 2775 pratis,
1668 2718 1788 2773 qua:
1815 2702 1978 2757 etiam
2007 2701 2066 2755 in

489 2805 666 2861 Veteri
733 2801 1078 2857 Testamento
1130 2797 1518 2867 permittuntur
1581 2793 1929 2859 manducari;
1985 2792 2067 2848 sic

484 2902 650 2954 etiam
696 2896 956 2966 Origenes
986 2891 1133 2946 dicit.
1165 2890 1273 2943 Sed
1304 2896 1485 2943 tamen
1517 2888 1571 2943 in
1602 2886 1691 2941 illa
1717 2895 1865 2941 terra
1895 2882 2064 2953 majo-

487 3008 574 3046 res
608 3004 766 3058 quam
790 2987 844 3039 in
871 2993 1056 3039 nostra
1085 2980 1431 3036 inveniuntur
1460 2998 1472 3033 :
1508 2993 1679 3050 quare
1706 2978 1854 3033 enim
1883 2977 2067 3032 lauda-

486 3093 635 3137 retur
661 3083 724 3134 tle
760 3075 1094 3133 abstinentia:
1124 3074 1323 3144 rigore,
1346 3072 1392 3126 si
1421 3072 1658 3127 marinas
1697 3071 1916 3126 delicias
1940 3070 2068 3125 ede-

2164 1890 2326 1951 caput
2355 1882 2579 1936 masculi
2627 1896 2723 1935 ore
2767 1892 3046 1954 receptum
3092 1883 3340 1953 prnoidit
3369 1902 3383 1937 :
3412 1893 3468 1937 et
3494 1884 3574 1938 ita
3620 1884 3687 1939 lit
3718 1894 3773 1938 ut

2163 1987 2363 2042 parens
2404 1982 2630 2044 uterque
2667 1975 2934 2029 moriatur
2975 1992 2989 2028 :
3020 1975 3295 2030 masculus
3319 1976 3451 2030 dum
3475 1977 3613 2041 coit,
3644 1992 3765 2030 suac

2165 2064 2398 2121 ter'dum
2428 2070 2586 2138 parit.
2633 2065 2797 2120 Fiunt
2824 2076 3004 2121 autem
3046 2068 3261 2136 pastelli
3289 2083 3359 2122 ex
3406 2068 3634 2138 viperis,
3667 2070 3759 2137 qui

2169 2158 2360 2213 tiriaca
2391 2175 2420 2211 a
2447 2157 2652 2212 Grmcis
2697 2166 2979 2223 vocantur,
3012 2166 3071 2213 ut
3099 2158 3193 2228 qui
3221 2174 3290 2212 ex
3328 2159 3408 2214 eis
3459 2162 3768 2215 comedent

2167 2249 2252 2304 vel
2278 2250 2497 2314 biberit,
2546 2250 2771 2305 ulterius
2793 2250 2908 2320 jam
2953 2250 3158 2321 lepram
3190 2267 3297 2306 non
3347 2252 3584 2317 habent;
3632 2261 3692 2306 et
3723 2253 3764 2306 si

2169 2339 2439 2404 habuerit,
2465 2341 2605 2394 ultra
2638 2354 2743 2393 non
2771 2341 2987 2394 crescit.
3014 2340 3154 2394 Sunt
3192 2349 3376 2396 autem
3417 2343 3524 2397 alia
3567 2358 3764 2411 genera

2167 2433 2506 2503 viperarum,
2561 2432 2627 2486 de
2674 2433 2870 2500 quibus
2918 2432 3145 2487 Paulum
3193 2449 3299 2488 una
3354 2436 3761 2506 apprehendit,

2167 2540 2330 2596 quam
2385 2525 2472 2579 ille
2525 2525 2765 2578 excussit
2815 2526 2870 2579 in
2919 2526 3119 2596 ignem.
3157 2525 3311 2580 Tales
3366 2526 3500 2580 dicit
3544 2526 3760 2581 Judseos

2167 2614 2336 2669 fuisse
2383 2612 2641 2679 Joannes,
2671 2615 2799 2684 quia
2828 2625 3083 2686 parentes
3126 2631 3254 2672 suos
3304 2617 3633 2672 occiderunt
3664 2635 3677 2670 :
3710 2628 3762 2673 ut

2167 2703 2410 2769 Nabotb,
2463 2701 2788 2769 Jeremiam;
2838 2713 2893 2759 et
2930 2705 3112 2770 Ozias,
3149 2705 3502 2771 Zachariam;
3558 2718 3616 2762 et
3648 2706 3761 2761 Ha-

2168 2811 2358 2852 nasscs
2388 2813 2484 2850 rex
2521 2797 2845 2851 avunculum
2889 2813 3047 2852 suum
3086 2797 3280 2853 Isaiam
3305 2799 3484 2854 secuit
3516 2818 3532 2853 :
3585 2810 3641 2855 et
3664 2815 3763 2871 pro

2168 2888 2262 2942 tali
2293 2887 2435 2942 facto
2476 2888 2754 2959 generatio
2805 2888 3110 2960 viperarum
3161 2904 3297 2961 esse.
3317 2890 3599 2945 dicuntur.
3632 2894 3761 2956 Quis

2168 2979 2395 3033 ostendet
2428 2979 2563 3033 vobit
2595 2982 2774 3049 [agere
2800 2997 2831 3032 α
2860 2989 3077 3033 caritura
3106 2980 3218 3033 ira?
3247 2979 3487 3035 Ventura
3537 2982 3617 3035 ira
3647 2984 3762 3037 dies

2167 3078 2251 3124 est
2273 3068 2485 3140 judicii,
2515 3084 2633 3139 quae
2660 3077 2889 3123 ventura
2915 3079 3001 3124 est
3027 3085 3189 3140 super
3215 3086 3406 3126 onmes
3438 3072 3634 3141 impios
3666 3077 3759 3144 qui

486 3182 589 3236 ret,
628 3178 721 3223 aut
768 3166 1022 3231 Volatilia,
1050 3181 1170 3233 qua:
1221 3163 1666 3218 desideraverunt
1709 3161 1915 3218 Judaei?
1956 3159 2063 3215 Mel
2090 3181 2135 3243 ρ
2168 3162 2264 3217 Dei
2312 3161 2584 3216 noluerint
2616 3163 2993 3233 obtemperare
3034 3166 3328 3219 mandatis.
3360 3167 3612 3236 quisquis
3657 3186 3756 3225 an-

486 3261 736 3315 silvestre.
776 3259 843 3312 Et
874 3256 1018 3311 istud
1062 3254 1168 3308 mel
1197 3254 1343 3308 cadit
1372 3253 1549 3308 adhuc
1592 3252 1752 3309 hodie
1799 3254 2069 3324 copiosius

487 3354 541 3408 in
568 3352 713 3407 illam
763 3360 961 3406 terram
1012 3347 1132 3418 plus
1158 3360 1322 3415 quam
1357 3346 1414 3401 in
1440 3344 1580 3401 alias
1606 3354 1813 3412 terras,
1845 3346 1971 3417 quia
2016 3353 2072 3402 et

484 3446 612 3501 inde
640 3444 781 3498 dicta
811 3449 896 3496 est
914 3440 1078 3494 liuere
1108 3438 1240 3501 mel;
1269 3438 1444 3507 ipsum
1476 3444 1560 3493 est
1583 3450 1780 3491 manna
1807 3437 1948 3491 unde
1974 3436 2070 3490 lilii

482 3534 648 3592 Israel
678 3532 820 3603 pasti
870 3540 997 3586 sunt
1035 3545 1133 3601 per
1179 3529 1537 3601 quadraginta
1588 3543 1779 3583 annos.
1824 3527 1935 3585 Sed
1974 3528 2068 3585 lilii

482 3627 673 3694 lsrael,
708 3632 970 3679 exeuntes
993 3622 1058 3677 de
1082 3620 1169 3675 illa
1199 3629 1342 3675 terra
1368 3620 1422 3673 in
1452 3634 1558 3690 qua
1580 3633 1689 3674 non
1712 3618 1961 3675 viderant
1981 3634 2071 3676 ca-

488 3719 640 3784 dere,
685 3715 939 3786 quoniam
982 3727 1084 3768 nec
1135 3711 1210 3768 ibi
1254 3725 1495 3781 unquam
1538 3710 1789 3781 pluerat,
1836 3710 2066 3767 dixere:

478 3808 626 3875 Quid
660 3807 853 3862 esthoc
885 3806 909 3859 7
940 3813 996 3860 et
1029 3811 1215 3875 postea
1248 3802 1326 3857 sic
1347 3816 1560 3872 semper
1584 3816 1707 3856 eam
1726 3815 1938 3868 vocare,
1968 3802 2072 3857 hoc

485 3912 591 3969 cst,
627 3916 845 3956 manna.
878 3897 1121 3954 Vidimus
1157 3906 1215 3953 et
1249 3898 1316 3951 de
1354 3898 1466 3968 ipsa
1495 3896 1845 3953 alierentibus
1869 3897 1955 3953 his
1976 3898 2070 3969 qui

486 3992 553 4047 de
590 3991 676 4045 illa
701 4001 846 4045 terra
875 4004 1090 4055 venere,
1123 3989 1285 4043 habet
1315 4003 1443 4043 vero
1488 3988 1897 4045 similitudinem
1926 3989 2069 4044 nivis

489 4083 570 4138 vel
591 4081 741 4146 salis,
778 4089 832 4134 et
874 4077 1209 4134 dulcedinem
1257 4078 1428 4133 nostri
1477 4077 1672 4133 mellis.
1714 4077 1857 4135 Tunc
1897 4078 2069 4134 exibat

487 4177 555 4231 ad
602 4191 719 4230 eum
748 4172 1131 4242 Hierosolyma.
1181 4171 1317 4239 Quia
1366 4169 1601 4226 Joannes
1640 4172 1844 4242 Spiritu
1878 4181 2070 4227 sancto

488 4267 725 4338 repletus
752 4274 889 4320 erat.
916 4263 1075 4319 Pater
1100 4276 1314 4333 quoque
1349 4261 1467 4332 ejus
1507 4271 1567 4317 ut
1591 4263 1787 4321 nobilis
1822 4263 2068 4335 pontifex

489 4358 761 4414 erudierat
802 4372 927 4412 eum
977 4355 1170 4411 litteris
1209 4354 1380 4410 sacris
1428 4375 1442 4410 :
1493 4353 1744 4410 ellluebat
1789 4354 2068 4412 abundans

491 4448 799 4519 praedicatio
849 4462 917 4502 ex
946 4461 1041 4502 ore
1120 4444 1258 4514 ejus,
1287 4454 1344 4500 et
1379 4446 1660 4501 audierant
1687 4446 1916 4503 virtutes
1945 4461 2065 4516 quae

2174 3264 2283 3311 tem
2317 3257 2382 3310 de
2408 3256 2645 3326 peccatis
2671 3257 2787 3311 suis
2821 3257 3083 3313 sollicitus
3105 3268 3189 3313 est
3236 3267 3294 3313 ut
3338 3261 3386 3313 ei
3414 3262 3757 3315 remittantur

2170 3364 2269 3419 per
2295 3349 2436 3402 bona
2464 3363 2651 3419 opera,
2700 3349 2835 3420 lugit
2881 3364 2913 3403 a
2944 3360 3170 3405 ventura
3216 3352 3332 3416 ira;
3383 3355 3510 3421 quia
3543 3358 3752 3409 lusum!

2171 3451 2231 3493 se
2257 3436 2445 3491 tubere
2495 3440 2563 3491 de
2595 3438 2820 3493 sinistra
2844 3449 3001 3508 parte
3047 3440 3366 3506 haedorum,
3418 3454 3475 3495 et
3520 3446 3657 3513 ιὐεὶι
3700 3446 3750 3497 iu

2171 3529 2449 3585 dexteram
2486 3545 2610 3584 cum
2637 3531 2788 3599 agnis
2829 3549 2841 3583 :
2874 3535 3143 3600 quomodo
3180 3532 3322 3588 laedi
3354 3535 3749 3601 cremabantur,

2172 3620 2296 3691 agni
2344 3629 2701 3691 protegentnr
2743 3638 2776 3674 a
2829 3622 3077 3677 Domino.
3138 3622 3325 3677 facile
3372 3640 3493 3694 ergo
3543 3627 3751 3695 dignum

2169 3713 2402 3781 [metum
2450 3713 2785 3783 Paenitentite.
2843 3713 3104 3769 Fructum
3157 3716 3380 3785 dignum
3429 3719 3753 3787 pestilentia:

2169 3800 2373 3869 facere,
2400 3813 2483 3857 est
2522 3804 2795 3873 pneterila
2845 3804 2989 3861 mala
3032 3804 3250 3861 ﬂetibus
3276 3808 3494 3877 punire,
3535 3819 3593 3861 et
3618 3816 3752 3864 bolis

2170 3908 2202 3947 e
2228 3894 2503 3949 contrario
2525 3902 2785 3963 agere,ut
2804 3896 2937 3948 sicut
2959 3896 3287 3949 exhibuimus
3315 3900 3550 3951 meinbra
3580 3913 3753 3952 nosne

2169 3986 2361 4038 servire
2406 3985 2707 4053 injustitiar,
2734 3986 2808 4039 ita
2835 3986 3170 4040 exhibeamus
3198 3987 3382 4041 eadem
3423 3991 3654 4058 justitia:
3700 4007 3753 4045 ia

2170 4075 2606 4145 sanctiﬁcatione.
2644 4076 2965 4132 Vell'ructus
2987 4077 3183 4147 dignus
3218 4078 3577 4147 pmnitentim,
3615 4083 3746 4135 bona

2169 4186 2351 4243 agere,
2392 4179 2446 4222 et
2473 4170 2616 4222 mala
2654 4169 2943 4225 commissa
2976 4169 3337 4242 eleemosynis
3365 4172 3652 4225 redimere.
3683 4172 3745 4224 Ε.

2170 4282 2232 4319 ne
2264 4264 2429 4318 velitis
2477 4263 2652 4317 dicere
2682 4278 2701 4316 :
2733 4263 2948 4316 Patrem
2983 4263 3232 4317 habemus
3262 4264 3552 4316 Abraham.
3580 4263 3748 4319 ﬁolite

2166 4356 2387 4427 gloriari
2440 4355 2507 4410 de
2553 4354 2835 4410 nobilitate
2884 4355 3353 4425 patriarcharum;
3407 4356 3500 4425 qui
3550 4356 3597 4410 si
3644 4371 3747 4409 non

2165 4452 2374 4506 fueritis
2404 4449 2705 4504 imitatores
2751 4450 2807 4504 in
2850 4451 2956 4504 lide
2996 4458 3052 4504 et
3103 4451 3156 4503 in
3197 4451 3451 4520 operibus
3480 4452 3616 4519 ejus,
3646 4468 3744 4504 non

488 4544 647 4598 factm
692 4540 908 4595 fuerant
947 4539 1002 4593 in
1035 4546 1159 4593 ortu
1210 4538 1347 4605 ejus,
1377 4547 1434 4595 et
1480 4538 1732 4595 videbant
1788 4550 2061 4595 austeram
2088 4527 2141 4586 D
2170 4544 2423 4601 dicemini
2465 4542 2562 4598 lilii
2588 4543 2898 4610 Abraham;
2949 4543 3017 4597 de
3050 4544 3203 4598 vobis
3250 4544 3397 4598 enim
3427 4545 3565 4598 dixit
3610 4544 3745 4597 Deus

486 4635 657 4688 vitam
712 4629 829 4700 ejus
877 4629 1174 4684 secundum
1226 4641 1432 4682 morem
1475 4630 1906 4700 prophetarum:
1946 4647 2070 4701 pro-

493 4736 676 4800 pterea
730 4721 982 4800 exiebant
1033 4721 1204 4775 turbae
1260 4715 1448 4773 audire
1507 4735 1630 4775 eum
1684 4730 1740 4775 et
1788 4723 2070 4777 consulere

493 4821 560 4876 de
607 4817 715 4872 vita
783 4829 901 4871 sua.
952 4812 1141 4869 Omnis
1193 4809 1561 4882 Hierosolyma
1615 4811 1809 4867 civitas
1867 4813 1963 4866 Dei
2013 4822 2071 4869 et
2138 4838 2143 4843 -

496 4924 714 4983 regum,
760 4906 853 4962 ubi
900 4905 1216 4961 sacerdotes
1261 4911 1318 4959 et
1359 4901 1538 4957 onmis
1568 4901 1794 4957 scientia
1842 4903 2070 4975 amplior

493 5019 658 5077 quam
691 5002 745 5056 in
778 4997 998 5068 reliquis
1024 4995 1349 5055 civitatibus.
1386 4992 1457 5049 Et
1492 4993 1661 5049 omnis
1684 4992 1897 5048 ludite.
1937 4994 2071 5051 Pro-

492 5106 616 5170 pter
662 5092 899 5164 regalem
943 5090 1141 5145 tribum
1188 5087 1427 5144 Judzeam
1480 5087 1640 5155 dicit,
1690 5086 1818 5157 quia
1864 5097 1918 5141 et
1952 5088 2067 5157 ipsa

495 5197 710 5255 semper
747 5184 890 5237 inter
944 5179 1177 5248 reliquas
1215 5178 1386 5233 tribus
1428 5178 1721 5247 primatum
1768 5178 1955 5232 tenuit.
1998 5177 2066 5231 Et

496 5295 664 5334 omnis
705 5279 847 5347 regio
888 5274 1028 5327 circa
1074 5269 1381 5325 Jordanem.
1436 5269 1514 5325 lbi
1561 5277 1681 5323 erat
1710 5270 1901 5324 melior
1949 5270 2065 5340 ipsa

499 5383 658 5435 terra,
686 5376 906 5440 prepter
933 5363 1303 5433 irrigationcm
1344 5360 1599 5417 Jordauis
1629 5380 1642 5415 :
1672 5364 1797 5432 quia
1828 5363 1900 5417 ibi
1948 5371 2069 5417 erat

499 5460 714 5521 )ericho
760 5467 816 5513 et
866 5455 1060 5527 Segor,
1103 5454 1195 5510 ubi
1243 5452 1541 5508 balsamum
1572 5458 1785 5519 crescit,
1817 5456 1956 5509 sicut
1991 5454 2068 5508 le-

498 5553 672 5624 gimus
691 5551 758 5607 de
786 5548 1045 5615 Sodoma,
1075 5546 1219 5618 quod
1250 5544 1413 5600 fuerit
1435 5548 1588 5614 quasi
1634 5548 1919 5616 paradisus
1950 5546 2063 5599 Dei.

501 5646 570 5700 Et
605 5645 1005 5714 baptizabantur
1040 5643 1105 5697 ab
1132 5658 1192 5696 eo
1229 5640 1283 5695 in
1328 5638 1594 5704 Jordane,
1623 5640 1922 5706 conﬁtcntes
1946 5654 2068 5709 pec-

494 5743 618 5790 cata
663 5750 782 5787 sua.
833 5732 947 5790 Non
993 5740 1219 5805 poterat
1255 5730 1527 5801 baptizare
1587 5732 1638 5782 in
1698 5730 2063 5783 remissionem

2167 4652 2266 4709 per
2301 4637 2624 4707 prophetam
2655 4651 2670 4690 :
2699 4633 2863 4691 Pater
2906 4645 3027 4689 tuus
3075 4637 3437 4703 Amorrlurus,
3488 4647 3537 4690 et
3585 4650 3743 4689 muter

2171 4740 2264 4783 tua
2300 4728 2533 4783 Cet/ima.

2242 4900 2370 4956 Dico
2399 4901 2537 4955 enim
2566 4900 2710 4956 vobis
2727 4902 2852 4972 quia
2887 4911 3067 4972 potens
3106 4910 3186 4956 est
3225 4902 3369 4959 Deus
3395 4903 3461 4958 de
3488 4904 3737 4975 lapidibus

2170 4999 2286 5052 istis
2308 4998 2561 5051 suscitare
2589 4995 2731 5065 ﬁlios
2755 4996 3001 5052 Abraliai.
3030 4996 3109 5051 De
3135 4992 3399 5067 lapidibus
3426 4999 3544 5051 istis
3567 4998 3737 5069 gemi-

2173 5088 2250 5142 les
2269 5087 2420 5153 dicit,
2450 5086 2542 5158 qui
2596 5086 2799 5157 lapides
2847 5086 3183 5158 appellantur
3213 5087 3339 5155 quia
3371 5086 3577 5159 lapides
3600 5088 3738 5143 cole-

2170 5179 2320 5235 bant.
2354 5176 2627 5251 Scriptum
2671 5185 2754 5231 est
2779 5180 2923 5232 enim
2961 5194 2974 5229 :
3006 5176 3212 5232 Similes
3249 5177 3357 5233 illis
3380 5180 3512 5247 ﬁant
3536 5183 3622 5250 qui
3656 5182 3741 5246 [e-

2172 5272 2314 5326 ciunt
2346 5288 2428 5337 ea,
2479 5282 2526 5325 et
2555 5287 2729 5325 anates
2763 5273 2855 5345 qui
2879 5270 3148 5340 conﬁdunt
3182 5271 3239 5325 in
3274 5272 3371 5325 eis.
3406 5272 3498 5327 Vel
3542 5273 3737 5343 lapides

2173 5378 2521 5437 quoscunque
2571 5364 2879 5418 materiales
2907 5364 3056 5429 dicit,
3086 5365 3213 5434 quia
3251 5364 3347 5435 qui
3394 5366 3646 5420 mundum
3669 5382 3737 5419 ex

2168 5456 2335 5511 nihilo
2358 5457 2566 5510 creavit
2590 5463 2778 5525 potens
2798 5458 2960 5510 estde
2985 5457 3250 5526 lapidibus
3278 5459 3524 5513 homines
3541 5475 3734 5514 creare.

2169 5546 2431 5600 lmitando
2467 5556 2644 5600 autem
2677 5548 2834 5601 iidem
2862 5547 3109 5611 Abrahae,
3134 5546 3389 5601 dicuntur
3407 5564 3594 5603 omnes
3616 5562 3741 5617 gmi-

2170 5647 2251 5691 tes
2300 5637 2393 5690 lilii
2430 5637 2683 5702 Abrahae,
2715 5647 2769 5691 et
2803 5635 2971 5691 Judaei
3009 5637 3205 5692 diaboli
3250 5638 3513 5692 imitando
3559 5639 3742 5693 diabo-

2169 5728 2277 5784 lum
2300 5730 2567 5796 dicuntur,
2599 5738 2656 5784 ut
2680 5740 2866 5800 postea
2891 5730 2956 5784 ad
2982 5745 3075 5786 eos
3114 5729 3249 5787 dixit
3290 5730 3550 5785 Dominus
3576 5746 3590 5784 :
3640 5728 3773 5782 l'os'
