3962 6174
286 384 421 439 1295

278 515 343 553 e.r
366 506 512 568 patre
534 503 698 549 vestro
723 490 932 549 diabolo
956 492 1075 546 estis
1096 499 1142 545 et
1168 506 1322 560 opera
1342 491 1506 561 patris
1530 489 1681 544 vestri
1708 486 1858 548 vultis
1888 486 1937 546 Α

281 592 472 658 facere.

352 677 474 732 lam
506 676 644 730 enim
664 674 861 747 securis
889 674 959 730 ad
989 673 1190 729 radices
1213 671 1419 728 arboris
1446 670 1618 741 posita
1643 678 1739 724 est.
1771 666 1863 723 Al-

282 767 482 839 legoria
512 772 596 821 est
622 764 711 820 hic
738 779 834 834 per
862 762 1271 819 similitudinem
1310 759 1659 817 infructuosa:
1705 760 1862 815 arbo-

282 860 357 916 ris
383 877 396 913 :
428 855 695 929 quomodo
716 863 896 910 autem
919 854 1103 920 arbor
1128 852 1457 908 infructuosa
1487 850 1781 907 succiditur
1807 858 1863 905 et

282 958 336 1005 in
362 950 540 1019 ignem
580 945 834 1010 mittitur,
862 944 941 1000 sic
986 945 1148 999 homo
1192 943 1283 1013 qui
1314 958 1417 997 non
1464 941 1593 997 facit
1627 938 1861 995 fructum

282 1040 500 1102 bonum,
531 1036 842 1091 eradicatur
874 1034 1052 1088 anima
1081 1032 1197 1104 ejus
1241 1033 1307 1088 de
1342 1032 1568 1102 corpOre
1598 1033 1666 1086 ab
1700 1046 1864 1104 ange-

282 1132 366 1196 lis,
401 1130 533 1185 etin
572 1128 749 1199 ignem
804 1127 1049 1199 mittetur
1077 1121 1867 1195 :eternum,netnpeutardeat,

279 1222 488 1278 scilicet
512 1231 572 1274 ut
595 1218 865 1273 crucietur
893 1218 1008 1272 sine
1040 1215 1164 1270 line.
1191 1215 1257 1269 Et
1279 1214 1481 1269 utinam
1510 1211 1632 1268 linis
1659 1212 1864 1285 potuis-

280 1322 363 1370 set
406 1314 460 1367 in
502 1312 592 1366 illo
622 1312 744 1381 igne
789 1320 1097 1368 occurrere,
1130 1307 1247 1372 sed,
1296 1303 1438 1375 quod
1482 1312 1566 1359 est
1595 1304 1860 1368 acerbius,

280 1405 348 1459 ad
370 1404 473 1459 hoc
499 1402 727 1456 duratur
758 1409 816 1454 ut
854 1398 1185 1463 atternaliter
1230 1398 1436 1450 ardeat.
1494 1384 1715 1450 Securis
1743 1396 1865 1450 sen-

280 1494 449 1548 tentia
502 1492 597 1546 Dei
653 1498 756 1556 est,
817 1503 939 1559 quae
987 1494 1205 1558 separat
1258 1485 1494 1541 animam
1544 1502 1577 1540 a
1618 1499 1861 1556 corpore.

284 1584 466 1639 Omnis
515 1598 637 1653 ergo
682 1580 841 1636 arbor
891 1595 1006 1651 qua:
1042 1593 1145 1631 non
1198 1577 1326 1647 facit
1369 1576 1599 1645 fructum
1651 1574 1863 1640 bonum,

278 1674 548 1729 excidetur
567 1682 615 1727 et
638 1672 691 1724 in
719 1670 891 1742 ignem
920 1669 1171 1723 mittetur.
1210 1664 1557 1736 Comparatio
1599 1673 1685 1721 est
1709 1662 1868 1735 para-

278 1765 413 1820 boias
438 1765 504 1818 de
532 1761 776 1818 inferiori
804 1759 874 1815 ad
902 1759 1233 1830 superiorem
1251 1798 1265 1821 ,
1307 1766 1363 1813 et
1385 1755 1453 1812 de
1479 1755 1759 1811 inanimali
1800 1756 1865 1810 ad

1443 371 1808 432 EXPOSITIO
1849 369 1914 426 IN
1958 360 2395 425 MATTH/EUM.

3412 364 3547 448 teat

1962 484 2127 538 etiam
2153 484 2207 538 in
2247 481 2451 543 futuro,
2489 479 2783 534 secundum
2827 477 3068 551 Apostoli
3115 480 3277 545 dicta,
3308 481 3542 550 haptiza:

1960 574 2140 639 bimur
2169 573 2311 644 igne,
2350 569 2476 640 quia
2503 570 2828 625 transiemus
2852 585 2949 639 per
2975 572 3151 641 ignem
3178 587 3300 627 cum
3341 586 3408 626 ex
3445 573 3547 629 hoc

1961 662 2188 732 corpore
2217 658 2652 737 migraverimus.
2681 656 2745 737 Et
2766 659 2809 714 si
2850 658 3004 729 cujus
3043 676 3180 731 opus
3205 665 3420 729 arserit,
3453 664 3549 730 de:

1961 734 2274 808 trimentum
2319 751 2586 822 patietur;
2641 751 2686 805 si
2704 734 2887 819 scujus
2936 767 3073 822 opus
3118 755 3402 821 manserit,
3436 757 3549 827 ipse

1961 846 2143 901 salvus
2164 845 2267 899 erit
2302 863 2312 897 :
2343 840 2421 899 sic
2443 852 2643 910 tamen,
2673 844 2825 914 quasi
2864 860 2959 913 per
2982 845 3179 916 ignem.
3213 845 3379 916 Cujus
3428 865 3545 902 ven-

1960 936 2209 991 tilabrum
2261 937 2315 988 in
2368 951 2528 988 manu
2579 951 2697 988 sua.
2735 934 3109 990 Ventilahrum
3166 936 3272 990 alio
3324 939 3545 993 nomine

1960 1027 2083 1099 pata
2112 1026 2432 1097 appellatur.
2450 1027 2551 1081 Dat
2565 1043 2662 1097 per
2688 1028 3060 1100 metaphoram
3086 1031 3546 1100 comparationem

1963 1119 2029 1173 de
2068 1119 2259 1172 minori
2292 1119 2357 1172 ad
2390 1117 2647 1186 majorem
2689 1126 2782 1171 :et
2824 1127 2908 1171 cst
2952 1097 3179 1189 species,
3212 1097 3334 1189 qua:
3360 1119 3550 1175 Graece

1962 1209 2216 1280 parabola
2261 1208 2478 1274 dicitur,
2520 1223 2718 1279 genere
2768 1208 3141 1274 dissimilium,
3188 1218 3240 1263 et
3288 1210 3381 1264 dat
3421 1225 3547 1265 exa—

1963 1299 2315 1355 minutionem
2366 1298 2480 1353 sive
2526 1299 2919 1369 separationcm
2948 1339 2963 1364 ,
3009 1299 3133 1369 quia
3182 1315 3279 1368 per
3331 1301 3551 1370 angelos

1966 1390 2089 1445 boni
2117 1407 2145 1444 a
2171 1390 2331 1444 malis
2371 1392 2831 1460 segregabuntur;
2881 1406 2975 1446 scu
3020 1399 3392 1462 tempestatem
3432 1409 3553 1462 qua:

1966 1480 2175 1551 praeihit
2233 1481 2438 1553 vultum
2484 1480 2616 1551 justi
2655 1481 2853 1551 judicis
2900 1481 2954 1536 in
3006 1483 3285 1538 tremendo
3329 1483 3436 1538 die.
3483 1483 3553 1537 Et

1966 1556 2238 1626 mundabit
2291 1589 2466 1625 arcam
2510 1589 2680 1626 suam.
2732 1572 2789 1627 Id
2812 1580 2898 1627 est
2931 1572 3230 1649 Ecclesium
3267 1589 3441 1629 suam.
3481 1573 3553 1649 Et

1968 1663 2297 1733 congregabit
2320 1664 2549 1717 trtticum
2576 1664 2629 1718 in
2653 1664 2902 1719 horreum
2926 1646 3373 1720 suum.Triticum
3395 1644 3555 1725 suum

1970 1753 2086 1806 vult
2131 1750 2361 1824 intelligi,
2410 1754 2615 1809 electos
2671 1769 2836 1819 suos,
2887 1754 3145 1809 horreum
3195 1755 3362 1810 vitam
3398 1740 3555 1831 teter;

282 1853 548 1920 animale;
601 1853 669 1907 de
729 1851 922 1906 arbore
966 1850 1034 1904 ad
1071 1848 1375 1915 hominem;
1414 1855 1471 1902 et
1515 1847 1713 1902 dicitur
1766 1846 1865 1901 sub
1970 1848 2112 1896 nam.
2157 1842 2309 1899 Unde
2350 1843 2567 1914 quidam
2596 1852 2820 1915 martyr,
2855 1860 2978 1898 cum
3011 1846 3381 1914 torquebatur,
3412 1844 3557 1906 dice:

280 1959 475 2015 magna
513 1940 836 1998 certitudine
864 1947 919 1994 et
947 1924 1269 1994 dil‘tinitione
1307 1937 1449 2006 quod
1475 1936 1642 1989 omnis
1684 1934 1860 1999 arbor,

281 2036 334 2090 id
364 2042 464 2099 est,
503 2034 680 2089 omnis
728 2031 912 2098 homo,
942 2030 1033 2099 qui
1086 2044 1189 2083 non
1238 2026 1364 2097 facit
1416 2028 1647 2098 fructum
1700 2026 1863 2081 etiam

280 2127 492 2190 bonum,
534 2124 722 2191 idest,
751 2112 907 2194 opus
934 2120 1155 2188 bonum,
1196 2119 1466 2175 excidetur
1506 2128 1554 2172 et
1596 2119 1652 2193 in
1694 2116 1863 2188 ignem

279 2218 549 2282 mittetur,
599 2222 655 2269 et
703 2210 1025 2285 praecidetur
1067 2225 1095 2265 a
1141 2210 1412 2266 sententia
1466 2208 1563 2263 Dei
1609 2209 1665 2264 in
1710 2218 1866 2265 aeter-

280 2326 431 2367 num.
1386 2296 1387 2301 “

354 2401 468 2472 Ego
497 2398 710 2471 quidem
741 2396 947 2468 baptizo
975 2410 1061 2451 vos
1102 2397 1155 2450 in
1188 2412 1328 2466 aqua
1375 2395 1708 2466 paenitendas.
1755 2394 1867 2464 Ego

280 2479 533 2553 videlicet
583 2504 781 2563 parvus
826 2488 989 2543 homo
1035 2503 1189 2552 sum;
1244 2487 1579 2541 solummodo
1642 2503 1866 2557 corpora

282 2592 461 2644 vestra
516 2596 656 2651 aqua
717 2578 1019 2644 lavo,‘sed
1085 2586 1268 2633 mente
1331 2593 1427 2647 per
1484 2577 1695 2639 veniam
1759 2593 1865 2633 non

282 2677 402 2732 lavo
446 2692 461 2729 :
515 2674 571 2728 in
617 2672 936 2744 paenitentia
990 2679 1168 2726 antem
1228 2671 1331 2726 hoc
1381 2666 1651 2726 faciebant
1701 2672 1870 2726 turba:

281 2776 342 2822 ut
383 2770 563 2821 essent
619 2762 984 2817 testimonium
1032 2762 1101 2815 ad
1142 2759 1292 2814 illum
1330 2761 1535 2824 venire,
1581 2762 1673 2831 qui
1702 2762 1870 2831 possit

282 2858 445 2918 etiam
476 2860 656 2909 mente
685 2866 783 2925 per
814 2850 1023 2906 veniam
1054 2848 1255 2903 lavare.
1297 2848 1401 2914 Qui
1446 2858 1557 2919 post
1590 2867 1669 2904 me
1696 2850 1869 2929 autem

282 2964 528 3007 venturus
576 2958 671 3002 est.
706 2945 926 3001 Scilicet
957 2941 1320 3015 praedicando.
1375 2940 1593 2996 FortiJr
1640 2958 1720 2995 me
1771 2950 1866 2995 est.

284 3042 593 3104 Divinitate,
609 3040 734 3109 quia
754 3035 960 3092 creavit
976 3049 1184 3089 omnes.
1202 3031 1440 3089 Joannes
1462 3030 1667 3103 Spiritu
1684 3047 1741 3085 sa
1751 3039 1871 3085 ueto

282 3114 520 3202 rspletus
553 3142 650 3199 per
692 3126 935 3181 ordinem
985 3122 1247 3194 paulatim
1295 3122 1471 3177 turbis
1516 3120 1873 3176 annuntiabat

1968 1937 2061 1991 bat
2112 1955 2122 1989 :
2171 1936 2435 1992 Triticum
2490 1934 2582 1990 Dei
2640 1952 2791 2009 sum,
2832 1936 3004 1991 molor
3053 1937 3304 1992 dentibus
3350 1937 3556 1992 bestia—

1969 2044 2110 2082 rum.
2156 2028 2346 2081 Paleas
2373 2039 2547 2081 autem
2574 2027 2835 2081 contburet
2862 2028 2970 2097 igni
2996 2027 3431 2098 inexstinguibili.
3456 2025 3558 2082 Pa—

1968 2118 2065 2175 leaé
2095 2116 2469 2191 intelliguntur
2506 2117 2697 2190 impii;
2747 2120 2840 2189 qui
2869 2120 3004 2178 nihil
3028 2121 3294 2175 bonorum
3334 2134 3558 2191 operum

1970 2210 2191 2277 habent,
2214 2212 2308 2265 sed
2331 2211 2475 2285 leves
2496 2219 2553 2267 et
2581 2210 2767 2266 faciles
2787 2210 2855 2266 ad
2874 2226 3064 2266 omnes
3090 2210 3272 2266 satculi
3292 2214 3565 2265 vanitates

1971 2303 2341 2368 inveniuntur,
2366 2305 2462 2374 ipsi
2489 2305 2877 2361 comburentur
2906 2305 3036 2375 igni,
3074 2306 3167 2375 qui
3200 2320 3309 2360 non
3353 2305 3560 2361 exstin-

1971 2401 2164 2465 guetur
2188 2394 2240 2447 in
2272 2394 2685 2465 sempiternum.
3030 2380 3034 2386 Δ

2581 2485 2809 2542 CAPUT
2859 2485 2923 2540 ν.

2238 2575 2516 2631 Tractatus
2550 2577 2614 2631 de
2661 2576 3010 2647 baptizatioue
3056 2577 3289 2653 Domini.

2046 2668 2190 2724 Tunc
2217 2670 2350 2745 venit
2375 2668 2532 2724 Iesus
2552 2687 2583 2723 a
2606 2667 2831 2726 Galiltca
2847 2672 2900 2724 in
2915 2670 3222 2745 Iordanem.
3248 2670 3413 2736 Tunc,
3431 2673 3562 2726 sub-

1971 2751 2189 2816 auditur
2225 2763 2441 2832 quando
2482 2763 2597 2832 ipse
2637 2762 2865 2834 populus
2903 2762 3120 2817 exicbat
3168 2760 3234 2814 ad
3275 2760 3559 2817 Joannem.

1975 2850 2282 2907 Secundum
2312 2848 2605 2923 Evangelia
2650 2860 2705 2907 et
2748 2852 3036 2908 chronicas
3081 2853 3409 2919 invenimus,
3435 2854 3563 2923 quia

1971 2940 2208 2996 Joannes
2237 2941 2496 2997 vicesimo
2522 2957 2663 3019 nono
2705 2944 2881 3005 aetatis
2909 2959 3018 3000 sua:
3047 2959 3190 3000 anno
3213 2945 3347 3000 exiit
3376 2946 3431 3000 in
3472 2947 3562 3000 dc-

1974 3040 2199 3097 sertum,
2226 3040 2280 3087 et
2318 3032 2578 3114 Dominus
2616 3034 2891 3105 tricesimo
2921 3034 3214 3105 incipiente
3240 3036 3417 3090 :ctatis
3456 3050 3566 3089 sua:

1974 3138 2119 3178 anno
2173 3123 2324 3178 venit
2348 3124 2414 3179 ad
2459 3124 2783 3194 baptismum
2812 3166 2827 3189 ,
2874 3133 2931 3181 et
2976 3126 3030 3179 in
3075 3126 3351 3181 tricesima
3405 3134 3564 3180 aetate

285 3223 592 3288 Christum;
640 3228 695 3275 et
734 3219 787 3273 in
816 3216 922 3272 ﬁne
954 3215 1089 3271 dixit
1122 3213 1276 3286 :Ego
1304 3214 1409 3268 vidi
1437 3223 1487 3268 et
1517 3214 1869 3268 testimonium
1897 3204 1941 3267 C
1973 3220 2151 3281 omnis
2200 3220 2433 3274 mundus
2480 3226 2728 3290 resurget,
2776 3219 2827 3279 in
2876 3235 3201 3290 quacunque
3247 3228 3408 3274 ειειιιιθ
3445 3220 3566 3288 quis

282 3315 541 3386 perhibui,
568 3313 694 3385 quia
725 3312 813 3367 hic
854 3316 939 3366 est
987 3307 1254 3365 Christus.
1288 3306 1405 3362 Non
1438 3307 1586 3363 enim
1614 3317 1869 3378 poterant

284 3406 448 3463 rudes
494 3405 665 3460 turbae
709 3415 902 3473 capere
931 3399 1075 3471 quod
1117 3397 1259 3454 Deus
1299 3399 1461 3453 homo
1499 3397 1674 3455 factus
1705 3406 1865 3454 esset.

287 3496 452 3567 Cujus
480 3512 581 3550 non
614 3509 729 3549 sum
753 3482 941 3567 dignus
973 3490 1253 3562 corrigiam
1276 3488 1613 3544 calceamenti
1638 3500 1869 3563 portare.

290 3588 387 3648 ﬂic
416 3586 664 3643 humiliat
689 3599 748 3641 se
794 3583 1029 3639 Joannes
1060 3599 1073 3634 :
1106 3581 1162 3635 in
1191 3580 1299 3634 alio
1352 3579 1472 3635 loco
1529 3580 1871 3650 Evangelista

288 3679 420 3735 dicit
462 3700 474 3732 :
514 3675 639 3731 Non
681 3690 797 3731 sum
843 3673 1033 3745 dignus
1063 3671 1347 3741 corrigiam
1392 3668 1505 3741 ejus
1535 3669 1874 3725 calceamenti

289 3772 506 3828 solvere.
537 3771 649 3826 Mos
676 3769 779 3825 fuit
823 3769 878 3824 in
911 3767 1000 3823 illa
1030 3776 1221 3840 gente,
1253 3774 1313 3819 ut
1356 3764 1602 3835 superius
1645 3763 1778 3831 dixi,
1816 3772 1876 3817 ut

290 3865 503 3939 quando
520 3863 687 3918 frater
706 3860 1063 3926 moriebatur,
1089 3857 1257 3912 frater
1280 3856 1396 3926 ejus
1422 3863 1515 3909 aut
1542 3854 1876 3926 prepinquus

289 3956 407 4028 ejus
444 3955 719 4026 acciperet
764 3967 990 4009 uxorem
1018 3950 1308 4021 prOpinqui
1343 3949 1446 4015 sui,
1492 3957 1548 4003 et
1590 3948 1878 4002 suscitaret

292 4064 477 4107 semen
531 4046 714 4101 fratris
741 4045 824 4101 vel
852 4043 1090 4116 parentis
1119 4042 1223 4098 sui.
1272 4040 1330 4096 Si
1377 4057 1507 4096 vero
1560 4038 1728 4099 nollet
1754 4055 1875 4095 eam

292 4136 563 4208 accipere,
600 4144 726 4213 tunc
755 4134 1005 4191 veniebat
1057 4133 1110 4187 in
1137 4131 1358 4203 placito,
1385 4140 1440 4185 et
1464 4131 1773 4187 solvebatur
1800 4130 1875 4185 illi

293 4235 720 4301 calceamentum
769 4231 835 4286 de
878 4230 1014 4305 pede
1062 4228 1212 4299 ejus,
1247 4228 1372 4297 quia
1422 4226 1566 4281 illam
1618 4226 1880 4281 noluisset

294 4325 575 4395 accipere;
616 4330 672 4381 et
692 4322 782 4391 qui
808 4321 1076 4376 secundus
1102 4327 1218 4373 erat
1247 4317 1543 4387 accipiebat
1569 4332 1708 4371 eam.
1752 4316 1879 4371 lude

294 4417 447 4486 quasi
467 4413 703 4469 Joannes
726 4409 1041 4481 mysterium
1064 4408 1254 4479 tangit,
1271 4407 1425 4479 quasi
1442 4407 1603 4462 dicat:
1622 4405 1739 4462 Non
1759 4422 1878 4462 sum

295 4501 489 4579 dignus
539 4519 791 4576 sponsam
858 4500 1081 4566 Christi,
1131 4514 1248 4570 quze
1303 4508 1389 4553 est
1438 4497 1703 4563 Ecclesia,
1746 4498 1877 4553 mihi

296 4690 619 4747 animalibus
652 4687 812 4753 ﬁunt,
857 4696 912 4742 et
935 4686 1089 4758 quasi
1118 4685 1357 4742 calceata
1386 4685 1454 4741 ad
1482 4700 1581 4741 nos
1615 4684 1879 4741 Divinitas

296 4779 467 4844 venit,
509 4792 633 4831 cum
685 4774 969 4830 morticina
1014 4784 1215 4829 nostrae
1239 4774 1420 4829 carnis
1453 4775 1670 4847 inducta
1721 4789 1885 4844 appa—

296 4868 424 4924 ruit.
474 4866 602 4922 lnde
657 4865 811 4936 quasi
853 4863 1088 4920 Joannes
1126 4864 1302 4919 dicit:
1334 4863 1450 4919 Non
1491 4879 1611 4919 sum
1661 4864 1903 4918 idoneus.

298 4974 547 5035 reserare
578 4957 896 5031 mysterium
924 4957 1192 5026 quomodo
1220 4955 1482 5033 Divinitas
1509 4970 1672 5011 carne
1698 4955 1885 5010 induta

299 5062 403 5109 est.
451 5051 573 5123 Ipse
615 5069 702 5106 vos
745 5050 1028 5120 baptizabit
1080 5050 1135 5106 in
1185 5049 1387 5120 Spiritu
1433 5061 1615 5112 sancto
1651 5057 1700 5104 et
1752 5049 1879 5120 igni.

300 5144 647 5215 Baptizamui‘
677 5142 732 5197 in
782 5139 986 5211 Spiritu
1015 5149 1223 5213 sancto,
1256 5155 1360 5195 non
1388 5139 1562 5195 solum
1601 5156 1722 5196 cum
1753 5156 1888 5209 quo-

303 5239 433 5295 tidie
475 5239 796 5308 baptismate
822 5234 1180 5301 renascimur,
1204 5248 1389 5289 verum
1435 5237 1598 5288 etiam
1626 5250 1748 5288 cum
1790 5249 1886 5304 per

304 5331 503 5393 donum
570 5324 811 5397 ejusdem
884 5322 1118 5396 Spiritus
1186 5325 1359 5381 sancti
1410 5324 1751 5381 incendimur
1816 5325 1885 5380 ad

305 5422 510 5493 agenda
555 5421 737 5477 divina
778 5421 1060 5483 mandata,
1097 5426 1151 5473 et
1198 5417 1493 5488 accipimus
1537 5432 1635 5490 per
1678 5429 1886 5488 septem

306 5512 496 5568 modos
538 5511 909 5568 remissionem
938 5510 1178 5582 quotidie
1220 5516 1594 5583 peccatorum.
1633 5508 1885 5580 Baptiza-

306 5617 432 5659 ntur
471 5601 593 5674 igne
620 5601 735 5657 sive
782 5602 910 5671 quia
941 5600 1174 5671 Spiritus
1209 5607 1427 5654 sanctus
1454 5608 1558 5662 est,
1592 5601 1887 5655 secundum

307 5690 477 5749 Actus
499 5690 880 5761 apostolorum,
922 5691 1093 5761 ignis;
1122 5696 1178 5744 et
1209 5689 1350 5744 sicut
1392 5689 1534 5761 ignis
1573 5689 1714 5760 ligna
1751 5689 1889 5746 solet

310 5781 512 5853 delere,
560 5783 639 5838 sic
687 5783 848 5838 etiam
900 5782 1131 5853 Spiritus
1189 5792 1407 5841 sanctus
1448 5792 1669 5854 peccata
1727 5803 1739 5840 :
1792 5798 1886 5839 seu

1974 3320 2222 3367 mortuus
2271 3310 2464 3376 fuerit;
2514 3312 2595 3365 sic
2627 3312 2773 3383 enim
2818 3311 2952 3366 dicit
2996 3310 3291 3382 Apostolus
3337 3328 3351 3364 :
3392 3309 3569 3364 Donec

1974 3393 2315 3461 occurramus
2349 3421 2527 3459 omnes
2554 3405 2610 3459 in
2634 3405 2802 3460 virum
2842 3407 3149 3476 perfectum,
3179 3406 3237 3459 in
3263 3421 3567 3473 mensuram

1975 3500 2148 3555 (statis
2186 3498 2528 3573 plenitudinis
2583 3495 2813 3561 Christi;
2863 3505 2920 3553 et
2958 3497 3013 3551 in
3060 3497 3152 3552 tali
3193 3505 3355 3551 aetate
3394 3495 3568 3552 Adam

1975 3600 2191 3646 creatus
2211 3598 2314 3645 est.
2342 3588 2424 3644 0b
2460 3597 2568 3644 tres
2593 3604 2792 3644 causas
2812 3590 2958 3644 venit
2983 3590 3247 3645 Dominus
3267 3591 3335 3644 ad
3366 3589 3569 3661 baptis-

1975 3694 2123 3734 mum
2166 3677 2411 3733 Juannis.
2464 3676 2603 3739 Una,
2641 3687 2701 3733 ut
2728 3693 2827 3749 per
2853 3693 3049 3748 aquam
3079 3678 3333 3734 Jordanis
3360 3682 3568 3734 sancti-

1979 3770 2168 3826 ﬁcaret
2220 3769 2462 3825 omnium
2530 3785 2797 3839 aquarum
2868 3768 3089 3825 ﬂuenta.
3156 3768 3447 3834 Secunda,
3510 3784 3569 3823 ut

1972 3844 2239 3934 justitiam
2261 3860 2441 3915 omnis
2462 3860 2596 3931 legis
2620 3859 2873 3929 impleret
2902 3867 2959 3913 et
2979 3858 3298 3913 humilitatis
3319 3858 3571 3914 omnibus

1977 3956 2244 4027 praeberet
2272 3955 2598 4022 exemplum,
2643 3967 2748 4007 non
2802 3950 3125 4016 dedignatus
3172 3958 3258 4007 est
3305 3949 3569 4022 baptizari

1980 4062 2011 4101 a
2045 4060 2203 4103 servo
2233 4060 2332 4100 suo
2359 4062 2372 4097 :
2415 4045 2494 4099 sic
2532 4043 2762 4099 Creator
2795 4042 3104 4114 baptizatus
3143 4051 3230 4097 est
3258 4057 3288 4096 a
3318 4053 3569 4099 creatura

1979 4154 2097 4196 sua.
2133 4138 2335 4202 Tertia,
2378 4145 2437 4191 ut
2470 4136 2853 4205 comprobaret
2902 4133 3232 4207 baptismum
3281 4130 3508 4186 Joannis
3539 4148 3571 4185 a

1980 4236 2159 4305 seipse
2194 4243 2250 4291 et
2290 4250 2322 4289 a
2351 4233 2511 4287 P..tre
2554 4231 2722 4287 fuisse
2765 4239 3094 4300 praeceptum
3146 4229 3284 4284 lteri.
3337 4226 3573 4282 Joannes

1980 4335 2156 4389 autent
2188 4323 2490 4394 prohibebat
2522 4336 2662 4385 eum,
2695 4319 2893 4373 dicens.
2933 4318 3163 4386 Propter
3187 4316 3570 4376 humilitatem.

1981 4426 2042 4473 ut
2068 4418 2287 4488 dignum
2309 4422 2447 4482 erat,
2460 4413 2675 4470 obviam
2699 4410 2944 4467 Creatori
2967 4408 3207 4465 Joannes
3219 4408 3319 4464 ista
3336 4406 3543 4463 dicebat
3556 4444 3570 4458 .

1984 4510 2120 4573 Nam
2152 4516 2378 4563 noverat
2401 4521 2524 4561 eum
2550 4520 2581 4559 a
2616 4519 2676 4559 se
2700 4501 3116 4573 baptizandum,
3146 4507 3206 4554 ut
3237 4500 3355 4569 ipse
3393 4496 3570 4552 dixit:

296 4613 579 4670 usurpare.
610 4596 754 4661 Sive,
783 4595 890 4651 alio
922 4596 1111 4661 modo,
1143 4594 1507 4663 calceamenta
1549 4609 1619 4650 ex
1652 4595 1880 4649 mortuis
1907 4567 1958 4625 D
1986 4578 2157 4670 Super
2182 4614 2335 4670 quem
2354 4574 2439 4655 vid

1986 4601 2157 4672 Super
2182 4614 2335 4670 quem
2354 4595 2544 4655 videris
2577 4594 2834 4666 Spiritum
2856 4592 3070 4647 Domini
3107 4591 3503 4647 descendentem
3523 4601 3574 4643 et

1984 4702 2277 4747 manentem
2304 4731 2319 4755 ,
2371 4690 2480 4759 ipse
2525 4698 2602 4743 est
2647 4688 2735 4759 qui
2777 4686 3027 4756 baptizat.
3073 4685 3314 4755 Apparet
3360 4688 3413 4742 in
3469 4690 3572 4745 hoc

1986 4785 2152 4851 verbo
2178 4783 2303 4852 quia
2329 4789 2555 4841 noverat
2575 4796 2721 4844 eum,
2754 4777 2867 4847 Ego
2890 4795 2924 4832 a
2951 4788 3000 4833 te
3024 4778 3183 4833 debeo
3210 4778 3488 4849 baptizari.
3514 4780 3571 4836 In

1988 4875 2078 4933 illo
2117 4865 2284 4930 verbo
2310 4873 2453 4945 quod
2473 4871 2609 4926 dixit
2641 4870 2888 4940 superius
2913 4879 3140 4926 noverat
3165 4869 3405 4927 Joannes
3446 4875 3570 4942 quia

1989 4969 2249 5024 Dominus
2272 4981 2401 5023 suos
2444 4964 2635 5031 ﬁdeles
2660 4963 3033 5032 baptizatur-us
3060 4971 3221 5030 esset,
3251 4965 3304 5018 in
3334 4979 3403 5019 eo
3429 4979 3537 5034 quo
3560 4967 3571 5019 Ι

1987 5058 2158 5130 dicit:
2196 5057 2296 5111 Hic
2350 5065 2424 5109 est
2481 5054 2570 5125 qui
2621 5053 2880 5123 baptizat,
2922 5052 3204 5118 videlicet,
3261 5054 3573 5125 quicunque

1987 5149 2225 5218 baptizet
2245 5148 2311 5202 de
2338 5145 2587 5202 ﬁdelibus
2622 5143 2756 5209 suis,
2786 5144 2902 5215 ipse
2927 5142 3300 5212 baptizaturus
3344 5153 3429 5199 est
3475 5159 3574 5214 per

1988 5239 2127 5305 illos.
2153 5236 2490 5308 Respondeas
2518 5245 2693 5290 autem
2718 5234 2904 5301 Iesus,
2937 5235 3070 5289 dixit
3097 5237 3144 5289 ei
3175 5250 3193 5287 :
3238 5235 3363 5291 Sine
3392 5238 3571 5290 modo.

1988 5311 2045 5383 ld
2074 5335 2179 5390 est,
2204 5325 2423 5380 Dimitte
2452 5340 2539 5379 me
2568 5326 2727 5379 modo
2752 5325 2831 5379 sic
2852 5339 3034 5396 agere,
3060 5332 3122 5379 ut
3141 5341 3242 5396 ego
3275 5326 3522 5396 baptizer
3544 5313 3574 5380 :t

1989 5428 2062 5485 te,
2084 5428 2139 5473 et
2165 5428 2220 5472 tu
2245 5417 2589 5488 postmodum
2622 5416 2914 5485 baptizeris
2940 5433 2969 5469 a
2994 5431 3101 5480 me,
3134 5426 3193 5471 ut
3222 5417 3313 5487 qui
3341 5416 3573 5497 forman

1990 5511 2132 5568 servi
2153 5509 2384 5578 suscepi,
2412 5508 2658 5579 espleam
2685 5517 2742 5562 et
2777 5507 3136 5563 humilitatem
3158 5508 3296 5578 ejus.
3320 5507 3576 5579 Alioquin

1991 5604 2127 5658 scito
2153 5610 2203 5656 te
2230 5603 2282 5654 in
2309 5577 2396 5654 die
2420 5577 2612 5668 judicii
2636 5614 2665 5652 a
2688 5613 2774 5652 me
2810 5577 3211 5667 baptizandum.
3252 5597 3411 5665 Sine,
3443 5577 3569 5663 ver;
3599 5628 3606 5642 ι

1990 5695 2119 5748 bum
2147 5700 2231 5747 est
2267 5690 2570 5762 imperativi
2617 5689 2783 5753 modi,
2823 5689 2966 5759 quod
2992 5689 3141 5745 venit
3178 5705 3207 5744 a
3236 5691 3403 5747 verbo
3438 5691 3572 5759 sino,

1995 5785 2154 5840 Modo
2182 5798 2312 5839 vero
2336 5783 2648 5838 adverbium
2678 5789 2759 5835 est
2789 5780 3097 5852 significans
3141 5795 3381 5853 praesens
3426 5764 3577 5858 tea}:-
