3962 6174
446 354 483 406 ’Δ
492 350 589 408 2395

456 558 576 614 Non
612 554 816 610 addidit
844 553 1111 623 justitiam
1170 560 1378 610 natura:
1433 567 1545 606 sua:
1596 553 1709 608 sive
1740 553 1894 624 legis,
1949 555 2043 608 sed

457 648 592 704 dixit
612 661 816 699 omnem
831 643 1121 714 justitiam,
1168 649 1226 697 ut
1254 656 1353 697 nos
1382 641 1503 697 illas
1533 656 1727 697 omnes
1777 642 2041 714 intelliga-

456 754 598 795 mus.
630 736 775 791 Tunc
817 735 1015 789 dimisit
1043 750 1181 788 eum.
1218 733 1277 789 Id
1321 741 1404 789 est
1434 741 1563 788 tunc
1601 734 1876 789 consensit
1899 733 2041 804 quod

455 841 614 888 antea
665 836 977 901 expaverat.
1028 827 1100 883 Ut
1153 825 1299 883 enim
1344 826 1535 882 beatus
1585 826 1778 881 Petrus
1827 824 2047 897 expavit

454 923 728 980 humiliari
777 929 1079 977 creatorem
1125 920 1369 974 omnium
1416 919 1486 973 ad
1538 918 1830 973 lavandum
1878 919 2043 987 pedes

455 1029 602 1077 suos,
649 1014 722 1067 ita
772 1019 827 1066 et
883 1011 984 1065 iste
1041 1010 1324 1079 pertimuit
1376 1024 1573 1065 manus
1616 1011 1833 1065 mittere
1880 1024 2044 1078 super

455 1106 787 1161 Creatorem.
812 1101 920 1158 Sed
941 1101 1101 1155 Petro
1131 1100 1333 1155 dictum
1358 1109 1475 1155 est:
1506 1100 1626 1154 Nisi
1646 1099 1819 1154 lavero
1842 1108 1909 1166 te,
1937 1115 2042 1153 non

454 1194 663 1248 habebis
704 1202 905 1263 partem
926 1207 1146 1245 mecum.
1173 1190 1266 1246 Sic
1297 1191 1385 1246 isti
1416 1191 1620 1246 dictum
1659 1200 1780 1246 est:
1811 1190 1942 1246 Sine
1980 1199 2042 1246 ut

456 1284 550 1337 ﬁat
572 1284 712 1338 sicut
751 1296 851 1353 ego
877 1281 1033 1347 volo,‘
1060 1289 1117 1335 et
1143 1280 1235 1336 ﬂet
1273 1283 1418 1351 quod
1462 1290 1519 1335 tu
1557 1281 1658 1337 vis.
1694 1281 2042 1351 Consequens

458 1384 543 1430 est
568 1375 714 1431 enim
746 1373 844 1428 :Si
875 1385 981 1428 non
1010 1371 1205 1429 feceris
1228 1372 1559 1428 voluntatem
1589 1388 1786 1438 meam,
1811 1388 1915 1429 nec
1942 1386 2041 1445 ego

456 1473 622 1519 tuam.
662 1463 972 1535 Baptizatus
995 1474 1192 1527 autem,
1224 1463 1496 1533 confestim
1522 1463 1755 1517 ascendit
1777 1463 1842 1517 de
1879 1481 2039 1533 aqua,

454 1562 503 1607 et
529 1570 644 1607 ecce
689 1552 855 1623 aperti
899 1560 1020 1607 sunt
1051 1550 1185 1606 cmli.
1232 1551 1471 1607 Trinitas
1502 1552 1592 1607 hic
1640 1552 1957 1620 ostenditur,
1987 1562 2043 1610 et

453 1654 678 1716 propter
703 1660 802 1700 nos
826 1644 1018 1713 utique
1043 1644 1224 1700 omnia
1252 1644 1410 1710 fiunt,
1433 1652 1493 1698 ut
1520 1660 1620 1700 nos
1653 1645 1889 1700 sciamus
1908 1660 2043 1714 quo-

456 1737 618 1791 modo
645 1736 699 1790 in
720 1735 1010 1791 Dominum
1049 1734 1271 1790 Patrem
1305 1743 1554 1790 nostrum
1598 1736 1822 1792 credere
1848 1734 2044 1791 debea-

455 1843 596 1883 mus.
645 1827 787 1882 Ecce
829 1825 1089 1881 Dominus
1124 1832 1312 1881 noster
1348 1826 1442 1895 qui
1476 1826 1785 1897 baptizatur
1820 1843 1833 1880 :
1864 1825 2042 1882 Patris
2075 1804 2120 1860 Β

460 1933 564 1975 vox
615 1916 983 1972 testimonium
1037 1915 1176 1970 Filio
1209 1916 1501 1985 praebentis
1540 1916 1775 1970 auditur.
1815 1913 2044 1986 Spiritus

458 2015 675 2078 apparet
713 2006 770 2059 in
809 2004 978 2075 specie
1006 2003 1279 2059 columba.
1316 2005 1647 2075 Aperiuntur
1668 2004 1791 2061 (εωιί
1816 2020 1924 2061 non
1959 2020 2046 2061 re-

456 2097 729 2153 seratione
757 2095 1169 2161 elementorum,
1204 2095 1299 2151 sed
1328 2095 1662 2166 spiritalibus
1689 2095 1859 2152 oculis
1884 2114 1897 2151 :
1925 2096 2045 2167 qui-

456 2187 556 2242 bus
576 2195 632 2242 et
651 2187 901 2242 Ezechiel
934 2194 1151 2257 apertos
1179 2201 1274 2243 eos
1296 2186 1496 2244 vidisse
1518 2202 1577 2244 se
1603 2196 1791 2243 narrat
1819 2189 1871 2243 in
1894 2188 2044 2260 prin—

438 2280 597 2349 cipio
620 2278 905 2334 voluminis
934 2278 1038 2334 sui.
1069 2278 1322 2352 Seditque
1346 2296 1502 2351 super
1532 2296 1650 2335 eum
1678 2278 1937 2334 columba.
1967 2278 2045 2335 Ne

454 2370 578 2440 quis
592 2370 668 2424 ad
690 2367 954 2424 Joannem
978 2384 1168 2425 vocem
1198 2367 1398 2425 factam
1433 2377 1670 2440 putaret.
1696 2368 1849 2424 Sicut
1888 2368 2044 2424 stella

454 2460 546 2514 illa
565 2459 632 2515 ad
663 2461 767 2515 hoc
793 2459 897 2515 fuit
921 2468 1106 2515 creata
1121 2468 1182 2514 ut
1196 2459 1453 2533 mysterio
1480 2458 1690 2514 Domini
1715 2465 1842 2513 tunc
1863 2458 2045 2515 deser-

454 2549 616 2616 viret,
638 2558 694 2605 et
721 2558 908 2619 postea
932 2564 1040 2604 non
1066 2549 1400 2620 comparuit;
1439 2548 1710 2605 sicetiam
1754 2548 1942 2603 dicunt
1976 2547 2045 2603 de

453 2640 723 2705 columba,
744 2640 885 2711 quia-
896 2640 965 2693 ad
988 2640 1090 2695 hoc
1120 2648 1302 2695 creata
1325 2639 1434 2695 fuit
1458 2648 1520 2694 ut
1542 2653 1639 2709 per
1656 2654 1775 2695 eam
1807 2638 2044 2710 Spiritus

452 2739 676 2785 sanctus
702 2736 1122 2795 monstraretur,
1152 2738 1208 2785 et
1235 2737 1424 2799 postea
1464 2743 1573 2784 non
1599 2729 1922 2799 comparuit.
1951 2727 2044 2786 Sic

452 2820 631 2875 audivi
682 2820 897 2875 tradere
937 2834 1062 2876 eum
1109 2819 1201 2891 qui
1247 2820 1387 2875 mihi
1426 2820 1643 2893 primus
1692 2820 2044 2892 Evangelium

450 2913 700 2982 exposuit
745 2911 863 2984 (sed
888 2927 989 2968 nec
1019 2910 1405 2985 Hieronymus,
1447 2928 1624 2983 neque
1662 2911 1812 2969 Beda
1838 2914 1905 2969 de
1941 2913 2044 2968 hoc

450 3003 745 3074 quidquam
775 3004 982 3076 dicunt)
1028 3004 1173 3075 quod
1211 3020 1337 3061 vera
1380 3004 1628 3061 columba
1655 3004 1838 3073 fuerit,
1864 3008 1925 3061 'et
1951 3018 2044 3059 ve-

451 3108 570 3147 ram
600 3108 819 3149 carnem
850 3094 1099 3148 habuerit
1137 3104 1193 3149 et
1216 3110 1409 3150 verum
1438 3110 1654 3166 corpus.
1694 3094 1798 3150 Hic
1841 3104 1917 3150 est
1945 3093 2042 3150 Fi-

1251 346 1643 403 CHRISTIANI
1683 347 2094 404 DIIUTIIMARI
2142 349 2591 411 CORBEIENSIS
2623 353 2921 410 MONACIII

438 481 576 536 pus.
608 462 717 519 .Sic
756 462 892 516 enim
924 461 1066 515 decet
1113 476 1205 514 nos
1237 460 1451 531 implere
1502 477 1707 517 omnem
1753 463 2043 533 justitiam.
2074 470 2121 526 Α

3513 350 3520 355 ’
3603 364 3733 419 sese

2755 469 2982 525 CAPUT
3024 470 3108 525 Vl.

2609 559 2683 615 De
2722 562 3002 616 tentatione
3038 561 3267 619 Domini.

2219 644 2363 700 Tum:
2419 646 2574 702 Iesus
2621 647 2811 702 ductus
2862 659 2938 703 est
2995 650 3051 704 in
3101 651 3363 708 desertum
3413 672 3450 709 α
3503 656 3735 727 Spiritu.

2145 734 2300 803 Quod
2345 737 2476 791 dicit
2516 748 2639 793 tunc
2697 739 2883 811 (quod
2924 749 3008 796 est
3046 742 3361 800 adverbium
3402 752 3738 823 temporis),

2145 827 2368 896 respicit
2397 829 2466 882 ad
2497 829 2599 884 hoc
2627 831 2771 899 quod
2801 831 3010 886 dixerat
3035 850 3048 885 :
3078 835 3215 889 venit
3248 834 3405 891 Iesus
3431 839 3503 893 ad
3530 839 3738 897 Iorda-

2145 934 2263 971 nem
2287 958 2303 984 ,
2334 918 2474 988 .quia
2516 920 2632 989 ipso
2681 929 2922 989 tempore
2959 931 3081 992 post
3123 923 3451 993 baptismum
3495 930 3641 984 exiit
3688 932 3737 986 in

2145 1008 2418 1061 desertum
2465 1016 2521 1063 et
2556 1006 2841 1077 jejunavit.
2891 1008 2949 1064 In
2991 1011 3108 1080 ipso
3151 1027 3385 1083 namque
3428 1017 3551 1082 die,
3599 1020 3736 1074 sicut

2145 1104 2393 1152 tenemus
2424 1113 2490 1153 ex
2524 1099 2816 1154 traditione
2846 1099 3140 1170 majorum,
3183 1102 3313 1157 fecit
3354 1105 3419 1159 de
3465 1120 3615 1175 aqua
3657 1109 3734 1162 vi-

2144 1201 2303 1251 num,
2345 1195 2403 1242 et
2441 1188 2785 1244 crediderunt
2832 1189 2887 1244 in
2926 1205 3050 1245 eum
3093 1191 3258 1262 aliqui
3294 1195 3730 1265 discipulorum;

2143 1286 2199 1332 et
2226 1289 2348 1332 tunc
2372 1278 2527 1334 Iesus
2556 1280 2744 1336 ductus
2773 1293 2847 1336 est
2877 1284 2931 1337 in
2958 1284 3245 1352 desertum,
3275 1289 3424 1358 quia,
3458 1291 3598 1345 dicit
3626 1291 3732 1344 Lu—

2145 1384 2239 1425 cas
2263 1409 2279 1434 ,
2306 1369 2465 1426 Iesus
2492 1371 2677 1441 plenus
2706 1372 2907 1443 Spiritu
2934 1385 3118 1429 sancto
3146 1393 3409 1446 regressus
3439 1389 3514 1432 est
3545 1398 3583 1432 α
3615 1380 3736 1433 Ior-

2143 1457 2281 1513 dane
2316 1468 2366 1513 et
2402 1463 2657 1530 agebatur
2692 1479 2727 1516 a
2763 1465 2951 1533 spiritu
2987 1465 3042 1519 in
3075 1466 3336 1522 desertum
3373 1469 3561 1524 diebus
3595 1487 3734 1541 qua-

2143 1550 2391 1624 draginta
2418 1563 2467 1607 et
2495 1554 2794 1608 tentabatur
2825 1574 2857 1609 α
2885 1556 3118 1612 diabolo.
3149 1558 3404 1614 Desertus
3429 1570 3553 1616 erat
3586 1561 3739 1616 locus

2146 1641 2289 1697 ultra
2325 1643 2652 1709 Iordanem,
2693 1647 2786 1716 qui
2821 1647 2943 1702 ideo
2974 1649 3257 1704 dicebatur
3288 1652 3575 1714 desertus,
3608 1654 3736 1723 quia

2150 1749 2256 1789 non
2301 1743 2420 1791 erat
2466 1745 2622 1807 aptus
2659 1738 2726 1793 ad
2771 1738 3146 1795 laborandum.
3186 1742 3254 1797 Et
3284 1744 3409 1813 quia
3457 1760 3569 1799 non
3618 1755 3739 1800 erat

2147 1835 2440 1897 acceptus,
2488 1837 2607 1884 erat
2647 1829 2979 1887 derelictus:
3030 1833 3121 1887 ubi
3172 1834 3425 1890 Theodas
3465 1837 3733 1906 populum

2145 1916 2371 1972 adduxit
2400 1918 2465 1972 de
2495 1916 2794 1973 Jerusalem
2825 1928 3058 1989 quatuor
3091 1922 3277 1977 millia.
3306 1923 3509 1978 Ductus
3539 1942 3577 1977 a
3612 1925 3739 1996 Spi-

2145 2007 2270 2060 ritu.
2324 2005 2542 2063 Scilicet
2587 2023 2620 2062 a
2663 2017 2852 2065 sancto
2901 2025 3002 2065 suo
3047 2010 3293 2082 Spiritu:
3335 2013 3403 2067 de.
3448 2029 3559 2084 quo
3602 2015 3741 2070 dicit

2143 2097 2476 2169 evangelista
2506 2099 2632 2169 quia
2655 2098 2838 2170 plenus
2868 2099 3071 2171 Spiritu
3100 2111 3281 2158 sancto
3310 2119 3582 2173 regressus
3605 2114 3685 2159 est
3704 2124 3736 2158 a

2143 2186 2398 2243 Iordane.
2444 2188 2677 2260 Dignum
2714 2187 2844 2255 fuit,
2884 2199 2945 2246 ut
2996 2191 3106 2247 illic
3148 2208 3273 2247 eum
3318 2209 3451 2249 suns
3491 2194 3735 2265 Spiritus

2144 2274 2400 2341 duceret,
2431 2277 2522 2331 ubi
2553 2278 2701 2333 hunc
2738 2279 2806 2332 ad
2838 2280 3153 2335 tentandum
3196 2282 3418 2351 spiritus
3461 2284 3736 2356 malignus

2146 2364 2436 2422 inveniret.
2468 2366 2790 2438 Exemplum
2819 2368 2975 2424 nobis
3004 2371 3166 2425 etiam
3197 2372 3481 2441 praebens,
3516 2384 3580 2429 ut
3610 2384 3734 2445 post

2144 2464 2429 2527 acceptum
2467 2456 2796 2528 baptismum
2835 2457 3106 2531 fugiamus
3139 2476 3365 2533 pompas
3411 2463 3574 2534 hujus
3628 2482 3728 2520 sse-

2144 2543 2284 2611 culi,
2334 2544 2479 2601 unde
2524 2543 2871 2618 lidejussores
2911 2547 3159 2605 dedimus
3203 2550 3258 2604 in
3299 2551 3415 2620 ipso
3457 2553 3733 2622 baptismo

2143 2639 2552 2696 renuntiaturos
2589 2655 2691 2695 uos
2725 2640 2967 2707 diabolo,
3000 2650 3056 2696 et
3085 2645 3299 2716 pompis
3330 2643 3468 2713 ejus.
3512 2644 3578 2699 Ut
3616 2658 3729 2702 ten-

2144 2739 2348 2786 taretur
2378 2748 2410 2785 a
2440 2729 2671 2785 diabolo.
2702 2730 2997 2802 Postquam
3026 2734 3285 2789 Dominus
3308 2735 3527 2805 juvenis
3556 2736 3734 2796 factus

2144 2829 2258 2890 est,
2312 2822 2541 2878 adhaesit
2588 2822 2663 2878 illi
2708 2823 2952 2880 diabolus
3004 2826 3263 2881 tentando
3313 2828 3456 2881 sicut
3500 2839 3556 2883 et
3610 2830 3735 2885 reli«

2144 2926 2282 2985 quos
2312 2910 2583 2966 homines.
2636 2910 2741 2966 Sed
2787 2927 2931 2967 nunc
2968 2913 3284 2969 instauratis
3316 2917 3488 2971 armis
3534 2916 3735 2975 fortius

2143 3002 2346 3059 bellum
2384 3016 2673 3074 aggressus
2705 3010 2820 3068 est,
2861 3003 3002 3059 sicut
3039 3005 3257 3060 tradunt
3294 3007 3568 3063 doctores.
3608 3009 3730 3062 Au-

2147 3095 2283 3151 divit
2310 3094 2493 3166 itaque
2537 3093 2594 3148 in
2630 3094 2897 3164 baptismo
2941 3109 3126 3150 vocem
3168 3096 3432 3151 dicentem
3467 3116 3482 3151 :
3521 3097 3628 3150 Hic
3657 3108 3730 3157 est

451 3182 554 3239 lius
604 3200 749 3238 meus
774 3183 1017 3239 dilectus.
1049 3184 1167 3240 Non
1217 3163 1559 3255 adoptativus
1607 3195 1667 3242 ut
1700 3186 1900 3254 Israel,
1943 3188 2040 3244 sed
2067 3163 2113 3228 (ἶ
2150 3183 2198 3238 F
2201 3184 2324 3239 ilius
2349 3163 2495 3240 meus
2521 3163 2759 3250 dilectus,
2801 3185 2856 3239 in
2886 3201 2991 3256 quo
3019 3185 3148 3240 mihi
3175 3187 3464 3257 contplacui
3492 3206 3512 3251 ;
3542 3197 3597 3242 et
3633 3206 3730 3244 vo—

428 3276 725 3346 .proprius,
753 3290 915 3344 quem
941 3283 1067 3330 ante
1106 3274 1299 3330 saecula
1326 3275 1509 3346 genui.
1536 3275 1770 3331 Dilectus
1801 3276 2041 3349 singula-

424 3363 604 3419 s-riter.
666 3362 794 3417 Haec
844 3362 1024 3417 omnia
1078 3370 1302 3432 propter
1360 3376 1460 3417 nos
1505 3372 1807 3420 monstrata
1863 3374 2034 3420 sunt:

420 3493 433 3505 ,
448 3470 683 3525 namque
706 3455 848 3509 Deus
873 3455 1213 3524 omnipotens
1238 3452 1401 3509 Pater
1420 3453 1617 3509 Filium
1640 3467 1885 3523 noverat,
1910 3457 2039 3527 quia

428 3564 592 3603 uulnus
618 3549 760 3603 Deus
788 3555 911 3603 erat
927 3563 1053 3603 cum
1093 3561 1178 3603 eo.
1207 3546 1446 3618 Spiritus
1492 3562 1706 3618 quoque
1733 3556 1954 3604 sanctus
1981 3548 2039 3603 in

420 3638 568 3710 .ipso
587 3647 643 3694 et
666 3639 938 3710 eumipsa
976 3647 1115 3704 erat,
1146 3637 1274 3708 quia
1318 3637 1481 3693 simul
1508 3637 1887 3710 inseparabilis
1935 3638 2037 3694 tri-

450 3732 592 3787 nitas
617 3732 960 3803 est-Spiritus
987 3740 1207 3789 sanctus
1228 3747 1350 3788 cum
1381 3732 1544 3788 Patre
1572 3742 1628 3788 et
1653 3732 1812 3789 Filio.
1843 3733 1952 3790 Sed
1978 3741 2038 3788 ut

451 3837 551 3878 nos
575 3823 871 3879 trinitatem
893 3838 1275 3893 agnoscamus,
1303 3831 1358 3878 et
1380 3824 1666 3880 credamus
1695 3840 1861 3881 unum
1893 3839 2035 3891 esse,

426 3922 739 3984 .propterea
802 3915 917 3970 haec
978 3922 1278 3971 monstrata
1345 3924 1489 3971 sunt.
1547 3915 1700 3984 Quod
1770 3916 1893 3972 cceli
1961 3917 2037 3972 ibi

451 4005 623 4076 aperti
658 4020 789 4061 esse
833 4007 1609 4072 monstrabantur,-indicatur
1637 4008 1852 4079 quando
1871 4008 2036 4067 homo

450 4094 779 4164 baptizatur,
812 4095 977 4166 janua
1006 4095 1243 4152 caelestis
1282 4098 1433 4166 regni
1454 4098 1734 4167 panditur,
1766 4113 1887 4170 qua:
1908 4114 2036 4170 pec-

449 4186 594 4240 canti
644 4187 984 4257 protoplasto
1042 4188 1228 4259 generi
1285 4188 1524 4245 humano
1581 4190 1761 4260 posito
1811 4191 2035 4249 custode

446 4277 707 4333 cherubin
738 4278 922 4347 clausa
952 4287 1088 4333 erat.
1116 4278 1493 4351 Exstinguitur
1513 4281 1657 4335 enim
1682 4279 2032 4349 illa'llamma,

444 4380 567 4436 qua:
587 4368 662 4423 ibi
690 4367 1008 4438 interposita
1030 4366 1165 4433 fuit,
1188 4383 1311 4424 cum
1344 4369 1498 4439 aquis
1526 4369 1665 4425 sacri
1693 4369 2033 4440 baptismatis

445 4456 609 4513 homo
645 4459 938 4530 mergitur;
980 4459 1109 4528 quia
1132 4457 1368 4529 Spiritus
1408 4470 1628 4517 sanctus
1653 4461 1802 4519 visus
1830 4470 1915 4519 est
1941 4479 2031 4520 su-

2142 3276 2244 3331 luit
2271 3276 2559 3347 explorare
2595 3277 2640 3332 si
2680 3276 2794 3347 ipse
2824 3285 2969 3333 esset
3002 3280 3094 3349 qui
3130 3292 3229 3350 per
3264 3281 3557 3350 prophetas
3593 3297 3733 3350 prte-

2141 3366 2424 3421 nuntiatus
2456 3374 2602 3421 esset
2630 3382 2793 3422 verus
2830 3367 2998 3422 Filius
3028 3369 3122 3424 Dei
3149 3386 3164 3435 ;
3207 3380 3301 3424 aut
3333 3371 3554 3440 optivus
3588 3373 3731 3427 sicut

2139 3456 2207 3512 de
2234 3457 2399 3513 Israel
2430 3460 2675 3514 audierat
2704 3477 2717 3513 :
2757 3458 2927 3514 Filius
2953 3477 3098 3515 meus
3126 3462 3501 3533 primogenitus
3531 3464 3726 3519 Israel.

2141 3548 2312 3605 Scivit
2343 3565 2476 3606 vero
2506 3551 2765 3617 Dominus
2793 3552 2935 3621 quod
2969 3551 3200 3606 Satanas
3227 3568 3554 3623 magnopere
3582 3571 3723 3624 qua.»

2144 3651 2291 3697 reret
2330 3651 2542 3698 tentare
2574 3658 2696 3698 eum
2732 3652 2788 3698 et
2819 3653 3085 3721 qnzereret
3120 3643 3336 3709 locum;
3376 3653 3431 3699 et
3471 3656 3535 3700 ut
3570 3647 3730 3702 fortis

2138 3732 2412 3804 prmiiator
2448 3747 2556 3787 non
2594 3733 2879 3804 denegavit
2911 3733 2960 3788 ei
2996 3749 3245 3803 campum
3285 3734 3339 3787 in
3390 3751 3502 3804 quo
3545 3744 3728 3804 possm

2136 3820 2423 3893 conﬂigere
2465 3837 2587 3877 cum
2629 3821 2740 3876 illo.
2780 3822 2893 3877 Imo
2937 3838 3044 3877 non
3090 3824 3295 3878 invenit
3331 3824 3564 3895 diligere
3603 3841 3728 3880 cura

2135 3919 2297 3981 caput
2324 3911 2595 3981 serpentis
2626 3911 2768 3965 ultra
2799 3913 3051 3977 modum,
3103 3912 3244 3967 sicut
3281 3911 3525 3967 faciebat
3574 3915 3724 3981 Eva;

2136 4017 2242 4057 non
2274 4000 2532 4073 diligebat
2569 4000 2800 4057 feminas
2834 4003 2976 4057 sicut
3005 4002 3237 4059 faciebat
3272 4002 3535 4059 Salomon
3563 4023 3580 4071 ;
3622 4021 3728 4060 non

2136 4092 2480 4159 meretrices,
2530 4101 2590 4147 ut
2637 4091 2909 4160 Samson;
2964 4109 3072 4149 non
3121 4095 3309 4152 habuit
3356 4111 3629 4163 uxorem,
3671 4106 3731 4152 ut

2133 4181 2234 4239 Joh
2252 4223 2267 4248 ,
2305 4182 2509 4239 idcirco
2537 4198 2645 4238 non
2672 4183 2862 4239 habuit
2890 4186 3161 4259 quomodo
3191 4186 3275 4241 vel
3304 4200 3403 4255 per
3431 4203 3602 4256 quem
3637 4190 3731 4243 de.

2135 4274 2341 4344 ciperet
2369 4288 2514 4328 eum.
2560 4274 2815 4329 Recurrit
2847 4275 2914 4329 ad
2951 4274 3079 4330 illud
3107 4277 3248 4331 unde
3275 4277 3452 4330 omnis
3488 4280 3729 4332 mundus

2131 4363 2491 4434 periclitatur,
2514 4378 2612 4432 per
2640 4374 2949 4435 suggestum
2978 4366 3146 4436 ipsius
3174 4367 3422 4421 videlicet
3439 4408 3455 4432 ,
3481 4368 3553 4423 de
3580 4370 3724 4440 gula,

2139 4455 2368 4510 avaritia
2388 4496 2402 4522 ,
2434 4463 2489 4511 et
2521 4471 2657 4510 vana
2690 4456 2881 4527 gloria.
2912 4456 3139 4529 Accepit
3166 4459 3231 4513 de
3260 4474 3415 4523 aere,
3447 4468 3505 4514 et
3536 4477 3728 4515 acces—

443 4564 542 4620 per
561 4563 686 4604 eum
707 4523 1068 4615 descendisse,
1091 4523 1194 4606 hoc
1218 4561 1551 4608 monstratur
1570 4554 1695 4624 quia
1714 4570 1813 4626 per
1831 4556 2035 4627 hamis.
2057 4523 2112 4584 D
2138 4549 2210 4603 sit
2251 4548 2319 4603 ad
2363 4547 2513 4603 illum
2532 4588 2547 4615 ,
2581 4557 2641 4603 ut
2668 4523 2840 4604 videri
2870 4523 3149 4620 posset'ab
3179 4550 3417 4605 homine.
3455 4551 3727 4607 Dominus

443 4652 593 4692 mum
637 4645 695 4691 et
726 4645 850 4707 post
878 4638 1230 4708 baptismum,
1271 4653 1370 4711 per
1409 4640 1804 4699 invocationem
1848 4659 2032 4701 sacer-

442 4728 626 4783 dctum
651 4769 666 4794 ,
721 4744 884 4798 super
949 4745 1387 4803 unumquemque
1449 4732 1661 4789 fidelem
1713 4736 2024 4794 descendat.

443 4821 598 4889 Quod
624 4836 755 4877 vero
782 4821 916 4877 dicit
950 4822 1076 4894 quia
1104 4825 1298 4879 mansit
1317 4841 1474 4896 super
1497 4842 1638 4894 eum,
1678 4827 1782 4885 hoc
1820 4832 2027 4900 specia-

440 4914 568 4971 liter
588 4915 655 4971 ad
676 4915 963 4972 Dominum
989 4925 1235 4974 nostrum
1254 4920 1492 4990 pertinet
1517 4938 1532 4975 :
1567 4921 1722 4991 cujus
1758 4924 1862 4981 hoc
1902 4940 2028 4996 spe-

440 5006 580 5063 ciale
627 5006 729 5061 fuit
755 5017 815 5062 ut
859 5019 1147 5080 postquam
1195 5012 1363 5068 semel
1410 5028 1535 5069 eum
1587 5014 1852 5086 implevit,
1882 5034 2023 5074 nun-

439 5116 603 5171 quam
627 5101 698 5156 ab
723 5101 815 5157 illo
842 5103 1142 5169 recederet,
1164 5104 1298 5174 quia
1327 5105 1418 5161 ille
1469 5121 1576 5162 non
1603 5108 1858 5181 elfugavit
1897 5124 2023 5165 eum

438 5194 507 5247 de
531 5207 591 5248 se
611 5208 711 5264 pro
735 5194 918 5265 aliquo
938 5204 1183 5265 peccato,
1218 5196 1360 5253 unde
1396 5198 1653 5256 immunis
1679 5200 1799 5256 fuit.
1839 5201 2025 5272 Itaque

438 5295 603 5352 super
629 5293 850 5340 sanctos
877 5285 1026 5340 venit
1053 5293 1110 5340 et
1159 5287 1364 5342 recedit
1392 5289 1459 5342 ad
1483 5297 1716 5361 tempus.
1761 5291 1859 5347 Est
1893 5307 2024 5350 vero

439 5386 564 5426 cum
599 5373 681 5429 eis
729 5390 946 5445 semper
981 5376 1050 5431 ad
1087 5378 1386 5433 custodiam
1435 5394 1621 5435 eorum
1645 5422 1660 5447 ,
1688 5376 1745 5438 et
1788 5384 1856 5439 ad
1901 5399 2027 5441 con-

439 5464 761 5519 servandam
816 5465 1162 5521 dilectionem
1212 5482 1335 5522 cum
1384 5471 1672 5539 proximo,
1733 5473 1875 5528 sicut
1919 5473 2024 5529 Do-

440 5552 620 5607 minus
663 5555 939 5626 discipulis
966 5558 1145 5613 dixit:
1181 5558 1243 5612 In
1287 5561 1427 5615 vobis
1476 5564 1605 5630 erit,
1659 5576 1706 5618 et
1748 5570 1889 5636 apud
1935 5584 2023 5621 vos

434 5644 686 5698 manebit.

2134 4646 2313 4694 autem
2360 4638 2507 4693 dedit
2551 4639 2895 4694 occasionem
2940 4640 3084 4695 unde
3129 4641 3332 4696 sciebat
3384 4641 3537 4695 illum
3580 4643 3722 4696 velle

2132 4735 2364 4783 tentare.
2395 4716 2688 4796 dejunavit
2733 4727 3087 4799 quadraginta
3136 4729 3327 4784 diebus
3355 4768 3372 4794 ,
3423 4739 3481 4784 et
3531 4742 3721 4801 postea

2130 4817 2343 4873 esuriit.
2398 4814 2461 4871 Si
2509 4832 2618 4871 non
2667 4817 2960 4883 esurisset,
3020 4817 3246 4873 forsitan
3293 4835 3393 4889 pro
3437 4820 3534 4876 illa
3584 4838 3724 4877 voce

2130 4925 2294 4980 quam
2322 4910 2599 4976 audierat.
2632 4918 2689 4965 et
2714 4911 2806 4981 qui
2838 4912 3042 4982 absque
3081 4924 3302 4982 peccato
3329 4912 3554 4969 videbat
3591 4932 3719 4970 eum

2128 5002 2350 5065 vivere,
2406 5002 2474 5055 ad
2531 5016 2654 5055 eum
2703 5018 2809 5056 non
2859 5004 3180 5059 accessisset
3229 4997 3531 5060 tentando:
3566 5005 3718 5062 Vidit

2127 5105 2256 5146 eum
2286 5090 2614 5146 esurientem
2642 5099 2699 5145 et
2723 5093 3012 5147 aestimavit
3038 5109 3163 5149 eum
3190 5093 3502 5150 inferiorem
3538 5096 3719 5171 Moysi

2128 5193 2187 5240 et
2214 5184 2377 5249 Elite,
2414 5183 2481 5239 de
2512 5184 2710 5254 quibus
2742 5185 2874 5239 nihil
2909 5185 3016 5241 tale
3045 5185 3280 5242 refertur
3319 5188 3461 5256 quod
3503 5191 3715 5247 esuris-

2127 5283 2283 5341 sent,
2331 5280 2387 5329 et
2421 5272 2538 5344 jam
2585 5273 2713 5344 quia
2753 5275 2972 5341 esuriit.
3015 5286 3171 5349 gestu
3211 5279 3453 5348 corporis
3480 5280 3535 5334 ei
3577 5296 3716 5356 per-

2127 5365 2278 5421 misit
2306 5365 2511 5421 videre.
2545 5363 2681 5419 Nam
2709 5365 2868 5421 aliter
2895 5366 3142 5424 diabolus
3169 5384 3275 5425 non
3303 5378 3482 5440 potest
3513 5386 3721 5442 cogno-

2126 5472 2280 5513 scere
2307 5459 2664 5530 cogitationes
2690 5459 2990 5516 hominum.

2197 5545 2269 5599 Et
2302 5562 2420 5601 cum
2455 5547 2749 5617 jejunasset
2778 5549 3131 5621 quadraginta
3159 5553 3340 5607 diebus
3366 5565 3415 5608 et
3447 5558 3713 5611 noctibus.

2126 5636 2239 5693 Nisi
2270 5638 2566 5694 addidisset
2590 5634 2861 5707 noctibus,
2891 5650 3174 5712 putaretur
3199 5645 3388 5700 diebus
3407 5645 3716 5716 jejunasse,

2125 5737 2182 5781 et
2227 5736 2384 5783 nocte
2429 5728 2805 5787 manducasse.
2859 5730 2964 5788 Sed
3013 5734 3199 5791 decem
3247 5747 3475 5807 quatuor
3514 5736 3716 5805 ducti,
