3962 6174
276 332 406 391 1⁸397

1439 331 1801 394 expost'no
1841 332 1908 388 lN
1947 320 2380 392 ΜΑΤΤηίΕωι

3417 341 3555 398 19.98

266 443 627 515 quadraginta
673 441 876 498 faciunt
907 463 917 496 :
954 444 1078 513 quia
1127 444 1213 498 ille
1246 444 1559 514 deealogum
1592 443 1730 497 bene
1758 458 1858 497 cu-
1889 444 1939 504 Α
1965 441 2164 497 dicitur
2190 451 2415 513 propter
2446 443 2710 514 templum
2740 445 2957 501 Domini
2996 453 3058 511 et
3095 445 3296 512 altare,
3331 464 3397 503 ac
3428 451 3552 506 reli-

266 537 524 602 stodivit,
559 536 651 606 qui
682 535 1030 615 Evangelium
1064 537 1207 607 quod
1238 553 1335 607 per
1360 545 1594 606 quatuor
1621 552 1857 606 cvange—

265 629 421 682 listas
461 627 766 697 expositum
797 635 881 682 est
911 642 1034 682 cum
1066 628 1170 682 isto
1208 627 1505 699 coniungit.
1551 628 1649 683 llic
1680 637 1861 683 autem

269 733 523 773 iunnerns
564 718 617 772 in
655 716 935 787 Scriptura
973 734 1126 773 sacra
1168 719 1499 787 poenitentia:
1539 726 1596 774 et
1633 718 1860 773 tribula-

270 811 400 864 tioni
435 825 651 878 semper
686 818 924 880 aptatur,
968 818 1029 864 ut
1071 811 1124 864 in
1169 811 1270 866 hoc
1309 810 1459 875 loco,
1490 821 1546 866 et
1572 808 1627 865 in
1678 808 1860 867 Veteri

268 903 661 966 Testanu-nlo,
686 901 773 956 ubi
807 917 904 977 per
930 902 1288 972 quadraginta
1320 903 1437 957 dies
1466 905 1698 957 mundus
1735 917 1858 956 cum

270 1006 410 1060 aqua
444 990 749 1053 dclebatur,
784 999 841 1045 et
872 991 1105 1063 pepulus
1146 992 1308 1047 Israel
1362 1008 1460 1063 per
1503 992 1859 1063 quadraginta

268 1081 384 1135 dies
419 1090 475 1135 et
514 1096 688 1135 annos
724 1082 776 1135 in
814 1097 1001 1137 eremo
1039 1083 1251 1138 itineris
1281 1083 1467 1139 labore
1505 1083 1855 1154 fatigabatur.

270 1171 483 1242 Moyses
540 1179 596 1225 ut
651 1170 827 1243 legem
882 1174 1156 1243 acciperet
1207 1175 1445 1230 secundo
1500 1175 1860 1245 quadraginta

269 1259 386 1315 dies
430 1259 732 1324 abstinuit;
783 1272 837 1317 et
884 1262 1027 1318 Elias
1078 1265 1336 1330 totidem,
1393 1273 1453 1320 ut
1498 1265 1565 1320 de
1602 1280 1859 1335 persecu-

272 1349 431 1405 tionis
481 1350 623 1405 malo
676 1351 1019 1407 liberaretur.
1062 1354 1128 1408 Et
1164 1370 1263 1409 nos
1299 1356 1343 1410 si
1377 1356 1626 1412 volumus
1666 1357 1855 1411 diabo-

268 1439 380 1493 lum
434 1441 680 1507 vincere,
718 1442 782 1496 de
817 1445 1283 1512 persecutionibus
1321 1446 1502 1502 saeculi
1556 1446 1718 1516 hujus
1770 1449 1856 1503 vel

269 1535 532 1602 liberari,
578 1553 673 1593 seu
709 1538 872 1593 etiam
907 1538 977 1594 ad
1024 1548 1226 1595 terram
1277 1541 1745 1611 repromissionis,
1805 1543 1858 1598 id

266 1637 351 1684 est
403 1627 471 1683 ad
527 1629 693 1684 vitam
743 1630 1029 1699 pervenire
1078 1639 1383 1695 aeternam,
1435 1632 1685 1703 exemplo
1743 1634 1852 1688 Do-

268 1717 434 1782 mini,
481 1718 841 1789 quadraginta
889 1720 1006 1774 dies
1055 1736 1164 1775 non
1204 1721 1380 1776 solum
1437 1736 1469 1776 a
1524 1722 1700 1787 cibis,
1759 1721 1853 1778 sed

1962 532 2213 604 gionem,
2262 548 2359 589 seu
2410 533 2613 597 multos
2656 534 2829 591 bonos
2875 535 3055 603 viros,
3106 536 3200 607 qui
3250 537 3431 594 adhuc
3476 540 3550 596 ibi

1962 630 2152 688 erant,
2189 637 2316 677 nam
2354 631 2411 678 et
2444 633 2564 694 post
2618 626 2997 682 ascensionem
3054 628 3267 683 Domini
3320 631 3551 699 apostoli

1961 727 2151 767 omnes
2179 713 2422 783 quandiu
2454 714 2526 768 ibi
2561 712 2815 782 luerunt,
2845 717 2900 771 in
2933 718 3135 787 templo
3162 720 3549 776 adoraverunt.

1963 802 2033 856 Et
2060 804 2243 857 statuit
2271 819 2388 858 eum
2415 820 2574 875 super
2597 805 2940 875 pinnaculum
2970 808 3169 879 templi.
3208 809 3331 864 Mos
3352 818 3469 865 erat
3497 811 3551 866 in

1963 896 2051 949 illa
2080 896 2357 966 provincia
2392 905 2534 952 tecta
2576 897 3049 967 mqualiafacere,
3084 909 3159 954 ut.
3178 901 3430 957 homines
3458 901 3552 957 de-
3594 939 3602 950 ι

1961 1003 2125 1058 super
2152 988 2429 1044 ambulare
2460 998 2704 1060 possent,
2735 998 2793 1044 et
2818 1004 2884 1044 eo
2909 1006 3071 1045 more
3113 1001 3235 1046 erat
3284 1007 3555 1064 prtepara-
3622 1050 3625 1051 ν

1962 1088 2078 1133 tum
2107 1079 2340 1150 desuper
2369 1081 2624 1152 templum
2649 1122 2673 1149 ,
2696 1090 2750 1137 et
2778 1082 3015 1139 habebat
3043 1084 3096 1138 in
3127 1101 3258 1155 gyro
3287 1085 3555 1141 cancellos

1962 1185 2029 1225 ne
2057 1171 2179 1242 quis
2218 1172 2417 1227 invitus
2458 1173 2734 1230 decideret
2772 1174 2843 1228 ad
2872 1182 3114 1241 terram;
3160 1176 3262 1231 hoc
3302 1176 3558 1246 frequen-

1962 1269 2047 1317 ter
2076 1263 2277 1318 auditis
2309 1264 2364 1317 iu
2395 1263 2726 1334 Evangeliis.
2762 1264 2840 1320 lbi
2883 1265 3029 1321 soliti
3057 1274 3217 1321 erant
3244 1268 3557 1323 sacerdotes

1961 1353 2135 1423 legem
2183 1354 2392 1425 legere;
2444 1364 2499 1411 et
2551 1357 2728 1412 turbis
2775 1358 3033 1413 deorsum
3074 1359 3349 1414 stantibus
3387 1376 3556 1430 expo-

1960 1462 2120 1512 nere,
2154 1447 2244 1502 hic
2270 1463 2400 1518 ergo
2444 1448 2512 1503 de
2554 1448 2671 1517 ipso
2707 1447 2828 1504 loco
2868 1449 3043 1504 suasit
3082 1450 3332 1506 diabolus
3375 1450 3557 1506 Domi-

1959 1554 2092 1592 num
2134 1537 2360 1595 exsilire
2401 1541 2470 1594 ad
2516 1532 2721 1594 terram
2744 1581 2760 1605 ,
2791 1547 2854 1595 ut
2892 1540 3175 1595 videretur
3202 1556 3232 1594 a
3264 1541 3468 1607 turbis,
3501 1550 3559 1596 et

1959 1627 2273 1685 laudaretur
2299 1630 2346 1685 si
2378 1645 2547 1686 sanus
2585 1638 2814 1686 astaret.
2860 1629 3015 1685 Sicut
3055 1628 3157 1685 fuit
3198 1647 3339 1686 vana
3381 1632 3553 1703 gloria

1959 1717 2178 1789 quando
2207 1719 2346 1774 dixit
2377 1733 2392 1774 :
2427 1720 2662 1775 Scientes
2705 1718 2935 1783 malum,
2968 1720 3049 1775 sic
3088 1730 3234 1777 esset
3273 1737 3412 1776 vana
3443 1721 3558 1793 glo-

268 1809 435 1865 etiam
472 1811 541 1864 ab
579 1811 833 1866 omnibus
865 1811 1014 1866 vitiis
1039 1806 1386 1880 jejunemits,
1415 1822 1471 1867 et
1501 1828 1721 1868 carnem
1755 1829 1856 1867 no-
1887 1821 1934 1880 Β
1964 1811 2046 1866 ria
2076 1811 2144 1866 de
2176 1809 2288 1865 alto
2329 1810 2496 1866 salire
2535 1811 2603 1865 ad
2643 1820 2843 1865 teriam
2865 1850 2881 1877 ,
2922 1811 2977 1865 in
3021 1819 3214 1867 neutro
3254 1811 3554 1883 profectus.

269 1907 441 1953 stram
478 1908 673 1969 quater
706 1898 891 1955 decies
919 1900 1244 1971 alliigamus.
1283 1899 1381 1956 Dic
1415 1910 1471 1956 ut
1521 1900 1727 1972 lapides
1772 1901 1859 1955 isti

267 2006 429 2060 panes
459 1989 618 2057 ﬁant.
658 1989 832 2044 Simili
868 1990 1031 2045 modo
1060 1991 1263 2046 homini
1299 1999 1357 2045 ut
1385 1990 1601 2045 dixerat
1635 1990 1811 2060 primo
1841 2009 1855 2045 :

270 2078 513 2146 Gustata,
533 2090 580 2133 et
616 2079 762 2134 eritis
792 2081 928 2135 sicut
955 2081 1055 2147 dii,
1086 2080 1165 2136 sic
1194 2081 1491 2136 secundum
1522 2080 1701 2151 gulam
1736 2089 1855 2137 ten-
1910 2086 1913 2089 ’

268 2175 386 2235 tat;
413 2177 469 2224 et
498 2177 621 2240 post
648 2168 716 2225 de
745 2170 1003 2236 avaritia,
1035 2171 1103 2224 ad
1134 2170 1382 2225 ultimum
1409 2170 1477 2226 de
1500 2186 1638 2226 vana
1663 2171 1858 2242 gloria,

268 2253 398 2330 quia
432 2260 645 2330 putavit
677 2258 869 2315 eodem
898 2261 1060 2317 modo
1084 2260 1337 2327 vincere,
1365 2261 1504 2316 sicut
1537 2261 1685 2316 illum
1717 2262 1862 2317 vice-

269 2359 358 2405 rat
403 2365 563 2420 quem
616 2350 758 2405 Deus
806 2366 906 2421 per
954 2366 1014 2406 se
1059 2350 1356 2406 erudierat.
1405 2350 1581 2407 Lucas
1615 2353 1860 2409 ordinem

270 2439 515 2495 historias
571 2440 890 2495 tentationis
946 2440 1158 2495 Domini
1214 2441 1423 2507 tenuit,
1471 2451 1528 2497 et
1577 2443 1864 2501 Matthteus

268 2532 515 2588 ordinem
550 2532 865 2588 teutationis
897 2531 1030 2587 Adae
1058 2541 1277 2588 secutus
1309 2540 1412 2588 est.
1446 2532 1539 2590 Sic
1562 2535 1705 2590 enim
1731 2536 1862 2592 Adae

272 2625 443 2691 dixit,
480 2623 729 2691 Gustata,
767 2642 894 2683 ecce
929 2626 997 2683 dc
1030 2627 1173 2699 gula.
1216 2628 1384 2683 Erilis
1421 2629 1557 2684 sicut
1595 2628 1703 2695 dii,
1735 2643 1862 2684 ecce

270 2715 337 2770 de
366 2716 593 2770 avaritia
614 2756 630 2781 ,
662 2717 787 2787 quia
821 2718 1050 2772 avaritia
1082 2734 1189 2773 non
1219 2719 1396 2775 solum
1426 2729 1511 2775 est
1537 2719 1605 2777 de
1633 2721 1861 2791 pecunia

269 2806 652 2878 adipiscenda,
703 2812 798 2864 sed
845 2810 1007 2864 etiam
1058 2810 1127 2865 de
1174 2811 1413 2877 honore,
1467 2812 1613 2881 quod
1663 2811 1864 2866 Paulus

270 2900 544 2964 insinuat,
581 2902 672 2970 qui
712 2901 778 2955 de
814 2901 1046 2957 Domino
1077 2902 1209 2957 dicit
1239 2921 1251 2956 :
1293 2902 1415 2956 Non
1444 2903 1687 2973 rapinam
1715 2903 1859 2957 arbi-

267 2997 438 3040 tratus
487 2998 562 3042 est
625 3005 680 3042 se
726 3006 839 3044 esse
886 2989 1139 3061 arqualem
1192 2990 1436 3059 Domino.
1470 2991 1548 3046 Ac
1578 2991 1626 3046 si
1673 3001 1862 3061 aperte

269 3075 457 3130 dicat:
511 3074 567 3131 Si
617 3088 812 3133 natura
857 3078 935 3133 illi
983 3094 1090 3134 non
1141 3078 1331 3151 fuisset
1372 3080 1629 3150 :equalis,
1663 3088 1720 3136 et
1756 3081 1863 3135 Do-

1965 1903 2026 1959 Si
2054 1904 2199 1973 ﬁlius
2230 1902 2328 1959 Dei
2363 1921 2416 1959 es
2436 1945 2453 1969 ,
2488 1904 2632 1959 mitte
2664 1914 2713 1958 te
2742 1904 3008 1958 deorsum.
3048 1905 3312 1960 Deorsum
3358 1906 3552 1960 adver-

1963 1996 2112 2050 bium
2142 2004 2227 2051 est
2255 1993 2382 2053 loci.
2417 1994 2521 2051 Per
2548 2010 2739 2049 omnes
2780 1995 3111 2050 teutationes
3149 1995 3253 2050 hoc
3295 1996 3553 2065 inquirit,

1962 2085 2109 2155 quali
2149 2086 2309 2140 modo
2336 2092 2487 2141 esset
2530 2084 2703 2141 Filius
2746 2084 2872 2152 Dei,
2921 2095 3102 2140 utrum
3133 2085 3449 2155 adoptivus,
3482 2102 3554 2142 an

1962 2174 2233 2245 proprius.
2272 2174 2381 2230 Sed
2424 2174 2720 2240 Dominus,
2765 2175 2859 2245 qui
2906 2175 3213 2245 exemplum
3261 2176 3417 2231 nobis
3467 2192 3555 2232 ve-

1963 2274 2120 2320 nerat
2161 2266 2292 2320 dare
2330 2273 2385 2321 et
2440 2266 2494 2320 in
2546 2266 2708 2322 dictis
2747 2277 2800 2321 et
2833 2268 2889 2321 in
2938 2266 3130 2334 factis,
3180 2277 3236 2324 et
3282 2268 3555 2327 diabolum

1963 2356 2187 2411 dubiant
2235 2356 2499 2422 reddidit,
2544 2367 2600 2411 et
2641 2357 2798 2412 nobis
2850 2356 3147 2413 insinuavit
3192 2358 3325 2428 quid
3374 2358 3557 2413 facere

1964 2447 2260 2503 debeamus
2307 2448 2525 2518 quando
2573 2455 2869 2503 tentamur.
2915 2449 3178 2505 Videlicet
3210 2450 3278 2505 ad
3315 2458 3555 2505 mentem

1964 2538 2227 2594 reducere
2272 2540 2438 2595 verba
2478 2540 2624 2595 sacri
2655 2540 2857 2609 eloquii
2890 2549 2947 2595 et
2973 2549 3194 2597 nostras
3227 2542 3561 2597 tentatioues

1962 2647 2061 2701 per
2099 2633 2290 2689 eadem
2318 2633 2483 2688 verba
2514 2650 2881 2705 compescere.
2917 2634 3123 2691 Suadet
3153 2645 3335 2692 autem
3368 2638 3557 2692 diabo-

1963 2725 2078 2793 lus,
2113 2742 2223 2782 non
2253 2726 2489 2798 simplici
2522 2727 2688 2783 verbo
2718 2744 2853 2795 suo,
2887 2732 2983 2785 sed
3019 2744 3142 2784 cum
3184 2725 3557 2785 additimento

1964 2817 2263 2887 Scriptura:
2290 2818 2507 2884 divinae,
2539 2819 2727 2874 dicens
2757 2834 2774 2873 :
2805 2818 3074 2889 Scriptum
3102 2830 3202 2885 est,
3233 2821 3357 2891 quia
3386 2836 3551 2889 aage-

1962 2907 2028 2961 lis
2053 2908 2163 2961 suis
2181 2907 2452 2961 mandavit
2472 2908 2536 2962 de
2550 2918 2618 2974 te,
2637 2918 2684 2962 et
2707 2908 2762 2961 in
2783 2909 3025 2964 manibus
3046 2909 3225 2964 tollent
3249 2920 3318 2976 te,
3337 2926 3399 2964 ne
3420 2909 3557 2979 forte

1963 2999 2202 3069 offendas
2226 2999 2297 3053 ad
2324 2998 2554 3070 lapidem
2583 3000 2767 3070 pedem
2790 3009 2962 3055 tuum.
2993 3001 3160 3057 Totus
3188 3001 3291 3057 iste
3316 3000 3558 3071 psalmus

1966 3090 2034 3146 de
2077 3090 2311 3146 Ezechia
2359 3106 2489 3161 rege
2531 3091 2772 3162 scriptus
2818 3100 2936 3159 est,
2987 3093 3055 3148 de
3102 3093 3192 3148 illa
3242 3091 3573 3149 defensione

271 3167 418 3221 mino
449 3182 571 3223 esse
600 3168 895 3235 voluisset,
941 3170 1131 3241 rapina
1172 3179 1477 3241 putaretur.
1516 3170 1647 3227 Post
1682 3174 1859 3243 avari:
1887 3180 1933 3242 α
1965 3198 2130 3252 quam
2159 3182 2210 3236 ei
2234 3164 2505 3237 Dominus
2532 3182 2662 3237 fecit,
2693 3184 2955 3239 adversus
2985 3183 3361 3240 scnnacherib
3388 3184 3557 3255 Assy-

275 3255 407 3309 tiam
439 3257 631 3311 suadet
659 3258 725 3313 de
755 3274 897 3313 vana
928 3259 1132 3330 gloria,
1164 3262 1385 3314 scientes
1429 3260 1619 3314 bonum
1658 3271 1708 3316 ct
1747 3279 1860 3316 ma-

269 3347 412 3413 lum,
443 3350 568 3419 quia
597 3351 738 3407 seire
772 3352 910 3407 velle
937 3352 1141 3407 malum
1187 3353 1253 3407 ad
1298 3353 1505 3407 nullum
1550 3352 1855 3423 profectum

270 3439 540 3507 pertinet,
596 3440 702 3496 nisi
746 3441 814 3496 ad
862 3457 1058 3497 vanam
1110 3441 1359 3513 gloriam.
1415 3442 1619 3498 Eodem
1668 3444 1861 3500 ordine

277 3526 522 3583 diabolus
559 3528 848 3584 Dominum
894 3538 1085 3585 tentat.
1121 3529 1306 3586 Primo
1336 3532 1403 3585 de
1433 3530 1590 3601 gula,
1623 3533 1863 3586 secundo

274 3626 344 3680 de
374 3626 634 3693 avaritia,
666 3626 884 3697 quando
911 3627 1095 3681 omnia
1128 3641 1295 3698 regna
1339 3627 1526 3682 mundi
1576 3627 1631 3681 ei
1675 3636 1862 3682 osten-

273 3716 392 3780 dit;
442 3717 605 3770 tertio
651 3716 718 3772 de
765 3731 905 3770 vana
950 3715 1155 3787 gloria,
1199 3716 1448 3786 quamvis
1492 3716 1683 3772 eodem
1722 3716 1862 3771 Mat-

274 3807 448 3861 tlneus
496 3822 602 3861 non
646 3815 835 3862 narrat
875 3807 1085 3862 ordine.
1131 3808 1199 3862 Et
1236 3808 1531 3863 notandum
1574 3808 1717 3878 quod
1762 3807 1865 3863 illa}

272 3893 393 3949 dua:
424 3895 752 3951 tentationes
781 3896 832 3950 iu
860 3911 1043 3951 eremo
1073 3895 1230 3952 factae
1256 3895 1506 3963 fuerunt,
1551 3896 1640 3952 illa
1680 3905 1863 3953 autem

274 3985 434 4041 tertia
476 3986 531 4041 in
570 3985 875 4043 Jerusalem
916 4002 1078 4059 supra
1108 3988 1460 4058 pinnaeulum
1506 3989 1713 4061 templi.
1758 3988 1865 4045 Re-

269 4077 479 4147 spondit
521 4078 570 4134 ei
610 4076 768 4133 Iesus
795 4093 814 4132 :
848 4078 975 4134 Non
1003 4080 1057 4133 in
1086 4079 1196 4134 solo
1225 4096 1360 4150 pane
1389 4080 1508 4136 vivit
1547 4082 1703 4136 homo
1724 4121 1740 4147 ,
1770 4081 1863 4136 sed

271 4172 326 4224 in
354 4173 504 4226 omni
529 4170 678 4225 verba
706 4169 824 4225 Dei.
852 4171 931 4227 Ae
962 4171 1006 4226 si
1033 4179 1219 4241 aperte
1247 4171 1392 4227 dicat
1416 4186 1431 4226 :
1461 4170 1640 4238 Quare
1656 4172 1865 4241 suades

270 4269 456 4331 petere
497 4276 585 4317 me
622 4276 819 4333 panem
864 4270 1169 4326 terremun,
1204 4277 1328 4317 cum
1357 4264 1524 4318 verbo
1554 4262 1649 4317 Dei
1694 4264 1866 4333 possit

269 4351 453 4407 vivere
483 4368 680 4423 corpus
706 4362 761 4408 et
788 4352 968 4407 anima
995 4370 1009 4419 ;
1046 4362 1107 4408 ut
1136 4352 1347 4425 Moyses
1377 4371 1472 4425 per
1499 4356 1862 4426 quadraginta

271 4441 387 4498 dics
433 4442 676 4497 intentus
724 4443 955 4513 eloquiis
1006 4443 1135 4508 Dei,
1181 4453 1236 4499 et
1286 4456 1471 4513 pastus
1519 4460 1588 4499 ex
1632 4444 1867 4514 eloquiis

1963 3273 2172 3327 riorum
2217 3287 2436 3340 regem,
2479 3279 2535 3327 et
2574 3281 2756 3344 potest
2797 3274 2867 3328 de
2906 3289 3232 3344 unoquoque
3258 3274 3433 3330 electo
3458 3288 3556 3329 ac-

1962 3365 2113 3436 cipi;
2148 3365 2277 3435 quia
2304 3374 2488 3421 autem
2519 3366 2769 3424 diabolus
2810 3384 3005 3439 puram
3042 3369 3322 3424 hominem
3364 3368 3557 3424 crede-

1962 3457 2254 3527 hatﬁeum
2279 3497 2295 3523 ,
2324 3458 2396 3514 ob
2425 3457 2529 3513 hoc
2559 3459 2704 3514 istud
2742 3460 3051 3530 exemplum
3072 3501 3089 3526 ,
3125 3462 3269 3530 quod
3304 3460 3376 3515 de
3405 3458 3558 3527 justo

1964 3539 2173 3602 dictum
2219 3555 2336 3611 est,
2377 3547 2429 3601 ei
2474 3539 2830 3617 proponebat.
2879 3549 2967 3602 Ait
3012 3548 3097 3602 illi
3136 3548 3295 3603 Iesus
3346 3565 3554 3603 rursus.

1966 3637 2058 3692 Sic
2080 3636 2538 3708 jungendum‘est
2571 3655 2825 3705 rursum,
2855 3642 2983 3710 quia
3011 3641 3329 3696 adverbium
3353 3649 3469 3704 est,
3502 3650 3559 3696 et

1964 3729 2128 3784 verba
2174 3728 2524 3801 evangelista:
2568 3742 2733 3797 sunt,
2762 3742 2817 3787 et
2862 3734 3026 3789 habet
3052 3747 3269 3789 sensum
3292 3773 3307 3798 ,
3339 3734 3549 3788 iterum.

1964 3819 2161 3875 Postea
2209 3834 2342 3875 vero
2394 3820 2743 3889 inserendum
2794 3831 2913 3888 est,
2961 3824 3216 3894 scriptum
3263 3833 3372 3887 est,
3425 3823 3553 3892 quia

1967 3910 2113 3966 istud
2142 3910 2357 3967 Domini
2390 3912 2651 3977 verbum,
2680 3926 2789 3967 non
2818 3912 2971 3967 illud.
3004 3912 3083 3969 Ac
3114 3914 3159 3969 si
3194 3922 3382 3984 aperte
3409 3914 3557 3968 dicat

1965 4001 2222 4057 diabolo:
2272 4001 2566 4073 Propterea
2608 4018 2717 4058 non
2759 4002 2932 4060 debeo
2971 4019 3071 4061 nec
3117 4020 3217 4076 ego
3263 4020 3363 4060 nec
3409 4005 3549 4060 alius

1965 4092 2196 4163 quilibet
2231 4093 2394 4148 homo
2432 4100 2487 4149 te
2523 4093 2863 4159 auscultarc,
2898 4096 3024 4165 quia
3053 4103 3139 4151 est
3165 4095 3406 4151 divinum
3434 4094 3550 4150 elo-

1967 4183 2190 4252 quium,
2224 4182 2370 4252 quod
2400 4198 2485 4237 me
2515 4198 2814 4253 omnesque
2842 4184 3096 4254 prohibet
3137 4200 3238 4254 pro
3268 4199 3403 4238 vana
3437 4183 3552 4253 glo-

1965 4273 2083 4338 ria,
2113 4280 2171 4327 et
2197 4271 2400 4326 nullam
2444 4272 2735 4328 utilitatem
2779 4274 3102 4330 habentibus
3145 4276 3314 4329 Deum
3347 4283 3552 4343 petere.

1966 4360 2169 4415 Iterum
2200 4361 2482 4431 assumpsit
2512 4377 2632 4415 eum
2661 4361 2904 4416 diabolus
2936 4363 2993 4415 in
3022 4371 3248 4418 montem
3291 4361 3554 4417 excelsum

1966 4450 2136 4506 valde.
2177 4450 2286 4506 Ista
2321 4450 2549 4506 tentatio
2579 4450 2633 4505 in
2664 4465 2851 4506 eremo
2888 4451 3033 4507 facta
3077 4452 3179 4506 fuit
3214 4467 3339 4507 eum
3378 4451 3554 4520 prima

266 4534 406 4600 Dei,
439 4534 605 4589 etiam
638 4535 689 4590 in
722 4551 887 4592 carne
919 4552 1023 4591 non
1057 4537 1294 4592 esuriit?
1324 4537 1391 4591 Et
1428 4535 1643 4612 Moyses
1672 4540 1860 4595 eodem
1886 4536 1942 4603 Ι)
1968 4542 2297 4607 tentatione,
2329 4549 2385 4596 et
2414 4542 2579 4597 istum
2608 4550 2849 4597 montem
2889 4542 2977 4599 vel
3022 4542 3242 4598 Thabor
3286 4542 3369 4597 vel
3420 4541 3557 4596 Her-

271 4624 432 4678 modo
462 4624 600 4679 dixit
630 4626 697 4681 ad
730 4626 871 4680 ﬁlios
902 4627 1067 4682 Israel
1100 4644 1113 4681 :
1161 4627 1319 4683 Pavit
1352 4637 1402 4682 te
1442 4627 1703 4684 Dominus
1730 4645 1864 4699 qua-

269 4710 520 4787 draginta
563 4733 738 4773 annos
779 4734 1011 4784 manna,
1056 4728 1117 4774 ut
1157 4719 1328 4776 scires
1356 4719 1483 4787 quia
1515 4736 1623 4775 non
1662 4721 1715 4775 in
1747 4721 1861 4779 solo

264 4826 409 4880 pane
438 4812 645 4867 viveret
674 4812 863 4875 homo,
899 4814 993 4868 sed
1023 4800 1097 4868 ex
1140 4815 1305 4869 verbo
1336 4813 1431 4869 Dei
1462 4822 1647 4884 posset
1686 4813 1856 4870 refici.

268 4902 451 4957 Mente
493 4918 624 4959 vero
664 4904 1005 4959 retinendum
1051 4905 1209 4959 nobis
1253 4913 1370 4972 est,
1412 4905 1557 4975 quod
1596 4905 1860 4961 Dominus

269 4995 449 5050 dixit:
503 4991 629 5051 Non
673 4996 730 5050 in
769 4996 881 5051 solo
930 5013 1065 5066 pane
1112 4997 1228 5051 vivit
1275 4996 1462 5063 homo,
1494 4998 1585 5052 sed
1620 4998 1675 5052 in
1716 4999 1858 5052 omni

269 5088 421 5143 verbo
450 5088 583 5155 Dei,
613 5097 673 5144 ut
701 5105 918 5159 semper
957 5090 1078 5160 plus
1120 5089 1337 5146 solliciti
1380 5092 1552 5147 simus
1594 5092 1746 5162 pasci
1791 5092 1860 5148 de

268 5181 438 5236 verbo
486 5180 583 5235 Dei
633 5180 871 5234 animam
922 5180 976 5234 in
1027 5188 1293 5235 internum
1344 5181 1649 5249 victuram,
1696 5196 1858 5251 quam

268 5286 466 5342 corpus
517 5272 844 5343 quandoque
900 5271 1256 5336 moriturum,
1304 5271 1431 5341 quia
1486 5270 1575 5326 illa
1631 5273 1857 5339 anima,

266 5377 390 5429 qua:
416 5361 584 5417 verbo
608 5361 702 5416 Dei
733 5377 838 5416 non
870 5360 1132 5432 pascitur,
1175 5360 1420 5431 profecto
1451 5369 1663 5416 mortua
1687 5361 1853 5432 jacet.

272 5449 417 5505 Tunc
443 5452 724 5522 assumpsit
755 5468 873 5505 eum
918 5449 1159 5505 diabolus
1198 5451 1255 5504 in
1285 5462 1532 5525 ‘sanctam
1572 5453 1855 5509 civitatem.

270 5542 422 5596 Sicut
444 5542 496 5597 in
526 5557 768 5598 eremum
789 5542 1092 5597 voluntarie
1114 5543 1372 5598 Dominus
1399 5543 1564 5609 abiit,
1590 5545 1669 5600 sic
1692 5546 1855 5602 etiam

266 5642 518 5688 sanctam
551 5632 827 5688 civitatem
857 5634 1137 5699 ascendit,
1180 5640 1239 5687 ut
1284 5633 1439 5689 daret
1478 5636 1735 5691 tentatori
1777 5637 1860 5692 lo-

266 5740 392 5779 eum
451 5724 742 5781 accedendi
791 5723 855 5779 ad
912 5743 989 5782 se.
1035 5724 1289 5782 Sanctam
1331 5736 1508 5783 autem
1552 5727 1851 5786 Jerusalem

1966 4646 2094 4687 mon
2124 4631 2509 4703 intelligimus,
2540 4630 2636 4687 sed
2663 4633 2846 4689 verius
2878 4633 3117 4689 Thabor.
3151 4633 3217 4687 Et
3248 4633 3473 4689 ostendit
3504 4634 3555 4687 ei

1965 4719 2143 4773 omnia
2182 4736 2341 4790 regna
2380 4719 2594 4785 mundi,
2635 4730 2683 4774 et
2731 4720 2955 4792 gloriam
2985 4739 3189 4777 eorum.
3219 4722 3375 4778 Sicut
3406 4723 3549 4776 Deus

1961 4812 2306 4882 omnipotens
2334 4811 2548 4867 diabolo
2578 4812 2645 4866 ad
2676 4812 2893 4867 libitum
2931 4828 3043 4869 sua:
3074 4813 3387 4868 tentationis
3416 4827 3541 4881 per-

1962 4905 2112 4961 misit
2142 4906 2191 4961 ei
2221 4905 2504 4976 superiora
2547 4921 2667 4974 qua:
2697 4905 2957 4972 audistis,
3003 4908 3084 4964 sic
3123 4915 3304 4977 potest
3336 4907 3453 4962 ﬁeri
3489 4914 3551 4960 ut

1960 4998 2275 5069 permiserit
2299 4997 2349 5052 ei
2380 4998 2480 5052 sub
2510 5011 2616 5050 una
2645 4996 2853 5052 visione
2882 5004 3055 5053 totum
3084 4999 3341 5052 mundam
3371 5004 3552 5051 osten-

1963 5090 2124 5155 dere,
2155 5104 2222 5145 eo
2251 5089 2412 5143 modo
2441 5102 2549 5158 quo
2588 5096 2644 5142 et
2684 5088 2904 5142 beatum
2936 5087 3291 5143 Benedictum
3316 5085 3555 5156 legimus

1962 5179 2186 5234 vidisse.
2234 5176 2331 5232 Vel
2362 5177 2478 5251 alio
2518 5177 2711 5243 modo,
2753 5177 2964 5248 species
3001 5177 3249 5247 quaedam
3282 5184 3401 5241 est,
3426 5189 3554 5244 qua:

1963 5267 2278 5338 frequenter
2307 5266 2584 5321 invenitur
2607 5266 2664 5320 in
2697 5264 2977 5336 Scriptura
3008 5265 3211 5331 divina,
3240 5273 3296 5320 et
3326 5272 3556 5319 vocatur

1963 5359 2151 5415 Grteee
2182 5356 2556 5430 synecdodbc,
2589 5372 2715 5412 cum
2747 5365 2920 5413 totum
2951 5358 3120 5423 dicit,
3151 5366 3208 5412 et
3234 5372 3359 5427 pars
3385 5354 3548 5411 intel-

1962 5450 2165 5522 ligitur.
2219 5448 2482 5505 Videlicet
2524 5449 2762 5505 ostendit
2812 5449 2864 5504 ei
2899 5459 3119 5519 partem
3168 5449 3441 5520 aliquam,
3494 5455 3552 5507 at

1961 5542 2213 5614 promisit
2266 5541 2317 5597 ei
2367 5541 2632 5611 reliquam
2686 5557 2807 5596 eum
2851 5550 2974 5598 toto
3026 5543 3303 5598 daturum.
3360 5540 3552 5598 Gloria

1962 5646 2143 5692 autem
2184 5634 2369 5690 mundi
2410 5649 2603 5689 aurum
2634 5643 2796 5690 estet
2827 5649 3090 5705 gemmm,
3130 5638 3252 5693 inde
3292 5635 3549 5708 gloriati!

1964 5732 2067 5785 iste
2107 5726 2357 5784 mundus.
2398 5726 2465 5781 Et
2505 5743 2660 5797 regna
2699 5728 2913 5793 mandi,
2969 5729 3019 5783 id
3069 5738 3154 5783 est
3200 5729 3450 5784 homines
3497 5724 3541 5779 in
