3962 6174
388 253 515 311 iam

380 380 583 424 inuitam
639 371 955 423 'lltlljlilllit‘s
1000 385 1014 422 :

380 459 680 513 mundiales
732 458 1009 523 homines,
1062 460 1176 513 lucc
1229 467 1310 513 est
1366 458 1558 513 fiducia
1612 474 1840 524 eorum;
1895 469 1950 513 et

382 565 562 603 tamen
610 548 746 604 nihil
789 548 929 603 aliud
976 549 1177 603 faciunt
1221 548 1287 603 de
1328 548 1447 613 illo,
1481 549 1585 604 nisi
1615 550 1680 602 ad
1712 550 1947 620 glorian-

379 649 534 703 ‘uum,
567 648 622 696 et
645 642 712 696 ad
736 641 1149 695 ostentationem
1179 641 1475 711 possident.
1509 639 1625 695 Non
1658 641 1799 695 enim
1827 641 1951 695 inde

385 744 576 797 arant,
622 742 715 786 aut
759 730 903 787 aliud
947 733 1316 786 necessarium
1356 741 1669 803 operantur,
1716 731 1819 785 nisi
1859 746 1948 786 so-

383 826 654 881 lummodo
682 825 901 892 vivunt,
931 832 984 879 et
1010 832 1290 895 portantes
1318 832 1544 878 onerant
1568 831 1624 877 et
1646 823 1954 878 custodiunt

380 918 466 969 die
494 930 556 972 ac
586 925 761 971 nocte.
800 916 944 970 Dixit
970 915 1083 982 illi,
1116 912 1246 972 Hec
1273 916 1448 969 omnia
1476 915 1570 968 tibi
1595 914 1751 978 dabo,
1775 915 1821 968 si
1859 931 1950 968 ca-

379 1013 508 1061 dens
545 1007 844 1061 adoraveris
883 1024 982 1061 me.
1028 1006 1179 1062 Sicu.‘
1220 1006 1557 1060 mendacium
1602 1003 1701 1058 fuit
1741 1005 1954 1073 quando

382 1098 557 1151 dixit:
612 1097 814 1151 Ponam
861 1097 1032 1151 sedem
1077 1113 1243 1150 meam
1289 1095 1357 1148 ad
1402 1095 1741 1165 Aquilonem,
1786 1103 1833 1147 et
1867 1110 1954 1147 ero

381 1185 565 1238 similis
592 1184 880 1251 Altissimo,
922 1184 1001 1238 sic
1031 1183 1194 1237 etiam
1227 1183 1368 1236 istud
1401 1183 1741 1237 mendacium
1774 1191 1954 1247 esset,

381 1271 425 1325 si
473 1272 732 1327 Dominus
773 1272 922 1325 illum
959 1273 1237 1326 adorasset
1277 1272 1585 1326 dicentem:
1622 1270 1752 1324 Hac
1779 1272 1956 1325 omnia

380 1364 473 1417 tibi
497 1364 652 1418 dabo.
683 1362 791 1420 Sed
824 1362 1067 1419 diabolus
1096 1379 1202 1417 non
1231 1372 1385 1418 curat
1413 1362 1480 1417 de
1507 1361 1837 1431 profectibus
1875 1378 1958 1417 se-

385 1454 670 1509 ductorum
693 1495 708 1519 ,
739 1470 841 1510 nec
871 1463 1026 1509 curat
1055 1469 1156 1508 nec
1181 1461 1399 1507 veretur
1431 1453 1482 1506 in
1514 1452 1695 1507 futuro
1729 1453 1954 1507 mendax

384 1546 602 1613 haberi,
638 1556 845 1602 tantum
878 1549 1015 1603 utin
1046 1548 1293 1618 praesenti
1328 1563 1470 1602 nunc
1498 1548 1665 1618 possit
1705 1549 1961 1603 seducere

384 1656 519 1709 quos
547 1641 679 1696 vult.
714 1638 807 1696 Sic
838 1641 968 1696 fecit
1007 1642 1071 1697 de
1108 1641 1278 1697 Adam
1319 1641 1532 1710 quando
1574 1641 1749 1696 dixit:
1797 1640 1961 1696 Eritis
1991 1712 1995 1718 i

1161 259 1548 313 (IlliiiS'i'lANl
1588 258 1996 314 DRUTHMARI
2034 260 2479 313 CORBEIENSIS
2517 256 2816 314 MUNACUI

1079 385 1411 439 quarumque
1469 369 1666 423 habere
1730 378 1954 440 possunt
1984 373 2031 427 Λ
2061 368 2291 435 pertinet
2325 369 2594 438 hii-psum;
2628 376 2873 441 vocatur.
2914 363 3067 419 Unde
3096 365 3147 418 in
3176 366 3388 421 cantico
3418 365 3635 421 Zacha-

3491 256 3517 308 ί
3528 257 3635 310 Ξΰθ

2054 460 2144 511 ιτὶςυ
2176 475 2278 512 non
2308 458 2502 513 dicitur
2529 457 2850 521 dauleusate,
2875 455 3205 521 δουλεύσατε,
3234 457 3329 511 sed
3356 457 3639 516 latreuezn.

2051 549 2308 623 λατρεύειν
2334 550 2497 618 αὐτῷ,
2520 548 2803 601 serviamus
2825 544 2924 600 illi.
2954 545 3064 600 Has
3085 546 3439 602 discretiones
3467 548 3638 603 debe-

2054 653 2172 690 mus
2203 637 2342 693 scire
2372 638 2516 691 inter
2542 646 2846 691 creaturam
2874 644 2929 691 et
2959 645 3259 691 creatorem
3284 676 3301 703 ,
3332 646 3391 691 ut
3422 653 3454 691 a
3485 639 3641 693 nullo

2059 735 2249 782 sancto
2291 736 2541 799 petamus
2583 726 2959 782 remissionem
2999 735 3348 796 peceaton
3369 768 3385 793 ,
3416 730 3513 784 sed
3544 746 3647 798 per

2054 836 2147 875 eos
2189 822 2502 875 studeamus
2544 821 2870 890 impetrare,
2913 827 2973 872 ut
3011 818 3169 873 detur
3208 820 3367 874 nobis
3405 836 3439 873 a
3480 820 3643 885 Deo;

2054 926 2230 979 neque
2258 911 2542 965 credamus
2569 909 2623 963 in
2654 909 2912 978 aliquem,
2933 907 3039 963 nisi
3066 908 3120 962 in
3147 909 3339 974 Deum,
3365 910 3493 978 quia
3522 924 3642 964 (ξι-θα

2055 1000 2228 1054 ditnus
2253 1006 2498 1064 sanctos,
2532 999 2627 1053 sed
2657 1013 2764 1052 non
2794 997 3065 1073 credimus
3093 998 3148 1052 in
3178 1008 3415 1054 sanctos.

2130 1090 2273 1144 Tunc
2304 1090 2510 1161 reliquit
2550 1106 2671 1142 eum
2700 1087 2942 1142 diabolus
2967 1102 2985 1139 :
3012 1098 3061 1142 et
3099 1105 3215 1142 ecce
3250 1090 3423 1159 angeli
3461 1108 3647 1144 acces-

2056 1192 2234 1237 serunt
2279 1193 2326 1236 et
2371 1181 2744 1236 ministrabant
2789 1180 2855 1233 ei.
2907 1179 3059 1245 Quod
3104 1179 3350 1234 diabolus
3382 1181 3437 1234 in
3469 1182 3647 1235 Deum

2057 1281 2301 1330 suaserat
2328 1272 2535 1337 facere,
2566 1273 2670 1327 hoc
2697 1271 2747 1326 ei
2779 1270 3025 1326 fecerunt
3073 1271 3282 1341 angeli,
3334 1271 3386 1325 id
3417 1280 3503 1326 est
3540 1273 3645 1327 ad—

2057 1374 2347 1419 oraverunt
2372 1378 2494 1419 eum
2515 1403 2529 1429 ,
2558 1372 2618 1417 ut
2644 1361 2996 1417 ostenderent
3023 1362 3150 1430 quia
3180 1362 3292 1432 ipse
3320 1363 3515 1417 merito
3549 1362 3651 1417 ad-

2058 1456 2294 1511 orandus
2318 1462 2480 1519 esset,
2494 1469 2603 1508 non
2631 1453 2894 1509 diabolus.
2919 1452 3109 1524 Angeli
3137 1452 3449 1507 ministrant
3478 1460 3537 1506 ut
3568 1454 3650 1506 vi-

2060 1545 2233 1601 ‘ctoris
2275 1544 2510 1619 dignitas
2539 1543 2945 1614 comprobetur.
2976 1544 3178 1600 Omnes
3206 1544 3341 1598 istas
3384 1545 3646 1600 tentatio-

2064 1651 2163 1691 nes
2210 1635 2469 1689 Dominus
2517 1633 2783 1704 patientia
2826 1634 2986 1697 vicit,
3042 1641 3103 1687 ut
3151 1632 3305 1688 nobis
3334 1633 3648 1703 exemplum

383 1736 515 1787 sicut
564 1735 657 1789 dii.
708 1735 1001 1791 Sciendum
1053 1745 1137 1793 est
1187 1754 1348 1803 vero,
1402 1740 1697 1793 secundum
1751 1739 1953 1794 dictum
1983 1716 2031 1779 Β
2058 1727 2322 1796 Ρνεὲδθνθι
2363 1726 2657 1796 Patientia
2690 1724 2747 1778 Si
2779 1724 2825 1778 is
2852 1724 2943 1795 (Ιυί
2975 1716 3192 1779 δι’θθῑοτ
3221 1732 3335 1789 es"
3379 1731 3434 1778 ει
3463 1730 3647 1779 tenui"

384 1826 580 1895 ipsius,
625 1828 750 1896 quia
791 1828 935 1883 cadit
971 1830 1147 1884 omnis
1188 1831 1279 1899 qui
1322 1832 1512 1885 adorat
1548 1829 1860 1897 diabolum;
1905 1843 1958 1887 et

384 1931 487 1971 non
537 1917 710 1972 solum
756 1919 848 1989 qui
897 1920 1117 1979 adorat.
1170 1921 1262 1974 sed
1313 1921 1474 1975 etiam
1522 1920 1612 1990 qui
1661 1921 1957 1988 auscultat,

383 2004 507 2075 quia
552 2006 781 2062 adorare
820 2005 1070 2062 venerari
1111 2017 1236 2063 est:
1279 2010 1405 2078 quia
1449 2017 1576 2065 tunc
1617 2011 1780 2068 homo
1808 2011 1957 2066 illum

386 2107 699 2164 veneratur,
741 2100 955 2168 quando
996 2095 1111 2168 ejus
1149 2101 1520 2171 suggestiones
1556 2101 1651 2155 Dei
1694 2093 1959 2159 mandatis

382 2186 629 2258 praefert,
666 2198 722 2245 et
751 2190 898 2246 illum
930 2192 1232 2257 auscultat,
1265 2203 1320 2246 et
1354 2192 1635 2247 Dominum
1665 2195 1961 2264 prohiben-

387 2293 493 2337 tem
542 2283 781 2337 dimittit.
818 2282 961 2337 Tunc
990 2267 1118 2337 dicit
1166 2287 1212 2338 ei
1253 2283 1453 2339 Jesus:
1493 2285 1667 2352 Vade,
1709 2285 1958 2341 Satanas.

382 2354 440 2427 lu
472 2373 594 2428 aliis
624 2370 968 2429 suasionibus
1000 2390 1106 2428 non
1143 2379 1253 2428 tam
1282 2383 1529 2445 potenter
1556 2375 1816 2431 Dominus
1842 2376 1958 2430 dia-

388 2462 509 2515 bolo
541 2463 823 2532 respondit
850 2464 992 2518 sicut
1021 2465 1073 2518 in
1110 2466 1209 2520 ista
1229 2508 1242 2529 ,
1276 2466 1399 2535 quia
1431 2468 1591 2522 nimis
1622 2470 1851 2537 superbe
1880 2468 1961 2522 loc

388 2559 544 2606 cutus
586 2560 701 2619 est,
734 2554 951 2623 quando
980 2555 1061 2607 Vel
1103 2573 1133 2609 a
1171 2557 1280 2610 Deo
1308 2556 1392 2610 vel
1423 2572 1452 2610 a
1482 2572 1616 2626 puro
1648 2558 1863 2612 homine
1903 2573 1963 2613 se

384 2642 545 2708 iussit
583 2642 834 2708 adorari,
864 2653 918 2699 et
949 2655 1207 2714 quantum
1234 2660 1551 2715 perversus,
1585 2657 1795 2703 tantum
1834 2664 1959 2720 per-

386 2726 541 2787 versa
585 2733 813 2791 locutus.
862 2736 1010 2791 Dixit
1049 2738 1100 2792 ei
1132 2738 1429 2793 Dominus:
1499 2738 1672 2806 Vade,
1700 2738 1957 2805 Satanas,

386 2825 489 2879 hoc
530 2832 614 2878 est
651 2824 707 2878 in
750 2825 1001 2896 abyssum
1022 2868 1036 2891 ,
1082 2827 1193 2881 sive
1225 2829 1280 2883 in
1310 2824 1687 2897 perdititincm.
1717 2828 1831 2883 Non
1863 2846 1960 2884 au-

385 2921 495 2967 tem
528 2902 694 2968 simili
723 2916 1073 2985 responsione
1101 2916 1318 2971 Petrum
1351 2917 1681 2986 confutavit,
1714 2920 1839 2989 quia
1886 2920 1960 2975 illi

387 3002 566 3056 dixit:
632 3001 771 3058 Vade
823 3013 959 3057 retro
987 3044 1001 3068 ,
1058 3005 1162 3061 hoc
1217 3014 1301 3061 est
1353 3022 1579 3076 sequere
1630 3009 1959 3064 voluntatem

2064 1824 2235 1870 torem
2282 1829 2439 1868 suum
2486 1814 2540 1867 in
2589 1814 2844 1885 abyssum
2872 1829 2982 1867 uno
3009 1813 3176 1868 verbo
3203 1828 3447 1884 mergere
3486 1824 3645 1882 pote-

2061 1916 2175 1972 rat,
2217 1906 2509 1969 sustinuit,
2557 1915 2612 1960 et
2650 1905 2789 1960 sacri
2827 1905 2990 1959 verba
3019 1904 3218 1974 eloquii
3245 1905 3295 1958 ei
3326 1905 3637 1973 respondit,

2058 2009 2114 2055 et
2142 2014 2240 2054 nos
2281 1999 2496 2069 quando
2538 2006 2811 2052 tentamur
2856 1996 3142 2051 visibiliter
3168 1996 3255 2050 vel
3297 1996 3637 2066 spiritaliter,

2062 2106 2278 2161 semper
2339 2090 2407 2144 ad
2457 2089 2778 2144 memoriam
2838 2088 3159 2141 reducamus
3213 2102 3333 2156 qua:
3386 2087 3652 2157 pnecepit

2060 2182 2233 2247 Deus,
2265 2188 2320 2234 et
2357 2181 2484 2251 quia
2524 2188 2741 2234 creator
2768 2185 2850 2233 est
2879 2177 3198 2242 audiendus,
3232 2192 3339 2231 non
3371 2177 3649 2232 dia'olus.

2063 2271 2322 2327 Diabolus
2362 2269 2507 2325 enim
2551 2269 2815 2325 llebraice
2842 2269 3089 2322 deorsum
3118 2268 3286 2337 ﬂuens
3316 2268 3650 2336 interpreta-

2065 2370 2176 2425 tur,
2217 2359 2345 2429 quia
2389 2359 2455 2413 de
2494 2357 2635 2413 coelo
2677 2358 2894 2412 decidit.
2938 2355 3123 2412 Graece
3166 2371 3294 2411 vero
3335 2357 3654 2411 criminator

2063 2449 2252 2514 sanat,
2297 2447 2441 2517 quod
2484 2449 2783 2503 electorum
2826 2447 3189 2501 innocentiam
3232 2446 3373 2501 lictis
3400 2448 3652 2501 crimini-

2063 2537 2163 2593 bus
2191 2546 2427 2593 accuset.
2477 2536 2628 2591 Unde
2658 2537 2710 2590 iu
2740 2535 3060 2607 Apocalypsi
3091 2536 3323 2590 dicitur:
3360 2535 3647 2605 Projectus

2061 2636 2136 2681 est
2168 2637 2446 2681 accusator
2487 2626 2711 2696 fratrum
2735 2635 3054 2691 nostrorum,
3083 2627 3172 2697 qui
3203 2625 3487 2680 accusabat
3519 2625 3648 2680 illos

2064 2719 2123 2772 in
2162 2727 2441 2788 conspectu
2470 2716 2567 2769 Dei
2594 2717 2760 2770 nostri
2788 2716 2872 2769 die
2900 2732 2962 2769 ac
2993 2726 3158 2769 nocte.
3192 2714 3424 2770 Satanas
3454 2716 3508 2769 in
3540 2715 3651 2769 La-

2065 2812 2235 2864 tinum
2267 2816 2427 2864 sonat
2454 2808 2808 2873 adversarius,
2840 2807 2964 2877 quia
2994 2822 3207 2876 semper
3230 2807 3537 2861 contrarius
3564 2816 3655 2860 est

2068 2900 2363 2955 virtutibus
2401 2908 2732 2953 sanctorum.
2776 2897 3084 2952 Notandum
3124 2912 3255 2951 vero
3281 2897 3422 2965 quod
3463 2898 3651 2951 omnia

2068 2990 2413 3055 testimonia,
2442 3004 2563 3059 quae
2592 2991 2645 3042 in
2678 2989 2781 3043 hoc
2809 3002 2981 3057 agone
3005 2986 3267 3041 Dominus
3290 2987 3549 3056 protulit,
3580 2987 3650 3039 de

385 3090 584 3149 “meum.
644 3094 929 3150 Dominum
986 3096 1153 3151 Deum
1206 3109 1353 3152 mum
1402 3069 1668 3154 αλίοναωε.
1720 3101 1965 3157 Adomm
1992 3069 2036 3131 C
2069 3080 2488 3135 Deuteronomio
2528 3079 2858 3148 assumpsit;
2901 3087 2953 3131 et
3002 3087 3208 3132 rectum
3239 3077 3339 3131 fuit
3368 3087 3426 3131 ut
3458 3077 3646 3131 Domi-

390 3182 598 3237 dnobus
627 3182 801 3238 modis
832 3184 1149 3255 intelligitur
1177 3188 1231 3241 in
1261 3196 1447 3243 nostra
1478 3189 1658 3260 lingua
1688 3207 1702 3255 ;
1735 3191 1965 3246 adorare

382 3271 534 3325 enim
583 3272 814 3328 dicimus
853 3270 1134 3331 inclinare.
1198 3277 1348 3333 Unde
1389 3280 1649 3348 scriptum
1689 3288 1811 3336 est:
1855 3282 1968 3336 Ad-

384 3363 556 3417 'oravit
586 3380 756 3432 regem
782 3364 902 3430 ille,
933 3365 1018 3420 vel
1049 3366 1165 3431 ille,
1199 3368 1301 3423 hoc
1330 3378 1416 3424 est
1441 3369 1721 3424 inclinavit
1748 3384 1826 3426 se.
1855 3371 1964 3426 Ad-

390 3469 549 3508 orare
590 3453 698 3510 alto
731 3456 922 3520 modo,
953 3458 1056 3512 hoc
1089 3467 1172 3514 est
1210 3459 1416 3543 cultum
1456 3460 1696 3515 debitum
1738 3461 1966 3517 Domino

386 3543 682 3610 exhibere,
725 3545 791 3600 de
831 3562 938 3616 quo
981 3548 1240 3619 scriptum
1283 3559 1366 3605 est
1400 3569 1412 3604 :
1444 3551 1689 3606 Adorarit
1717 3550 1967 3607 Salomon

395 3634 697 3691 Dominum.
740 3637 848 3693 lsto
883 3650 1014 3709 ergo
1051 3640 1211 3695 modo
1252 3651 1581 3712 praeceptum
1621 3654 1702 3698 est
1733 3644 1968 3715 antiquis

394 3741 462 3781 ne
488 3720 779 3782 adorarent
803 3730 932 3785 deos
964 3730 1199 3798 alienos,
1231 3748 1331 3787 nec
1358 3737 1712 3804 quemquam,
1743 3746 1968 3806 excepto

394 3816 624 3872 Domino
674 3818 827 3885 solo;
888 3820 1011 3875 inde
1063 3837 1192 3891 ergo
1247 3823 1449 3878 dictum
1504 3833 1630 3879 est:
1682 3824 1967 3879 Dominum

394 3908 561 3963 Deum
595 3911 861 3966 adorabis.
891 3912 1133 3969 Adorare
1161 3922 1245 3969 est
1273 3923 1455 3970 autem
1489 3924 1597 3971 tota
1640 3916 1745 3973 [ide
1784 3918 1965 3973 Domi-

395 4014 525 4053 num
554 4002 778 4056 credere
807 4011 862 4057 et
890 4018 956 4057 ex
988 4006 1114 4058 totis
1144 4006 1457 4073 praicordiis
1483 4006 1739 4078 diligere,
1773 4010 1966 4064 remis-

396 4088 604 4143 sionem
634 4099 979 4160 peccatorum
1007 4103 1221 4162 petere,
1265 4102 1322 4149 et
1359 4095 1542 4150 omnia
1584 4097 1725 4151 bona
1765 4098 1835 4153 ab
1877 4098 1970 4153 illo

392 4192 617 4248 sperare
642 4183 931 4251 praesentia
959 4193 1014 4237 et
1044 4183 1244 4239 futura.
1277 4185 1464 4242 Graece
1502 4195 1683 4242 autem
1713 4188 1967 4245 dilferen-

395 4269 503 4324 tius
530 4269 634 4325 hoc
659 4271 874 4338 dicitur,
905 4274 993 4328 ubi
1023 4276 1251 4331 adorare
1277 4277 1420 4346 quod
1446 4278 1514 4331 ad
1540 4276 1711 4331 Deum
1739 4279 1972 4347 pertinet

2069 3186 2174 3225 nus
2212 3170 2280 3225 de
2322 3169 2741 3224 Deuteronomio
2780 3183 2843 3223 ea
2885 3176 3153 3233 sumeret,
3198 3182 3322 3221 nam
3363 3167 3433 3220 ibi
3465 3166 3647 3236 perfe-

2070 3262 2213 3317 ctior
2246 3260 2331 3316 lex
2364 3260 2613 3325 habetur,
2645 3259 2769 3328 quia
2798 3258 2940 3327 quod
2972 3257 3210 3312 secundo
3238 3256 3299 3310 ﬁt
3325 3256 3521 3311 melius
3564 3257 3648 3310 fit.

2067 3355 2546 3410 Deuteronomium
2587 3353 2733 3408 enim
2769 3352 2999 3405 secunda
3031 3351 3116 3406 lca:
3144 3351 3363 3416 dicitur,
3395 3351 3653 3405 deuteros

2068 3443 2253 3500 Grmce
2276 3443 2565 3509 secundus,
2595 3457 2786 3498 nomos
2812 3441 2898 3496 lea:
2915 3482 2928 3506 ,
2957 3449 3012 3495 et
3037 3457 3144 3496 non
3172 3449 3258 3495 est
3280 3441 3650 3511 separandum

2068 3554 2105 3591 ιι
2137 3537 2203 3590 ab
2234 3553 2291 3600 ε,
2326 3535 2452 3606 quia
2484 3546 2611 3590 tunc
2640 3534 2862 3590 habebit
2890 3548 3108 3588 sensum
3141 3533 3296 3603 quasi
3325 3533 3397 3586 sit
3432 3540 3652 3602 ιιι-προ.

2071 3628 2194 3683 sitio
2223 3628 2286 3681 de
2318 3635 2375 3682 et
2403 3636 2551 3681 utero
2581 3641 2807 3692 nomen,
2838 3626 2934 3681 sed
2972 3625 3451 3679 Deuteronomium
3473 3666 3491 3691 ,
3524 3626 3653 3695 quia

2071 3721 2426 3790 compositum
2453 3728 2539 3776 est
2562 3718 2947 3789 apud‘Graacos
2973 3732 3037 3771 ex
3069 3716 3278 3772 duabus
3306 3716 3642 3779 nominibus,

2072 3821 2127 3866 et
2184 3827 2290 3865 non
2334 3818 2420 3865 est
2470 3808 2713 3865 feminini
2776 3807 2991 3878 generis
3041 3806 3184 3876 apud
3245 3806 3496 3871 Graecos,
3556 3809 3655 3861 sed

2070 3901 2376 3962 masculini.

2676 3987 2902 4045 CAPUT
2941 3986 3049 4042 VII.

2144 4084 2296 4150 Quod
2322 4083 2529 4138 Joanne
2557 4082 2751 4136 tradito
2776 4080 2957 4149 incipit
2985 4077 3242 4130 Dominus
3266 4075 3580 4147 prttdicare.

2142 4196 2273 4252 Cum
2317 4207 2492 4252 autem
2536 4195 2766 4249 audisset
2805 4193 2943 4263 quod
2969 4190 3201 4244 Joannes
3232 4188 3460 4242 traditus
3486 4200 3653 4252 esset,

2071 4290 2278 4344 secessit
2324 4289 2379 4341 in
2423 4285 2717 4340 Galilaeam.
2772 4283 3075 4352 Antequam
3115 4278 3354 4335 Joannes
3416 4281 3652 4347 traditus

393 4362 728 4430 proscynesai
787 4363 984 4418 dicitur
1019 4372 1376 4441 προσκυνῆσαι
1398 4408 1412 4434 ,
1445 4369 1671 4424 adorare
1716 4370 1859 4439 quod
1901 4370 1962 4425 ad

2072 4389 2217 4436 esset
2259 4379 2590 4449 praedicabat
2631 4377 2932 4442 Dominus;
2975 4376 3069 4431 sed
3109 4383 3231 4445 post
3277 4373 3655 4447 religationem

390 4445 668 4506 hominem
694 4453 931 4522 pertinet
961 4456 1136 4513 κλίνην
1163 4458 1361 4512 dicitur
1388 4477 1400 4512 :
1433 4458 1500 4511 Et
1522 4458 1604 4512 illi
1630 4459 1729 4514 soli
1758 4463 1964 4515 servies.

397 4538 538 4603 Quid
567 4549 653 4592 est
685 4541 788 4595 hoc
815 4543 958 4610 quod
987 4544 1117 4598 dicit
1152 4545 1438 4613 Dominus,
1479 4547 1572 4602 Illi
1604 4550 1704 4603 soli
1744 4552 1966 4616 servies,

395 4644 516 4683 cum
547 4628 745 4686 Paulus
774 4635 1046 4702 apostolus
1087 4636 1231 4690 dicat
1267 4654 1363 4706 per
1403 4640 1722 4696 charitatem
1767 4644 1972 4699 servire

396 4719 673 4774 invicem?
698 4720 949 4793 Nunquid
975 4724 1120 4780 aliud
1146 4727 1405 4784 Dominus
1428 4733 1683 4802 praecepit
1701 4774 1715 4797 ,
1743 4743 1796 4789 et
1825 4736 1968 4791 aliud

396 4808 637 4867 Paulus?
679 4810 831 4879 Non,
882 4815 975 4868 sed
1019 4823 1074 4869 et
1104 4817 1394 4872 servitium
1436 4821 1579 4890 quod
1618 4825 1857 4891 pertinet
1902 4828 1968 4885 ad

396 4903 564 4958 Deum
592 4902 797 4971 solum,
830 4912 885 4959 et
912 4921 1020 4961 non
1052 4908 1118 4962 ad
1150 4909 1452 4975 hominem,
1485 4914 1626 4982 quod
1654 4916 1783 4970 nulli
1816 4918 1969 4973 alteri

397 4998 637 5068 impendi
666 4999 858 5066 debet,
890 5001 997 5056 nisi
1027 5001 1136 5057 Deo
1165 5003 1300 5070 soli,
1341 5006 1594 5061 videlicet
1636 5009 1859 5064 credere
1901 5011 1968 5064 il-

386 5088 504 5143 lum
547 5090 701 5145 ﬁrma
743 5090 879 5158 (ide,
920 5108 1135 5171 omnem
1164 5091 1314 5165 spem
1344 5114 1498 5152 suam
1527 5100 1581 5153 in
1612 5100 1704 5155 illo
1732 5117 1966 5171 ponere,

396 5181 603 5237 hostias
644 5174 721 5238 illi
765 5183 991 5251 olferrc,
1041 5186 1244 5243 cultum
1291 5190 1529 5245 divinum
1562 5193 1637 5248 illi
1677 5196 1961 5262 exhibere,

384 5274 452 5325 ‘et
480 5273 687 5343 reliqua
714 5292 834 5346 qua:
865 5278 932 5332 ad
962 5278 1136 5334 solum
1165 5279 1333 5335 Deum
1362 5284 1657 5352 pertinent.
1692 5286 1749 5341 ln
1780 5286 1969 5344 Grteco

386 5368 610 5447 quoque
640 5380 890 5422 sermone
919 5369 1168 5424 similiter
1206 5381 1286 5425 est
1330 5370 1631 5428 differentia
1658 5374 1723 5429 de
1756 5378 1856 5431 hac
1887 5392 1965 5432 re.

385 5453 673 5533 :Siquidem
704 5458 980 5514 servitium
1010 5462 1150 5531 quod
1182 5462 1247 5517 ad
1278 5464 1547 5520 hominem
1578 5468 1812 5537 pertinet
1838 5470 1971 5523 dou-

386 5542 586 5609 'leusis,
628 5548 921 5616 δούλωσις,
964 5553 1180 5619 dicitur,
1212 5562 1268 5609 et
1314 5571 1501 5611 servits
1530 5560 1737 5627 doulos,
1768 5562 1965 5627 δοῦλος,

391 5626 619 5688 ‘dicimr.
656 5639 786 5693 illud
817 5657 948 5697 vero
977 5644 1253 5700 servitium
1298 5648 1438 5716 quod
1483 5649 1547 5703 ad
1587 5626 1757 5707 solum
1798 5626 1965 5708 Deum

2073 4474 2190 4542 ejus
2236 4472 2399 4540 ccepit
2438 4471 2700 4525 attentius
2738 4470 3063 4539 praedicare,
3105 4485 3173 4523 ne
3214 4468 3427 4523 deesset
3450 4468 3655 4538 populo

2074 4564 2309 4619 monitor
2335 4563 2544 4618 salutis.
2581 4561 2727 4617 Venit
2755 4562 2817 4616 de
2839 4578 3029 4616 eremo.
3058 4561 3158 4617 Ubi
3190 4567 3427 4615 tentatus
3449 4561 3653 4614 fuerat.

2074 4656 2141 4711 In
2166 4654 2454 4710 Nazaretlr.
2482 4656 2581 4711 Ubi
2616 4656 2851 4710 nutritus
2873 4653 3068 4709 fuerat.
3100 4654 3163 4708 Et
3186 4652 3363 4707 relicta
3391 4655 3509 4724 ipsa
3532 4654 3649 4708 Nae

2075 4749 2277 4802 zaretlt.
2301 4746 2528 4818 Propter
2555 4746 3005 4802 incredulitatem.
3030 4746 3165 4799 Abiit
3194 4746 3247 4799 in
3274 4742 3654 4815 Capharnaum

2013 4902 2017 4906 ,
2073 4843 2129 4896 in
2166 4841 2359 4910 ﬁnibus
2402 4838 2643 4893 Zabulon
2669 4849 2715 4893 et
2748 4838 3109 4909 Neplttltalim.
3141 4839 3196 4893 In
3226 4839 3329 4893 hac
3359 4848 3507 4891 terra
3537 4838 3653 4908 pri-

2074 4947 2220 4984 mum
2264 4929 2431 4985 Israel
2476 4930 2780 4998 captivatus
2825 4937 2908 4983 est
2952 4929 3020 4983 ab
3050 4928 3319 4999 Assyriis,
3347 4936 3402 4982 et
3447 4943 3652 4982 conve-

2072 5021 2288 5075 nienter
2328 5019 2398 5074 ibi
2441 5020 2700 5074 Dominus
2730 5019 2951 5088 incmpit
2978 5019 3305 5089 praedicare,
3345 5016 3437 5085 ubi
3476 5018 3658 5072 hostis

2070 5109 2341 5177 quondam
2380 5115 2603 5179 propter
2645 5116 2869 5178 peccata
2909 5106 3219 5163 dominatus
3257 5116 3360 5162 est.
3405 5104 3652 5161 Zabu'lon

2068 5199 2830 5269 interpreta’turhabitaculum
2849 5198 3286 5268 pulchritudinis.
3304 5197 3655 5267 Nephthalim

2070 5303 2285 5358 quoque
2315 5289 2457 5344 idem
2481 5288 2741 5354 alltrmat,
2768 5290 2858 5359 qui
2886 5291 3255 5344 conversantis
3280 5289 3494 5354 dicitur,
3524 5290 3657 5358 quia

2071 5388 2361 5451 antequam
2410 5381 2551 5436 Deus
2595 5382 2806 5436 veniret
2848 5382 2905 5436 in
2945 5383 3090 5437 hunc
3132 5383 3421 5446 mundum,
3459 5397 3657 5437 omnes

2071 5474 2331 5530 sedebant
2370 5475 2422 5529 in
2465 5476 2702 5531 tenebris
2743 5474 3092 5546 ignorantiae,
3124 5474 3218 5529 sed
3245 5491 3342 5545 per
3370 5474 3655 5530 Christum

2069 5575 2186 5620 orta
2215 5566 2315 5621 fuit
2338 5567 2427 5621 lux
2452 5609 2465 5633 ,
2494 5584 2610 5639 quia
2637 5566 2899 5621 illuminat
2929 5585 3129 5623 omnem
3159 5570 3420 5625 hominem
3445 5571 3656 5623 venien-

2071 5666 2169 5709 tem
2202 5656 2253 5710 in
2284 5658 2419 5711 hunc
2451 5657 2723 5711 mundum.
2761 5656 2823 5711 Et
2850 5660 3041 5723 umbra
3082 5661 3271 5716 mortis
3311 5660 3460 5716 nobis
3487 5668 3605 5715 erat
3625 5697 3643 5719 .
