3962 6174
244 254 368 308 tte!

1381 248 1737 306 EXPOSITIO
1772 248 1836 303 IN
1876 247 2307 305 ΜΑΤΤΗίΕυΜ.

3346 255 3479 309 I302

228 366 359 430 quia
388 363 453 417 ad
475 361 926 431 comparationem
953 360 1199 413 secundze
1224 360 1415 414 mortis
1440 360 1630 415 umbra
1658 366 1801 412 mor-
1831 362 1878 420 Α
1904 357 2132 426 ﬁcientcs
2167 358 2296 411 retia
2344 367 2482 421 sunt,
2539 357 2591 413 id
2620 365 2703 413 est
2754 367 3068 429 reparantes
3100 378 3111 412 :
3166 361 3288 430 quia
3326 368 3501 418 vetos'

230 457 305 511 tis
334 462 417 509 est
448 455 500 508 in
531 454 633 507 hoc
660 452 890 516 smculo;
925 453 979 505 in
1011 451 1193 506 futuro
1219 467 1377 517 vera,
1408 453 1533 522 quia
1572 460 1796 507 aeterna.

1907 454 2043 499 erat.
2078 444 2291 499 Relictis
2321 447 2511 499 retibus
2556 456 2604 500 et
2630 458 2778 518 putre
2804 451 2966 502 secuti
3003 459 3123 503 sunt
3156 466 3296 503 cum.
3328 449 3483 504 Nune

242 548 444 602 Exinde
468 545 616 616 erepit
641 543 796 598 Iesus
821 544 1108 613 pra’dicare
1132 553 1179 597 et
1205 544 1396 598 dicere.
1426 544 1653 606 Exinde,
1683 552 1836 611 post-
1905 542 2148 603 apparet
2186 535 2456 604 quomodo
2484 549 2606 589 cum
2645 543 2756 590 ῑοιἎ
2784 536 3099 594 difﬁnitionc
3145 540 3315 595 secuti
3357 549 3486 594 Sunt

239 653 398 708 quam
436 634 670 690 Joannes
711 634 906 688 missus
941 641 1027 687 est
1064 634 1117 687 in
1158 646 1470 696 carcerem,
1509 632 1638 701 quia
1685 644 1805 686 ces—
1904 636 2048 678 eum-
2086 623 2200 680 Hoc
2224 639 2330 680 non
2355 624 2492 680 dixit
2515 625 2572 680 in
2592 625 2712 681 aliis
2731 628 3176 697 apparitionibus.

241 733 398 781 sante
427 725 545 795 lege
570 723 915 793 Evangelium
942 723 1225 777 successit.
1254 720 1622 775 Paenitentiam
1647 720 1805 790 agite,

238 815 672 886 appropinquavit
707 814 843 867 enim
885 829 1099 882 regnum
1132 811 1397 867 calorum.
1438 811 1592 878 Quod
1626 810 1808 866 Domi-

240 923 344 962 nus
391 907 577 962 eadem
625 905 885 976 praedicat
914 919 1033 972 qua:
1056 912 1111 958 et
1153 903 1426 968 Joannes,
1471 903 1707 958 ostendit
1750 914 1808 958 se

239 994 383 1049 illius
407 1010 527 1050 esse
554 994 723 1049 ﬁlium
749 1010 779 1048 a
806 1008 914 1063 quo
936 993 1174 1049 Joannes
1200 995 1400 1051 missus
1422 1002 1505 1048 est
1532 1011 1546 1046 :
1577 993 1810 1049 diximus

241 1086 488 1155 superius
524 1088 795 1155 quomodo
830 1086 1342 1156 appropinquaverit
1378 1101 1600 1155 regnum
1639 1085 1808 1140 caelo-

244 1192 385 1230 rum.
431 1177 891 1247 Appropinquavit
934 1178 1080 1232 enim
1129 1178 1255 1245 quia
1301 1175 1415 1243 jam
1463 1177 1518 1231 in
1565 1176 1810 1246 proximo

241 1274 360 1319 erat
378 1307 391 1328 ,
420 1274 541 1335 post
565 1275 839 1336 peractam
866 1266 1304 1335 pnedicationem
1324 1305 1340 1330 ,
1376 1274 1432 1319 et
1469 1265 1772 1333 passionem
1794 1304 1809 1329 ,

244 1372 309 1407 ac
335 1354 453 1422 ejus
479 1356 886 1420 ascensionem,
916 1356 1205 1424 aperienda
1233 1356 1318 1409 via
1354 1355 1423 1409 ad
1451 1358 1614 1408 vitam
1649 1363 1811 1409 aiter-

246 1466 371 1504 nam
399 1451 558 1521 digne
591 1450 1012 1521 pmnitentibus,
1039 1450 1142 1505 hoc
1166 1457 1248 1504 est
1284 1447 1628 1518 punientibus
1664 1447 1717 1501 in
1754 1462 1813 1503 se

249 1550 486 1595 veterem
532 1542 1026 1603 conversationem,
1074 1547 1129 1593 et
1172 1538 1550 1608 incipientibus
1595 1550 1811 1590 novam.

242 1631 565 1686 Pmuitentia
587 1646 822 1700 namque
846 1631 1000 1699 quasi
1024 1629 1300 1699 punientia
1324 1628 1553 1682 dicitur.-

732 1758 741 1762 ‘
828 1741 1056 1797 CAPUT
1096 1740 1224 1797 VIII.

629 1812 708 1868 De
731 1814 999 1869 vocatione
1043 1810 1422 1881 apostolorum.

318 1903 598 1960 Ambulans
644 1903 800 1958 Iesus
834 1904 994 1974 juxta
1039 1918 1183 1957 mare
1228 1899 1483 1965 Galilww,
1527 1900 1650 1954 vidit
1686 1898 1819 1954 duos

245 1996 455 2064 fratres.
505 1996 723 2050 Diversa
759 1993 1009 2049 videntur
1052 1992 1396 2063 evangelista;
1442 1991 1509 2045 de
1544 1991 1819 2046 vocatione

246 2087 348 2141 ista
371 2086 611 2143 scribere
633 2127 650 2153 ,
679 2087 775 2142 sed
799 2084 1220 2156 intelligentibus
1248 2099 1354 2138 non
1385 2091 1509 2138 sunt
1540 2081 1817 2136 contrarii.

246 2176 501 2231 Primitus
528 2175 729 2231 factum
752 2183 836 2231 est
863 2176 1006 2246 quod
1043 2174 1278 2229 Joannes
1305 2173 1518 2237 scribit,
1541 2172 1667 2242 quia
1695 2173 1821 2228 bea—

246 2276 332 2322 tus
360 2267 603 2322 Andreas
640 2265 848 2320 audivit
887 2281 918 2320 a
969 2265 1177 2321 Joanne
1212 2265 1279 2319 de
1325 2264 1541 2320 Christo
1576 2263 1819 2318 testimoc

244 2358 419 2420 nium,
465 2365 521 2411 et
564 2356 711 2410 venit
737 2357 804 2410 ad
834 2370 956 2410 eum
988 2362 1042 2411 et
1084 2356 1283 2410 mansit
1308 2369 1429 2409 cum
1460 2353 1582 2417 illo,
1621 2363 1676 2408 et
1702 2360 1824 2423 post

247 2447 469 2501 adduxit
526 2447 748 2501 fratrem
798 2461 955 2501 suum
1013 2446 1288 2502 Simonem
1353 2452 1409 2499 et
1457 2451 1829 2512 cognoverunt

246 2550 393 2597 eum,
438 2534 537 2589 sed
560 2534 755 2589 iterum
783 2534 1032 2589 abierunt
1055 2534 1121 2588 ad
1154 2548 1316 2602 opera
1361 2546 1481 2586 sua.
1524 2531 1721 2586 lterum
1746 2529 1824 2584 fa-

248 2632 397 2678 ctum
421 2632 506 2679 est
531 2625 671 2695 quod
692 2624 866 2680 Lucas
889 2625 1071 2680 refert.
1113 2622 1354 2689 Qualiter
1382 2623 1621 2679 ascendit
1667 2621 1824 2678 Jesus

255 2714 435 2767 navim
478 2712 644 2779 Petri,
668 2722 722 2768 et
743 2715 1052 2784 praadicavit
1073 2715 1139 2769 de
1161 2715 1297 2784 ipsa,
1327 2722 1383 2769 et
1423 2724 1545 2785 post
1568 2714 1825 2784 praedica-

248 2804 447 2858 tionem
469 2804 632 2874 jussit
657 2804 897 2859 relaxare
937 2806 1073 2858 retia
1102 2804 1153 2859 in
1195 2813 1497 2874 capturam,
1522 2813 1575 2859 et
1601 2804 1736 2857 dixit
1756 2805 1822 2858 ad

248 2892 465 2951 Petrum
493 2910 508 2949 :
536 2894 619 2947 Ea;
651 2895 749 2948 hoc
763 2895 879 2963 jam
904 2895 1137 2948 homines
1164 2896 1266 2948 eris
1289 2895 1515 2964 capiens.
1563 2894 1671 2949 Sed
1698 2903 1827 2949 tunc

250 2985 398 3040 duxit
423 2985 617 3041 Petrus
652 2987 830 3040 navim
878 2988 945 3041 ad
997 2987 1165 3047 littus,
1211 2994 1268 3040 et
1317 2993 1534 3041 secutus
1557 2995 1642 3041 est
1676 2986 1825 3040 illum

2483 718 2492 736 ‘
2523 736 2749 793 CAPUT
2786 734 2875 792 Ix.

2260 805 2336 860 De
2363 807 2545 877 primis
2580 808 2857 862 virtutibus
2895 809 3125 865 Domini.

1979 894 2047 948 Et
2082 896 2334 949 circuibat
2379 896 2534 951 Jesus
2573 908 2733 950 totam
2781 897 3059 954 Galilwam
3093 901 3303 957 docens.
3362 903 3485 960 Stu—

1908 989 2055 1044 dium
2086 990 2326 1044 doeeutis
2373 989 2585 1045 Domini
2634 991 2957 1057 ostenditur,
3004 994 3130 1061 quia
3160 1010 3269 1050 non
3297 1010 3488 1066 exspe—

1909 1079 2091 1133 ctabat
2118 1088 2177 1132 ut
2198 1079 2423 1149 populus
2447 1080 2513 1133 ad
2537 1095 2660 1134 eum
2707 1082 2915 1137 veniret
2939 1122 2954 1147 ,
2983 1085 3074 1138 sed
3103 1084 3219 1154 ipse
3239 1087 3490 1141 veniebat

1910 1173 1978 1224 ad
2003 1185 2117 1234 eos,
2153 1170 2454 1239 exemplum
2479 1171 2614 1226 dans
2633 1173 2807 1227 beatis
2833 1175 3145 1231 doctoribus
3170 1176 3255 1232 vel
3276 1177 3486 1246 episco-

1909 1265 2015 1333 pis,
2041 1265 2170 1333 quid
2200 1263 2375 1319 facere
2396 1266 2627 1320 debeant
2671 1268 2737 1322 de
2784 1268 3041 1338 subjectis
3075 1270 3338 1341 plebibus.
3376 1272 3488 1326 Do-

1911 1373 2029 1410 cens
2059 1364 2220 1409 totam
2246 1355 2541 1411 Galilwam.
2574 1358 2630 1412 In
2663 1359 2764 1414 hoc
2787 1362 2928 1430 quod
2950 1358 3082 1417 dicit
3109 1371 3294 1429 totam,
3318 1372 3493 1419 osten-

1911 1445 1991 1498 dit
2014 1444 2131 1500 sine
2176 1460 2531 1514 personarum
2581 1442 2896 1518 acceptione
2929 1451 3128 1507 docens
3177 1460 3490 1522 przesentcs,

1910 1535 2210 1605 prmdicans
2262 1535 2627 1591 advenientes.
2681 1536 2747 1590 In
2802 1541 3080 1611 synagogis
3130 1556 3329 1596 eorum.
3389 1541 3496 1597 Per

1914 1640 2103 1681 omnes
2129 1626 2396 1691 civitates,
2436 1625 2605 1681 Judaei
2636 1643 2936 1702 synagogas
2963 1632 3196 1701 agebant
3220 1633 3274 1685 in
3301 1632 3494 1688 diebus

1842 1707 1888 1765 B
1916 1718 2257 1771 sabbatorum
2287 1725 2342 1771 et
2377 1718 2586 1773 creteris
2615 1717 2806 1785 festis;
2842 1720 2894 1773 in
2942 1720 3137 1791 quibus
3179 1720 3369 1777 diebus
3399 1722 3483 1777 ni-

1915 1807 1989 1863 hil
2018 1807 2160 1862 aliud
2199 1809 2432 1879 agebant
2484 1809 2701 1882 (przeter
2729 1810 2907 1865 cibum
2936 1819 2992 1866 et
3024 1813 3229 1885 potum)
3275 1812 3383 1869 nisi
3408 1812 3492 1867 lo-

1917 1898 2084 1954 ctioni
2106 1906 2268 1968 atque
2294 1900 2526 1954 orationi
2560 1902 2840 1955 vacabant.
2896 1901 2963 1955 Et
2986 1915 3255 1974 synagoga
3278 1919 3495 1974 congre-

1916 1991 2057 2061 gatio
2086 1991 2302 2046 dicitur.
2356 1990 2424 2045 Et
2449 1993 2741 2061 praedicans
2763 1991 3105 2063 Evangelia»:
3135 1996 3300 2066 regni.
3333 1995 3503 2050 Evan-

1918 2079 2117 2149 gelium
2143 2080 2316 2151 regni,
2361 2080 2562 2136 bonum
2594 2082 2843 2136 nuntium
2870 2085 3025 2152 regni
3045 2084 3282 2141 caelestis
3310 2126 3324 2152 ,
3368 2086 3494 2156 quia

1918 2170 2021 2226 hoc
2041 2186 2230 2227 omnes
2254 2172 2634 2242 prmdicatoms
2658 2174 2956 2242 praedicare
2981 2174 3199 2241 debent,
3247 2176 3371 2246 quia
3398 2189 3497 2247 pro

1917 2260 2031 2316 vita
2063 2267 2265 2315 aeterna
2287 2260 2624 2331 adipiscenda
2671 2261 2963 2319 Christiani
3004 2264 3251 2320 laborare
3275 2265 3485 2321 debent.
3520 2318 3523 2319 ν

1923 2348 2134 2405 Sanans
2160 2366 2363 2404 omnem
2392 2349 2714 2421 languorem.
2766 2352 2823 2407 Id
2866 2360 2950 2408 est
2990 2353 3314 2421 animarum,
3367 2356 3494 2426 quia

1921 2440 2069 2495 sicut
2085 2440 2305 2509 languet
2337 2455 2534 2512 corpus
2577 2443 2792 2512 quando
2826 2441 2999 2500 oﬁicia
3037 2459 3133 2499 sua
3163 2446 3347 2517 nequit
3369 2462 3497 2517 per-

1924 2544 2103 2601 agere,
2119 2530 2193 2584 ita
2216 2530 2394 2585 anima
2411 2546 2530 2602 qute
2546 2541 2723 2601 torpet
2746 2533 2799 2587 in
2820 2537 3105 2605 prrcceptis
3128 2536 3221 2591 Dei
3243 2537 3496 2607 languere

1922 2621 2140 2676 dicitur.
2181 2619 2399 2676 Omnem
2423 2621 2803 2691 inﬁrmitatem.
2851 2623 2934 2679 Ad
2954 2639 3240 2695 corporum
3268 2626 3500 2682 inﬁrmi-

1926 2717 2063 2764 tates
2107 2710 2359 2779 respicit;
2405 2717 2461 2765 et
2501 2718 2584 2766 est
2616 2711 2824 2781 species
2876 2712 3294 2783 synecdochica,
3329 2728 3359 2767 a
3391 2722 3504 2769 toto

1923 2814 2049 2868 pars
2073 2800 2434 2872 intelligenda.
2472 2801 2611 2855 Abiit
2635 2803 2811 2872 opinio
2844 2802 2957 2872 ejus
2982 2804 3039 2856 in
3067 2813 3231 2858 totam
3258 2803 3494 2875 Syriam.

1926 2891 2141 2962 Opinio,
2177 2890 2319 2961 fama
2348 2889 2546 2947 dicitur

2327 3036 2339 3048 .
2406 2998 2583 3048 malum
2600 3012 2699 3061 quo
2715 3011 2807 3048 non
2830 2999 3040 3049 velocius
3062 2998 3233 3052 ullum.

250 3079 433 3149 aliquo
471 3088 729 3149 tempore,
781 3088 835 3132 et
881 3079 1076 3133 iterum
1118 3091 1367 3133 reversus
1410 3084 1493 3132 est
1521 3078 1588 3132 ad
1617 3076 1819 3131 navim.
1849 3065 1893 3127 C
1926 3079 2105 3152 Syria,
2132 3080 2428 3152 hic-Tyrus
2457 3089 2509 3136 et
2536 3080 2702 3136 Sidon
2730 3080 3119 3153 intelliguntur,
3165 3082 3219 3137 in
3253 3098 3356 3153 qua
3385 3081 3507 3154 Syri

250 3166 381 3221 Nam
405 3167 523 3222 ideo
572 3182 691 3221 eam
715 3167 781 3222 ad
808 3167 962 3222 littus
990 3167 1236 3222 duxerat.
1286 3167 1438 3221 Nunc
1465 3182 1591 3222 vero
1622 3167 1826 3221 retibus

250 3258 452 3312 relictis
482 3265 539 3311 et
559 3258 705 3323 navi,
734 3258 906 3313 secuti
942 3266 1069 3312 sunt
1094 3273 1240 3323 eum,
1268 3264 1327 3311 ut
1354 3272 1568 3327 semper
1587 3273 1708 3313 cum
1738 3258 1828 3312 illo

250 3354 449 3401 essent.
489 3346 748 3402 Similiter
774 3348 1180 3416 intelligendum
1211 3350 1277 3404 de
1301 3347 1504 3404 Jacobo
1534 3357 1590 3405 et
1619 3347 1827 3405 Joanne

251 3435 393 3503 quod
422 3443 546 3490 ante
585 3436 930 3491 crediderunt
965 3437 1018 3490 in
1061 3452 1204 3502 eum,
1237 3439 1453 3509 quando
1496 3440 1563 3494 de
1586 3455 1727 3509 aqua
1749 3440 1829 3494 vi-

252 3540 380 3578 num
402 3523 573 3587 fecit;
619 3526 714 3581 sed
740 3542 847 3582 non
873 3534 998 3581 sunt
1023 3528 1192 3582 secuti
1216 3530 1486 3593 continue,
1523 3530 1625 3583 nisi
1648 3530 1824 3585 modo.

253 3614 320 3668 Et
343 3614 530 3668 dicunt
560 3615 805 3687 magistri
836 3616 1095 3672 Ecclesiae
1118 3618 1263 3687 quod
1306 3618 1506 3687 aliquid
1528 3618 1829 3673 divinitatis

256 3714 381 3760 tunc
411 3705 741 3775 resplenduit
770 3706 823 3760 in
870 3705 1008 3761 facie
1040 3705 1195 3776 ejus,
1241 3706 1385 3776 quod
1430 3721 1524 3761 eos
1576 3707 1642 3761 ad
1680 3707 1828 3760 illum

256 3794 511 3860 attraxit,
553 3803 610 3849 ut
636 3795 891 3850 continue
913 3794 1028 3864 jam
1059 3803 1414 3865 sequerentur
1467 3795 1636 3849 illum.
1690 3794 1827 3849 Tra-

255 3884 388 3937 duut
430 3892 608 3939 autem
632 3885 755 3954 quia
794 3886 969 3941 tribus
990 3886 1203 3942 vicibus
1243 3885 1574 3955 resplenduit
1610 3886 1725 3956 ipsa
1750 3886 1832 3940 di-

254 3977 450 4032 vinitas
475 3978 527 4031 in
554 3975 691 4033 faeie
715 3976 830 4045 ejus
865 3978 919 4031 in
943 3978 1047 4032 hac
1064 3992 1230 4033 carne
1254 3992 1269 4031 :
1298 3992 1486 4043 unum,
1517 3977 1733 4046 quando
1758 3977 1831 4031 di-

254 4068 488 4139 scipulos
508 4069 755 4134 vocavit;
792 4068 918 4134 alio,
950 4068 1165 4138 quando
1192 4075 1434 4123 ementes
1454 4077 1509 4122 et
1540 4067 1833 4123 vendentes

254 4161 320 4216 de
343 4160 541 4229 templo
575 4161 772 4231 ejecit;
802 4161 963 4215 tertio
988 4160 1203 4238 quando
1229 4158 1639 4230 transfiguratus
1666 4167 1749 4214 est
1774 4159 1830 4213 in

255 4258 456 4306 monte.
489 4249 596 4305 Sed
626 4258 756 4304 tunc
784 4258 928 4304 tanta
964 4249 1066 4304 fuit
1086 4251 1199 4319 ipsa
1228 4248 1483 4318 majestas
1497 4257 1555 4303 ut
1582 4264 1686 4305 non
1713 4264 1834 4318 pos-

254 4349 377 4395 sent
412 4340 660 4410 discipuli
686 4355 803 4395 eam
831 4339 989 4395 ferre.
1027 4340 1175 4396 Unde
1206 4340 1466 4409 scriptum
1491 4349 1596 4405 est,
1627 4340 1828 4393 cecide-

1924 3169 2259 3225 habitabant.
2317 3169 2386 3225 Et
2426 3168 2721 3225 obtulerunt
2768 3172 2815 3225 ei
2841 3188 3018 3226 omnes
3055 3172 3189 3227 male
3237 3174 3504 3228 habentes.

1924 3261 2181 3316 Leviores
2229 3260 2570 3316 inﬁrmitates
2619 3263 2897 3318 habentes.
2954 3263 3243 3319 Tormentis
3274 3281 3507 3345 compre-

1925 3353 2131 3407 hensos.
2176 3351 2456 3408 Fortiores
2480 3352 2821 3408 inﬁrmitates
2868 3353 2982 3409 vult
3010 3356 3332 3421 ostendere,
3384 3356 3508 3426 quia

1927 3451 2192 3498 tormenta
2215 3458 2245 3497 a
2274 3443 2572 3513 torquendo
2599 3452 2876 3498 vocantur.
2915 3444 2983 3497 Et
3008 3446 3097 3515 qui
3120 3445 3381 3501 dwmonia
3417 3449 3508 3501 ha-

1927 3534 2130 3588 bebant.
2181 3533 2292 3588 Hoc
2311 3541 2395 3588 est
2419 3532 2486 3588 de
2511 3534 2708 3604 quibus
2734 3542 2939 3588 certum
2968 3542 3087 3589 erat
3118 3536 3239 3604 1uia
3282 3536 3398 3590 sine
3424 3537 3506 3589 in-

1929 3622 2268 3677 termissione
2315 3622 2650 3679 tenebantur.
2704 3620 3005 3675 Lanaticos.
3068 3621 3135 3676 Et
3182 3622 3283 3691 ipsi
3314 3624 3509 3677 daemo-

1928 3712 2067 3768 niaci
2103 3719 2303 3776 erant;
2360 3712 2453 3766 sed
2503 3719 2727 3781 propter
2775 3710 3178 3766 infamationem
3221 3713 3505 3775 creatoris.

1930 3805 1999 3860 ad
2033 3811 2243 3874 tempus
2270 3817 2364 3858 eos
2400 3802 2688 3866 vexabant,
2742 3809 2795 3855 et
2823 3800 2889 3854 ad
2920 3809 3128 3869 tempus
3152 3814 3246 3855 eos
3276 3801 3512 3855 dimitte-

1929 3895 2081 3958 bant,
2130 3900 2189 3946 ut
2228 3890 2582 3945 infamaretur
2609 3898 2851 3955 creator,
2886 3890 2978 3959 qui
3006 3890 3202 3945 bonam
3230 3898 3509 3945 creaverat

1930 3984 2132 4037 lunam.
2179 3980 2315 4037 Sunt
2341 3981 2533 4050 aliqua:
2575 3979 2953 4044 inﬁrmitates,
2985 3994 3104 4049 qum
3146 3979 3268 4048 plus
3313 3990 3510 4034 nocent

1931 4088 2037 4126 una
2072 4072 2197 4125 luna
2226 4086 2389 4140 quam
2416 4070 2618 4124 altera.
2669 4069 2805 4136 Quia
2848 4069 3047 4124 crescit
3081 4078 3279 4138 corpus
3320 4077 3377 4124 et
3415 4068 3510 4125 de-

1932 4162 2126 4217 crescit
2148 4176 2269 4215 cum
2292 4159 2572 4235 elementis
2613 4158 2678 4212 de
2706 4158 2901 4228 quibus
2916 4166 3159 4212 creatum
3186 4167 3289 4213 est.
3336 4158 3509 4214 llomo

1932 4264 2164 4321 namque
2190 4267 2256 4306 ex
2288 4259 2451 4316 terra,
2492 4265 2655 4319 aqua,
2701 4250 2854 4320 igne,
2909 4258 2965 4303 et
3010 4264 3135 4303 aere
3183 4248 3359 4305 factus
3405 4260 3508 4306 est.

1932 4339 2267 4409 Paralyticus
2290 4338 2497 4402 Grmce,
2545 4336 2735 4392 Latine
2761 4335 3045 4391 dissolutus
3074 4337 3308 4402 dicitur;
3338 4344 3394 4392 et
3418 4339 3511 4407 qui

258 4441 376 4485 runt
402 4432 458 4485 in
487 4431 648 4499 facies
673 4448 816 4485 suas.
838 4430 974 4497 Quid
996 4447 1142 4485 mare
1168 4432 1237 4486 sit
1260 4430 1490 4485 Galiluece
1519 4430 1572 4483 in
1597 4444 1827 4500 sequen-
1850 4403 1904 4462 D
1931 4449 2029 4503 pro
2059 4431 2334 4502 sanguinis
2359 4426 2617 4484 elfusione
2642 4426 2812 4483 cilicia
2839 4427 3083 4497 corporis
3106 4427 3269 4482 habet
3290 4428 3510 4482 amissa.

257 4523 400 4576 tibus
427 4522 668 4576 dicemus
694 4541 706 4575 :
739 4522 988 4577 similiter
1028 4522 1093 4576 de
1124 4520 1380 4591 apostolis
1407 4561 1422 4586 ,
1463 4536 1584 4576 cum
1616 4522 1681 4575 de
1708 4522 1830 4576 aliis

257 4613 552 4668 dixerimus
588 4613 643 4667 in
697 4614 942 4685 catalogo
989 4627 1175 4667 eorum
1208 4613 1446 4668 dicemus
1477 4622 1532 4667 et
1586 4614 1654 4668 de
1706 4613 1826 4667 his:

267 4700 454 4762 Venite
473 4713 586 4772 post
618 4719 717 4768 me,
741 4704 935 4774 faciam
969 4720 1057 4758 vos
1087 4704 1205 4773 ﬁeri
1227 4704 1508 4774 piscatores
1540 4705 1829 4758 hominum.

257 4792 594 4847 Conveniens
620 4801 702 4847 est
732 4793 1042 4863 prtedieatio
1068 4794 1372 4863 piscationi,
1401 4795 1526 4863 quia
1557 4794 1695 4849 sicut
1720 4803 1834 4848 rete

258 4884 453 4939 multas
480 4885 714 4938 maculas
744 4884 924 4948 habet,
949 4884 1194 4939 similiter
1218 4884 1529 4954 praedicatio
1556 4884 1723 4939 multa
1751 4892 1832 4936 te-

259 4974 530 5028 stimonia.
589 4972 741 5030 Sicut
768 4975 856 5029 illa
895 4976 1037 5045 capit
1061 4991 1255 5045 parvos
1283 4985 1337 5029 et
1362 4991 1603 5046 magnos,
1625 4975 1707 5029 ita
1732 4974 1840 5028 ista

260 5063 529 5131 sapientes
556 5072 610 5117 et
634 5063 967 5132 insipientes.
999 5063 1148 5119 Mare
1193 5064 1445 5119 saeculum
1476 5064 1616 5118 istud
1652 5063 1704 5117 in
1729 5069 1840 5131 quo
1872 5124 1877 5128 _

260 5154 508 5209 homines
543 5170 756 5224 semper
778 5170 834 5208 se
856 5162 1267 5224 persequuntur.
1294 5153 1637 5223 Sicutcmpit
1662 5155 1835 5223 pisces

260 5243 475 5312 Petrus,
526 5247 605 5301 sic
634 5255 817 5315 postea
846 5246 1089 5300 homines
1126 5259 1246 5299 cum
1271 5245 1454 5299 verbo.
1502 5244 1586 5298 Ab
1608 5244 1710 5298 isto
1732 5244 1834 5298 Ze-

259 5334 443 5391 bedmo
479 5336 553 5392 illi
583 5338 689 5391 duo
712 5336 956 5404 discipuli
995 5335 1236 5390 Zebedaei
1276 5335 1454 5390 vocati
1484 5343 1627 5390 sunt.
1660 5334 1831 5389 Zebe-

259 5425 411 5481 dolus
453 5427 650 5482 dicitur
676 5426 902 5480 donatus
933 5426 1044 5480 sive
1074 5425 1260 5494 ﬂuens.
1292 5424 1394 5478 Iste
1418 5424 1578 5494 digno
1622 5423 1833 5492 eloquio

262 5516 344 5571 sie
365 5526 608 5583 vocatus,
649 5518 774 5588 quia
820 5516 991 5581 ﬂuxit,
1034 5524 1089 5570 et
1132 5515 1356 5570 recessit
1385 5529 1415 5567 a
1453 5515 1833 5583 praedicatione

202 5607 214 5616 '
265 5606 510 5662 Domini:
557 5622 657 5678 pro
687 5621 792 5676 qua
822 5622 880 5662 re
903 5615 957 5662 et
981 5622 1011 5661 a
1044 5606 1167 5660 ﬁliis
1196 5604 1308 5660 suis
1328 5603 1551 5659 relictus
1573 5613 1673 5661 est.
1730 5606 1830 5660 Ile-

1934 4523 2003 4577 Et
2027 4532 2215 4577 δεειιιιε
2260 4531 2379 4576 sunt
2410 4535 2526 4574 eum
2574 4519 2739 4574 turbte
2781 4519 2981 4573 multm.
3024 4518 3315 4591 Propterea
3345 4520 3514 4574 disci-

1928 4613 2072 4683 pulis
2097 4612 2236 4666 dixit
2264 4629 2277 4664 :
2335 4610 2520 4665 Messis
2546 4609 2712 4663 multa
2738 4609 2802 4664 de
2825 4607 3068 4665 Galilwa.
3126 4610 3200 4664 De
3226 4606 3313 4664 illa
3340 4610 3517 4664 nutri-

1935 4712 2022 4758 tus
2050 4701 2242 4756 fuerat.
2293 4701 2430 4768 Quia
2460 4701 2578 4755 dua:
2601 4699 2834 4754 Galilaete
2862 4707 3007 4754 sunt.
3059 4699 3166 4753 Ista
3199 4698 3513 4754 Iudaeorum

1932 4793 2077 4848 circa
2106 4789 2483 4860 Tyberiadem,
2512 4796 2566 4843 et
2586 4796 2836 4859 stagnum
2865 4786 3127 4854 Genesar,
3158 4789 3214 4842 in
3246 4787 3385 4842 tribu
3407 4788 3513 4842 Za-

1934 4881 2111 4936 bulon.
2143 4880 2327 4935 Altera
2350 4879 2566 4934 Galilaza
2612 4878 2849 4948 gentium
2894 4877 3071 4933 vicina
3100 4878 3293 4932 ﬁnibus
3320 4877 3512 4947 Tyrio-

1936 4985 2076 5036 rum,
2102 4969 2193 5023 ubi
2216 4968 2435 5023 Salmon
2457 4967 2603 5020 dedit
2628 4965 2811 5019 Hiram
2856 4956 3005 5036 regni
3028 4965 3215 5035 viginti
3234 4964 3510 5030 civitates,

1932 5069 1989 5116 et
2009 5068 2092 5114 est
2118 5060 2172 5113 in
2202 5066 2349 5113 sorte
2377 5056 2546 5111 tribus
2569 5054 2856 5124 Neptalim,
2884 5053 3230 5122 etoDecapoli.
3254 5051 3509 5107 Gnaeum

1936 5163 2128 5205 nomen
2152 5157 2255 5210 est,
2300 5153 2355 5200 et
2384 5146 2579 5199 dicitur
2603 5144 2778 5198 decem
2805 5144 3095 5198 civitatum.
3134 5142 3229 5197 Est
3252 5141 3401 5211 regio
3429 5141 3511 5195 υι-

1938 5248 2018 5294 tra
2053 5238 2340 5295 Jordanem
2366 5276 2383 5301 ,
2441 5235 2645 5291 habens
2688 5237 2873 5292 decem
2914 5235 3184 5291 civitates.
3233 5233 3514 5304 Siquidem

1937 5331 2093 5385 Gtece
2121 5328 2277 5401 polis,
2309 5327 2499 5382 Latine
2526 5322 2713 5381 civitas
2736 5328 2969 5383 dicitur:
3001 5328 3126 5382 decu
3155 5328 3363 5390 decem,
3388 5326 3511 5384 inde

1937 5420 2293 5490 compositum
2356 5433 2549 5472 nomen
2606 5417 2899 5488 Decapolis.
2956 5416 3026 5471 Et
3079 5418 3144 5472 de
3179 5414 3510 5472 Hierusalem

1938 5513 2142 5567 civitate
2181 5509 2322 5578 regia
2343 5518 2391 5562 et
2420 5508 2483 5561 de
2505 5506 2716 5561 Judtea.
2748 5506 2931 5561 Judzea
2960 5507 3107 5577 regio
3135 5506 3508 5562 Palmstinmel
3540 5518 3543 5525 '

1940 5605 2155 5660 nomine
2183 5601 2331 5657 ludat
2357 5599 2621 5670 appellata
2641 5606 2746 5665 est,
2779 5614 2845 5655 ex
2873 5613 2980 5667 qua
3010 5613 3164 5669 reges
3191 5598 3379 5654 habuit
3398 5597 3504 5667 ipsa
3535 5590 3539 5595 ’
