3976 6180
483 226 619 295 i505

1214 268 1221 273 η
1287 241 1672 297 CHRISTIANI
1707 242 2113 300 DRUTIIMARI
2152 246 2599 304 CORBEIENSIS
2634 247 2936 308 MONACIII

3600 248 3726 319 tam

480 348 644 422 terra;
676 354 884 409 initium
907 353 1254 425 longitudinis
1273 352 1388 422 ejus
1410 371 1440 409 a
1463 356 1580 410 vico
1605 354 1756 423 Aria,
1784 371 1953 426 usque
1976 357 2045 411 ad
2071 361 2119 421 Α
2151 360 2365 415 tristitia
2415 362 2573 432 lmjns
2610 364 2784 418 steculi
2833 371 3060 420 mortem
3107 380 3378 438 operatur.
3443 374 3487 429 Γ
3484 385 3511 428 ι
3540 376 3726 437 beatus

476 444 654 499 vicum
683 441 941 498 Juliadem
964 443 1279 515 porrigitur,
1303 444 1529 499 latitudo
1554 445 1671 514 ejus
1694 461 1724 499 a
1749 454 1931 501 monte
1952 447 2047 501 Li-

474 533 600 588 bani
638 546 807 601 usque
849 532 917 586 ad
946 531 1257 603 Tyheriadis
1285 532 1459 588 lacum
1509 535 1836 589 extenditur.
1870 535 1937 590 Et
1982 537 2046 591 de

474 630 620 674 trans
647 620 954 674 Iordanem.
1003 620 1262 678 Videlicet
1284 623 1352 677 de
1393 622 1498 677 illis
1541 623 1786 679 tribubus
1810 635 1866 680 et
1887 625 2046 680 dimi-

473 709 577 773 dia,
610 710 805 779 quibus
833 709 1041 781 Moyses
1075 711 1221 767 dedit
1247 713 1639 783 possessionem
1670 722 1821 770 trans
1849 709 2039 772 Iorda—

471 802 614 852 item.
1120 872 1123 873 ν
1531 796 1535 800 ’

1090 891 1316 947 CAPUT
1355 893 1421 947 Χ.

548 1047 581 1063 η
929 984 1003 1038 De
1025 995 1137 1038 octo
1163 985 1584 1042 beatitudinibus;

496 1140 504 1145 α
549 1071 736 1126 Videas
784 1083 955 1126 autem
998 1073 1369 1137 Jesusturbas,
1429 1078 1660 1130 ascendit
1705 1078 1761 1131 in
1790 1085 2032 1133 montem.

465 1150 591 1218 Tria
646 1163 850 1233 refugia
904 1164 1004 1218 sibi
1052 1165 1309 1219 Dominus
1359 1166 1553 1235 elegit,
1611 1169 2036 1239 quandocunque

463 1256 633 1333 turba:
659 1256 836 1309 multa:
870 1256 937 1310 ad
958 1256 1219 1311 audienda
1244 1258 1407 1311 verba
1446 1258 1611 1328 ipsius
1647 1269 2030 1316 convenerunt.

462 1348 695 1402 Montem
735 1349 897 1403 istum
922 1347 1156 1415 Thabor,
1195 1356 1250 1404 et
1293 1348 1467 1404 laeum
1514 1349 1787 1417 Genesar,
1815 1360 1870 1405 et
1898 1361 2034 1407 tem-

459 1431 604 1511 plum
639 1438 868 1492 Domini.
903 1437 1007 1492 Sex
1058 1453 1271 1517 quoque
1298 1440 1465 1495 turbae
1493 1443 1856 1510 sequebantur
1884 1458 2027 1510 eum,

458 1530 669 1583 diversa
697 1529 1007 1583 voluntate:
1039 1530 1212 1599 primo
1252 1530 1496 1602 discipuli
1543 1539 1763 1603 propter
1788 1549 2028 1589 amorem

458 1620 524 1673 ad
546 1619 979 1688 praedicationem
1009 1618 1123 1687 ejus
1149 1621 1497 1686 audiendam;
1526 1622 1614 1675 alii
1636 1632 1854 1692 propter
1880 1626 2026 1679 sani-

2149 448 2439 520 Gregorius
2481 453 2644 507 dicit:
2691 471 2708 503 ι
2736 455 2889 509 Absit
2933 465 2992 509 ut
3031 457 3227 528 aliquis
3257 460 3494 518 fidelium
3543 468 3617 521 de
3653 470 3727 523 in-

2145 540 2303 592 teritu
2328 541 2507 594 mundi
2540 540 2737 610 lugeat,
2767 558 2866 598 nec
2889 545 2956 600 de
2983 548 3201 614 mundo,
3233 565 3333 605 nec
3362 554 3429 607 de
3456 559 3727 613 mundana

2142 643 2202 683 re
2228 631 2565 687 Christianus
2606 633 2788 704 lugere
2815 636 2992 691 debet.
3025 658 3045 689 ι
3096 638 3193 694 Est
3216 651 3394 696 autem
3428 644 3613 704 luctus
3631 649 3726 704 bo-

2140 736 2242 775 nus
2264 736 2422 791 quem
2460 723 2657 779 debent
2703 725 2900 782 habere
2937 727 3249 786 Christiani.
3282 733 3496 803 Lugete
3537 752 3724 795 eorum

2138 820 2222 866 est
2249 814 2301 866 in
2333 814 2529 884 quibus
2555 832 2822 873 memores
2846 819 3074 875 suntDei
3098 834 3364 894 praecepta
3391 831 3720 897 praeterisse,

2138 902 2221 955 vel
2259 916 2364 957 non
2392 906 2567 974 egisse
2593 922 2714 976 quae
2737 906 2833 963 Dei
2863 919 3006 975 sunt,
3055 913 3137 966 vel
3169 916 3445 984 proximos
3470 934 3601 974 suos
3632 923 3722 977 de-

2136 989 2265 1047 bent
2285 992 2487 1063 lugere,
2519 998 2609 1066 qui
2632 1012 2663 1051 a
2687 998 2795 1053 Deo
2817 1000 3123 1058 exorbitant
3150 1023 3164 1058 :
3204 1007 3345 1061 sicut
3376 1007 3595 1066 Samuel
3637 1013 3716 1066 lu-

2135 1082 2297 1150 gebat
2343 1082 2470 1139 Saul
2520 1089 2826 1155 praeterisse
2878 1093 3127 1149 mandata
3180 1095 3296 1150 Dei.
3347 1097 3713 1157 Perfeclorum

2134 1185 2347 1261 quoque
2369 1173 2547 1244 lugere
2573 1185 2657 1231 est
2696 1193 2793 1247 pro
2821 1180 3076 1237 dilatione
3116 1184 3239 1239 vita:
3262 1191 3487 1243 πίει-ηπ
3519 1200 3576 1245 et
3620 1208 3713 1261 pro

2135 1260 2399 1317 desiderio
2420 1265 2641 1321 visionis
2669 1267 2784 1323 Dei.
2816 1269 2917 1336 Qui
2949 1285 3077 1343 ergo
3101 1283 3195 1328 aut
3222 1292 3321 1346 pro
3342 1260 3711 1341 reCordatione

2133 1354 2508 1421 peccaminum
2537 1372 2788 1424 suorum,
2832 1370 2925 1416 aut
2948 1366 3336 1434 proximorum,
3371 1386 3465 1426 seu
3490 1390 3590 1443 pro
3633 1375 3713 1431 fu-

2132 1451 2255 1536 turo
2284 1443 2496 1536 'judicio
2517 1488 2532 1509 .
2592 1449 2673 1504 vel
2708 1466 2809 1521 pro
2840 1456 3268 1527 peregrinatione
3301 1463 3509 1519 ctelesti
3539 1470 3708 1536 patria

2132 1530 2333 1602 lugent,
2384 1534 2473 1589 isti
2502 1538 2921 1595 consolabuntur
2942 1544 3306 1602 consolatione
3339 1530 3560 1618 teter-na,
3589 1569 3708 1624 qua:

2130 1623 2417 1680 terminum
2462 1640 2566 1680 non
2595 1627 2832 1684 habebit.
2863 1631 3013 1686 Beati
3038 1636 3128 1704 qui
3162 1640 3401 1694 esuriant
3449 1653 3500 1697 et
3524 1645 3706 1701 sitiunt

456 1720 652 1775 tatem;
680 1711 767 1765 alii
798 1720 1017 1782 propter
1034 1712 1638 1769 admirationemvidere
1659 1731 1782 1769 eum
1810 1716 2027 1785 cupien-
2056 1710 2100 1771 B
2119 1710 2401 1781 juxtiliam.
2464 1714 2565 1782 Qui
2613 1731 2827 1788 semper
2874 1720 3077 1778 faciunt
3111 1724 3378 1793 justitiam
3405 1771 3422 1796 ,
3477 1733 3579 1788 hoc
3624 1744 3706 1791 est

454 1809 536 1855 tes
566 1800 825 1854 miracula
878 1800 1096 1871 facere;
1154 1802 1244 1856 alii
1285 1810 1506 1875 propter
1539 1804 1886 1875 indigentiam
1932 1820 2027 1860 cu-

452 1891 661 1959 pientes
688 1891 921 1946 saturari
969 1891 1038 1946 ab
1067 1891 1177 1958 illo,
1207 1891 1291 1946 vel
1320 1892 1520 1963 aliquid
1566 1892 1920 1965 eleemosyna:
1969 1895 2025 1950 in

452 1981 710 2046 denariis,
748 1990 841 2035 aut
870 1982 924 2035 in
960 1981 1063 2036 alia
1094 1997 1153 2037 re
1184 1982 1431 2052 accipere
1458 1999 1473 2049 ;
1503 1982 1761 2039 Pharisaei
1788 1997 1918 2041 vero
1941 1984 2024 2041 vel

451 2068 681 2126 ministri
708 2085 915 2135 eorum,
938 2072 1006 2127 ob
1029 2072 1517 2141 reprehensionem.
1532 2072 1775 2127 Ascendit
1795 2074 1849 2127 in
1878 2088 2025 2129 mon-

449 2170 551 2213 tem
573 2172 592 2211 :
623 2160 674 2214 in
703 2160 961 2231 superiori
988 2161 1209 2227 montis,
1232 2162 1519 2220 secretiora
1542 2162 1765 2232 loquens
1784 2163 2021 2233 discipu-

449 2232 514 2305 lis
539 2268 554 2317 ι
588 2251 640 2305 in
671 2250 1015 2307 inferioribus
1037 2259 1241 2318 autem,
1270 2253 1460 2318 turbis,
1493 2254 1579 2309 ubi
1600 2256 1763 2309 etiam
1787 2232 2023 2325 quinque

450 2341 615 2396 millia
649 2341 923 2397 hominum
959 2344 1193 2398 satiavit.
1243 2343 1458 2399 Etcum
1486 2345 1717 2400 sedisset.
1761 2345 2023 2402 Videlicet

446 2436 759 2503 Segregatus
781 2450 811 2489 a
840 2432 1029 2491 turbis.
1054 2433 1254 2491 Sedere
1266 2434 1379 2499 Dei,
1409 2445 1493 2492 est
1507 2436 1820 2507 spiritaliter
1843 2437 2020 2492 incar-

446 2530 629 2577 natum
650 2540 772 2579 eum
795 2539 937 2591 esse,
970 2528 1096 2596 quia
1120 2528 1272 2598 quasi
1292 2537 1629 2584 contractum
1648 2545 1769 2584 cum
1786 2544 1903 2584 esse
1932 2530 2015 2584 in-

443 2622 744 2680 carnatum,
767 2616 872 2672 hoc
891 2626 975 2672 est
998 2633 1103 2672 non
1125 2633 1247 2673 esse
1266 2618 1449 2683 talem,
1473 2619 1646 2688 qualis
1663 2627 1743 2674 est
1757 2619 1809 2672 in
1833 2635 1930 2673 sua
1945 2620 2019 2674 di-

445 2703 688 2759 vinitate.
718 2703 971 2775 Discipuli
995 2705 1110 2781 ejus
1125 2717 1451 2762 accesserunt
1474 2709 1545 2761 ad
1570 2724 1708 2762 eum.
1736 2706 1889 2763 Sicut
1906 2707 2017 2762 ala—

440 2794 582 2859 cres,
598 2794 737 2873 sicut
751 2794 1047 2861 domestici,
1060 2797 1196 2851 sicut
1213 2795 1369 2852 electi
1384 2797 1449 2852 de
1461 2797 1650 2863 turbis,
1666 2798 1809 2869 digni
1827 2799 2016 2854 audire

441 2884 759 2955 mysterium
808 2886 961 2956 regni
1016 2886 1294 2951 oculorum,
1328 2888 1470 2958 quod
1500 2889 1667 2945 turba:
1693 2889 1878 2944 audire
1920 2893 2015 2943 ne-

438 2974 685 3044 ‘quibant.
726 2974 795 3029 Et
827 2977 1060 3045 aperiens
1099 2995 1156 3032 os
1198 2995 1373 3033 suum.
1424 2977 1524 3045 Qui
1546 2979 1696 3049 prius
1740 2994 1836 3035 ora
1888 2993 2013 3049 ape-

2118 1802 2262 1873 justa
2288 1815 2594 1875 operantur,
2645 1820 2699 1864 et
2723 1827 2936 1881 semper
2984 1816 3103 1886 plus
3145 1821 3369 1889 cupiunt
3417 1823 3619 1888 facere,
3649 1836 3704 1882 et

2123 1897 2277 1966 quasi
2320 1896 2548 1955 faciendi
2599 1900 2791 1957 famem
2820 1907 3130 1974 patiuntur:
3173 1911 3262 1966 isti
3315 1916 3703 1973 Saturabuntur

2123 1991 2189 2045 de
2215 1992 2431 2047 aeternis
2453 1993 2630 2060 bonis,
2645 2008 2764 2065 'qute
2792 1998 2973 2053 oculus
3001 2015 3105 2055 non
3128 2001 3285 2069 vidit,
3318 2021 3413 2060 nec
3433 2008 3582 2062 auris
3606 2020 3701 2063 au-

2120 2079 2267 2145 divit,
2293 2097 2385 2135 nec
2404 2082 2459 2135 in
2482 2099 2573 2136 cor
2589 2084 2810 2140 hominis
2825 2088 3080 2156 ascendit,
3098 2105 3216 2161 quae
3229 2097 3546 2163 pra'paraeit
3558 2096 3699 2152 Deus

2120 2167 2451 2238 diligentibus
2475 2189 2550 2227 se.

2188 2258 2340 2313 Beati
2390 2262 2748 2319 misericordes
2770 2304 2786 2330 ,
2843 2268 3088 2332 quoniam
3131 2270 3233 2340 ipsi
3282 2273 3694 2331 misericordiam

2119 2360 2507 2418 consequentur.
2538 2350 2923 2419 Misericordia,
2976 2373 3080 2412 non
3104 2358 3276 2414 solum
3313 2371 3398 2417 est
3425 2364 3479 2417 in
3502 2379 3563 2420 re
3582 2374 3694 2421 ter-

2118 2451 2268 2501 rena,
2311 2441 2405 2493 sed
2432 2441 2594 2495 etiam
2622 2442 2675 2496 in
2711 2445 2960 2513 spiritali,
2988 2456 3047 2501 ut
3069 2448 3378 2517 adjuvemus
3413 2457 3695 2524 proximos

2118 2527 2423 2598 ubicunque
2444 2543 2749 2598 possumus.
2803 2532 2902 2599 Qui
2941 2544 3118 2590 autem
3149 2540 3383 2608 perituro
3423 2558 3531 2599 non
3562 2548 3694 2601 sub-

2116 2616 2281 2680 venit,
2308 2617 2354 2671 si
2382 2627 2594 2687 potest,
2632 2621 2859 2677 occidit:
2888 2632 2942 2678 et
2972 2626 3195 2693 aequalis
3225 2628 3311 2683 ille
3337 2631 3427 2700 qui
3457 2631 3616 2699 facit,
3638 2646 3694 2690 et

2115 2705 2205 2775 qui
2253 2705 2473 2762 facienti
2498 2711 2767 2765 consentit
2799 2720 2859 2766 ut
2889 2713 3069 2769 faciat.
3119 2715 3481 2776 Misericordia
3510 2733 3690 2779 autem

2113 2809 2146 2850 a
2171 2795 2371 2851 misero
2417 2797 2580 2852 corde
2622 2808 2864 2867 vocatur,
2895 2802 2941 2857 si
2968 2802 3167 2875 aliquid
3215 2823 3323 2863 non
3363 2825 3684 2879 possumus:

2113 2886 2198 2942 vel
2224 2887 2278 2941 in
2303 2887 2464 2942 corde
2509 2889 2918 2947 condoleamus:
2955 2894 3058 2949 hoc
3096 2896 3163 2951 de
3196 2901 3425 2956 terrenis
3458 2903 3687 2969 damnis,

2112 2984 2168 3031 et
2188 2992 2314 3047 erga
2330 2993 2433 3033 nos
2452 2980 2772 3035 commissis.
2797 2980 3059 3038 Czeterum
3086 2987 3176 3055 qui
3197 2997 3386 3056 peccat
3406 2991 3461 3044 in
3484 2992 3684 3059 Deum,

439 3071 626 3117 ruerat
657 3064 1061 3133 prophetarum.
1120 3066 1345 3121 Docebat
1369 3084 1474 3122 eos.
1506 3069 1608 3134 Qui
1632 3069 1890 3124 docuerat
1913 3068 2010 3123 ali-
2037 3053 2080 3119 C
2113 3082 2218 3121 non
2241 3074 2326 3122 est
2352 3075 2598 3123 nostrum
2623 3070 2896 3125 remittere
2936 3090 2950 3125 :
2998 3053 3169 3129 donec
3198 3053 3376 3131 Deum
3403 3053 3686 3135 credamus

440 3152 655 3220 quando
680 3167 777 3221 per
826 3151 1158 3223 legislatores
1186 3164 1241 3210 et
1274 3156 1584 3224 prophetas,
1638 3170 1779 3212 nunc
1803 3173 1899 3228 per
1919 3172 2008 3213 se-

440 3240 725 3309 metipsum
759 3240 943 3296 dicens
972 3260 985 3294 :
1012 3242 1162 3296 Beati
1208 3261 1458 3314 pauperes
1491 3245 1695 3314 spiritu.
1738 3245 1853 3302 Non
1878 3248 2010 3302 dicit

438 3328 680 3403 absolute
704 3345 976 3399 pauperes,
1021 3332 1115 3387 sed
1144 3332 1291 3387 addit
1320 3333 1526 3403 spiritu,
1563 3334 1689 3404 quia
1728 3335 1882 3390 multi
1922 3336 2007 3390 in—

438 3417 532 3472 viti
563 3426 686 3471 sunt
717 3433 980 3489 pauperes
1007 3437 1021 3487 ;
1055 3422 1150 3476 sed
1189 3422 1255 3477 de
1284 3422 1371 3478 his
1407 3423 1576 3490 dicit,
1620 3425 1856 3495 quicum
1884 3439 2009 3496 pos-

438 3506 547 3561 sint
572 3522 692 3563 esse
721 3507 933 3575 divites,
964 3518 1183 3580 propter
1209 3511 1377 3566 Deum
1398 3522 1768 3583 paupertatem
1799 3523 2008 3571 sectan-

440 3606 550 3663 tur,
581 3599 693 3654 sive
717 3614 820 3654 non
860 3598 1059 3674 habent
1084 3600 1411 3657 voluntatem
1439 3602 1688 3668 habendi,
1721 3604 1861 3662 sicut
1881 3621 2008 3676 apo-

436 3691 558 3746 stoli
588 3690 652 3746 ad
683 3690 817 3760 quas
840 3692 957 3746 haec
977 3692 1311 3762 loquebatur.
1365 3694 1489 3749 Sive
1520 3712 1769 3766 pauperes
1799 3699 2005 3769 spiritu,

436 3783 704 3839 humiles:
744 3784 808 3839 de
853 3784 1046 3853 quibus
1081 3785 1341 3855 scriptum
1380 3798 1462 3842 est
1492 3804 1504 3840 :
1555 3786 1624 3841 Et
1654 3788 1871 3843 humiles
1895 3793 2006 3859 spi-

438 3875 544 3930 ritu
576 3874 815 3929 salvabit.
849 3874 917 3929 Et
943 3874 1008 3929 de
1043 3874 1128 3930 his
1152 3890 1249 3945 per
1275 3875 1469 3931 Isaiam
1500 3894 1513 3930 :
1544 3875 1770 3946 Spiritus
1798 3876 2006 3932 Domini

433 3981 589 4036 super
623 3981 702 4020 me
739 3977 757 4016 :
798 3964 866 4019 ad
903 3966 1320 4021 annuntiandum
1371 3948 1682 4038 pauperibus
1718 3967 1857 4022 misit
1903 3985 2004 4024 me.

437 4056 699 4123 Quoniam
740 4057 971 4128 ipsorum
1023 4068 1099 4113 est
1138 4075 1350 4130 regnum
1395 4059 1658 4116 caelorum.
1698 4062 1819 4118 Vita
1862 4064 2009 4119 scili-

436 4159 524 4204 cet
552 4156 753 4205 ωιθηιει
763 4188 776 4203 .
1726 4164 1729 4167 ’

517 4240 668 4296 Beati
729 4241 900 4296 mites.
964 4239 1021 4296 Id
1092 4250 1176 4297 est
1242 4244 1526 4300 mansueti.

434 4341 544 4389 tem
586 4332 844 4389 Dominus
882 4349 913 4388 a
943 4348 1002 4389 se
1038 4334 1247 4390 discere
1267 4333 1431 4403 jussit
1459 4336 1641 4392 dicens
1684 4355 1698 4391 :

431 4438 515 4477 me
539 4423 665 4493 quia
692 4423 833 4477 mitis
879 4438 1029 4488 sum,
1082 4430 1131 4477 et
1179 4423 1390 4479 humilis
1431 4425 1624 4480 corde:
1669 4435 1999 4493 mansuetus,

431 4530 591 4567 manu
620 4523 859 4568 assuetus
889 4513 1121 4568 dicitur:
1148 4501 1274 4569 hoc
1314 4523 1397 4570 est
1425 4517 1516 4586 qui
1545 4532 1652 4572 non
1699 4518 2003 4589 despiciunt

426 4602 589 4668 alios,
631 4604 726 4658 sed
760 4617 951 4658 omnes
978 4611 1039 4657 ut
1074 4604 1347 4674 proximos
1381 4615 1565 4660 amant
1602 4615 1655 4661 et
1691 4608 1999 4679 recipiunt;

430 4694 524 4764 qui
554 4708 658 4749 non
699 4701 827 4750 sunt
845 4695 1084 4765 superbi,
1112 4710 1213 4750 nec
1237 4695 1591 4766 dedignantur
1614 4708 1854 4756 cteteros.
1890 4701 2003 4772 Ipsi

429 4782 763 4853 possidebunt
796 4792 1010 4837 terram.
1059 4782 1179 4839 Non
1206 4784 1365 4838 istam
1393 4799 1512 4852 quae
1543 4785 1725 4855 spinas
1753 4796 1809 4842 et
1833 4788 2003 4843 tribu-

430 4873 513 4929 los
536 4872 764 4944 profert,
795 4887 956 4942 quam
983 4873 1336 4930 crudelissimi
1362 4882 1416 4928 et
1444 4875 1659 4943 superbi
1690 4876 1860 4947 magis
1885 4894 2003 4947 pos-

1601 4244 1750 4302 Hanc
1818 4245 1960 4300 virtu
1974 4275 2002 4287 -

431 4965 630 5030 sident,
676 4966 773 5020 sed
816 4964 960 5019 illam
998 4966 1067 5022 de
1109 4980 1212 5035 qua
1237 4966 1436 5020 dictum
1469 4974 1590 5020 est:
1641 4964 1806 5021 Credo
1832 4967 2000 5023 videre

430 5056 564 5110 bona
594 5056 803 5110 Domini
849 5055 904 5110 in
930 5064 1069 5111 terra
1097 5057 1395 5112 viventium.
1427 5055 1592 5127 Cujus
1634 5072 1998 5126 possessorem

429 5148 740 5205 describens
759 5148 1057 5219 psalmista,
1103 5150 1255 5219 quasi
1283 5166 1381 5220 pro
1417 5151 1745 5221 triumphato
1789 5151 2000 5207 diabolo

429 5237 595 5291 dicit:
627 5236 845 5293 Intende
877 5255 1141 5309 prospere,
1171 5240 1390 5309 procede
1410 5249 1458 5294 et
1486 5257 1664 5311 regna,
1693 5251 1901 5311 propter
1920 5258 2001 5296 ve-

424 5325 635 5401 ritatem
656 5336 703 5380 et
727 5328 1175 5382 mansuetudinem
1202 5338 1249 5383 et
1270 5328 1566 5398 justitiam,
1615 5338 1719 5384 etc.
1771 5329 1874 5383 Per
1899 5330 2001 5384 tria

425 5413 548 5471 ista.
601 5415 685 5470 illa
718 5425 873 5475 terra.
912 5418 1121 5474 Domini
1144 5420 1486 5487 possidetur:
1518 5421 1765 5476 videlicet
1803 5421 2000 5475 verita-

423 5489 559 5584 μω,
586 5508 1063 5573 mansuetudinem,
1101 5519 1157 5565 et
1175 5508 1458 5578 justitiam.
1504 5512 1654 5566 Beati
1677 5514 1765 5584 qui
1805 5512 2001 5582 lugent.

425 5566 526 5644 Est
544 5591 724 5650 luctus
768 5596 939 5655 maius
982 5615 1085 5668 pro
1111 5566 1326 5656 terreno
1379 5602 1574 5659 damno
1628 5566 1999 5673 lugerezuuia

2026 4390 2078 4450 D

2110 3158 2389 3215 dimissum
2433 3159 2648 3215 habere.
2689 3161 3006 3233 Exemplum
3039 3167 3193 3222 nobis
3222 3176 3307 3223 est
3344 3173 3686 3228 resuscitatio

2109 3247 2297 3304 Lazari
2351 3264 2511 3318 quem
2541 3250 2787 3319 discipuli
2823 3266 2929 3306 non
2972 3262 3131 3309 antea
3178 3256 3477 3327 solverunt,
3523 3276 3684 3329 quam

2108 3339 2366 3397 Dominus
2393 3342 2670 3397 habuisset
2695 3344 3070 3400 resuscitatum
3097 3364 3111 3400 :
3167 3359 3267 3401 nec
3292 3359 3480 3419 pastor
3502 3352 3685 3407 Eccle-

2106 3431 2200 3486 sia:
2233 3443 2571 3501 peccatorem
2618 3444 2793 3503 potest
2840 3437 3120 3494 absolvere
3165 3456 3195 3495 a
3218 3444 3476 3511 peccatis,
3516 3446 3683 3500 donec

2108 3525 2510 3581 resuscitatus:
2564 3527 2665 3582 hoc
2712 3536 2798 3583 est
2856 3530 3168 3588 immutatus
3222 3533 3316 3588 ﬁat
3371 3536 3426 3590 in
3481 3538 3677 3592 anima.

2104 3612 2347 3680 Quandiu
2394 3622 2487 3670 aut
2536 3616 2589 3670 in
2640 3616 2915 3673 voluntate
2969 3628 3064 3674 aut
3111 3621 3166 3674 in
3209 3637 3374 3692 opere
3433 3625 3554 3680 talis
3596 3634 3682 3681 est

2104 3705 2280 3773 qualis
2308 3704 2407 3760 fuit
2432 3724 2445 3759 :
2473 3706 2673 3762 frustra
2696 3708 2770 3761 illi
2794 3709 3002 3764 veniam
3030 3712 3294 3780 promittit
3314 3724 3675 3782 peccatorum.

2105 3794 2180 3849 De
2202 3794 2393 3850 talibus
2416 3795 2674 3851 Dominus
2699 3798 2828 3853 dicit
2851 3796 3168 3854 :Personam
3202 3804 3253 3855 in
3265 3802 3472 3871 judicio
3497 3823 3681 3875 cogno-

2102 3899 2244 3937 scere
2267 3892 2467 3937 nonest
2491 3884 2702 3939 bonum.
2744 3886 2810 3941 Et
2836 3888 3026 3943 iterum
3049 3906 3063 3943 :
3089 3889 3211 3943 Non
3234 3891 3462 3947 declines
3490 3911 3578 3951 cor
3610 3895 3680 3948 ad

2103 3976 2368 4031 dexteram
2390 3994 2552 4048 neque
2576 3978 2645 4032 ad
2676 3980 2963 4035 sinistram.
3000 3981 3132 4036 Item
3165 4001 3178 4036 :
3211 3981 3269 4037 Si
3294 3986 3577 4052 peccauerit
3602 3989 3682 4039 vir

2103 4068 2158 4122 in
2178 4068 2344 4122 virum
2379 4066 2580 4138 placari
2607 4072 2656 4124 ei
2700 4080 2867 4141 potest
2910 4072 3089 4127 Deus:
3122 4075 3169 4128 si
3208 4085 3382 4129 autem
3430 4078 3485 4131 in
3514 4077 3680 4132 Deum

2101 4159 2387 4228 peccaverit
2422 4160 2535 4226 vir,
2582 4161 2698 4232 quis
2725 4163 2895 4216 orabit
2937 4181 3032 4234 pro
3056 4181 3117 4219 ea
3143 4165 3169 4219 ἵ

2174 4249 2324 4305 Beati
2350 4252 2544 4305 mundo
2579 4257 2753 4319 corde,
2803 4255 3049 4325 quoniam
3092 4256 3190 4325 ipsi
3214 4255 3385 4310 Deum
3415 4256 3675 4310 videbunt.

1754 4336 1947 4393 Discite
1969 4356 2002 4394 a
2027 4390 2077 4411 η
2102 4337 2181 4393 llli
2205 4346 2331 4393 sunt
2359 4340 2558 4395 mundo
2582 4341 2765 4407 corde,
2813 4358 2946 4411 quos
2976 4358 3079 4397 non
3112 4344 3382 4398 remordet
3406 4346 3681 4400 conscien-

2095 4421 2181 4485 tia
2199 4430 2490 4486 criminalis
2517 4432 2741 4501 peccati,
2782 4433 2863 4487 vel
2893 4434 2982 4503 qui
3009 4449 3114 4488 non
3148 4434 3386 4504 cogitant
3411 4435 3548 4488 aliud
3574 4435 3677 4489 nisi

2104 4519 2245 4589 quod
2281 4520 2478 4573 bonum
2513 4530 2623 4583 est,
2648 4519 2872 4575 Mundus
2893 4521 3033 4575 enim
3065 4521 3207 4575 Deus
3230 4537 3258 4575 a
3285 4523 3501 4577 mundis
3519 4524 3679 4577 corde

2102 4614 2371 4669 videbitur
2415 4614 2468 4667 in
2516 4614 2620 4668 hoc
2667 4613 2862 4667 saeculo
2889 4613 3059 4668 oculis
3086 4614 3289 4679 cordis,
3336 4624 3393 4669 et
3427 4616 3526 4669 sub
3547 4629 3678 4683 qua-

2104 4703 2225 4758 dam
2260 4704 2492 4771 imagine
2514 4704 2567 4757 in
2593 4702 2768 4756 futura
2791 4704 2896 4757 vita
2918 4702 3056 4756 facie
3079 4703 3147 4756 ad
3170 4702 3387 4757 faciem.
3412 4701 3561 4768 Beati
3580 4720 3679 4773 pa-

2102 4795 2258 4864 ciﬁci,
2286 4795 2531 4864 quoniam
2561 4794 2659 4863 ﬁlii
2686 4793 2780 4847 Dei
2804 4794 3136 4847 vocabuntur.
3164 4792 3383 4848 Paciﬁci
3416 4794 3679 4861 composi-

2102 4892 2216 4938 tum
2241 4884 2464 4938 verbum
2508 4892 2608 4945 est,
2657 4898 2688 4936 a
2732 4898 2858 4952 pace
2886 4892 2940 4936 et
2971 4883 3128 4951 facio.
3174 4882 3253 4936 llli
3290 4890 3417 4936 sunt
3443 4881 3674 4951 paciﬁci,

2100 4975 2193 5045 qui
2220 4975 2453 5045 primum
2478 4974 2677 5028 faciunt
2720 4989 2905 5042 pacem
2937 4974 2989 5028 in
3021 4988 3081 5028 se
3118 4972 3372 5027 vitiorum
3398 5014 3414 5037 ,
3461 4981 3522 5026 ut
3568 4989 3675 5027 non

2100 5074 2337 5135 pugnent
2372 5064 2501 5119 vitia
2529 5070 2717 5118 contra
2748 5064 2994 5127 virtutes,
3046 5062 3136 5116 sed
3167 5062 3407 5118 habeant
3430 5069 3675 5132 pacatum

2101 5155 2295 5210 Deum.
2335 5154 2539 5209 Deinde
2566 5154 2816 5209 studeant
2841 5154 3126 5223 paciﬁcare
3153 5154 3429 5223 proximos
3470 5166 3591 5207 suos
3620 5152 3675 5206 in

2099 5243 2261 5307 bono,
2295 5258 2400 5296 non
2441 5241 2495 5296 in
2522 5241 2680 5295 malo.
2735 5241 2851 5296 Non
2887 5241 3030 5297 enim
3064 5250 3147 5297 est
3182 5240 3324 5297 bona
3369 5257 3475 5313 pax
3515 5256 3675 5312 quam

2102 5333 2226 5387 mali
2254 5332 2485 5397 habent;
2526 5345 2626 5388 nec
2645 5347 2765 5387 eam
2783 5333 2963 5403 justus
3006 5333 3161 5387 debet
3205 5332 3545 5393 consentire,
3590 5332 3677 5386 vel

2086 5438 2321 5478 .consors
2346 5422 2488 5477 illius
2510 5437 2664 5478 esse:
2697 5424 2949 5493 quoniam
2987 5423 3291 5493 proximum
3323 5423 3566 5492 diligere,
3588 5422 3672 5477 vi-

2103 5514 2235 5567 tium
2259 5514 2516 5569 debemus
2547 5514 2717 5569 odire.
2753 5514 2905 5568 Beati
2924 5515 3012 5584 qui
3037 5515 3446 5584 persecutionem
3470 5517 3677 5584 patiun-

2105 5612 2189 5656 tur
2232 5614 2439 5675 propter
2460 5604 2746 5674 justitiam,
2791 5606 3038 5675 quoniam
3067 5606 3297 5675 ipsorum
3341 5616 3416 5679 est
3469 5620 3675 5674 regnum
