3962 6174
291 246 426 320 nos

1443 236 1803 306 sxrosmo
1839 246 1906 303 1N
1949 247 2388 306 nummum.

3391 250 3526 309 i306

286 361 549 416 culorum.
593 358 695 425 Qui
740 361 874 414 bona
905 348 1128 426 faciunt,
1158 369 1212 416 et
1240 360 1375 414 mala
1406 376 1504 429 pro
1538 361 1742 416 eisdem
1761 356 1861 417 bo-
1885 364 1938 423 Α
1961 376 2186 431 corpora
2213 362 2353 416 sicut
2379 363 2439 418 lit
2479 377 2576 432 per
2616 363 2939 431 doctrinam,
2968 348 3051 422 vel
3084 365 3341 421 luxuriosi
3395 370 3531 423 casti

285 451 369 504 nis
394 449 692 517 recipiunt;
720 458 775 503 et
797 458 1015 505 sanctus
1040 450 1379 519 Lampertus,
1406 459 1461 506 et
1482 460 1702 507 sanctus
1727 451 1860 508 Leo-

285 540 555 610 degarius,
586 537 671 593 vel
720 539 811 593 alii
837 540 1122 594 innumeri.
1167 539 1272 595 Sed
1301 549 1358 595 et
1396 542 1487 611 qui
1516 556 1615 611 pro
1641 540 1858 597 Christo

284 629 708 700 pcrswutionem
734 630 1029 697 patiuntur,
1063 638 1124 684 ut
1145 629 1391 685 fecerunt
1437 646 1626 687 omnes
1650 639 1857 702 marty-

285 734 389 775 res.
427 719 574 773 Beati
611 720 733 774 estis
776 735 895 773 cum
935 720 1300 774 maledixerint
1337 721 1476 774 vobis
1511 720 1764 786 homines,
1808 729 1856 775 et

282 810 535 877 persecuti
579 824 666 862 vos
690 808 904 877 fuerint,
936 818 983 863 et
1014 808 1241 864 dixerint
1270 826 1419 863 omne
1444 809 1642 863 malum
1668 810 1855 866 adver-

280 917 393 953 sum
421 916 507 953 vos
546 902 846 954 mentientes
869 910 1080 970 propter
1120 916 1219 953 me.
1269 900 1502 970 Exponit
1530 901 1681 955 istam
1708 906 1859 957 oeta-

282 1004 400 1042 vam
432 989 814 1043 beatitudinem
834 1028 850 1052 ,
899 988 1167 1057 quomodo
1196 989 1526 1044 sustineatur
1552 990 1857 1058 persecutio

276 1087 496 1148 propter
532 1077 816 1146 justitiam.
875 1077 932 1133 Si
984 1079 1124 1133 male
1154 1079 1335 1135 dicant
1379 1079 1534 1135 nobis
1570 1080 1767 1151 injuste
1802 1088 1859 1136 et

280 1171 643 1237 mentiantur;
703 1170 749 1228 si
794 1179 1192 1241 persequantur
1242 1168 1480 1239 injuste;
1526 1173 1572 1227 si
1620 1173 1857 1228 dixerint

276 1275 436 1315 omne
474 1260 676 1315 malum
714 1262 1075 1317 mentientes:
1128 1276 1251 1315 nam
1294 1262 1339 1316 si
1383 1277 1568 1316 verum
1598 1263 1853 1331 dixerint,

276 1366 382 1404 non
409 1352 614 1406 erimus
639 1352 804 1406 beati.
858 1352 925 1406 Et
949 1353 994 1407 si
1022 1361 1243 1423 propter
1266 1362 1487 1422 peccata
1521 1364 1705 1410 nostra
1734 1371 1858 1425 per-

275 1444 607 1498 secutionem
653 1445 941 1513 patiamur,
997 1462 1104 1502 non
1130 1448 1386 1502 continuo
1416 1448 1621 1503 erimus
1662 1434 1803 1503 beati
1834 1462 1850 1514 ;

273 1534 366 1589 sed
398 1535 442 1589 si
467 1535 732 1603 patienter
755 1536 1141 1604 sustineamus,
1165 1546 1221 1593 et
1259 1552 1709 1606 recognoscamus
1730 1538 1856 1608 quia

269 1620 441 1691 iuste,
474 1631 529 1677 et
548 1638 653 1678 non
673 1632 880 1678 tantum
908 1634 1166 1694 quantum
1190 1628 1368 1682 meriti
1397 1644 1583 1683 sumus
1610 1646 1623 1681 :
1662 1643 1856 1698 perve-

1956 450 2129 518 llunt;
2160 451 2310 522 fugat
2335 469 2566 519 muscas,
2622 454 2783 511 idest
2837 456 3096 513 diabolus.
3148 458 3215 512 Et
3247 458 3368 513 ideo
3406 457 3531 527 jure

1955 542 2092 596 dixit
2122 542 2225 597 illis
2251 542 2529 609 Dominus,
2569 560 2657 599 vos
2686 546 2808 599 estis
2838 545 2918 601 sal
2943 557 3114 613 terrm,
3170 548 3223 601 id
3252 556 3335 603 est
3376 549 3531 603 babi-

1955 632 2193 687 tantibus
2222 633 2276 686 in
2299 640 2465 687 terra.
2500 632 2651 699 Quod
2676 636 2721 688 si
2745 634 2826 689 sal
2851 638 3137 703 evanuerit,
3168 639 3223 691 in
3245 654 3346 709 quo
3371 637 3528 692 salie-

1954 723 2087 777 tur?
2113 721 2171 777 Si
2207 724 2396 780 doctor
2434 724 2720 791 erraverit,
2761 741 2794 779 a
2823 740 2930 796 quo
2958 726 3176 783 doctore
3224 729 3533 784 emendabi-
3580 750 3591 803 j

1954 813 2087 868 tur?
2114 814 2195 867 Ad
2219 813 2369 880 nihil,
2403 814 2541 869 ultra
2568 814 2722 881 valet,
2768 816 2869 870 nisi
2924 826 2978 870 ut
3013 819 3253 871 mittatur
3275 819 3441 888 foras,
3483 822 3533 872 cl

1954 900 2285 956 conculcetur
2312 887 2376 956 al)
2402 903 2716 957 hominibus.
2746 894 2898 959 Sicut
2919 903 2997 959 sal
3024 905 3078 958 iu
3107 887 3357 960 omnibus
3386 907 3531 975 agris

1954 991 2203 1045 nocivum
2233 999 2336 1055 est,
2364 992 2490 1060 quia
2511 992 2707 1047 sterilis
2724 985 2952 1047 edicitur
2977 994 3152 1048 omnis
3174 1003 3316 1049 terra
3346 993 3414 1048 ab
3443 1010 3528 1048 eo.

1955 1080 2107 1137 Unde
2131 1086 2188 1136 "et
2218 1080 2270 1135 in
2300 1081 2575 1153 subversis
2601 1082 2908 1137 civitatibus
2954 1083 3057 1138 hoc
3093 1082 3319 1153 legimus
3346 1099 3530 1152 asper-

1954 1185 2097 1236 sum,
2156 1186 2225 1225 ne
2255 1171 2377 1240 quis
2418 1171 2491 1225 ibi
2516 1181 2700 1241 postea
2726 1171 2886 1227 vellet
2930 1187 3192 1227 manere:
3228 1174 3370 1242 quod
3403 1173 3533 1227 Abi—

1952 1246 2160 1314 melech
2191 1246 2382 1315 fecisse
2408 1259 2633 1333 legimus
2676 1260 2820 1317 IElio
2844 1259 3045 1319 Arian'o
3077 1265 3143 1318 de
3174 1264 3527 1319 Hierusalem;

1954 1348 2066 1405 Hac
2095 1350 2473 1416 similitudine,
2525 1352 2569 1407 si
2610 1353 2800 1408 doctor
2823 1355 2890 1408 ad
2940 1355 3191 1408 haeresim
3238 1370 3532 1409 conversus

1953 1438 2116 1495 fuerit
2137 1429 2352 1512 ejicitur
2374 1433 2440 1496 de
2481 1436 2739 1509 Ecclesia,
2772 1452 2828 1499 et
2855 1445 3081 1499 habetur
3107 1445 3435 1515 contemptui
3464 1447 3530 1499 ab

1953 1530 2200 1586 omnibus
2225 1532 2298 1586 ita
2326 1536 2386 1586 ut
2406 1547 2503 1587 nec
2523 1551 2614 1588 ave
2636 1534 2938 1601 ei.dieatur,
2963 1536 3055 1591 sed
3082 1537 3149 1590 ab
3168 1538 3415 1591 omnibus
3439 1552 3533 1592 ex-

1956 1629 2241 1678 secretur:
2292 1623 2432 1679 sicut
2459 1623 2654 1679 Paulus
2702 1624 2876 1680 dicit:
2927 1623 3248 1679 "(creticum
3273 1626 3532 1679 hominem

273 1711 486 1767 niemus
504 1713 827 1783 quandoque
847 1714 914 1768 ad
937 1714 1323 1773 beatitudinem
1354 1718 1399 1772 si
1425 1718 1600 1773 futura
1634 1734 1741 1773 non
1769 1735 1855 1776 ac-
1881 1699 1928 1759 Β
1953 1720 2067 1782 Ροει
2091 1712 2314 1781 Primam
2342 1721 2391 1766 ει
2426 1708 2707 1768 secundum
2732 1714 3105 1784 correptione"!
3132 1714 3319 1768 devita-

270 1802 626 1858 cunmlemus.
664 1800 896 1859 Gaudete
937 1815 985 1860 et
1013 1805 1304 1873 exsultate,
1343 1825 1457 1863 ecce
1494 1810 1630 1864 enim
1656 1827 1849 1867 merces

271 1901 439 1948 vestra
464 1893 673 1964 copiosa
694 1903 768 1949 est
801 1895 855 1950 in
881 1896 1042 1952 caelis.
1105 1897 1163 1953 Si
1191 1898 1330 1955 bona
1362 1900 1621 1957 facientes
1662 1902 1852 1957 adver-

271 1982 348 2038 sis
371 1982 679 2049 tundamur,
707 1984 840 2039 certi
865 2000 985 2041 esse
1017 2002 1302 2057 possumus
1328 1990 1375 2044 si
1402 1991 1670 2059 patienter
1693 1991 1853 2046 susti-

272 2088 481 2135 nemus.
509 2074 635 2142 quia
660 2075 715 2129 in
743 2074 922 2130 futuro
946 2079 1249 2132 mercedem
1275 2080 1612 2148 recipiemus.
1639 2080 1694 2137 Si
1723 2097 1851 2137 vero

270 2163 475 2234 aliquid
498 2165 624 2219 boni
653 2164 903 2233 facimus,
928 2175 989 2222 et
1025 2183 1282 2237 prospera
1316 2171 1471 2226 nobis
1494 2172 1752 2238 arrident,
1787 2172 1853 2226 ti-

270 2267 420 2307 mere
449 2252 704 2313 debemus
727 2270 794 2310 ne
821 2269 921 2325 pro
945 2256 1101 2312 bonis
1120 2273 1241 2328 quae
1265 2258 1513 2326 fecimus,
1570 2260 1658 2317 hic
1701 2269 1848 2316 mer-

270 2343 455 2397 cedem
476 2343 818 2412 recipiamus.
860 2343 921 2400 Si
945 2355 1125 2402 autem
1153 2356 1209 2403 et
1240 2350 1381 2403 mala
1405 2349 1634 2406 facimus
1652 2360 1706 2406 et
1723 2366 1849 2421 pro.

270 2447 425 2501 spera
455 2433 736 2497 habemus,
771 2435 839 2490 de
866 2435 1076 2492 inferno
1105 2439 1239 2494 certi
1289 2454 1411 2495 esse
1448 2455 1754 2510 possumus.
1790 2438 1848 2497 Si

271 2522 431 2576 etiam
475 2530 532 2576 et
582 2522 721 2579 male
762 2523 1058 2593 habemus,
1117 2535 1172 2583 et
1197 2536 1382 2585 tamen
1420 2530 1485 2586 de
1534 2531 1665 2601 ipsis
1695 2532 1850 2588 malis

270 2626 714 2667 murmuramus:
751 2616 887 2670 certi
932 2632 1135 2685 sumus,
1190 2620 1318 2688 quia
1367 2620 1433 2674 de
1482 2621 1565 2677 his
1596 2621 1753 2677 malis
1780 2622 1848 2678 ad

268 2701 451 2772 pejora
474 2704 867 2785 perveniemus.
912 2705 1112 2763 Omnes
1140 2709 1271 2765 istas
1299 2711 1658 2767 beatitudines
1693 2712 1849 2767 Chrio

268 2801 385 2848 stus
403 2795 713 2863 complevit,
757 2797 881 2865 quia
908 2799 1039 2852 nihil
1066 2800 1251 2855 docuit
1299 2802 1401 2855 nisi
1425 2816 1544 2871 qum
1581 2811 1707 2857 ante
1734 2803 1848 2873 ipse

267 2886 573 2955 complevit.
615 2887 826 2957 Pauper
868 2890 969 2943 fuit
1010 2900 1067 2945 et
1108 2893 1269 2946 rebus
1297 2900 1352 2946 et
1384 2893 1563 2956 corde,
1598 2894 1688 2962 qui
1726 2895 1841 2949 ait:

269 2975 444 3031 Filius
493 2979 717 3032 hominis
766 2995 869 3034 non
900 2981 1052 3035 habet
1082 2982 1169 3037 ubi
1214 2992 1369 3053 caput
1408 3000 1561 3037 suum
1609 2984 1842 3038 reclinet.

2032 1795 2134 1854 Vos
2159 1800 2280 1855 estis
2310 1800 2404 1855 lux
2426 1801 2626 1856 mundi.
2665 1802 2807 1857 Estis
2837 1802 2923 1857 lux
2952 1802 3323 1872 participando
3353 1802 3527 1858 lucem

1952 1877 2098 1941 illam
2121 1887 2187 1942 de
2214 1902 2320 1958 qua
2369 1890 2625 1960 scriptum
2658 1898 2739 1945 est
2767 1908 2779 1943 :
2812 1890 2944 1944 Erat
2974 1894 3067 1945 lux
3110 1907 3228 1945 vera
3263 1907 3379 1962 quw
3408 1892 3532 1945 illita

1950 1978 2114 2032 minat
2140 1994 2341 2033 omnem
2370 1979 2649 2035 hominem.
2676 1980 2825 2036 Sicut
2860 1982 3003 2037 enim
3025 1998 3123 2053 per
3152 1978 3326 2038 lucem
3349 1985 3529 2038 omnia

1951 2068 2110 2124 noxia
2151 2069 2434 2139 fugantur,
2475 2071 2621 2127 fures
2665 2073 2932 2140 videlicet,
2983 2085 3039 2130 et
3081 2076 3283 2130 nociva:
3320 2077 3527 2140 bestiar,

1950 2174 2015 2220 ac
2038 2164 2359 2221 fantasmata
2389 2166 2689 2223 daemonum
2713 2208 2728 2233 ,
2773 2169 3021 2224 similiter
3066 2184 3164 2240 per
3190 2169 3529 2240 praedicatio-

1949 2260 2075 2310 nem
2118 2255 2485 2326 apostolorum
2514 2258 2695 2312 omnia
2734 2259 2923 2315 nociva
2979 2260 3280 2314 animarum
3313 2259 3524 2314 detecta

1947 2350 2075 2398 sunt
2101 2352 2155 2399 et
2178 2344 2397 2414 rejects,
2424 2351 2479 2399 et
2501 2338 2802 2401 illuminata
2833 2346 2996 2402 corda
3021 2347 3372 2402 credentium.
3403 2345 3527 2400 Non

1947 2445 2110 2507 potest
2130 2437 2313 2491 civitas
2337 2426 2605 2502 abscondi,
2650 2442 2811 2507 Supra
2835 2446 3062 2492 montem
3098 2438 3289 2506 posita.
3328 2435 3529 2492 Civita-

1948 2530 2093 2588 tem,
2144 2523 2440 2579 Ecclesiam
2477 2523 2607 2579 dicit
2633 2518 2951 2580 mdiﬁcatam
3010 2540 3172 2595 super
3197 2525 3478 2579 Dominum
3511 2532 3527 2577 ξ

1947 2634 2110 2689 quam
2137 2618 2333 2674 debent
2386 2610 2610 2689 apostoli
2646 2620 2983 2676 innotescere
3023 2619 3231 2675 cunctis
3259 2619 3524 2690 gentibus,

1946 2716 2008 2762 ut
2030 2711 2424 2779 congregemur
2446 2710 2512 2762 ad
2533 2724 2675 2774 eam,
2712 2710 2759 2764 si
2784 2724 2890 2763 non
2938 2723 3182 2779 corpore,
3227 2708 3391 2762 corde
3419 2718 3531 2761 om-

1946 2811 2044 2851 nes
2073 2795 2230 2851 electi
2255 2784 2391 2864 ejus,
2426 2805 2486 2850 ut
2516 2797 2727 2852 dicatur
2749 2798 3029 2862 catholica,
3057 2798 3110 2851 id
3135 2805 3221 2852 est
3249 2797 3522 2850 universa-

1945 2872 2030 2939 lis.
2084 2883 2266 2956 Neque
2314 2886 2602 2940 accendunt
2651 2885 2916 2940 lucernam
2962 2896 3009 2940 et
3045 2896 3241 2957 ponunt
3274 2902 3389 2941 eam
3434 2886 3529 2940 sub

1949 2975 2283 3030 modio:sed
2334 2992 2489 3045 super
2536 2975 2906 3030 candelabrum
2932 3016 2947 3041 ,
3002 2975 3056 3030 id
3101 2984 3184 3031 est
3226 2974 3529 3030 doctrinam

269 3067 413 3122 Mitis
438 3066 555 3132 fuit,
589 3068 679 3137 qui
708 3069 843 3123 dixit
871 3087 884 3123 :
926 3069 1118 3125 Discite
1138 3088 1171 3124 a
1204 3036 1288 3126 me
1312 3073 1436 3143 quia
1465 3073 1604 3127 mitis
1627 3090 1768 3137 sum,
1797 3084 1845 3129 et
1873 3036 1920 3101 Ο
1950 3064 2331 3137 evangelicum,
2362 3064 2630 3119 excelsam
2663 3066 2713 3118 in
2743 3065 3204 3133 prmdieatoribus,
3236 3072 3293 3119 ut
3317 3064 3531 3119 innotea-

268 3157 478 3210 humilis
504 3157 676 3211 corde.
713 3157 875 3213 Lnxit
904 3159 1131 3214 aliorum
1162 3171 1405 3231 peccata,
1446 3164 1538 3233 qui
1563 3164 1739 3218 videns
1768 3166 1846 3219 ci-

268 3248 477 3301 vitatem
500 3249 637 3317 ﬂevit
666 3265 820 3320 super
844 3248 1012 3304 illam.
1036 3251 1271 3306 Esurivit
1292 3261 1346 3309 et
1370 3254 1536 3308 sitivit
1555 3254 1842 3323 justitiam,

269 3337 359 3405 qui
391 3338 562 3403 dixit,
594 3338 743 3395 Meus
772 3341 917 3396 cibus
942 3351 1037 3409 est,
1069 3353 1125 3397 ut
1167 3344 1363 3413 faciam
1390 3343 1704 3399 voluntatem
1734 3343 1844 3399 Pa-

270 3430 366 3483 tris
398 3431 517 3483 mei.
552 3429 860 3488 Misericors
896 3432 1014 3497 fuit,
1059 3435 1150 3503 qui
1200 3434 1374 3490 dixit:
1426 3436 1847 3491 Misericordiam

269 3519 408 3584 volo,
437 3530 485 3574 et
508 3538 611 3577 non
630 3512 971 3592 sacriﬁcium.
1007 3524 1202 3582 Mundo
1224 3527 1388 3582 corde
1418 3527 1535 3592 fuit,
1563 3528 1653 3595 qui
1681 3529 1843 3582 dixit:

273 3607 458 3664 Sancti
493 3622 671 3679 estote,
705 3615 831 3684 quia
878 3630 972 3685 ego
996 3625 1208 3669 sanctus
1234 3630 1372 3670 sum.
1420 3616 1681 3671 Pacificus
1725 3614 1845 3682 fuit,

270 3702 360 3770 qui
383 3702 539 3770 dixit,
567 3702 758 3759 Pacem
778 3722 947 3760 meam
970 3706 1205 3777 relinquo
1230 3707 1388 3763 vobis.
1415 3706 1849 3763 Persecutionem

270 3804 463 3858 passus
490 3801 591 3857 est,
638 3793 730 3863 qui
766 3795 943 3849 dixit:
997 3794 1059 3851 Si
1098 3813 1179 3852 me
1213 3798 1468 3866 persecuti
1498 3807 1638 3862 sunt,
1687 3807 1734 3851 et
1760 3814 1850 3851 vos

268 3891 654 3952 persequentur.
699 3882 789 3939 Sic
815 3885 957 3939 enim
981 3888 1247 3955 persecuti
1278 3896 1403 3942 sunt
1426 3889 1718 3958 prophetas
1756 3889 1851 3958 qui

271 3966 490 4023 fuerunt
530 3979 656 4026 ante
697 3988 811 4028 vos.
852 3972 1067 4027 Samuel
1099 3975 1165 4030 de
1209 3976 1510 4045 principatu
1554 3976 1848 4045 ejecerunt,

270 4059 462 4116 Isaiam
504 4072 809 4129 secuerunt,
866 4063 1037 4118 Etiam
1066 4065 1131 4120 de
1160 4074 1307 4120 terra
1344 4065 1660 4134 ejecerunt;
1697 4066 1852 4123 Jere-

268 4153 435 4207 miam
458 4153 848 4223 lapidaverunt,
886 4163 940 4210 et
963 4171 1067 4211 non
1097 4154 1198 4210 fuit
1232 4158 1404 4211 bonus
1427 4173 1457 4211 a
1495 4158 1714 4224 saeculo,
1760 4161 1852 4231 qui

270 4243 701 4310 persecutionem
735 4260 839 4298 non
870 4245 1123 4299 sustinuit
1145 4245 1203 4298 in
1231 4246 1446 4302 sarculo.
1474 4247 1600 4301 Ideo
1626 4248 1854 4318 gaudete

270 4332 327 4385 in
365 4334 842 4401 persecutionibus,
864 4334 909 4388 si
938 4320 1100 4389 vultis
1123 4350 1243 4389 esse
1265 4336 1397 4391 socii
1428 4336 1480 4390 in
1509 4324 1853 4394 beatitudini-

272 4420 394 4474 bus.
427 4419 529 4474 Vos
554 4422 675 4475 estis
695 4422 776 4476 sal
798 4432 973 4477 teme.
999 4421 1091 4476 Sal
1113 4423 1316 4478 dictum
1342 4434 1449 4490 est,
1476 4439 1540 4480 eo
1567 4427 1710 4494 quod
1732 4426 1855 4496 igne

272 4510 504 4566 exsiliat.
538 4510 674 4565 Sunt
702 4520 884 4567 autem
916 4514 1080 4568 multa
1124 4528 1319 4584 genera
1366 4514 1513 4570 salis.
1550 4516 1646 4571 Est
1675 4524 1851 4572 tamen

271 4603 551 4667 naturalis,
586 4594 945 4672 necessarium
972 4606 1039 4659 ad
1065 4620 1280 4661 omnem
1311 4622 1511 4662 escam.
1556 4606 1854 4664 Pulmentis

271 4678 416 4746 enim
442 4708 689 4762 saporem
737 4692 851 4758 dat,
900 4695 1102 4751 excitat
1130 4696 1439 4752 aviditatem
1475 4704 1530 4751 et
1555 4697 1848 4767 appetitum

273 4782 328 4837 in
359 4782 608 4838 omnibus
648 4768 782 4839 cibis
812 4802 824 4837 :
857 4801 921 4839 ex
951 4801 1015 4841 eo
1050 4775 1245 4856 quippe
1272 4787 1449 4843 omnis
1490 4788 1665 4843 victus
1706 4776 1850 4845 dele-

273 4872 440 4928 ctatio
468 4865 523 4927 et
542 4888 749 4927 summa
800 4862 1063 4930 hilaritas.
1114 4875 1313 4931 Omnes
1352 4878 1585 4946 pecudes
1613 4878 1657 4933 si
1686 4878 1853 4932 semel

272 4963 611 5033 gustaverint
644 4963 979 5018 delectantur
1020 4980 1163 5019 eum.
1217 4965 1454 5034 Corpora
1504 4967 1756 5037 astringit
1802 4976 1853 5021 et

273 5053 445 5108 siccat
475 5071 489 5106 :
539 5052 788 5108 defuncta
816 5054 979 5107 etiam
1010 5070 1039 5107 a
1061 5056 1403 5123 putrescendi
1424 5054 1547 5109 labe
1589 5056 1851 5122 vindicat,

275 5150 336 5195 ut
379 5142 590 5197 durent.
642 5143 830 5199 Omnis
882 5142 983 5199 ista
1019 5152 1210 5200 natura
1257 5145 1573 5214 spiritaliter
1608 5147 1858 5201 convenit

275 5232 612 5299 doctoribus;
647 5233 852 5288 faciunt
880 5234 1023 5289 enim
1052 5234 1363 5289 doctoribus
1407 5234 1718 5289 aviditatem
1746 5234 1855 5303 spi-

281 5322 452 5378 ritalis
481 5324 585 5378 etbi
616 5324 918 5393 scripturae,
972 5339 1091 5392 qua:
1142 5333 1267 5379 ante
1294 5324 1424 5379 viles
1478 5323 1632 5379 nobis
1654 5332 1809 5378 erant
1837 5340 1852 5389 ;

278 5426 465 5475 eorum
493 5415 826 5469 reseratione
870 5414 1208 5469 delectabiles
1250 5414 1406 5469 nobis
1435 5414 1600 5481 fiunt;
1647 5414 1854 5483 appeti-

281 5510 371 5558 tor
389 5505 457 5559 ab
485 5505 734 5559 omnibus
758 5504 1094 5569 animalibus,
1131 5505 1256 5573 quia
1280 5514 1337 5559 et
1359 5505 1600 5559 doctrina
1639 5513 1854 5571 aposto-

276 5595 456 5653 lorum
497 5597 785 5667 suscipitur
831 5598 898 5653 ab
946 5598 1194 5653 omnibus
1239 5595 1503 5667 gentibus.
1558 5596 1858 5667 licstringit

1946 3167 2063 3214 seat
2085 3155 2334 3214 omnibus
2363 3157 2619 3228 perfecte,
2662 3158 2755 3227 qui
2785 3158 2837 3211 in
2867 3158 3107 3213 Ecclesia
3131 3167 3273 3212 sunt.
3303 3157 3414 3213 Nec
3433 3157 3530 3211 de-

1945 3249 2075 3303 bent
2094 3262 2212 3301 eam
2247 3260 2448 3316 ponere
2472 3248 2572 3302 sub
2597 3248 2794 3308 modio,
2829 3245 2881 3301 id
2907 3255 2991 3302 est
3015 3247 3209 3302 timore
3238 3248 3417 3317 aliquo
3444 3245 3531 3302 vel

1944 3347 2091 3393 metu
2120 3335 2344 3406 alicujus
2372 3339 2724 3403 abscondere,
2775 3338 2869 3393 sed
2894 3346 2952 3393 ut
2982 3338 3199 3394 videant
3248 3354 3412 3408 opera
3439 3353 3530 3393 ve-

1945 3435 2057 3482 stra
2087 3428 2225 3482 bona
2258 3428 2326 3482 ad
2352 3426 2763 3482 aedificationem
2791 3435 2847 3481 et
2871 3426 3172 3496 profectum
3216 3426 3522 3480 animarmn

1946 3534 2186 3573 suarum.
2234 3517 2300 3571 Et
2334 3517 2625 3590 gloriﬁcent
2657 3515 2870 3570 Patrem
2900 3527 3145 3581 vestrum,
3186 3516 3275 3586 qui
3302 3518 3359 3571 in
3386 3517 3528 3571 cretis

1945 3616 2060 3660 est:
2110 3621 2215 3660 non
2260 3621 2357 3661 vos
2397 3615 2700 3674 qumrentes
2737 3605 2945 3659 laudari
2976 3645 2991 3670 ,
3044 3606 3139 3660 sed
3167 3606 3336 3659 Deum
3374 3605 3528 3675 cujus

1947 3696 2142 3750 donum
2168 3703 2271 3761 est,
2299 3695 2344 3749 si
2369 3695 2496 3764 quid
2529 3694 2583 3749 in
2624 3695 2777 3749 vobis
2804 3695 2930 3749 boni
2958 3704 3061 3749 est.
3118 3694 3297 3749 Nolite
3319 3704 3526 3765 putare,

1945 3775 2200 3857 quomodo
2250 3786 2367 3840 ve‘ni
2401 3785 2596 3841 solvere
2645 3784 2809 3855 legem
2851 3795 2944 3838 aut
2990 3785 3282 3856 praphetas.
3331 3785 3529 3839 Putare

1948 3876 2079 3932 dicit
2104 3876 2370 3931 aestimare
2425 3875 2653 3940 solvere,
2696 3875 2987 3929 dissolvere
3039 3873 3153 3930 sive
3205 3874 3523 3932 adniltilare.

1951 3963 2077 4019 Non
2124 3958 2237 4020 veni
2282 3964 2496 4032 solvere,
2539 3965 2627 4019 sed
2669 3962 2983 4034 adimplere,
3037 3963 3088 4019 id
3114 3972 3214 4028 est,
3252 3964 3341 4019 ubi
3388 3964 3529 4019 bene

1948 4073 2056 4112 non
2106 4057 2524 4128 intelligebatur,
2579 4056 2701 4111 veni
2729 4054 3028 4120 exsolvere,
3067 4056 3210 4110 sicut
3237 4056 3335 4110 est'
3350 4056 3417 4109 de
3446 4054 3530 4108 di-

1950 4149 2208 4203 mittenda
2236 4148 2482 4202 muliere.
2514 4146 2611 4203 Ubi
2638 4145 2899 4215 perfcctio
2921 4145 3126 4211 deerat,
3162 4144 3283 4199 volo
3307 4144 3525 4209 addere,

1951 4238 2093 4293 sicut
2134 4248 2219 4294 est
2242 4240 2307 4293 de
2335 4237 2651 4300 homicidio,
2702 4236 2826 4305 quia
2855 4244 2909 4290 et
2953 4234 3088 4289 iram
3118 4233 3241 4288 volo
3277 4233 3531 4301 primitus

1954 4342 2220 4386 resecare.
2251 4330 2384 4384 Nam
2408 4330 2548 4383 sicut
2574 4330 2763 4383 beatus
2790 4326 3119 4398 Augustinus
3145 4326 3273 4380 dicit
3302 4343 3315 4378 :
3351 4343 3370 4377 ‹
3400 4323 3530 4380 Om-

1956 4420 2044 4474 nia
2087 4428 2417 4491 qumcunQue
2454 4420 2507 4473 in
2533 4419 2762 4473 veritate
2802 4425 3068 4487 praecepta
3114 4423 3240 4471 sunt
3267 4416 3524 4486 antiquis,

1954 4511 2158 4578 absque
2206 4509 2517 4581 figuralibns
2544 4508 2862 4579 praeceptis;
2915 4516 2971 4561 et
3009 4521 3072 4561 ea
3102 4522 3222 4576 qua:
3248 4506 3525 4576 legislator

1952 4600 2244 4656 secundum
2294 4600 2550 4655 duritiam
2601 4599 2780 4654 cordis
2835 4612 3020 4653 eorum
3069 4596 3150 4651 eis
3215 4597 3523 4652 concessit:

1950 4684 2071 4747 Alia
2092 4693 2321 4747 tenenda
2347 4701 2492 4747 sunt.
2523 4712 2541 4744 ι
2576 4691 2652 4744 Ex
2685 4691 2785 4744 hoc
2808 4689 2930 4744 loco
2952 4690 3054 4745 hoc
3073 4687 3329 4743 afﬁrmat:
3361 4688 3526 4742 Amen

1950 4784 2066 4837 dico
2101 4782 2260 4847 vobis,
2304 4782 2360 4836 id
2392 4792 2474 4837 est
2499 4788 2687 4837 verum
2714 4782 2832 4836 dico
2873 4780 3044 4834 vobis.
3096 4779 3271 4833 Donec
3294 4787 3525 4833 transeat

1952 4873 2133 4927 caelum
2163 4883 2211 4927 et
2243 4882 2403 4935 terra,
2455 4874 2562 4926 iota
2608 4888 2770 4924 unum
2798 4880 2890 4924 aut
2932 4888 3066 4925 unus
3102 4886 3232 4940 apex
3254 4886 3357 4923 non
3392 4885 3526 4938 pra:-

1951 4965 2124 5018 teribit
2157 4982 2188 5017 a
2217 4964 2345 5034 lege,
2372 4963 2532 5016 donec
2553 4962 2725 5014 omnia
2756 4960 2907 5028 ﬁant.
2935 4960 3013 5014 Ac
3038 4960 3083 5013 si
3113 4960 3291 5013 dicat:
3327 4957 3529 5024 Usque-
3583 4944 3587 4955 ’

1955 5069 2060 5123 quo
2083 5053 2279 5108 cmlum
2311 5060 2367 5105 et
2392 5059 2533 5105 terra
2568 5057 2825 5114 transeat,
2857 5047 3021 5103 etiam
3055 5062 3118 5101 ea
3142 5060 3261 5116 qua:
3288 5060 3387 5114 per
3414 5046 3524 5098 iota

1957 5152 2012 5198 et
2048 5144 2245 5213 apicem
2270 5141 2643 5212 significantur
2670 5139 2724 5193 in
2752 5138 2869 5210 lege
2898 5154 3004 5192 non
3026 5135 3398 5206 praeteribunt,
3431 5133 3525 5187 sed

1957 5234 2304 5307 perﬁcientur
2330 5250 2360 5289 a
2389 5234 2523 5289 meis
2551 5233 2757 5288 electis.
2798 5232 2920 5286 Iota
2950 5242 3127 5286 autem
3161 5237 3214 5284 et
3240 5227 3524 5283 Hebraeum

1957 5333 2039 5379 est
2064 5333 2115 5377 et
2137 5322 2378 5378 Grzecum
2402 5339 2417 5376 :
2444 5322 2704 5377 Hebraice
2733 5322 2927 5378 dicitur
2950 5319 3053 5384 Iot,
3094 5318 3341 5375 Grzecum
3372 5316 3517 5381 Iota,

1959 5415 2149 5468 Latine
2176 5414 2229 5467 id
2274 5421 2368 5467 est.
2427 5414 2571 5483 Apex
2603 5421 2780 5466 autem
2829 5410 2985 5465 titula
3031 5409 3249 5472 dicitur,
3293 5420 3412 5475 qua:
3464 5404 3522 5459 in

1962 5504 2229 5573 aliquibus
2268 5503 2462 5559 litteris
2510 5503 2648 5572 apud
2694 5503 2944 5571 antiquos
2998 5513 3158 5569 super
3201 5497 3522 5569 quibusdam

1962 5594 2155 5651 litteris
2198 5593 2516 5665 ponebatur,
2569 5593 2681 5649 sive
2726 5606 2889 5649 causa
2935 5590 3266 5648 diderentiae.
3302 5588 3417 5644 sive
3465 5595 3526 5641 ut
