3976 6180
455 288 586 342 1307

1243 279 1630 336 CHltlSTlANl
1669 277 2078 334 DRU'I‘HMARI
2115 271 2562 347 CORBFJENSIS
2600 271 2906 331 MONACHI

3565 278 3710 336 130$

450 400 825 456 ostenderetur
852 395 1221 466 geminandum
1264 410 1382 450 esse
1434 394 1686 448 litteram.
1717 394 1872 450 Verbi
1899 410 2020 464 ἕνης
2048 400 2095 454 Λ
2123 405 2251 445 vero
2281 391 2368 444 ubi
2417 405 2525 443 non
2555 398 2636 442 est
2685 389 2922 442 additum
2978 387 3234 459 antiquis,
3285 406 3391 444 non
3443 398 3702 466 praecepit

453 493 545 554 tia,
583 493 802 559 populus
846 485 1058 554 quando
1084 492 1297 554 gentem
1327 483 1596 553 signiﬁcant
1645 499 1749 538 non
1788 483 2021 553 penetra-

451 583 610 635 batur
642 597 654 632 :
686 577 900 647 quando
939 591 1064 628 vero
1095 575 1345 630 arborem
1374 575 1732 644 significabat,
1764 583 1891 628 tunc
1926 589 2021 642 po-

452 672 678 724 nebatur
721 682 852 736 apex
891 666 1138 734 desuper,
1187 672 1246 717 ut
1300 665 1613 718 admoneret
1661 664 1914 717 lectorem
1954 661 2022 716 ab

451 761 646 814 usitato
676 757 946 812 intellectu
979 756 1356 818 recedendum,
1385 763 1440 808 et
1469 754 1680 822 longam
1710 768 1831 807 esse
1865 753 2024 823 sylla-

449 851 592 906 bam.
643 848 1032 904 Geminationis
1085 859 1298 916 quoque
1341 859 1502 899 causa
1549 844 1848 912 ponebatur
1880 852 1938 897 ut
1967 844 2020 897 in

451 940 697 1003 Alleluia,
745 939 867 1007 quia
899 937 1004 989 duo
1025 936 1042 987 ι
1067 936 1138 990 ibi
1168 950 1285 990 esse
1317 935 1546 988 debent:
1581 934 2022 1002 scribebaturque

451 1048 612 1087 unum
639 1043 692 1084 et
722 1045 855 1100 apex
887 1031 1133 1098 desuper,
1173 1027 1364 1082 exinde
1408 1026 1803 1097 intelligebatur
1848 1026 2021 1094 gemi-

451 1121 683 1177 nandum
711 1137 828 1175 esse
860 1121 1116 1172 litteram.
1142 1117 1274 1172 Luia
1304 1131 1322 1168 :
1349 1134 1562 1188 quoque
1591 1118 1837 1171 similiter
1859 1133 2023 1186 super

447 1213 484 1276 i,
522 1223 578 1265 ut
611 1211 918 1264 ostenderet
962 1209 1330 1279 geminandum
1377 1223 1496 1262 esse
1539 1207 1668 1262 illud
1707 1207 1744 1260 i.
1777 1206 2023 1262 Ostendit

447 1317 576 1372 ergo
616 1301 868 1353 Dominus
895 1299 1030 1352 tales
1051 1297 1378 1351 differentias
1409 1313 1510 1350 non
1533 1298 1935 1366 prietereundas
1967 1298 2018 1350 in

448 1391 724 1459 Scriptura
755 1388 954 1452 divina,
995 1388 1119 1454 quia
1154 1386 1200 1440 si
1224 1386 1640 1457 negligerentur,
1671 1402 1860 1440 sensus
1889 1401 2020 1456 quo-

447 1498 550 1551 que
581 1499 684 1536 una
737 1481 998 1535 interiret.
1034 1479 1153 1533 Alio
1189 1479 1485 1543 intellectu,
1517 1481 1556 1544 i,
1601 1479 1741 1546 Iota,
1790 1480 1843 1534 id
1874 1489 1957 1534 est
1984 1495 2020 1533 ω

448 1573 586 1642 apud
613 1571 830 1626 Graecos
857 1572 1041 1624 decem
1065 1570 1331 1648 significat
1353 1570 1468 1633 sine
1495 1569 1644 1640 apice
1669 1587 1684 1636 ;
1717 1585 1837 1625 cum
1869 1571 2020 1640 apice

443 1667 626 1718 decem
649 1662 832 1716 millia.
853 1661 1054 1716 Exinde
1073 1660 1338 1730 conjicere
1355 1677 1658 1730 possumus,
1676 1663 1816 1731 quod
1836 1663 2018 1717 decem

2123 485 2286 548 Deus,
2317 483 2412 538 sed
2458 481 2668 552 Moyses
2712 481 2982 535 concessit
3027 481 3224 550 populo
3267 482 3444 538 adhuc
3489 487 3614 540 rudi
3649 498 3704 542 et

2123 575 2350 638 carnali,
2394 574 2590 645 quibus
2637 573 2685 627 si
2717 573 2843 627 illud
2893 575 3256 643 praecepisset,
3297 575 3566 632 intellexit
3596 593 3703 635 non

2123 683 2245 724 esse
2273 669 2534 732 tacturos,
2573 669 2710 722 sicut
2755 667 2886 722 dicit
2933 669 3192 724 Dominus
3228 671 3294 725 de
3342 674 3570 730 nmliem
3619 677 3704 730 di-

2123 758 2380 812 mittenda
2437 775 2449 810 :
2499 752 2704 827 Moyses
2751 759 2888 811 enim
2933 759 3002 812 ad
3031 759 3285 813 duritiam
3333 765 3507 818 cordis
3547 769 3711 822 vestri

2121 851 2326 920 scripsit
2354 849 2495 904 vobis
2522 864 2539 902 :
2563 851 2626 904 ab
2650 851 2800 904 initio
2829 861 3000 905 autem
3023 868 3128 906 non
3148 853 3247 922 fuit
3273 855 3383 918 sic;
3407 857 3497 925 qui
3527 869 3702 912 autem

2121 938 2310 994 dixerit
2333 941 2489 1009 fratri
2521 957 2615 994 suo
2647 939 2809 1004 Raca,
2836 958 2952 994 reus
2995 943 3094 995 erit
3121 943 3358 997 consilio.
3391 945 3587 1000 Totum
3621 958 3706 1000 est

2123 1031 2264 1086 istud
2293 1031 2499 1102 justitia
2533 1031 2964 1086 Christianorum
2996 1051 3010 1085 :
3053 1033 3209 1086 modo
3255 1033 3378 1087 tulit
3408 1035 3544 1088 iram
3572 1037 3700 1090 abs-

2121 1135 2338 1176 consam
2388 1120 2454 1176 de
2503 1122 2696 1187 corde;
2743 1123 2904 1177 modo
2944 1121 3119 1178 aufert
3149 1124 3250 1178 sub
3295 1125 3489 1194 majori
3541 1141 3702 1196 paena

2122 1210 2256 1264 iram
2285 1227 2406 1265 cum
2433 1226 2583 1265 voce.
2623 1209 2766 1264 Rara
2797 1211 3100 1282 interiectio
3125 1221 3208 1267 est
3249 1215 3391 1282 apud
3423 1213 3698 1278 Hebraeos,

2120 1313 2175 1356 et
2205 1302 2574 1356 tantummodo
2597 1303 2790 1357 iratum
2821 1305 3059 1358 animum
3084 1305 3437 1371 demonstrat,
3457 1315 3512 1360 ct
3526 1315 3703 1378 potest

2119 1395 2224 1449 dici
2276 1395 2450 1449 inanis
2494 1410 2588 1449 seu
2615 1395 2806 1465 abs-que
2856 1396 3100 1457 cerebro:
3154 1412 3316 1466 quam
3355 1397 3614 1466 iniuriam
3647 1401 3702 1453 in

2118 1483 2331 1555 vulgata
2358 1483 2626 1539 locutione
2649 1485 2699 1538 in
2725 1501 2823 1538 usu
2848 1485 3128 1551 habemus,
3151 1487 3276 1556 quia
3295 1489 3388 1556 qui
3417 1491 3706 1542 cerebrum

2123 1589 2227 1630 non
2260 1577 2422 1629 habet
2469 1583 2524 1630 et
2555 1590 2660 1649 non
2709 1583 2794 1629 est
2827 1591 2976 1630 sana:
3021 1577 3237 1632 mentis.
3297 1576 3462 1644 Quasi
3508 1579 3698 1632 dicat:

2119 1663 2506 1732 Quemcunque
2557 1664 2628 1718 ita
2671 1664 3026 1719 commoverit
3076 1665 3176 1731 ira,
3224 1675 3286 1720 ut
3326 1667 3382 1720 in
3413 1681 3548 1721 voce
3580 1681 3700 1721 eam

443 1757 606 1812 verba
631 1756 761 1823 legis
786 1755 888 1808 nisi
909 1771 938 1807 a
962 1754 1117 1808 nobis
1157 1753 1468 1822 spiritaliter
1493 1752 1889 1817 custodiantur,
1919 1753 2006 1806 de-
2045 1755 2092 1814 B
2119 1753 2369 1808 ostendat
2393 1753 2640 1824 proximo
2665 1769 2783 1819 suo,
2815 1754 2937 1825 plus
2975 1762 3059 1809 est
3083 1755 3398 1825 plectendos
3428 1771 3590 1827 quam
3615 1757 3704 1810 ille

442 1865 558 1904 cem
583 1848 745 1902 millia
775 1848 974 1902 talenta
1002 1862 1032 1899 a
1061 1847 1215 1900 nobis
1235 1847 1516 1916 exigenda,
1546 1846 1840 1901 secundum
1873 1845 2020 1900 illam

443 1941 754 2012 parabolam
789 1940 996 1994 Domini
1021 1938 1088 1994 de
1113 1956 1289 2005 servo,
1322 1941 1412 2008 qui
1434 1941 1644 1995 oblatus
1672 1949 1754 1996 est
1783 1940 1894 2012 regi
1924 1941 2018 1995 de-

441 2047 560 2085 cem
605 2031 828 2085 millium
860 2031 1202 2086 talentorum.
1231 2030 1540 2085 Secundum
1568 2029 1786 2086 Latinos
1811 2031 1829 2085 i
1855 2047 2018 2085 unum

407 2124 740 2196 ‘siguiﬁcat;
771 2141 906 2193 apex
943 2125 1173 2192 desuper
1214 2124 1359 2178 mille
1410 2125 1764 2178 demonstrat.
1794 2122 1872 2176 Ex
1912 2137 2019 2192 quo

439 2217 662 2272 Credere
709 2231 1014 2287 possumus,
1049 2216 1194 2270 mille
1223 2215 1607 2284 quadrantium
1639 2224 1693 2270 et
1723 2215 1882 2270 unius
1921 2231 2018 2270 nos

440 2307 711 2362 debitores
757 2306 889 2370 fore,
921 2315 976 2361 et
1017 2322 1123 2360 non
1169 2308 1429 2369 exituros,
1461 2305 1632 2362 donec
1663 2306 1811 2360 illmn
1852 2322 2016 2360 unum

441 2396 744 2450 reddamus.
775 2394 878 2460 Qui
907 2411 1027 2465 ergo
1057 2395 1262 2450 solverit
1295 2407 1455 2449 unum
1503 2397 1568 2450 de
1609 2397 1872 2450 mandatis
1905 2397 2018 2451 istis

437 2487 667 2540 minimis
697 2496 742 2540 et
783 2487 1014 2540 docuerit
1046 2487 1121 2540 sic
1170 2487 1426 2552 homines,
1467 2489 1716 2541 minimus
1755 2489 2020 2542 vocabitur

439 2579 496 2630 in
520 2593 673 2647 regno
689 2577 954 2630 cirlorum.
975 2577 1051 2630 Ac
1069 2577 1145 2631 sic
1161 2585 1408 2646 patenter
1427 2577 1567 2632 dicat
1587 2596 1598 2629 :
1618 2578 1806 2632 Omnis
1832 2579 2018 2634 doctor

438 2665 530 2735 qui
561 2664 801 2728 solverit,
830 2665 880 2720 id
921 2673 1003 2719 est
1031 2666 1353 2730 dissolverit,
1386 2676 1440 2721 et
1465 2669 1728 2738 spreverit
1760 2686 1922 2724 unum
1953 2671 2018 2724 de

440 2755 707 2810 mandatis
757 2755 874 2810 istis
905 2755 1164 2821 minimis,
1212 2757 1327 2812 sive
1358 2773 1462 2811 non
1510 2757 1718 2824 fecerit,
1759 2758 2016 2814 minimus

438 2845 720 2900 vocabitur
771 2845 824 2900 in
872 2863 1037 2918 regno
1086 2847 1371 2912 ccelorum,
1421 2849 1475 2904 id
1519 2859 1622 2917 est,
1665 2851 1716 2904 in
1765 2852 2016 2922 praesenti

436 2932 697 2989 Ecclesia.
745 2935 880 3002 Quia
905 2937 1060 3007 cujus
1087 2938 1198 2992 vita
1245 2939 1559 3010 despicitur,
1615 2949 1786 2996 restat
1818 2951 1877 2995 ut
1901 2940 2016 3010 ejus

434 3025 746 3095 prmdicatio
773 3027 1182 3082 condemnetur.
1219 3027 1323 3094 Qui
1344 3039 1522 3083 autem
1555 3028 1734 3096 fecerit
1759 3040 1808 3083 et
1829 3030 2014 3084 docue-

2121 1845 2212 1914 qui
2261 1846 2314 1898 in
2350 1845 2512 1900 co'rde
2561 1845 2735 1899 iratus
2773 1861 2880 1900 non
2927 1844 3151 1916 protulit
3199 1847 3252 1900 in
3281 1862 3432 1902 voce.
3477 1847 3546 1900 Et
3581 1847 3706 1902 ideo

2114 1935 2228 2005 jam
2259 1935 2536 1990 consilium
2565 1935 2631 1990 de
2657 1935 2748 1990 illo
2791 1945 2879 1991 est
2918 1937 3222 1992 habendum
3265 1948 3371 2008 qua
3398 1953 3560 2008 pmna
3591 1938 3702 2009 ple-

2120 2024 2346 2078 ctendus
2368 2023 2460 2078 sit.
2493 2021 2552 2077 In
2581 2023 2756 2094 primo
2781 2023 2862 2078 ira
2883 2025 3164 2090 absconsa,
3192 2034 3246 2080 et
3271 2041 3421 2082 mors
3441 2043 3568 2081 cum
3595 2027 3704 2096 gla-

2121 2113 2210 2168 dio
2257 2113 2366 2168 cito
2413 2113 2668 2168 finienda.
2707 2115 2764 2168 in
2815 2115 3067 2176 secundo,
3100 2116 3179 2170 ira
3222 2132 3346 2170 cum
3391 2132 3564 2172 voce:
3586 2117 3700 2186 jam

2119 2205 2441 2274 excogitatio
2471 2206 2688 2273 generis
2714 2215 2796 2260 est
2821 2207 3100 2271 tormenti,
3141 2209 3416 2276 quomodo
3442 2210 3702 2264 moriatur

2119 2294 2226 2350 ille.
2260 2297 2315 2350 ln
2359 2295 2519 2350 tertio
2546 2295 2624 2349 ira
2657 2311 2778 2350 cum
2823 2297 3168 2367 improperio,
3205 2306 3259 2352 et
3298 2297 3544 2354 diﬂinitio
3572 2307 3702 2368 quot

2118 2387 2292 2456 pomis
2344 2386 2696 2442 infernalibus
2748 2389 3043 2444 tradendus
3081 2390 3170 2443 sit.
3217 2389 3435 2446 Rachus
3487 2407 3703 2462 quoque

2119 2473 2304 2530 (ἔγωρο
2349 2487 2614 2547 pannosus
2665 2478 2894 2544 dicitur;
2953 2479 3044 2535 sed
3103 2481 3352 2550 superior
3395 2482 3702 2537 intellectus

2118 2567 2325 2622 melior.
2372 2569 2477 2634 Qui
2513 2578 2686 2623 autem
2711 2571 2919 2636 dixerit,
2955 2569 3140 2626 Fatue.
3177 2572 3523 2638 Subauditur,
3555 2576 3701 2630 sicut

2119 2656 2172 2711 in
2205 2659 2592 2726 superioribus,
2624 2660 2781 2729 fratri
2809 2678 2924 2715 suo.
2964 2661 3151 2716 Nullus
3187 2663 3326 2717 enim
3364 2664 3503 2720 alius
3536 2668 3702 2722 nobis

2117 2746 2289 2802 frater
2336 2759 2439 2815 cst,
2490 2749 2592 2804 nisi
2626 2751 2718 2820 qui
2750 2753 3000 2807 eumdem
3051 2751 3265 2808 Patrem
3315 2754 3597 2810 nobiscum
3648 2757 3700 2810 in

2118 2841 2270 2896 caelis
2301 2857 2360 2896 se
2403 2841 2694 2897 confitetur
2725 2843 2945 2908 habere,
2981 2845 3081 2898 hoc
3107 2853 3191 2899 est
3229 2845 3406 2900 omnis
3439 2845 3700 2902 Christia-

2117 2917 2413 2986 nus.'Reus
2432 2933 2532 2986 erit
2563 2934 2812 3003 gehenmc
2841 2933 2990 3003 ignis.
3045 2932 3164 2988 lam
3199 2935 3266 2989 de
3293 2935 3412 3006 ipso
3437 2936 3527 3004 qui
3573 2952 3698 2992 cum

2120 3023 2200 3077 ira
2223 3023 2276 3078 in
2310 3024 2498 3076 vitium
2522 3023 2707 3078 fratris
2730 3025 2976 3094 prorupit
3000 3040 3102 3078 non
3133 3032 3351 3080 tenetur
3377 3027 3694 3092 consilium;

441 3091 530 3181 rit,
551 3132 772 3185 magnus
792 3117 1058 3170 vocabitur
1079 3118 1134 3172 in
1157 3091 1314 3188 regno
1342 3091 1607 3173 calorum.
1636 3119 1770 3185 Quia
1794 3121 2012 3190 dignum
2043 3091 2088 3153 Ο
2121 3115 2214 3169 sed
2239 3121 2423 3184 aperta
2451 3115 2716 3169 sententia
2734 3091 3030 3170 ultricibus
3049 3115 3279 3170 flammis
3299 3117 3607 3187 deputatur.
3632 3119 3698 3173 Et

434 3212 538 3268 est,
575 3213 632 3258 ut
683 3205 774 3275 qui
804 3207 970 3260 verbo
1013 3215 1066 3260 et
1120 3197 1366 3277 exem'plo
1399 3209 1666 3264 aedificant
1692 3210 2010 3280 Ecclesiam,

434 3297 491 3352 in
518 3298 722 3352 honore
749 3297 1048 3354 habeantur
1075 3317 1088 3352 :
1118 3299 1258 3354 sicut
1283 3309 1338 3355 et
1361 3299 1556 3354 Paulus
1578 3301 1710 3358 dicit
1743 3321 1754 3356 :
1789 3301 2014 3376 Presby-

435 3389 533 3443 teri
549 3387 746 3457 duplici
768 3388 960 3443 honore
985 3389 1130 3460 digni
1155 3389 1474 3454 habeantur,
1499 3392 1724 3446 maxime
1744 3394 1834 3465 qui
1862 3393 2012 3448 labo-

436 3487 556 3532 rant
590 3479 646 3532 iu
672 3478 842 3533 verbo.

1049 3567 1277 3624 CAPUT
1317 3569 1410 3624 ΧΑ.

897 3661 976 3716 De
1015 3663 1385 3732 adimplctionc
1407 3663 1553 3735 legis.

508 3751 636 3807 Dico
663 3762 835 3808 autem
859 3753 1020 3808 vobis.
1063 3754 1217 3809 Modo
1245 3756 1433 3826 incipit
1471 3756 1640 3828 legem
1698 3758 2010 3830 adimplere.

434 3841 557 3897 Nisi
621 3843 963 3898 abundaverit
1002 3845 1218 3915 justitia
1266 3855 1458 3900 vestra.
1485 3845 1762 3918 plusquam
1800 3847 2012 3904 Scriba-

426 3947 554 3988 rum
606 3944 656 3988 et
715 3933 1133 4002 Pharisworum,
1192 3953 1295 3990 non
1346 3937 1610 3991 intrabitis
1673 3939 1730 3993 in
1801 3956 2014 4008 regnum

429 4023 699 4080 calorum.
767 4023 986 4080 iustitia
1067 4025 1464 4082 Pharisaeorum
1539 4036 1622 4082 est
1687 4043 1794 4083 non
1874 4029 2016 4084 occi-

432 4115 582 4181 dere,
609 4131 716 4170 non
748 4115 1071 4181 adulterare,
1096 4132 1201 4172 non
1233 4115 1414 4172 facere
1443 4115 1668 4183 furtum,
1700 4118 1938 4173 decimas
1961 4127 2014 4172 et

421 4206 702 4278 .primitias
729 4208 858 4262 dare
896 4223 964 4264 ex
1005 4209 1254 4264 omnibus
1296 4223 1416 4280 quae
1461 4209 1758 4279 possident.
1796 4209 2013 4265 Justitia

422 4297 635 4356 “Christi
677 4307 734 4353 et
780 4301 1018 4354 omnium
1057 4299 1487 4355 Christianorum
1541 4307 1646 4366 est,
1695 4315 1803 4355 non
1839 4299 2010 4365 odire,

435 4403 542 4444 non
571 4389 973 4458 concupiscere,
1015 4389 1320 4458 proximum
1347 4397 1567 4460 propter
1598 4388 1764 4445 Deum
1799 4403 2009 4453 amare,

431 4487 818 4547 persequentes
845 4494 910 4531 ex
940 4479 1120 4531 animo
1159 4478 1398 4547 diligere.
1445 4478 1648 4534 Sensus
1693 4479 1858 4553 igitur
1888 4480 2009 4535 talis

433 4575 516 4622 est
542 4584 555 4620 :
578 4567 834 4621 Pbarismi
857 4567 1166 4628 homicidia,
1205 4567 1340 4619 furta
1381 4583 1478 4636 pro
1507 4569 1736 4622 crim‘nc
1767 4569 2006 4634 habent;

433 4654 680 4722 discipuli
709 4653 812 4708 mei
853 4655 1014 4707 etiam
1043 4655 1396 4723 cogitationes
1429 4664 1484 4708 et
1511 4656 1678 4708 verba
1709 4657 1885 4726 iniqua
1918 4659 2010 4714 de-

432 4745 619 4798 vitem.
653 4743 756 4810 Qui
787 4753 957 4796 autent
985 4743 1250 4806 occiderit,
1279 4759 1394 4796 reus
1425 4745 1520 4796 erit
1541 4746 1766 4812 judicio.
1795 4745 2006 4802 Subau-

420 4834 578 4889 ditur
609 4833 820 4888 mortis.
851 4830 1084 4886 Audistis
1120 4832 1244 4904 quia
1266 4832 1464 4886 dictum
1487 4842 1564 4888 est
1582 4836 1809 4905 antiquis
1834 4849 1853 4887 :
1884 4836 2008 4892 Non

419 4924 655 4978 ‘occides.
696 4923 836 4977 Ecce
873 4921 1080 4992 justitia
1127 4923 1522 4978 Pharisaeorum
1585 4941 1598 4978 :
1651 4922 1766 4994 Ego
1830 4935 2004 4980 autem

431 5015 548 5070 dico
576 5015 752 5080 vobis;
784 5027 884 5084 ego
929 5029 1098 5068 novus
1143 5015 1324 5078 homo,
1365 5029 1501 5069 nova
1541 5023 1808 5085 praecepta
1852 5016 2004 5072 vobis

431 5121 592 5175 pono.
627 5105 765 5172 Quia
794 5107 961 5160 omnis
1004 5105 1094 5176 qui
1121 5105 1368 5160 irascitur
1407 5106 1563 5176 fratri
1607 5122 1724 5172 suo,
1765 5123 1882 5161 reus
1909 5109 2008 5162 erit

425 5197 652 5264 judicio.
683 5197 820 5251 Ecce
851 5197 1062 5266 justitia
1099 5194 1544 5250 Christianorum.
1573 5195 1650 5252 Ea
1687 5212 1847 5268 poena
1883 5213 2008 5254 reus

434 5285 665 5342 habetur
690 5287 743 5341 in
771 5288 1061 5358 Evangelia
1087 5288 1178 5356 qui
1209 5285 1428 5343 fratrem
1454 5303 1606 5343 suum
1641 5288 1773 5363 odit,
1809 5304 1915 5359 qua
1951 5288 2005 5344 in

434 5377 604 5430 veteri
631 5377 928 5433 habebatur
948 5377 1040 5448 qui
1065 5377 1344 5432 occidebat
1365 5377 1618 5448 aliquem.
1642 5379 1708 5433 Et
1730 5378 2006 5434 sciendum

436 5463 739 5536 ubicunque
764 5467 817 5522 in
857 5469 958 5522 hoc
985 5467 1124 5522 libro
1145 5468 1378 5536 positum
1407 5479 1490 5522 est
1525 5469 1780 5538 antiquis,
1811 5469 2009 5524 subau-

439 5555 584 5612 ditur
631 5561 890 5628 patribus,
933 5561 1061 5616 illud
1107 5559 1372 5630 approbat
1414 5559 1575 5625 Deus,
1606 5561 1721 5614 vult
1770 5570 1830 5615 ut
1875 5559 2006 5615 illud

437 5651 792 5719 custodiatur,
837 5655 1008 5709 donec
1045 5660 1280 5708 transeat
1309 5651 1506 5706 cmlum
1555 5659 1609 5704 et
1663 5661 1826 5708 terra.
1875 5652 2005 5707 Illud

2117 3218 2221 3273 qua
2247 3203 2455 3258 ratione
2485 3203 2615 3258 fatui
2639 3219 2835 3260 nomen
2870 3189 3162 3275 imponitur
3191 3206 3367 3271 fratri,
3397 3207 3527 3277 quia
3548 3208 3697 3262 simi-

2113 3290 2239 3348 liter
2263 3293 2436 3349 credit
2463 3293 2518 3349 in
2545 3295 2736 3359 Deum,
2778 3295 2922 3350 sicut
2960 3305 3016 3350 et
3055 3311 3154 3350 nos
3187 3305 3242 3350 et
3271 3295 3534 3367 Spiritum
3573 3313 3697 3352 san-

2114 3391 2261 3438 ctum
2311 3399 2370 3439 se
2397 3385 2598 3440 habere
2626 3385 2883 3440 conlidit?
2923 3387 3014 3456 qui
3043 3389 3186 3440 enim
3219 3403 3324 3441 non
3372 3389 3694 3443 honoriﬁcat

2115 3472 2340 3529 fratrem
2368 3490 2522 3529 suum
2551 3475 2801 3546 iniuriam
2833 3475 2962 3532 facit
3007 3476 3230 3546 Spiritui
3267 3487 3478 3543 sancto,
3501 3479 3592 3548 qui
3631 3480 3684 3532 in

2115 3565 2206 3623 illo
2231 3568 2462 3631 habitat,
2487 3569 2627 3622 sicut
2651 3569 2844 3624 Petrus
2872 3569 2937 3623 ad
2964 3569 3230 3623 Ananiam
3263 3571 3500 3640 loquitur
3531 3589 3543 3622 :
3571 3569 3690 3623 Non

2112 3674 2166 3712 es
2188 3660 2430 3713 mentitus
2457 3660 2775 3723 hominibus,
2801 3659 2892 3714 sed
2921 3658 3052 3713 Deo.

2185 3746 2248 3802 Si
2291 3765 2412 3818 ergo
2457 3749 2615 3818 offers
2643 3767 2830 3804 munus
2853 3759 3000 3804 tuum
3031 3749 3100 3804 ad
3129 3749 3314 3812 altare,
3340 3760 3393 3804 et
3415 3751 3488 3805 ibi
3513 3767 3690 3805 recor-

2112 3839 2268 3893 datus
2313 3841 2476 3908 fueris
2519 3843 2644 3912 quia
2679 3843 2844 3912 frater
2895 3852 3018 3897 tuus
3061 3843 3213 3896 habet
3269 3841 3472 3913 aliquid
3511 3843 3689 3896 adver-

2113 3947 2230 3985 sum
2279 3941 2346 3986 te.
2379 3931 2571 3987 Munus
2595 3934 2775 3989 hocin
2806 3934 2926 3990 loco
2952 3935 3126 3990 solum
3169 3937 3234 3991 de
3273 3937 3564 4000 sacrificio,
3601 3935 3695 3990 sed

2112 4030 2168 4076 et
2192 4022 2256 4076 de
2287 4023 2432 4076 omni
2471 4023 2716 4078 ora-tione
2745 4025 3026 4094 accipitur.
3071 4025 3207 4094 Quia
3236 4036 3292 4082 et
3319 4027 3372 4080 in
3424 4027 3538 4098 ipsa
3565 4039 3688 4080 ora—

2114 4111 2262 4165 tione
2295 4111 2523 4166 dicimus
2563 4130 2577 4166 :
2623 4113 2836 4168 Dimitte
2863 4113 3028 4180 nobis,
3067 4117 3202 4170 sicut
3243 4127 3291 4170 et
3337 4134 3432 4170 nos
3461 4117 3654 4170 dimitti
3667 4145 3690 4158 ο

2112 4217 2249 4254 mus.
2279 4201 2430 4269 Quod
2469 4219 2596 4258 vero
2617 4205 2728 4258 ait:
2757 4204 2895 4270 Quia
2935 4207 3102 4276 frater
3125 4216 3242 4260 tuus
3288 4207 3442 4260 habet
3482 4207 3682 4277 aliquid

2113 4291 2386 4345 adversum
2406 4303 2474 4358 te,
2506 4293 2618 4348 hoc
2633 4303 2718 4348 est
2755 4295 2800 4349 si
2839 4296 3001 4348 habet
3028 4294 3232 4365 aliquid
3263 4293 3428 4362 justas
3455 4295 3690 4364 quentia:

2114 4382 2400 4436 adversum
2427 4392 2501 4446 te,
2534 4385 2676 4454 quod
2715 4392 2772 4440 tu
2801 4385 3004 4441 larseris
3031 4401 3156 4440 eum
3186 4402 3238 4440 in
3273 4386 3476 4456 aliquo.
3505 4385 3688 4440 Relin-

2111 4489 2210 4542 que
2237 4471 2310 4525 ibi
2347 4489 2540 4528 munus
2568 4485 2714 4528 tuum
2739 4485 2859 4530 ante
2886 4476 3071 4539 altare,
3103 4486 3152 4530 et
3175 4477 3304 4532 uade
3325 4479 3478 4546 prius
3507 4493 3690 4529 recon-

2111 4564 2283 4618 ciliari
2323 4565 2478 4634 fratri
2519 4575 2627 4620 tuo.
2663 4567 2720 4621 Si
2757 4583 2922 4638 prope
2967 4566 3156 4635 fuerit,
3183 4569 3414 4638 pedibus
3439 4569 3692 4638 corporis

2111 4655 2344 4708 eundum
2375 4664 2478 4720 est;
2507 4655 2551 4710 si
2573 4667 2750 4710 autem
2782 4657 2936 4728 longe
2957 4657 3138 4723 fuerit,
3163 4658 3345 4713 animo
3375 4659 3607 4713 eundum
3635 4665 3693 4710 et

2110 4742 2338 4799 Domino
2365 4747 2806 4814 promittendum,
2852 4748 2979 4817 quia
3029 4756 3088 4802 ut
3114 4749 3278 4803 citius
3330 4749 3591 4818 potueris,
3635 4756 3692 4801 et

2107 4847 2336 4902 corpore
2365 4835 2600 4890 eundum
2631 4837 2702 4890 sit
2733 4845 2789 4891 et
2817 4837 3208 4892 etnendandum
3247 4839 3609 4908 quodcunque
3638 4836 3692 4891 ei

2111 4922 2311 4976 malum
2357 4912 2637 4980 intuleras.
2667 4925 2734 4980 Et
2755 4935 2935 4981 tamen
2963 4927 3115 4982 multi
3153 4929 3320 4982 verbo
3355 4919 3566 4982 veniam
3594 4941 3696 4995 pe-

2111 5019 2250 5076 tunt,
2281 5021 2336 5066 et
2375 5015 2574 5069 malum
2617 5016 2760 5086 quod
2801 5017 2850 5070 ei
2881 5017 3175 5073 intulerunt
3199 5035 3306 5073 non
3353 5018 3688 5074 emendant:

2111 5119 2218 5160 non
2249 5113 2332 5162 est
2363 5107 2484 5162 talis
2505 5109 2662 5162 venia
2705 5108 2817 5164 Deo
2863 5120 3104 5180 accepta,
3135 5111 3262 5180 quia
3307 5111 3450 5165 sicut
3495 5111 3696 5166 beatus

2111 5194 2471 5267 Hieronymus
2497 5198 2628 5252 dicit
2665 5197 2733 5254 de
2756 5199 2893 5254 Juda
2929 5215 2944 5254 :
2985 5219 3003 5250 ι
3039 5201 3174 5267 Quia
3215 5201 3260 5254 si
3291 5216 3427 5270 opus
3450 5215 3553 5254 non
3596 5200 3698 5254 de-

2114 5287 2274 5339 struit
2293 5287 2452 5342 homo
2477 5287 2557 5342 vel
2595 5303 2701 5343 non
2723 5289 2998 5356 emendat,
3027 5290 3227 5346 frustra
3253 5291 3490 5361 postulat
3515 5291 3699 5360 parui-

2117 5376 2373 5441 tentiam;
2440 5385 2722 5446 peccatum
2785 5379 2956 5448 ipsius
3003 5381 3200 5433 crescit
3249 5379 3512 5448 quotidie,
3562 5377 3700 5432 licet

2115 5463 2230 5534 ipse
2255 5465 2324 5520 sit
2352 5455 2596 5520 mortuus
2624 5476 2680 5522 et
2726 5467 2815 5522 ille
2839 5468 2952 5523 vult
2978 5469 3176 5525 habere
3197 5467 3433 5522 veniam.
3473 5486 3493 5520 ι
3526 5466 3698 5521 Verbi

2114 5559 2308 5628 gratia,
2343 5557 2559 5628 quidam
2585 5558 2870 5627 acquisivit
2911 5559 3180 5614 hominem
3209 5557 3411 5627 injuStc
3457 5557 3541 5612 vel
3565 5557 3702 5611 tulit

2114 5652 2369 5707 allodium
2398 5649 2625 5720 alicujus
2648 5659 2704 5706 et
2730 5652 2874 5707 venit
2905 5653 2970 5708 ad
2992 5651 3411 5718 confessionem,
3434 5659 3490 5706 ct
3511 5649 3652 5704 dicit
3679 5667 3695 5700 :
3759 5696 3762 5698 ν
