3962 6174
211 194 353 265 me

1346 209 1709 266 exrosmo
1747 210 1812 264 υς
1852 196 2291 268 nuru/acu.

3322 194 3460 275 isto

212 316 328 375 lica
374 318 554 388 culpa,
581 320 799 389 peccavi
845 321 898 375 in
943 318 1034 375 tali
1078 320 1239 386 facto,
1270 320 1338 375 da
1365 322 1495 376 mihi
1524 321 1784 391 poeniten-
1811 328 1862 384 Α
1886 329 2050 409 ctum,
2086 331 2324 378 tentatus
2368 338 2464 392 per
2486 327 2887 396 suggestionem
2923 338 3021 395 cst,
3075 332 3168 386 sed
3215 349 3320 390 non
3360 353 3459 409 per

211 412 362 466 tiam.
403 410 474 465 Et
500 410 632 465 dicit
656 410 728 464 illi
759 429 771 464 :
803 411 1028 468 Abstine
1071 420 1219 467 tanto
1247 422 1487 481 tempore
1507 427 1537 465 a
1576 412 1700 465 vino
1727 421 1781 467 et

209 516 394 557 carne.
425 499 471 557 0
497 515 657 571 quam
696 510 880 570 aperta
921 503 1162 558 seductio
1188 494 1202 556 l
1231 503 1462 574 Nepotes
1485 503 1629 558 illius
1671 517 1783 558 ser-

209 591 362 644 viunt
387 591 533 645 omni
560 590 665 654 die,
690 600 746 646 et
771 592 824 645 in
852 592 959 647 line
996 594 1177 648 mundi
1205 602 1299 648 aut
1319 605 1536 649 centum
1567 600 1658 649 aut
1683 593 1781 646 du-

205 682 352 736 centi
395 690 556 737 erunt
588 683 730 737 servi
764 683 830 737 de
859 683 950 738 illo
977 700 1102 738 uno.
1134 684 1202 738 Et
1245 685 1346 739 iste
1371 685 1623 739 seductor
1649 683 1780 737 dicit

206 770 285 825 illi
318 789 332 824 :
363 770 557 826 Salvus
585 772 714 827 eris.
740 773 1010 827 Allodium
1032 782 1087 828 et
1111 790 1323 838 aurum,
1353 775 1496 843 quod
1525 773 1644 827 tulit
1665 772 1779 843 ipse

204 864 385 927 habet,
418 875 473 920 et
491 866 724 921 abstinet
744 882 775 921 a
810 882 909 921 suo
940 868 1067 922 vino
1099 885 1111 921 :
1141 870 1281 922 unde
1302 867 1528 935 accipiet
1550 882 1671 921 cras
1692 881 1778 920 so-

203 942 343 1011 lidos
373 955 556 1025 plures
579 972 738 1024 quam
777 957 818 1011 si
869 956 1106 1012 bibisset.
1140 956 1184 1013 Ο
1227 958 1438 1012 diabole
1476 957 1775 1023 confessor,

199 1046 248 1100 ‘si
271 1046 449 1101 nescis
470 1046 618 1099 illum
640 1046 872 1110 salvere,
896 1048 1115 1115 utquod
1136 1047 1245 1101 scis
1265 1047 1492 1114 teipsum
1517 1047 1779 1114 perdere?

202 1134 481 1189 Debueras
506 1136 685 1191 dicere
719 1136 990 1191 :~Destrue
1013 1152 1169 1205 opus,
1213 1146 1267 1191 et
1296 1124 1481 1205 accipe
1510 1148 1635 1191 tunc
1664 1152 1778 1205 po:-

202 1227 485 1280 nitentiam
522 1241 731 1297 :quare
773 1227 894 1297 plus
938 1228 1126 1282 amasti
1176 1244 1366 1281 aurum
1395 1243 1555 1297 quam
1598 1224 1778 1282 Domi-

203 1332 353 1384 num,
403 1322 494 1389 qui
553 1322 651 1376 tibi
723 1322 828 1376 ista
891 1322 1203 1390 prohibuit?
1273 1321 1458 1376 Nonne
1535 1320 1777 1377 diabolus

199 1413 415 1479 quando
442 1413 620 1466 anima
644 1412 760 1483 ejus
781 1410 1056 1483 egreditur
1077 1428 1105 1465 a
1132 1427 1357 1482 corpore
1384 1413 1439 1466 in
1465 1411 1605 1467 malo
1633 1420 1775 1478 erat,

198 1511 253 1557 et
292 1503 467 1557 adhuc
495 1503 692 1558 malum
720 1504 950 1559 crescit?
994 1502 1181 1558 Nonne
1217 1503 1344 1557 dicit
1379 1503 1636 1568 Joannes,
1660 1519 1778 1573 pec-

198 1602 375 1646 ratum
422 1608 586 1663 usque
624 1593 694 1647 ad
720 1604 954 1659 mortem,
994 1610 1097 1648 non
1121 1594 1238 1647 dico
1269 1603 1323 1647 ut
1364 1602 1503 1662 roget
1528 1594 1645 1664 quis
1679 1609 1774 1662 pro

1883 408 2153 465 ell‘ectum.
2211 409 2269 464 Si
2299 412 2422 480 quis
2473 415 2673 484 cogitat
2704 425 2759 470 et
2799 417 3059 475 deliberat
3102 430 3161 477 ut
3193 408 3369 481 faciat
3409 428 3456 484 si

1881 500 2139 569 potuerit,
2177 500 2327 555 locus
2356 500 2432 554 illi
2460 501 2643 568 deest;
2676 506 2769 559 sed
2808 507 2862 560 in
2895 520 3184 579 conspectu
3218 530 3340 571 reus
3379 526 3457 571 te-

1881 580 2064 655 netur,
2088 599 2143 645 et
2178 591 2244 645 de
2271 590 2360 645 tali
2400 591 2620 658 dicitur,
2644 595 2757 665 jam
2784 598 3120 656 adulteratus
3144 611 3227 657 est
3248 620 3366 660 eam
3399 608 3454 662 in

1881 682 2043 735 corde
2095 695 2194 735 suo
2241 681 2326 736 vel
2376 680 2604 738 furatus.
2638 685 2791 750 Quod
2825 689 2872 741 si
2893 691 3074 747 oculus
3112 703 3233 749 tuus
3272 697 3457 753 dexter

1878 771 2202 826 scandalizat
2231 783 2302 837 te,
2337 791 2458 829 erue
2480 792 2597 829 cum
2642 789 2688 830 et
2717 781 2914 848 projice
2938 783 3029 837 abs
3063 794 3131 839 te.
3181 787 3287 843 Per
3327 804 3454 844 ocu-

1877 860 1985 917 lum
2012 870 2068 916 et
2098 878 2335 951 manum,
2366 873 2421 920 et
2443 866 2654 934 pedem,
2684 869 2955 938 spiritales
2985 877 3450 946 concupiscentias

1878 954 2175 1025 intelligere
2212 956 2491 1021 debemus,
2524 967 2583 1011 ut
2619 961 2832 1027 quando
2859 963 3003 1016 videt
3027 965 3215 1021 oculus
3239 978 3293 1024 ct
3322 985 3453 1027 con-

1876 1046 2121 1115 cupiscit,
2168 1045 2316 1101 illum
2356 1048 2572 1102 oculum
2607 1049 3005 1117 abscindamus,
3060 1054 3113 1109 id
3145 1064 3229 1110 est
3258 1074 3453 1114 concu-

1875 1136 2193 1204 piscentiam
2225 1155 2237 1190 :
2270 1138 2517 1192 similiter
2548 1139 2613 1199 de
2640 1140 2775 1208 pede
2818 1150 2873 1194 et
2914 1157 3098 1198 manu.
3135 1144 3254 1199 Alio
3287 1149 3449 1203 etiam

1876 1243 2039 1283 sensu
2087 1244 2183 1297 per
2228 1228 2465 1293 oculum,
2498 1245 2737 1295 manum,
2781 1237 2835 1285 ct
2874 1233 3084 1302 pedem,
3121 1246 3371 1303 parentes
3397 1251 3450 1292 et

1876 1319 2079 1373 amicos
2118 1319 2499 1391 intelligamus,
2524 1329 2582 1375 ut
2612 1323 2656 1375 si
2680 1322 2845 1392 aliqui
2891 1325 3001 1379 sint
3032 1328 3123 1395 qui
3155 1327 3206 1381 in
3240 1329 3324 1382 via
3355 1329 3448 1385 Dei

1876 1408 2132 1461 contrarii
2162 1408 2269 1463 sint
2294 1409 2449 1463 nobis
2475 1417 2527 1465 et
2558 1427 2663 1466 non
2694 1413 2964 1482 possimus
2986 1430 3080 1471 eos
3111 1428 3448 1483 convertere,

1876 1497 2069 1563 melius
2111 1499 2182 1553 sit
2227 1499 2331 1553 illis
2371 1514 2578 1566 carere,
2635 1509 2689 1556 et
2742 1503 2958 1558 illorum
2999 1507 3235 1561 amicitia
3286 1524 3447 1578 quam

1875 1586 2132 1642 olfensam
2159 1588 2255 1642 Dei
2292 1589 2586 1645 incurrere.
2618 1591 2770 1649 Unde
2808 1605 2863 1649 ct
2896 1596 2962 1650 de
3007 1612 3218 1652 summo
3263 1614 3447 1655 sacer-

196 1700 256 1738 eo
274 1686 301 1738 7
321 1683 508 1749 Stulte,
541 1684 737 1755 lignum
760 1686 815 1738 in
843 1701 1000 1755 quam
1028 1693 1223 1754 partem
1253 1684 1512 1750 ceciderit,
1544 1682 1615 1738 ibi
1663 1700 1775 1738 ma—
1804 1671 1852 1730 Β
1878 1680 2001 1735 dote
2042 1682 2371 1750 praecipitur,
2404 1690 2464 1736 ut
2490 1699 2661 1754 neque
2689 1702 2786 1756 pro
2830 1695 2984 1756 patre
3008 1704 3181 1758 neque
3206 1706 3303 1760 pro
3326 1692 3447 1746 ﬁliis

198 1776 353 1830 nebit.
384 1776 685 1847 Utrumque
712 1785 890 1831 autem
920 1784 1206 1846 possumus
1242 1775 1423 1830 dicere
1451 1794 1462 1829 :
1496 1775 1565 1829 Et
1595 1791 1775 1831 recon-

197 1866 382 1920 ciliare
409 1867 630 1937 fratrem
650 1876 819 1929 tuum,
849 1866 950 1921 hoc
970 1873 1055 1921 est
1083 1866 1152 1921 ad
1174 1875 1228 1921 te
1258 1853 1405 1919 illum
1432 1866 1690 1923 reducere
1718 1866 1772 1920 in

194 1971 359 2028 pace;
390 1967 437 2011 et
466 1957 796 2012 reconciliari
820 1957 976 2026 fratri
1006 1962 1114 2021 tuo,
1148 1957 1252 2012 hoc
1279 1964 1363 2012 est
1392 1966 1444 2010 te
1480 1956 1556 2010 illi
1584 1969 1772 2012 recon-

195 2048 391 2104 ciliari.
433 2046 563 2102 Esto
596 2051 919 2103 consentiens
948 2048 1249 2102 adversario
1273 2057 1383 2101 tuo.
1406 2047 1585 2118 Aliqui
1613 2062 1771 2116 expo-

194 2149 329 2195 nunt
352 2141 457 2196 hoc
479 2142 703 2196 verbum
733 2155 894 2209 super
924 2139 1220 2204 diabolum,
1255 2150 1317 2194 ut
1356 2141 1525 2199 simus
1550 2140 1767 2211 benigni

192 2246 316 2286 cum
349 2230 440 2286 illo
467 2246 533 2286 ne
574 2232 836 2287 faciamus
880 2231 1040 2294 mala,
1076 2232 1203 2301 quia
1232 2238 1359 2286 tunc
1405 2231 1494 2285 ille
1539 2232 1770 2299 amplius

190 2322 522 2376 cruciabitur
554 2337 654 2392 pro
679 2323 835 2377 malis
869 2338 989 2393 qua:
1018 2323 1174 2378 nobis
1197 2323 1487 2392 suggessit,
1514 2338 1674 2390 quam
1701 2324 1766 2378 de

189 2409 427 2465 inimicis
452 2411 684 2476 nostris;
720 2411 862 2465 unde
891 2411 1140 2479 superius
1177 2411 1456 2479 praecepit,
1486 2420 1545 2464 ut
1576 2426 1765 2464 recon-

186 2502 498 2558 eiliaremus
526 2518 626 2557 nos
673 2517 793 2556 cum
822 2502 958 2565 illis;
1004 2510 1059 2555 et
1089 2501 1228 2555 infra
1264 2510 1628 2579 praecepturus
1657 2511 1763 2565 est,

187 2591 390 2660 diligite
413 2592 651 2645 inimicos
696 2601 910 2647 vestros.
950 2592 1081 2646 Nam
1112 2591 1253 2646 utin
1296 2590 1485 2646 Grzeco
1531 2607 1762 2658 eunoun,

186 2684 382 2747 εὐνοῡν,
425 2682 605 2746 habet,
660 2683 714 2736 id
759 2691 840 2737 est
869 2681 1174 2741 benivolum.
1209 2689 1263 2737 et
1291 2683 1365 2735 ita
1401 2690 1578 2751 potest
1620 2690 1764 2736 recte

186 2773 384 2842 accipi,
428 2781 489 2828 ut
512 2788 635 2828 cum
664 2774 916 2828 omnibus
938 2773 1248 2827 hominibus
1276 2782 1535 2842 quantum
1573 2789 1636 2827 ex
1666 2790 1763 2829 no-

184 2865 270 2921 bis
296 2874 380 2921 est
404 2881 590 2936 pacem
621 2865 931 2921 habeamus.
961 2865 1065 2920 Sed
1095 2875 1147 2919 et
1195 2864 1261 2919 de
1288 2865 1452 2920 verbo
1486 2853 1761 2934 Evange’lii

180 2973 294 3012 non
332 2957 777 3012 inconvenienter
812 2964 990 3026 potest
1028 2955 1221 3025 accipi,
1257 2955 1348 3024 qui
1381 2955 1534 3024 quasi
1572 2955 1760 3009 adver-

184 3049 364 3103 sarius
412 3055 597 3101 noster
630 3054 732 3110 est,
780 3046 903 3116 quia
932 3061 994 3099 ea
1038 3046 1280 3115 prmcipit
1318 3060 1438 3114 qua:
1484 3046 1757 3100 contraria

181 3145 312 3192 sunt
356 3135 720 3205 voluptatibus
766 3134 986 3190 nostris.
1036 3133 1418 3188 Verumtamen
1452 3133 1645 3189 melius
1676 3144 1759 3190 est

181 3236 244 3282 ut
266 3227 653 3281 concordemus
681 3240 802 3280 cum
829 3239 894 3279 eo
913 3225 1042 3279 dum
1072 3240 1257 3280 sumus
1279 3224 1334 3278 in
1355 3238 1599 3293 corpore,
1624 3232 1678 3278 et
1703 3224 1759 3279 in

180 3319 273 3371 via
294 3317 452 3372 istius
479 3315 680 3380 sazculi,
712 3331 780 3370 ne
801 3314 939 3370 forte
966 3323 1277 3371 contemnet
1303 3330 1402 3370 nos
1429 3316 1605 3387 ipsum
1625 3315 1759 3370 Ver-

181 3411 313 3465 bum
347 3408 432 3462 cui
476 3422 585 3463 non
613 3408 970 3472 obedivimus,
1023 3415 1078 3461 et
1102 3407 1267 3476 judex
1312 3406 1549 3477 Angelus
1584 3408 1760 3463 tradat

182 3513 286 3552 nos
333 3497 581 3554 ministro
620 3497 832 3561 diabolo
862 3496 955 3566 qui
992 3511 1094 3550 nos
1147 3496 1327 3549 mittat
1377 3497 1430 3549 in
1481 3510 1759 3558 carcerem

182 3602 467 3657 poenarum
521 3593 866 3642 internarum.
918 3584 1083 3637 Amen
1133 3583 1251 3637 dico
1301 3583 1416 3647 tibi,
1469 3601 1573 3639 non
1618 3586 1757 3639 exies

178 3680 328 3743 inde,
372 3680 535 3733 donec
590 3678 780 3732 reddas
827 3676 1165 3731 novissimum
1233 3674 1597 3745 quadrantem.
1652 3674 1760 3729 Do-

184 3788 280 3825 nec
310 3771 397 3825 hic
421 3771 584 3825 etiam
616 3785 715 3840 pro
737 3777 940 3823 interno
966 3768 1206 3836 ponitur,
1234 3766 1359 3836 quia
1389 3766 1480 3837 qui
1512 3765 1565 3820 in
1596 3766 1760 3821 infer-

182 3876 312 3915 num
362 3860 649 3919 introierit,
704 3859 932 3913 ulterius
972 3874 1076 3911 non
1119 3857 1306 3912 exibit.
1339 3856 1503 3924 Quasi
1530 3858 1673 3912 dicat
1704 3859 1757 3913 in

178 3962 443 4007 :cternum
476 3966 580 4006 non
625 3951 774 4006 exies
805 3950 958 4014 inde;
990 3958 1047 4003 et
1088 3948 1159 4003 ibi
1192 3948 1466 4017 persolves
1492 3958 1757 4004 tormenta

180 4032 281 4112 pr'o
314 4042 547 4099 minimis
596 4043 760 4096 etiam
804 4041 1069 4117 peccatis,
1109 4056 1230 4110 qua:
1260 4056 1357 4109 per
1402 4041 1756 4110 quadrantem

183 4133 586 4203 intelliguntur;
631 4134 899 4202 quadrans
926 4132 1072 4186 enim
1098 4146 1266 4202 genus
1293 4131 1496 4184 nummi
1536 4134 1637 4195 est,
1666 4131 1756 4201 qui

174 4227 346 4280 habet
373 4226 477 4279 duo
502 4225 727 4288 minuta,
758 4224 811 4278 id
856 4223 1199 4292 estquinque
1230 4222 1500 4287 denarios,
1528 4230 1582 4276 et
1609 4222 1759 4276 simi-

182 4318 309 4371 liter
336 4316 594 4371 l'lebraice
631 4325 874 4373 vocatur.
921 4315 1068 4370 Unde
1100 4315 1151 4368 in
1188 4330 1294 4369 uno
1324 4314 1609 4385 Evangelio
1640 4330 1756 4368 mu-

1870 1771 2162 1840 polluatur,
2200 1771 2303 1826 nisi
2366 1772 2514 1827 illum
2557 1773 2901 1831 immaculate
2952 1778 3236 1844 custodiat,
3295 1779 3447 1849 cujus

1868 1861 2039 1916 cultui
2082 1861 2361 1918 dedicatus
2390 1872 2491 1919 est.
2523 1861 2730 1920 Dictum
2757 1877 2831 1922 est
2867 1878 3040 1922 autem
3075 1883 3095 1922 :
3141 1869 3447 1943 Quicunque

1871 1951 2125 2007 dimiserit
2174 1966 2388 2006 uxorem
2436 1970 2608 2021 suam,
2668 1954 2755 2009 det
2802 1955 2881 2010 illi
2938 1956 3168 2011 libellum
3218 1961 3440 2028 repudii.

1870 2038 2008 2094 Ecce
2027 2054 2168 2094 nunc
2188 2055 2293 2095 non
2318 2041 2549 2096 habetur
2569 2034 2795 2114 antiqu'is
2816 2043 3161 2114 subiunctum
3193 2064 3207 2101 :
3247 2048 3445 2105 idcirco

1867 2129 2212 2187 manifestum
2243 2141 2327 2187 est
2354 2134 2517 2203 (sicut
2543 2135 2597 2190 in
2624 2137 2910 2204 posteriori
2935 2146 3086 2207 parte
3112 2138 3271 2210 dicet)
3301 2137 3445 2212 quod

1869 2225 2077 2296 Moyses
2107 2242 2173 2281 ex
2200 2214 2429 2282 suo'hoc
2460 2227 2610 2291 dixit,
2642 2244 2746 2283 non
2790 2237 2965 2282 tamen
2990 2229 3129 2284 Deus
3154 2231 3439 2286 mandarit.

1867 2315 2129 2388 Cognovit
2159 2320 2301 2373 enim
2329 2318 2603 2390 legislator
2636 2320 2761 2389 quia
2791 2320 2836 2374 si
2864 2319 3125 2385 viverent,
3156 2329 3441 2389 antequam

1866 2408 2033 2463 velint
2065 2416 2248 2463 tenere
2291 2409 2410 2463 illas
2438 2409 2582 2479 quod
2629 2409 2939 2465 occiderent
2966 2425 3078 2475 eas,
3102 2419 3156 2464 et
3176 2410 3440 2480 judicavit

1865 2498 2059 2554 melius
2090 2498 2203 2555 fore
2230 2501 2627 2570 separationcm
2663 2516 2824 2572 quam
2859 2503 3224 2559 nomicidium.
3263 2502 3439 2557 Libel-

1864 2591 1972 2644 lum
2002 2599 2183 2645 autem
2211 2592 2453 2647 chartam
2482 2592 2611 2647 dicit
2646 2594 2872 2663 repudii,
2923 2595 2975 2649 id
3010 2602 3113 2658 est,
3144 2594 3440 2663 separatio-

1864 2681 1949 2735 uis
1983 2699 1996 2735 :
2028 2682 2158 2750 quia
2189 2682 2423 2751 repudio,
2456 2682 2636 2752 rejicio
2666 2684 2863 2738 dicitur
2890 2702 2909 2759 γε
2944 2694 2998 2739 et
3027 2685 3303 2755 repudium
3333 2695 3433 2747 est,

1865 2774 2008 2844 quod
2059 2774 2365 2829 testimonio
2413 2776 2631 2830 testium
2669 2775 2846 2839 datur,
2883 2784 2975 2829 aut
3026 2776 3275 2829 mittitur.
3323 2775 3437 2846 Ego

1863 2874 2036 2918 autem
2075 2864 2190 2921 dico
2219 2864 2360 2918 vobis
2389 2866 2528 2935 quod
2578 2867 2743 2921 omnis
2788 2867 2876 2938 qui
2924 2867 3178 2921 dimiserit
3221 2884 3435 2921 uxorem

1863 2970 2032 3019 suam,
2063 2963 2272 3022 excepta
2294 2971 2451 3009 causa
2480 2955 2861 3025 fornicationis,
2895 2956 3021 3024 facit
3052 2973 3166 3010 eam
3210 2956 3432 3009 moecha-

1808 3050 1831 3083 ἀ
1862 3043 1940 3107 ri;
1976 3052 2024 3097 et
2057 3044 2145 3114 qui
2172 3043 2440 3098 dimissam
2477 3043 2707 3108 duxerit,
2745 3043 3024 3099 adulterat.
3059 3044 3295 3115 Simplex
3329 3048 3434 3100 Do-

1864 3133 1994 3187 mini
2030 3142 2355 3202 praeceptum
2403 3142 2504 3198 est,
2535 3135 2676 3203 quod
2716 3136 2759 3190 si
2799 3144 2852 3189 et
2882 3144 3102 3207 propter
3126 3136 3437 3191 fornicatio—

1860 3236 1986 3276 nem
2016 3222 2305 3286 dimiserit,
2356 3238 2457 3277 nec
2485 3223 2574 3277 ille
2604 3224 2758 3279 debet
2783 3225 2943 3279 aliam
2974 3226 3192 3291 habere,
3228 3227 3434 3296 quoad-

1860 3328 2031 3382 usque
2074 3312 2163 3366 illa
2208 3313 2373 3378 vivit,
2403 3328 2500 3368 nec
2529 3314 2619 3368 illa
2662 3314 2845 3369 alium.
2887 3315 2946 3370 Si
2986 3326 3163 3372 autem
3194 3317 3438 3388 lcgaliter

1860 3402 2120 3457 occiderit
2142 3403 2262 3457 eam
2289 3404 2341 3456 in
2364 3402 2585 3470 judicio,
2611 3411 2733 3457 tunc
2757 3413 2933 3473 potest
2959 3405 3181 3461 alteram
3211 3407 3431 3461 habere.

1863 3492 2103 3546 Similem
2142 3499 2322 3546 autem
2352 3492 2525 3561 legem
2570 3492 2731 3547 habet
2771 3495 2855 3546 vir
2884 3509 3008 3548 cum
3045 3509 3247 3559 uxore,
3298 3497 3437 3550 sicut

1858 3585 2059 3638 mulier
2088 3600 2208 3638 cum
2239 3583 2375 3648 viro,
2418 3592 2476 3637 ut
2511 3584 2554 3638 si
2600 3586 2684 3638 vir
2735 3585 3016 3640 mulierem
3047 3585 3433 3642 adulteraverit

1861 3691 1967 3728 non
1996 3684 2175 3744 posset
2197 3690 2316 3729 eam
2340 3674 2510 3729 occidi
2543 3673 2645 3729 nisi
2674 3683 2729 3729 et
2755 3676 2869 3744 ipse
2894 3675 3171 3739 moriatur,
3204 3677 3326 3745 quia
3367 3677 3438 3730 si-

1860 3768 2061 3822 militer
2088 3782 2209 3821 reus
2230 3777 2316 3822 est
2337 3769 2403 3823 de
2429 3766 2710 3822 adulterio.
2742 3766 2797 3821 Si
2819 3783 2946 3822 vero
2968 3768 3020 3822 in
3047 3768 3432 3823 monasterium

1861 3860 2012 3914 abire
2043 3859 2330 3925 voluerint,
2373 3867 2563 3914 neuter
2587 3858 2750 3912 alium
2790 3865 2967 3927 potest
2992 3858 3284 3924 dimittere,
3326 3858 3433 3912 nisi

1861 3952 2019 4008 ambo
2049 3950 2332 4016 voluerint,
2364 3958 2419 4005 et
2451 3945 2642 4003 neuter
2675 3948 2893 4003 habebit
2940 3948 3163 4011 socium,
3195 3949 3433 4017 quandiu

1862 4043 2021 4097 ambo
2046 4042 2251 4095 vivunt.
2284 4040 2483 4095 Iterum
2508 4039 2703 4093 dictum
2725 4049 2798 4094 est
2821 4040 3067 4105 antiquis.
3103 4039 3224 4093 Non
3251 4032 3435 4111 perjuA

1861 4136 2020 4201 rabis,
2054 4134 2234 4189 reddes
2262 4142 2434 4187 autem
2463 4132 2687 4186 Domino
2702 4130 3009 4199 juramenta
3031 4139 3141 4183 tua.
3164 4129 3241 4184 Ne
3261 4128 3431 4184 Judaei

1860 4242 1957 4298 per
1978 4227 2239 4282 idolorum
2272 4224 2488 4279 nomina
2509 4223 2773 4293 jurareut,
2803 4221 3047 4315 permisit
3075 4221 3154 4276 eis
3174 4221 3434 4275 Dominus

1854 4318 2040 4387 jurare
2068 4332 2166 4386 per
2211 4330 2405 4370 nomen
2436 4329 2623 4379 suum;
2675 4327 2777 4367 nec
2805 4313 2959 4366 nobis
2987 4309 3149 4366 etiam
3175 4309 3427 4374 inhibuit,

180 4409 284 4463 lier
307 4409 682 4477 qualrantem,
707 4408 762 4461 in
789 4408 894 4460 alio
936 4407 1042 4460 duo
1064 4407 1289 4471 minuta,
1317 4384 1527 4460 misisse
1553 4406 1605 4460 in
1635 4421 1756 4461 cor-
1780 4384 1832 4443 Β
1856 4384 1950 4462 sed
1996 4384 2383 4476 perfectionem
2414 4420 2510 4459 nos
2541 4404 2743 4468 docuit,
2789 4403 2935 4472 quod
2963 4418 3024 4457 ea
3058 4403 3190 4458 ﬁdes
3228 4402 3298 4457 sit
3337 4401 3431 4457 ba-

179 4501 378 4555 bonam
399 4499 654 4553 scribitur
686 4515 699 4550 :

251 4589 484 4643 Audistis
511 4590 637 4659 quia
659 4589 853 4642 dictum
874 4598 946 4641 est
973 4588 1223 4659 antiquis,
1257 4586 1378 4640 Non
1400 4586 1751 4641 mwchaberis.

182 4679 298 4749 Ego
327 4690 501 4733 autem
543 4680 658 4732 dico
690 4678 852 4743 vobis,
876 4678 1014 4749 quod
1052 4678 1216 4732 omnis
1239 4677 1328 4748 qui
1358 4677 1539 4730 viderit
1565 4675 1753 4729 mulie—

180 4787 291 4826 rem
318 4772 385 4825 ad
414 4770 877 4840 concupiscendum
905 4787 1039 4833 eam,
1055 4771 1171 4840 jam
1221 4770 1502 4823 mwcltatus
1541 4778 1614 4823 est
1640 4786 1756 4823 eam

179 4866 235 4916 in
260 4863 415 4916 corde
438 4878 552 4917 suo.
588 4862 698 4932 Ego
745 4861 834 4929 qui
872 4860 1043 4929 legem
1071 4860 1190 4913 dedi
1220 4874 1318 4927 per
1343 4858 1583 4929 Moysen,
1611 4859 1755 4928 quod

180 4954 370 5009 deerat
398 4954 694 5023 adimpleo;
718 4952 811 5021 qui
838 4952 1034 5005 viderit
1062 4952 1129 5004 ad
1156 4949 1276 5015 hoc,
1305 4957 1364 5002 ut
1404 4949 1664 5003 deliberet
1696 4965 1755 5003 se

178 5046 257 5100 ita
284 5046 417 5101 velle
444 5044 638 5109 facere,
673 5044 787 5114 jam
829 5053 1041 5099 tenetur
1082 5060 1206 5097 rcus
1235 5044 1289 5097 in
1323 5053 1612 5112 conspectu
1652 5044 1756 5097 Do-

180 5136 336 5190 miui.
362 5137 499 5191 Dicit
515 5136 706 5191 beatus
734 5134 1090 5204 Hieronymus
1110 5134 1252 5202 quod
1274 5134 1420 5187 aliud
1443 5141 1527 5187 est
1554 5135 1752 5203 passio.

176 5225 327 5280 aliud
358 5226 653 5296 propassio,
681 5224 824 5279 aliud
867 5224 1010 5293 quod
1047 5231 1286 5278 tentatur
1331 5238 1398 5278 ex
1427 5220 1638 5278 diabolo
1674 5224 1757 5278 vel

179 5334 247 5373 ex
273 5332 475 5382 carne;
508 5325 562 5371 et
593 5324 770 5370 tamen
802 5331 906 5369 non
937 5314 1201 5368 deliberat
1227 5322 1287 5366 ut
1312 5312 1383 5367 ita
1415 5312 1576 5367 faciat
1607 5331 1618 5366 :
1646 5329 1754 5368 non

180 5419 398 5465 tenetur
424 5423 549 5463 reus
578 5409 631 5462 in
675 5414 964 5475 conspectu
995 5404 1108 5459 Dei.
1132 5403 1449 5473 Exemplum
1473 5420 1757 5473 possumus

181 5518 377 5573 capere
404 5503 471 5557 de
496 5501 797 5556 latrocinio.
833 5497 890 5553 Si
920 5497 1040 5567 quis
1070 5503 1244 5550 tactus
1269 5494 1429 5550 fuerit
1460 5498 1600 5566 quod
1631 5499 1756 5553 velit

183 5615 383 5669 equum
424 5600 647 5659 alterius
675 5597 863 5665 furari,
892 5606 948 5654 et
976 5593 1155 5652 tamen
1184 5611 1289 5652 non
1336 5596 1504 5651 mittit
1545 5596 1597 5650 in
1627 5594 1752 5651 εὕε-

1858 4500 2030 4556 benda
2054 4500 2108 4554 in
2150 4498 2506 4564 Christianos,
2535 4506 2595 4552 ut
2626 4515 2730 4553 non
2777 4498 2848 4553 sit
2874 4512 3092 4553 necesse
3116 4506 3309 4554 testem
3338 4513 3434 4552 no-

1859 4592 1991 4647 mini
2039 4590 2251 4645 Domini
2290 4589 2651 4659 interponere,
2705 4589 2997 4660 perjurium
3038 4590 3194 4646 nobis
3241 4597 3296 4643 et
3329 4588 3434 4644 illis

1857 4682 2188 4752 prohibitum
2216 4688 2318 4736 est.
2344 4681 2611 4735 Debemus
2633 4682 2775 4735 enim
2806 4680 3005 4746 dicere,
3052 4696 3159 4734 non
3175 4680 3432 4750 pejerabis

1858 4774 1976 4830 sine
2022 4790 2069 4837 r,
2116 4774 2242 4842 quia
2282 4773 2337 4827 in
2374 4772 2541 4827 verbo
2569 4786 2675 4827 non
2714 4772 2942 4826 habetur
2963 4787 3005 4835 r,
3038 4770 3132 4826 sed
3164 4770 3336 4841 pejero
3376 4778 3432 4824 et

1856 4865 2032 4935 dejero
2055 4865 2304 4920 dicimus.
2328 4863 2582 4932 cherare
2604 4861 2743 4915 male
2758 4860 2974 4929 jurare;
2996 4861 3261 4929 dejerare,
3277 4860 3432 4916 valde

1858 4953 2063 5023 jurare.
2089 4951 2280 5007 Jurare
2301 4961 2382 5007 est
2411 4964 2667 5019 namque,
2695 4949 2848 5019 quasi
2878 4949 3005 5019 jure
3038 4965 3190 5004 orare
3232 4962 3250 5000 :
3286 4949 3428 5016 quod

1849 5042 2087 5111 denique
2107 5042 2256 5105 dicit,
2286 5038 2473 5095 reddes
2485 5040 2709 5093 Domino
2730 5039 3037 5108 juramenta
3079 5047 3196 5103 tua,
3219 5037 3321 5092 hoc
3347 5046 3432 5093 est

1855 5137 1921 5189 aJ
1953 5135 2103 5189 illum
2136 5134 2338 5189 referes
2362 5141 2422 5186 ut
2448 5147 2546 5202 per
2571 5145 2765 5186 nomen
2781 5130 2899 5200 ejus
2923 5128 3094 5199 jures,
3117 5135 3173 5183 et
3195 5143 3303 5183 non
3331 5132 3431 5198 per

1858 5227 2075 5281 nomina
2123 5226 2346 5280 deorum
2375 5230 2742 5277 externorum.
2789 5218 3017 5286 Quidam
3055 5215 3242 5285 jurant
3267 5216 3321 5271 in
3354 5216 3433 5271 al-

1859 5326 1993 5380 tare,
2045 5322 2099 5372 et
2124 5320 2317 5384 putant
2347 5327 2451 5367 non
2489 5324 2610 5365 esse
2634 5307 2958 5380 perjurium;
3000 5306 3094 5362 sed
3137 5315 3318 5362 tamen
3352 5304 3432 5359 sic

1858 5408 2001 5462 Deus
2030 5405 2225 5475 accipit
2251 5403 2380 5457 illud
2413 5402 2552 5456 sicut
2577 5402 2624 5457 is
2653 5400 2740 5455 cui
2772 5397 3004 5468 iuratur,
3035 5396 3247 5451 etiamsi
3272 5393 3431 5450 nulla:

1859 5496 2098 5567 reliquiae
2147 5502 2457 5549 sanctorum
2486 5491 2560 5547 ibi
2604 5491 2930 5550 habeantur.
2975 5487 3103 5558 quia
3127 5483 3301 5554 majus
3349 5494 3433 5540 est

1859 5606 2051 5647 nomen
2094 5586 2327 5650 Domini,
2371 5599 2532 5655 quam
2578 5596 2804 5656 corpora
2834 5591 3161 5636 sanctorum.
3214 5576 3427 5635 Etenim
