3976 6180
519 256 648 322 t3]!

1302 258 1693 317 CllRlSTlANl
1734 252 2147 316 DRUTllllARl
2191 250 2641 318 CQRBEIENSIS
2679 258 2982 317 MONACHl

3655 266 3763 322 ﬁli

512 381 658 436 Deus
680 393 786 434 non
811 374 1079 447 reputavit
1101 371 1376 429 Sedechiaz
1403 373 1546 426 aliud
1576 372 1792 442 quando
1816 372 2100 427 Nabucbo-
2127 375 2176 433 Α
2206 380 2452 426 vocatum
2499 382 2583 427 est
2639 374 2779 442 apud
2820 374 3089 443 antiquos.
3145 374 3248 440 Qui
3293 378 3421 447 petit
3448 396 3482 431 a
3512 389 3582 443 te,
3613 382 3679 434 da
3707 385 3760 437 ei.

514 469 751 524 donosor
775 466 1000 535 juravit,
1032 464 1137 518 nisi
1165 464 1290 533 quia
1336 479 1532 518 nomen
1576 464 1784 518 Domini
1828 464 2094 532 despexit,

512 562 728 632 quando
758 559 889 614 illud
940 556 1225 628 pejeravit,
1285 555 1471 611 dicens
1501 574 1513 609 :
1547 554 1916 610 Juramentum
1957 555 2097 625 quod

511 656 720 727 sprevit,
765 669 957 725 ponam
1006 668 1162 722 super
1204 660 1360 722 caput
1406 650 1543 720 ejus,
1576 659 1623 703 et
1666 650 1874 702 tradam
1899 666 2014 702 eum
2041 649 2097 703 in

510 761 673 799 manu
720 741 1227 804 Nabuchodonosor,
1281 750 1336 794 et
1385 747 1563 793 tamen
1608 747 1715 793 no’n
1754 740 2011 793 credebat
2042 738 2094 793 in

511 837 679 890 Deum
711 834 758 889 is
798 833 883 888 cui
930 834 1170 904 juratum
1218 830 1413 885 fuerat.
1463 830 1571 885 Sed
1598 830 1725 899 quia
1753 822 1844 884 ille
1894 845 2089 884 nomen

511 924 723 978 Domini
754 930 1053 992 spreverat,
1108 929 1162 975 et
1197 935 1295 991 pro
1322 919 1490 974 nihilo
1525 919 1772 982 duXerat,
1805 927 2091 989 propterea

511 1016 741 1070 traditus
772 1024 855 1069 est
901 1014 955 1068 in
1002 1028 1221 1067 manum
1252 1011 1369 1080 ejus
1407 1011 1498 1080 qui
1534 1011 1693 1065 [idem
1743 1010 2088 1081 promiserat.

510 1104 691 1159 Nolite
709 1096 928 1174 jurare:
955 1120 1114 1173 neque
1139 1119 1232 1174 per
1252 1101 1456 1165 coelum,
1481 1103 1604 1173 quia
1626 1102 1844 1156 tltromts
1873 1101 1967 1156 Dei
1990 1112 2085 1156 est.

508 1202 758 1255 'l‘hronus
785 1198 1030 1253 Grazcum
1077 1205 1162 1253 est
1198 1206 1253 1252 et
1295 1196 1482 1252 Latine
1528 1197 1674 1251 sedes
1711 1197 1927 1251 dicitur.
1980 1192 2091 1251 Ila-

506 1293 737 1346 buerunt
762 1288 932 1344 Judzei
957 1284 1402 1343 consuetudinem
1419 1280 1636 1357 iurandi
1661 1302 1757 1357 per
1783 1295 2084 1342 creaturas.

507 1382 651 1437 Deus
676 1381 778 1435 hoc
806 1380 960 1435 nobis
980 1378 1249 1448 prohibet,
1273 1378 1399 1447 quia
1425 1390 1524 1448 per
1545 1393 1705 1448 quem
1729 1378 1892 1431 homo
1912 1376 2085 1446 jurat,

505 1474 650 1528 lumc
675 1472 804 1528 colit
828 1479 882 1525 et
906 1478 1213 1535 veneratur,
1244 1471 1385 1525 sicut
1402 1464 1601 1523 Paulus
1623 1464 1753 1523 dicit
1784 1485 1797 1521 :
1832 1467 2085 1524 Homines

506 1564 645 1617 enim
678 1579 770 1633 per
789 1554 1042 1633 majorem
1068 1561 1151 1615 sui
1168 1552 1376 1629 jurant.
1406 1549 1618 1616 Cwlum
1654 1559 1810 1615 sedes
1834 1556 1928 1615 Dei
1954 1560 2089 1615 dici-

502 1664 614 1720 tur,
643 1670 709 1710 eo
753 1655 898 1723 quod
923 1653 1177 1724 splendor
1204 1651 1503 1706 divinitatis
1539 1650 1656 1720 ejus
1685 1652 1757 1706 ibi
1794 1652 2025 1722 amplius
2053 1667 2085 1707 a

2204 461 2316 517 Hoc
2349 478 2456 517 non
2507 473 2685 534 potest
2725 481 2845 520 esse
2886 467 2952 520 de
2985 474 3200 522 terrena
3238 483 3319 529 re,
3347 469 3442 524 sed
3472 470 3541 526 de
3564 473 3766 541 spiritali

2200 552 2394 609 melius
2434 555 2741 624 accipitur:
2788 564 2849 610 ut
2891 556 2983 624 qui
3025 572 3056 610 a
3101 557 3258 611 nobis
3292 559 3613 615 alimoniam
3644 564 3767 618 verbi

2197 646 2437 715 petierit,
2463 655 2722 717 quantum
2751 663 2816 703 ex
2850 649 3005 704 nobis
3034 664 3139 703 non
3170 666 3450 721 negemus,
3479 656 3624 724 quod
3651 656 3769 711 eiad

2195 738 2607 794 aediﬁcationem
2656 742 2913 809 prodesse
2948 742 3143 810 possit.
3174 742 3241 796 Et
3264 744 3566 816 quicunque
3601 757 3650 800 te
3690 766 3771 802 an-

2194 830 2475 899 gariaverit
2499 828 2640 884 mille
2663 848 2874 900 passus,
2902 832 3031 886 vade
3062 849 3180 886 cum
3222 833 3317 887 illo
3346 834 3454 889 alia
3481 836 3608 891 duo.
3647 839 3771 893 Mille

2193 936 2386 991 passus
2405 922 2494 995 (ad
2506 935 2819 978 mensuram
2843 926 3226 995 geometricam
3248 926 3423 999 dicit),
3444 929 3498 983 id
3523 940 3606 985 est
3622 948 3768 986 unum

2193 1013 2537 1080 milliarium;
2579 1016 2670 1085 qui
2721 1015 2884 1070 habet
2926 1016 3097 1085 pedes
3124 1019 3365 1087 quinque
3413 1021 3602 1074 millia.
3650 1023 3768 1077 Nam

2185 1104 2729 1177 juxtasgeometricos
2770 1109 3008 1163 sedecim
3052 1110 3203 1181 digiti
3250 1115 3545 1167 transversi
3596 1119 3764 1183 pedem

2191 1192 2430 1262 faciunt;
2482 1198 2587 1252 duo
2617 1211 2749 1253 vero
2798 1201 2966 1269 pedes
2996 1209 3054 1255 et
3103 1202 3380 1267 dimidius,
3422 1219 3667 1271 gressum
3695 1206 3763 1258 fa-

2190 1287 2373 1351 ciunt;
2428 1287 2533 1342 duo
2574 1302 2814 1358 gressus,
2845 1304 3064 1358 passum
3097 1290 3339 1360 implent.
3373 1293 3448 1346 De
3490 1293 3576 1347 his
3616 1296 3764 1362 passi-

2189 1375 2311 1442 bus,
2344 1377 2610 1433 Dominus
2642 1370 2694 1432 in
2732 1379 2836 1434 hoc
2865 1379 2987 1435 loco
3029 1381 3162 1434 dicit
3205 1383 3463 1451 quoniam
3494 1385 3763 1453 sequitur:

2203 1464 2345 1521 Vade
2395 1484 2513 1521 cum
2585 1468 2677 1521 illo
2735 1469 2844 1523 alia
2913 1470 3019 1524 duo
3071 1471 3342 1526 milliaria.
3403 1473 3694 1545 Angariare
3739 1494 3765 1531 a

2187 1559 2378 1614 Gnaeo
2429 1561 2598 1626 venit,
2654 1570 2710 1615 et
2768 1561 3039 1632 signiﬁcat
3112 1578 3308 1632 cogere
3361 1567 3665 1632 ambulare,
3720 1579 3768 1624 et

2186 1650 2401 1705 videtur
2443 1666 2566 1706 esse
2620 1666 2812 1707 sensus
2856 1670 2870 1707 :
2906 1652 2963 1708 Si
3000 1655 3122 1725 quis
3159 1664 3215 1710 te
3262 1658 3473 1727 cogerit
3504 1661 3767 1716 ambulare

501 1746 705 1801 sanctis
732 1744 1143 1815 contempletur,
1172 1742 1257 1796 vel
1279 1743 1403 1811 quia
1430 1742 1604 1797 saneti
1632 1741 1684 1797 in
1708 1743 1904 1814 quibus
1928 1743 2082 1799 habi-
2109 1738 2158 1799 B
2186 1741 2496 1797 milliarium
2558 1758 2748 1810 unum,
2812 1745 2951 1801 vade
2999 1762 3125 1801 cum
3190 1747 3285 1803 illo
3341 1758 3403 1802 ut
3459 1749 3593 1805 fiant
3648 1751 3762 1808 duo.

502 1844 601 1899 tat,
650 1833 972 1889 habeantur.
1029 1832 1212 1903 Neque
1258 1848 1351 1901 per
1375 1840 1589 1895 terram,
1623 1828 1749 1904 quia
1800 1830 2085 1890 scizbellum

497 1924 687 1993 pedum
718 1924 832 1994 ejus
860 1932 1077 1978 vocatur
1106 1936 1124 1973 :
1153 1937 1218 1977 eo
1262 1921 1406 1991 quod
1436 1924 1606 1977 sancti
1636 1921 1754 1991 cjds
1782 1923 1873 1993 qui
1913 1936 2086 1980 mem-

498 2012 596 2067 bra
626 2013 794 2083 ipsius
817 2021 963 2077 sunt,
992 2012 1169 2066 adhuc
1193 2010 1471 2066 ambulent
1497 2012 1549 2065 in
1580 2019 1744 2066 terra.
1785 2013 1968 2083 Neque
1991 2025 2085 2085 per

498 2102 942 2174 Hierosolymam,
997 2101 1129 2172 quia
1149 2102 1333 2155 civitas
1365 2111 1437 2155 est
1488 2105 1667 2174 magni
1697 2106 1853 2175 regis.
1888 2106 2082 2161 Hieru-

495 2194 662 2250 salem
695 2193 887 2248 civitas
912 2191 1056 2263 regis
1100 2191 1279 2263 magni
1305 2192 1521 2256 dicitur,
1551 2194 1803 2251 videlicet
1840 2196 2078 2263 Domini,

495 2289 621 2357 quia
641 2288 709 2342 de
733 2302 795 2342 ea
818 2286 1019 2341 dictum
1040 2291 1126 2338 est
1161 2300 1174 2337 :
1202 2282 1571 2340 Fundamenta
1594 2283 1710 2358 ejus
1739 2287 1796 2342 in
1816 2289 2080 2344 montibus

493 2380 708 2433 sanctis.
741 2378 810 2432 Et
835 2378 963 2433 licet
988 2379 1091 2434 ista
1120 2385 1333 2435 terrena
1377 2391 1483 2429 non
1524 2374 1751 2445 abjecta,
1787 2388 1966 2433 tamen
1998 2388 2081 2434 est

493 2468 601 2522 alia
644 2468 996 2534 Hierusalem,
1024 2470 1151 2539 quia
1177 2469 1250 2524 ibi
1280 2477 1364 2523 est
1402 2482 1530 2522 vera
1567 2482 1692 2535 pax,
1723 2475 1779 2521 ct
1806 2468 2079 2524 securitas

491 2570 712 2615 teterna.
740 2561 814 2614 De
837 2575 942 2628 qua
968 2559 1251 2616 Psalmista
1272 2560 1432 2616 dicit:
1456 2558 1787 2613 Hierusalem
1807 2576 1926 2629 qua:
1953 2560 2079 2613 a'di‘

490 2650 687 2719 ﬁcatur
729 2659 785 2704 ut
817 2651 1020 2705 civitas.

565 2735 748 2810 Neque
787 2755 880 2809 per
918 2748 1073 2811 caput
1097 2748 1246 2794 tuum
1257 2739 1545 2810 juraveris.
1584 2734 1689 2796 Per
1711 2741 1816 2797 ista
1844 2750 2077 2812 Quatuor

489 2830 808 2901 prohibetur
836 2831 1014 2898 nobis,
1047 2839 1106 2887 ut
1143 2832 1209 2887 de
1235 2830 1444 2886 caneris
1471 2829 1754 2887 elementis
1779 2847 1877 2888 seu
1905 2847 2075 2886 metu-

490 2922 626 2986 bris,
656 2936 760 2976 non
791 2935 911 2977 esse
947 2920 1241 2990 jurandum
1269 2924 1545 2978 doceatur.
1581 2922 1659 2978 Sit
1697 2934 1873 2979 autem
1903 2940 2074 2980 sermo

2187 1833 2366 1901 Ipsum
2403 1834 2685 1904 angariare
2722 1843 2817 1890 aut
2849 1836 2992 1891 viam
3037 1838 3483 1906 demonstrando,
3531 1851 3627 1896 aut
3659 1844 3768 1898 bor-

2188 1924 2350 1979 t‘ando
2420 1925 2566 1995 quod
2615 1933 2669 1981 te
2736 1925 2906 1995 cogit,
2965 1935 3021 1982 et
3072 1927 3203 1983 illud
3254 1930 3400 1999 quod
3460 1941 3519 1985 tu
3587 1942 3765 2001 sponte

2184 2016 2366 2071 abisti.
2399 2014 2594 2073 Omnia
2631 2017 2736 2073 ista
2781 2019 2851 2073 ad
2893 2018 3042 2073 illam
3081 2018 3473 2090 perfectionem
3528 2036 3649 2093 quae
3686 2038 3765 2078 su-

2182 2110 2366 2180 perius
2394 2110 2537 2166 dicta
2564 2119 2667 2178 est,
2698 2113 2990 2183 pertinent.
3022 2112 3260 2169 Audistis
3289 2116 3417 2185 quia
3442 2115 3641 2169 dictum
3660 2128 3762 2171 est:

2182 2198 2384 2271 Diliges
2423 2204 2724 2273 proximum
2776 2214 2925 2259 tuum
2948 2244 2961 2267 ,
3009 2215 3058 2260 et
3108 2207 3229 2260 odio
3260 2207 3475 2262 habebis
3504 2209 3760 2264 inimicust

2180 2304 2351 2347 tuum.
2392 2293 2503 2350 Nec
2533 2297 2677 2351 istud
2703 2298 2966 2367 approbat
3009 2299 3270 2353 Dominus
3307 2315 3368 2355 se
3405 2303 3759 2372 praecepisse;

2178 2383 2407 2458 Propter
2446 2388 2575 2443 illud
2604 2403 2618 2443 :
2651 2388 2810 2445 0dies
2849 2391 3117 2445 inimicum
3146 2402 3315 2445 tuum.
3342 2391 3457 2447 Non
3483 2394 3632 2448 enim
3655 2403 3760 2448 erat

2178 2479 2514 2535 conveniens
2535 2488 2596 2535 ut
2638 2479 2800 2547 Deus,
2832 2483 2922 2552 qui
2961 2497 3155 2538 onmes
3180 2483 3456 2553 :cqualiter
3484 2496 3758 2541 creaverat

2176 2571 2244 2626 de
2271 2588 2379 2627 uno
2400 2581 2556 2644 patre
2585 2582 2639 2629 et
2685 2583 2882 2640 matre,
2934 2575 3167 2647 aliquem
3201 2577 3349 2631 odire
3374 2579 3755 2649 prazcepisset;

2175 2675 2276 2716 nec
2304 2662 2516 2734 Moyses
2546 2664 2647 2720 hoc
2667 2667 2949 2737 praecepit,
2980 2668 3074 2722 sed
3107 2667 3364 2723 indicavit
3395 2671 3542 2738 quod
3569 2671 3753 2727 facturi

2174 2763 2377 2820 essent,
2411 2772 2512 2811 nec
2540 2757 2740 2811 dicitur
2768 2757 2819 2812 iu
2854 2758 3177 2828 imperativo
3201 2759 3383 2824 modo,
3431 2762 3527 2814 sed
3551 2762 3605 2815 in
3634 2763 3760 2816 indi-

2173 2845 2371 2901 calivo.
2405 2842 2463 2901 Si
2493 2849 2725 2917 denique
2751 2849 3075 2918 imperatum
3114 2849 3301 2904 luisset
3325 2856 3381 2902 ut
3428 2851 3647 2906 odirent
3669 2852 3759 2905 ini-

2173 2929 2345 2992 micos
2394 2949 2540 3001 suos,
2590 2936 2808 2992 Samuel
2859 2948 2916 2993 ct
2952 2939 3120 2993 David
3156 2948 3318 3009 atque
3369 2940 3459 2995 alii
3496 2943 3669 2996 sancti
3709 2943 3760 2997 in

489 3023 673 3077 vester,
698 3013 814 3079 Est,
838 3023 935 3080 est,
960 3014 1103 3081 Non,
1131 3032 1254 3070 non.
1285 3015 1399 3071 Non
1427 3024 1512 3071 est
1532 3025 1717 3072 contra
1742 3026 2069 3088 prazceptum

2178 3030 2347 3084 veteri
2376 3029 2493 3101 lege
2512 3046 2620 3084 non
2641 3031 2961 3087 dilexissem
2984 3031 3235 3086 inimicos
3262 3047 3410 3086 suos.
3452 3032 3564 3102 Ego
3589 3043 3759 3087 autem

490 3105 702 3159 Domini
725 3105 912 3174 jurare
934 3121 1032 3175 per
1059 3122 1254 3161 nomen
1282 3108 1474 3178 ipsius,
1500 3109 1595 3163 scd
1632 3109 1759 3163 dum
1790 3125 1946 3165 ι1811111
1981 3108 2070 3179 ju-
2098 3092 2143 3156 C
2174 3118 2291 3172 dico
2329 3120 2469 3173 vobis
2497 3133 2516 3171 :
2543 3119 2758 3190 Diligite
2806 3121 3046 3174 inimicos
3086 3132 3278 3174 vestros
3314 3120 3655 3190 (subauditur
3708 3123 3757 3176 in

487 3197 644 3251 randi
692 3197 1413 3269 assuescimus,plerumque
1455 3198 1681 3269 perjurii
1710 3209 1767 3255 et
1792 3199 2068 3257 mendacii

488 3290 696 3344 crimen
727 3287 1221 3353 incurrimusteo
1248 3289 1402 3359 quasi
1446 3290 1700 3360 perfectis
1733 3292 1981 3361 przecipit
2009 3297 2069 3347 ut

485 3380 686 3434 veritas
746 3378 886 3433 inter
932 3378 1269 3435 Christianos
1320 3380 1605 3447 habeatur,
1662 3389 1720 3435 et
1779 3383 2066 3437 veritatem

484 3471 856 3542 unusquisque
876 3472 1127 3542 proximo
1150 3486 1248 3527 suo
1276 3471 1544 3541 loquatur.
1578 3470 1732 3537 Quod
1761 3484 1937 3528 autem
1983 3474 2065 3529 his

483 3562 839 3617 abundantius
857 3571 955 3629 est,
985 3579 1017 3616 a
1044 3560 1182 3616 malo
1207 3571 1301 3616 est.
1334 3559 1665 3617 Subauditur
1689 3576 1723 3618 a
1751 3562 1893 3617 malo
1920 3564 2065 3618 audi-

483 3662 604 3711 tore
649 3654 738 3723 qui
771 3668 877 3708 non
903 3653 1097 3718 credit,
1129 3668 1159 3707 a
1188 3652 1345 3708 nobis
1389 3654 1622 3724 amplius
1664 3657 1922 3711 utendum
1955 3664 2059 3722 est,

481 3745 623 3801 sicut
645 3753 701 3800 et
728 3745 839 3814 ipse
861 3744 1120 3800 Dominus
1144 3744 1275 3800 fecit
1303 3745 1570 3812 addendo,
1598 3748 1781 3802 Amen.
1817 3747 1884 3802 Et
1915 3745 2059 3802 Pau-

483 3835 569 3892 lus
593 3835 863 3906 apostolus
884 3836 1110 3892 dicendo
1135 3854 1147 3890 :
1178 3836 1369 3892 Coram
1397 3836 1504 3893 Deo
1536 3838 1591 3892 in
1629 3836 1837 3893 Christo
1891 3838 2062 3910 loqui-

481 3944 623 3984 mur.

549 4037 957 4111 Audistisquia
1010 4037 1210 4093 dictum
1264 4049 1337 4095 est
1383 4040 1630 4110 antiquis.
1690 4039 1798 4096 Nec
1824 4040 1913 4096 hic
1966 4035 2057 4098 illa

479 4130 785 4187 subauditio
812 4140 914 4196 est,
942 4132 1170 4203 antiquis
1204 4148 1223 4186 :
1253 4133 1377 4202 quia
1416 4143 1470 4186 et
1495 4135 1597 4188 hoc
1628 4132 1841 4205 Moyses
1868 4134 1935 4188 de
1959 4149 2058 4190 suo

476 4222 751 4292 praecepit,
785 4221 993 4277 oculum
1033 4239 1126 4293 pro
1153 4223 1323 4289 oculo,
1354 4224 1559 4278 dentem
1600 4240 1695 4295 pro
1719 4224 1891 4292 dente,
1926 4226 2055 4281 sub-

477 4312 711 4377 auditur,
747 4313 1042 4368 tollendum
1092 4322 1212 4368 erat
1260 4314 1316 4369 iu
1354 4314 1524 4370 veteri
1566 4313 1700 4387 lege.
1735 4315 1849 4387 Ego
1879 4327 2055 4372 autem

476 4405 593 4458 dico
626 4404 786 4470 vobis,
818 4420 922 4458 non
949 4404 1185 4460 resistere
1204 4421 1236 4458 a
1268 4404 1424 4470 malo,
1455 4407 1559 4461 hoc
1580 4414 1664 4461 est
1692 4422 1798 4462 non
1829 4408 2054 4463 reddere

476 4495 678 4549 malum
704 4510 802 4565 pro
820 4495 982 4550 malo.
1012 4492 1116 4549 Sed
1138 4497 1183 4549 si
1207 4497 1323 4567 quis
1345 4506 1392 4550 te
1409 4499 1717 4567 percusserit
1739 4498 1795 4553 in
1815 4499 2052 4555 dextram

476 4580 971 4655 maxillam,’prtvbe
1008 4583 1088 4638 illi
1133 4595 1181 4640 et
1222 4586 1465 4653 alteram.
1506 4588 1921 4645 Ecclesiasticus
1968 4591 2057 4645 vir

474 4674 820 4741 describitur,
845 4684 905 4731 ut
924 4691 1020 4747 per
1042 4678 1224 4733 omnia
1250 4677 1344 4731 fiat
1364 4677 1603 4733 imitator
1622 4678 1738 4748 ejus
1767 4681 1860 4751 qui
1880 4681 2048 4736 dixit:

477 4768 670 4823 Discite
710 4785 743 4823 a
772 4784 852 4823 me
891 4770 1014 4840 quia
1034 4768 1173 4823 mitis
1197 4785 1315 4823 sum
1341 4777 1390 4823 et
1418 4769 1631 4824 humilis
1652 4771 1826 4827 corde.
1856 4773 1923 4829 Et
1949 4775 2054 4829 Da-

472 4861 563 4916 vid
594 4859 831 4930 loquitur
859 4860 910 4915 in
942 4860 1149 4930 psalmo
1182 4878 1194 4913 :
1229 4858 1287 4914 Si
1309 4860 1512 4915 reddidi
1540 4861 1890 4919 tribuentibus
1924 4866 2052 4921 mihi

471 4952 634 5008 mala.
672 4952 999 5023 Spiritaliter
1031 4969 1135 5006 non
1178 4952 1432 5024 jubemur
1459 4952 1734 5009 sinistram
1785 4957 2049 5026 praebere,

469 5046 564 5099 sed
615 5042 841 5099 alteram
884 5043 1165 5106 dextram;
1206 5040 1386 5110 justus
1436 5043 1580 5097 enim
1619 5044 1895 5099 sinistram
1940 5062 2049 5102 non

469 5135 649 5190 habet.
684 5132 753 5186 Et
776 5132 823 5186 ei
848 5132 936 5203 qui
965 5130 1073 5184 vult
1103 5140 1271 5184 tecum
1289 5130 1499 5201 judicio
1526 5134 1855 5197 contendere,
1887 5143 1933 5187 et
1963 5145 2050 5188 tu-

468 5225 639 5280 nicam
685 5232 831 5277 tuam
880 5220 1081 5285 tollere,
1114 5221 1313 5276 remitte
1362 5231 1409 5275 et
1456 5221 1697 5292 pallium.
1729 5222 1935 5278 Tunica
1961 5232 2048 5279 est

469 5312 634 5368 vestis
662 5312 953 5382 appellata,
983 5310 1110 5381 quia
1142 5309 1195 5364 in
1218 5317 1366 5365 motu
1408 5309 1709 5365 incedentis
1738 5326 1931 5366 sonum
1958 5310 2042 5365 fa-

465 5404 558 5469 cit,
586 5420 615 5457 a
644 5403 898 5457 tonando.
921 5402 1148 5457 Pallium
1174 5410 1257 5457 est
1276 5418 1382 5472 quo
1403 5402 1827 5457 ministrantium
1856 5418 2044 5471 scapu-

465 5493 529 5549 lae
573 5496 711 5563 apud
748 5495 998 5565 antiquos
1030 5495 1371 5566 tegebantur,
1402 5504 1462 5550 ut
1511 5497 1638 5551 dum
1668 5496 2043 5550 ministrarent

458 5584 697 5652 expediti
726 5587 1113 5652 discurrerent,
1143 5589 1286 5658 quod
1313 5604 1417 5643 non
1443 5597 1525 5644 est
1546 5589 1600 5643 in
1631 5604 1729 5644 usu
1752 5589 1893 5659 apud
1920 5603 2037 5643 nos.

465 5670 600 5728 Nam
631 5674 756 5732 illud
785 5677 927 5747 quod
955 5678 1115 5734 ﬁbula
1140 5679 1443 5737 infrenantc
1472 5679 1765 5748 induimus,
1800 5680 2043 5750 chlamys

2172 3209 2394 3279 corde);
2454 3208 2579 3263 bene
2626 3209 2784 3278 facile
2822 3211 2904 3263 Itis
2941 3211 3029 3280 qui
3081 3211 3301 3263 oderunt
3338 3226 3454 3275 vos,
3499 3212 3552 3264 in
3578 3226 3755 3281 opere.

2170 3294 2241 3352 Et
2293 3309 2439 3354 orate
2495 3317 2591 3371 pro
2627 3301 3046 3372 persequentibus
3090 3311 3140 3355 et
3170 3300 3615 3356 calumniantibus
3648 3318 3752 3355 vos.

2170 3389 2310 3445 Ecce
2335 3402 2434 3462 per
2464 3392 2563 3445 tria
2591 3391 2803 3462 jussum
2840 3400 2925 3446 est
2961 3392 3117 3446 nobis
3161 3391 3301 3447 bene
3356 3391 3540 3447 facere
3581 3394 3751 3446 inimi-

2167 3482 2268 3550 cis,
2327 3498 2427 3553 pcr
2478 3497 2598 3552 qua:
2636 3482 2874 3537 inimicis
2905 3483 3046 3537 bona
3078 3482 3395 3551 impendere
3415 3483 3672 3545 solemus,
3702 3482 3751 3534 id

2166 3574 2330 3630 estin
2363 3575 2528 3629 corde
2567 3574 2868 3645 diligite,in
2892 3588 2987 3629 ore
3024 3583 3201 3637 orate,
3239 3574 3292 3627 in
3313 3588 3481 3642 opere
3504 3570 3641 3627 bene
3676 3572 3751 3624 la-

2163 3665 2291 3720 cite.
2323 3663 2618 3734 Propterea
2669 3664 2870 3718 nullam
2915 3664 3318 3719 excusationem
3344 3664 3666 3719 habebimus
3705 3662 3749 3716 si

2164 3771 2271 3810 non
2299 3756 2607 3828 diligamus.
2639 3754 2697 3810 Si
2726 3764 2908 3810 autem
2951 3755 3053 3826 ipsi
3082 3754 3206 3809 mali
3230 3764 3359 3810 sunt
3377 3768 3508 3827 erga
3544 3755 3751 3809 cultum

2166 3849 2282 3909 Dei.
2313 3849 2446 3903 vitia
2474 3865 2663 3904 eorum
2686 3849 2943 3904 debemus
2970 3849 3142 3915 odire,
3159 3859 3473 3904 creaturam
3500 3848 3744 3919 diligere.

2165 3937 2230 3993 Ut
2253 3940 2368 3994 sitis
2391 3939 2490 4009 ﬁlii
2515 3939 2692 3994 Patris
2711 3940 2892 4008 vestri,
2910 3941 3076 4010 quiin
3098 3939 3237 3995 cretis
3260 3949 3357 3994 est.
3374 3939 3441 3994 Et
3457 3940 3751 3994 secundum

2161 4030 2306 4101 quod
2362 4030 2478 4100 ipse
2520 4031 2775 4086 divinitas
2808 4039 2945 4095 erat,
2997 4030 3225 4100 etjuxta
3257 4032 3405 4100 quod
3457 4046 3590 4086 caro
3614 4038 3747 4094 erat,

2160 4124 2467 4195 exemplum
2503 4120 2659 4179 nobis
2687 4124 2853 4180 dedit.
2883 4120 2933 4177 F
2935 4125 3033 4179 erit
3061 4124 3190 4177 oriri
3214 4121 3378 4176 solem
3413 4139 3571 4177 suum
3599 4137 3752 4192 super

2160 4212 2320 4270 bonos
2370 4225 2417 4269 et
2463 4214 2647 4279 malos,
2678 4224 2726 4269 et
2758 4214 2894 4286 pluit
2937 4230 3096 4284 super
3106 4214 3283 4284 justas
3309 4222 3360 4267 et
3411 4214 3659 4284 injustas.
3684 4212 3750 4266 Et

2151 4306 2307 4376 juxta
2352 4307 2533 4361 carnis
2576 4305 2825 4370 formam,
2852 4305 3029 4360 oravit
3077 4319 3177 4375 pro
3204 4305 3665 4375 persequentibus
3693 4312 3750 4357 α

2161 4398 2615 4452 calumniantibus
2655 4397 2798 4452 sibi:
2840 4396 2932 4452 dat
2980 4394 3136 4450 nobis
3179 4394 3489 4464 exemplum
3517 4410 3548 4448 a
3591 4408 3749 4462 supc-

2160 4488 2289 4542 riori
2324 4488 2390 4543 ad
2432 4487 2765 4553 inferiorem,
2814 4496 2870 4542 et
2903 4486 3111 4557 species
3138 4484 3414 4555 parabolzc
3449 4484 3743 4539 hortantis.

2157 4578 2215 4635 Si
2249 4581 2384 4636 enim
2410 4581 2628 4650 diligitis
2657 4596 2743 4634 eos
2772 4581 2862 4650 qui
2891 4597 2980 4633 vos
3010 4577 3257 4648 diligunt,
3304 4594 3479 4631 nonne
3506 4587 3555 4630 et
3574 4574 3747 4641 publi—

2155 4674 2273 4727 cani
2317 4673 2414 4727 hoc
2442 4674 2684 4742 faciunt?
2720 4671 3000 4727 Publicani
3048 4677 3319 4724 vocantur
3379 4668 3747 4723 conductores

2156 4763 2498 4834 vectigalium
2527 4763 2641 4818 ﬁsci
2687 4779 2869 4819 rerum
2898 4761 3259 4832 publicarum,
3304 4759 3424 4814 sive
3452 4759 3545 4827 qui
3576 4756 3747 4812 vecti-

2154 4857 2294 4928 galia
2342 4856 2556 4927 publica
2604 4857 2845 4926 exigunt,
2886 4852 2969 4908 vel
3013 4853 3105 4922 qui
3146 4867 3243 4922 per
3295 4851 3513 4921 negotia
3558 4847 3745 4903 δείξαιιί

2154 4927 2305 5005 lucra
2338 4960 2639 5015 sectantur,
2696 4927 2838 5004 unde
2863 4956 2918 5003 et
2939 4944 3327 5017 cognominati.
3371 4942 3441 4996 Et
3470 4943 3515 4996 si
3538 4941 3747 4994 saluta-

2150 5041 2326 5095 veritis
2356 5041 2545 5110 fratres
2573 5049 2787 5103 vestros,
2818 5038 2941 5109 quid
2980 5036 3207 5107 amplius
3235 5034 3453 5105 facitis?
3500 5040 3745 5086 nonnae:

2151 5130 2344 5184 ethnici
2368 5131 2463 5185 hoc
2496 5130 2737 5200 faciunt?
2776 5129 2985 5183 Ethnici
3014 5129 3270 5183 dicuntur
3295 5127 3512 5190 Greece,
3541 5124 3740 5178 Latine

2150 5220 2397 5291 gentiles.
2425 5219 2605 5274 Estote
2633 5237 2753 5290 ergo
2778 5219 3013 5289 perfecti,
3033 5218 3167 5271 sicut
3193 5226 3241 5270 et
3280 5216 3440 5270 Pater
3460 5224 3625 5268 vester
3640 5228 3747 5266 rc:-

2149 5309 2292 5365 lestis
2325 5311 2583 5381 perfectus
2630 5320 2724 5364 est.
2771 5310 2963 5365 Omnia
3004 5309 3105 5362 ista
3135 5323 3256 5376 quae
3311 5306 3565 5377 superius
3591 5319 3749 5358 cont-

2151 5404 2415 5472 prebensa
2446 5411 2593 5468 sunt,
2624 5401 2690 5455 ad
2716 5400 3097 5471 perfectionem
3124 5399 3405 5469 pertinere
3435 5398 3525 5453 hic
3545 5405 3738 5451 osten—

2150 5493 2248 5548 dit.
2301 5492 2564 5547 Attendite
2604 5509 2665 5546 ne
2704 5492 2969 5561 justitiam
3024 5500 3247 5545 vestram
3292 5489 3501 5560 faciatis
3557 5500 3743 5541 coram

2150 5586 2469 5657 hominibus.
2502 5583 2749 5639 Ostendit
2780 5583 3028 5652 superius
3055 5582 3106 5635 in
3146 5581 3486 5635 enumeratis
3532 5593 3749 5649 [mrce-

2151 5678 2258 5747 ptis
2295 5692 2415 5747 qute
2459 5683 2639 5731 essent
2661 5673 3373 5743 iustitia:Christianorum,
3401 5688 3545 5727 nunc
3588 5686 3753 5740 pue-
