  <div class='ocr_page' id='page_1' title='image "/cluster/home/n/w/nwhite01/storage/ocr_20150623/106/hvd.32044054759717/662.png"; bbox 0 0 3962 6174; ppageno 0'>
   <div class='ocr_carea' id='block_1_1' title="bbox 194 355 319 410">
    <p class='ocr_par' dir='ltr' id='par_1_1' title="bbox 194 355 319 410">
     <span class='ocr_line' id='line_1_1' title="bbox 194 355 319 410; baseline -0.008 0"><span class='ocrx_word' id='word_1_1' title='bbox 194 355 319 410; x_wconf 74' lang='grc'><strong>1515</strong></span> 
     </span>
    </p>
   </div>
   <div class='ocr_carea' id='block_1_2' title="bbox 1353 351 2281 411">
    <p class='ocr_par' dir='ltr' id='par_1_2' title="bbox 1353 351 2281 411">
     <span class='ocr_line' id='line_1_2' title="bbox 1353 351 2281 411; baseline 0.002 -2"><span class='ocrx_word' id='word_1_2' title='bbox 1353 352 1717 411; x_wconf 78' lang='lat' dir='ltr'><strong>EXPOSITIO</strong></span> <span class='ocrx_word' id='word_1_3' title='bbox 1757 351 1823 407; x_wconf 82' lang='grc' dir='ltr'><strong>ΙΝ</strong></span> <span class='ocrx_word' id='word_1_4' title='bbox 1860 351 2281 411; x_wconf 67' lang='lat' dir='ltr'><strong>MATTHIEUM.</strong></span> 
     </span>
    </p>
   </div>
   <div class='ocr_carea' id='block_1_3' title="bbox 3306 366 3441 424">
    <p class='ocr_par' dir='ltr' id='par_1_3' title="bbox 3306 366 3441 424">
     <span class='ocr_line' id='line_1_3' title="bbox 3306 366 3441 424; baseline 0.022 -3"><span class='ocrx_word' id='word_1_5' title='bbox 3306 366 3441 424; x_wconf 72' lang='grc'><strong>1314</strong></span> 
     </span>
    </p>
   </div>
   <div class='ocr_carea' id='block_1_4' title="bbox 191 466 3449 548">
    <p class='ocr_par' dir='ltr' id='par_1_4' title="bbox 191 466 3449 548">
     <span class='ocr_line' id='line_1_4' title="bbox 191 466 3449 548; baseline 0.005 -28"><span class='ocrx_word' id='word_1_6' title='bbox 191 475 315 545; x_wconf 72' lang='lat' dir='ltr'><strong>cipit</strong></span> <span class='ocrx_word' id='word_1_7' title='bbox 348 487 417 527; x_wconf 89' lang='lat' dir='ltr'><strong>ne</strong></span> <span class='ocrx_word' id='word_1_8' title='bbox 450 470 596 541; x_wconf 87' lang='lat' dir='ltr'><strong>ipsas</strong></span> <span class='ocrx_word' id='word_1_9' title='bbox 646 469 888 538; x_wconf 81' lang='lat' dir='ltr'><strong>jnstitias</strong></span> <span class='ocrx_word' id='word_1_10' title='bbox 924 484 1110 525; x_wconf 89' lang='lat' dir='ltr'><strong>coram</strong></span> <span class='ocrx_word' id='word_1_11' title='bbox 1157 469 1467 525; x_wconf 87' lang='lat' dir='ltr'><strong>hominibus</strong></span> <span class='ocrx_word' id='word_1_12' title='bbox 1499 470 1766 526; x_wconf 81' lang='lat' dir='ltr'><strong>faciamus</strong></span> <span class='ocrx_word' id='word_1_13' title='bbox 1792 476 1839 535; x_wconf 82' lang='grc' dir='ltr'><strong>Α</strong></span> <span class='ocrx_word' id='word_1_14' title='bbox 1868 466 1966 521; x_wconf 82' lang='lat' dir='ltr'><strong>dos</strong></span> <span class='ocrx_word' id='word_1_15' title='bbox 1994 468 2125 522; x_wconf 76' lang='lat' dir='ltr'><strong>deos</strong></span> <span class='ocrx_word' id='word_1_16' title='bbox 2149 469 2377 524; x_wconf 84' lang='lat' dir='ltr'><strong>adorant</strong></span> <span class='ocrx_word' id='word_1_17' title='bbox 2410 469 2504 539; x_wconf 89' lang='lat' dir='ltr'><strong>qui</strong></span> <span class='ocrx_word' id='word_1_18' title='bbox 2541 487 2701 527; x_wconf 91' lang='lat' dir='ltr'><strong>aures</strong></span> <span class='ocrx_word' id='word_1_19' title='bbox 2737 474 2937 529; x_wconf 87' lang='lat' dir='ltr'><strong>habent</strong></span> <span class='ocrx_word' id='word_1_20' title='bbox 2964 484 3020 531; x_wconf 89' lang='lat' dir='ltr'><strong>et</strong></span> <span class='ocrx_word' id='word_1_21' title='bbox 3044 493 3149 534; x_wconf 76' lang='lat' dir='ltr'><strong>non</strong></span> <span class='ocrx_word' id='word_1_22' title='bbox 3178 479 3402 536; x_wconf 83' lang='lat' dir='ltr'><strong>audiunt</strong></span> <span class='ocrx_word' id='word_1_23' title='bbox 3429 501 3449 548; x_wconf 83' lang='lat'><strong>;</strong></span> 
     </span>
    </p>
   </div>
   <div class='ocr_carea' id='block_1_5' title="bbox 189 562 1767 623">
    <p class='ocr_par' dir='ltr' id='par_1_5' title="bbox 189 562 1767 623">
     <span class='ocr_line' id='line_1_5' title="bbox 189 562 1767 623; baseline -0.003 0"><span class='ocrx_word' id='word_1_24' title='bbox 189 576 247 623; x_wconf 92' lang='lat' dir='ltr'><strong>ut</strong></span> <span class='ocrx_word' id='word_1_25' title='bbox 269 564 434 621; x_wconf 88' lang='lat' dir='ltr'><strong>videri</strong></span> <span class='ocrx_word' id='word_1_26' title='bbox 483 563 711 618; x_wconf 89' lang='lat' dir='ltr'><strong>velimus</strong></span> <span class='ocrx_word' id='word_1_27' title='bbox 735 564 802 618; x_wconf 89' lang='lat' dir='ltr'><strong>ab</strong></span> <span class='ocrx_word' id='word_1_28' title='bbox 836 562 917 618; x_wconf 90' lang='lat' dir='ltr'><strong>eis</strong></span> <span class='ocrx_word' id='word_1_29' title='bbox 952 571 1139 618; x_wconf 86' lang='lat' dir='ltr'><strong>nostra</strong></span> <span class='ocrx_word' id='word_1_30' title='bbox 1177 562 1323 617; x_wconf 87' lang='lat' dir='ltr'><strong>facta</strong></span> <span class='ocrx_word' id='word_1_31' title='bbox 1343 573 1520 618; x_wconf 90' lang='lat' dir='ltr'><strong>etnos</strong></span> <span class='ocrx_word' id='word_1_32' title='bbox 1560 564 1767 618; x_wconf 87' lang='lat' dir='ltr'><strong>laudari</strong></span> 
     </span>
    </p>
   </div>
   <div class='ocr_carea' id='block_1_6' title="bbox 189 652 1768 732">
    <p class='ocr_par' dir='ltr' id='par_1_6' title="bbox 189 652 1768 732">
     <span class='ocr_line' id='line_1_6' title="bbox 189 652 1768 732; baseline -0.001 -21"><span class='ocrx_word' id='word_1_33' title='bbox 189 657 255 712; x_wconf 89' lang='lat' dir='ltr'><strong>ab</strong></span> <span class='ocrx_word' id='word_1_34' title='bbox 280 655 427 725; x_wconf 87' lang='lat' dir='ltr'><strong>ipsis.</strong></span> <span class='ocrx_word' id='word_1_35' title='bbox 456 654 739 717; x_wconf 84' lang='lat' dir='ltr'><strong>Attendite,</strong></span> <span class='ocrx_word' id='word_1_36' title='bbox 772 654 873 708; x_wconf 90' lang='lat' dir='ltr'><strong>hoc</strong></span> <span class='ocrx_word' id='word_1_37' title='bbox 904 661 990 732; x_wconf 75' lang='lat' dir='ltr'><strong>est</strong></span> <span class='ocrx_word' id='word_1_38' title='bbox 1033 663 1225 708; x_wconf 71' lang='lat' dir='ltr'><strong>cauete.</strong></span> <span class='ocrx_word' id='word_1_39' title='bbox 1251 652 1309 707; x_wconf 88' lang='lat' dir='ltr'><strong>In</strong></span> <span class='ocrx_word' id='word_1_40' title='bbox 1331 654 1504 709; x_wconf 86' lang='lat' dir='ltr'><strong>tribus</strong></span> <span class='ocrx_word' id='word_1_41' title='bbox 1545 653 1676 709; x_wconf 88' lang='lat' dir='ltr'><strong>locis</strong></span> <span class='ocrx_word' id='word_1_42' title='bbox 1713 655 1768 709; x_wconf 91' lang='lat' dir='ltr'><strong>in</strong></span> 
     </span>
    </p>
   </div>
   <div class='ocr_carea' id='block_1_7' title="bbox 187 744 1765 815">
    <p class='ocr_par' dir='ltr' id='par_1_7' title="bbox 187 744 1765 815">
     <span class='ocr_line' id='line_1_7' title="bbox 187 744 1765 815; baseline -0.004 -12"><span class='ocrx_word' id='word_1_43' title='bbox 187 748 285 804; x_wconf 91' lang='lat' dir='ltr'><strong>hoc</strong></span> <span class='ocrx_word' id='word_1_44' title='bbox 307 745 600 815; x_wconf 81' lang='lat' dir='ltr'><strong>Evangelia</strong></span> <span class='ocrx_word' id='word_1_45' title='bbox 628 744 730 798; x_wconf 92' lang='lat' dir='ltr'><strong>hoc</strong></span> <span class='ocrx_word' id='word_1_46' title='bbox 757 744 955 799; x_wconf 90' lang='lat' dir='ltr'><strong>dicitur</strong></span> <span class='ocrx_word' id='word_1_47' title='bbox 979 744 1246 809; x_wconf 76' lang='lat' dir='ltr'><strong>attendite,</strong></span> <span class='ocrx_word' id='word_1_48' title='bbox 1276 753 1331 798; x_wconf 91' lang='lat' dir='ltr'><strong>et</strong></span> <span class='ocrx_word' id='word_1_49' title='bbox 1368 759 1584 814; x_wconf 86' lang='lat' dir='ltr'><strong>semper</strong></span> <span class='ocrx_word' id='word_1_50' title='bbox 1611 760 1765 799; x_wconf 84' lang='lat' dir='ltr'><strong>eum-</strong></span> 
     </span>
    </p>
   </div>
   <div class='ocr_carea' id='block_1_8' title="bbox 188 834 1767 900">
    <p class='ocr_par' dir='ltr' id='par_1_8' title="bbox 188 834 1767 900">
     <span class='ocr_line' id='line_1_8' title="bbox 188 834 1767 900; baseline -0.001 -8"><span class='ocrx_word' id='word_1_51' title='bbox 188 839 302 892; x_wconf 85' lang='lat' dir='ltr'><strong>dem</strong></span> <span class='ocrx_word' id='word_1_52' title='bbox 333 851 549 892; x_wconf 86' lang='lat' dir='ltr'><strong>sensum</strong></span> <span class='ocrx_word' id='word_1_53' title='bbox 596 835 778 900; x_wconf 81' lang='lat' dir='ltr'><strong>habet,</strong></span> <span class='ocrx_word' id='word_1_54' title='bbox 805 842 994 889; x_wconf 79' lang='lat' dir='ltr'><strong>cavete</strong></span> <span class='ocrx_word' id='word_1_55' title='bbox 1022 843 1077 888; x_wconf 90' lang='lat' dir='ltr'><strong>et</strong></span> <span class='ocrx_word' id='word_1_56' title='bbox 1106 835 1412 899; x_wconf 79' lang='lat' dir='ltr'><strong>observate,</strong></span> <span class='ocrx_word' id='word_1_57' title='bbox 1439 850 1509 889; x_wconf 91' lang='lat' dir='ltr'><strong>ne</strong></span> <span class='ocrx_word' id='word_1_58' title='bbox 1536 835 1658 890; x_wconf 90' lang='lat' dir='ltr'><strong>ideo</strong></span> <span class='ocrx_word' id='word_1_59' title='bbox 1688 834 1767 890; x_wconf 88' lang='lat' dir='ltr'><strong>fa-</strong></span> 
     </span>
    </p>
   </div>
   <div class='ocr_carea' id='block_1_9' title="bbox 123 909 1764 992">
    <p class='ocr_par' dir='ltr' id='par_1_9' title="bbox 123 909 1764 992">
     <span class='ocr_line' id='line_1_9' title="bbox 123 909 1764 992; baseline -0.001 -7"><span class='ocrx_word' id='word_1_60' title='bbox 123 909 127 912; x_wconf 8' lang='lat' dir='ltr'><em>r</em></span> <span class='ocrx_word' id='word_1_61' title='bbox 186 930 337 985; x_wconf 87' lang='lat' dir='ltr'><strong>ciatis</strong></span> <span class='ocrx_word' id='word_1_62' title='bbox 362 936 420 982; x_wconf 93' lang='lat' dir='ltr'><strong>ut</strong></span> <span class='ocrx_word' id='word_1_63' title='bbox 441 927 756 991; x_wconf 84' lang='lat' dir='ltr'><strong>videamini,</strong></span> <span class='ocrx_word' id='word_1_64' title='bbox 789 934 842 982; x_wconf 92' lang='lat' dir='ltr'><strong>et</strong></span> <span class='ocrx_word' id='word_1_65' title='bbox 866 927 1036 982; x_wconf 87' lang='lat' dir='ltr'><strong>videri</strong></span> <span class='ocrx_word' id='word_1_66' title='bbox 1066 927 1267 992; x_wconf 85' lang='lat' dir='ltr'><strong>velitis,</strong></span> <span class='ocrx_word' id='word_1_67' title='bbox 1292 938 1349 981; x_wconf 89' lang='lat' dir='ltr'><strong>et</strong></span> <span class='ocrx_word' id='word_1_68' title='bbox 1373 927 1601 983; x_wconf 89' lang='lat' dir='ltr'><strong>laudari.</strong></span> <span class='ocrx_word' id='word_1_69' title='bbox 1627 927 1764 983; x_wconf 86' lang='lat' dir='ltr'><strong>Nam</strong></span> 
     </span>
    </p>
   </div>
   <div class='ocr_carea' id='block_1_10' title="bbox 186 1016 1762 1090">
    <p class='ocr_par' dir='ltr' id='par_1_10' title="bbox 186 1016 1762 1090">
     <span class='ocr_line' id='line_1_10' title="bbox 186 1016 1762 1090; baseline 0 -16"><span class='ocrx_word' id='word_1_70' title='bbox 186 1021 272 1090; x_wconf 91' lang='lat' dir='ltr'><strong>qui</strong></span> <span class='ocrx_word' id='word_1_71' title='bbox 302 1020 422 1074; x_wconf 91' lang='lat' dir='ltr'><strong>ideo</strong></span> <span class='ocrx_word' id='word_1_72' title='bbox 454 1016 583 1073; x_wconf 88' lang='lat' dir='ltr'><strong>facit</strong></span> <span class='ocrx_word' id='word_1_73' title='bbox 608 1027 665 1071; x_wconf 90' lang='lat' dir='ltr'><strong>ut</strong></span> <span class='ocrx_word' id='word_1_74' title='bbox 689 1019 832 1073; x_wconf 82' lang='lat' dir='ltr'><strong>Deus</strong></span> <span class='ocrx_word' id='word_1_75' title='bbox 871 1018 1141 1085; x_wconf 82' lang='lat' dir='ltr'><strong>laudetur,</strong></span> <span class='ocrx_word' id='word_1_76' title='bbox 1190 1028 1244 1073; x_wconf 89' lang='lat' dir='ltr'><strong>et</strong></span> <span class='ocrx_word' id='word_1_77' title='bbox 1271 1021 1554 1089; x_wconf 80' lang='lat' dir='ltr'><strong>proximus</strong></span> <span class='ocrx_word' id='word_1_78' title='bbox 1591 1020 1762 1075; x_wconf 69' lang='lat' dir='ltr'><strong>rediti-</strong></span> 
     </span>
    </p>
   </div>
   <div class='ocr_carea' id='block_1_11' title="bbox 184 1108 1754 1181">
    <p class='ocr_par' dir='ltr' id='par_1_11' title="bbox 184 1108 1754 1181">
     <span class='ocr_line' id='line_1_11' title="bbox 184 1108 1754 1181; baseline 0.001 -15"><span class='ocrx_word' id='word_1_79' title='bbox 184 1120 350 1175; x_wconf 86' lang='lat' dir='ltr'><strong>cetur,</strong></span> <span class='ocrx_word' id='word_1_80' title='bbox 399 1111 535 1167; x_wconf 83' lang='lat' dir='ltr'><strong>bene</strong></span> <span class='ocrx_word' id='word_1_81' title='bbox 567 1108 723 1173; x_wconf 82' lang='lat' dir='ltr'><strong>facit;</strong></span> <span class='ocrx_word' id='word_1_82' title='bbox 765 1111 855 1179; x_wconf 92' lang='lat' dir='ltr'><strong>qui</strong></span> <span class='ocrx_word' id='word_1_83' title='bbox 896 1121 1075 1164; x_wconf 88' lang='lat' dir='ltr'><strong>autem</strong></span> <span class='ocrx_word' id='word_1_84' title='bbox 1100 1121 1322 1181; x_wconf 87' lang='lat' dir='ltr'><strong>propter</strong></span> <span class='ocrx_word' id='word_1_85' title='bbox 1345 1111 1554 1166; x_wconf 89' lang='lat' dir='ltr'><strong>laudem</strong></span> <span class='ocrx_word' id='word_1_86' title='bbox 1589 1112 1754 1167; x_wconf 89' lang='lat' dir='ltr'><strong>homi-</strong></span> 
     </span>
    </p>
   </div>
   <div class='ocr_carea' id='block_1_12' title="bbox 185 1200 1762 1270">
    <p class='ocr_par' dir='ltr' id='par_1_12' title="bbox 185 1200 1762 1270">
     <span class='ocr_line' id='line_1_12' title="bbox 185 1200 1762 1270; baseline 0.001 -16"><span class='ocrx_word' id='word_1_87' title='bbox 185 1217 306 1255; x_wconf 86' lang='lat' dir='ltr'><strong>num</strong></span> <span class='ocrx_word' id='word_1_88' title='bbox 331 1200 481 1264; x_wconf 81' lang='lat' dir='ltr'><strong>facit,</strong></span> <span class='ocrx_word' id='word_1_89' title='bbox 522 1201 824 1255; x_wconf 88' lang='lat' dir='ltr'><strong>merccdem</strong></span> <span class='ocrx_word' id='word_1_90' title='bbox 864 1200 1004 1270; x_wconf 88' lang='lat' dir='ltr'><strong>apud</strong></span> <span class='ocrx_word' id='word_1_91' title='bbox 1046 1201 1213 1256; x_wconf 90' lang='lat' dir='ltr'><strong>Deum</strong></span> <span class='ocrx_word' id='word_1_92' title='bbox 1262 1201 1487 1257; x_wconf 87' lang='lat' dir='ltr'><strong>amittit.</strong></span> <span class='ocrx_word' id='word_1_93' title='bbox 1519 1200 1577 1256; x_wconf 91' lang='lat' dir='ltr'><strong>Si</strong></span> <span class='ocrx_word' id='word_1_94' title='bbox 1609 1203 1762 1257; x_wconf 89' lang='lat' dir='ltr'><strong>volu-</strong></span> 
     </span>
    </p>
   </div>
   <div class='ocr_carea' id='block_1_13' title="bbox 182 1290 1762 1369">
    <p class='ocr_par' dir='ltr' id='par_1_13' title="bbox 182 1290 1762 1369">
     <span class='ocr_line' id='line_1_13' title="bbox 182 1290 1762 1369; baseline 0.001 -24"><span class='ocrx_word' id='word_1_95' title='bbox 182 1307 314 1354; x_wconf 89' lang='lat' dir='ltr'><strong>mus,</strong></span> <span class='ocrx_word' id='word_1_96' title='bbox 344 1306 630 1360; x_wconf 87' lang='lat' dir='ltr'><strong>possumus</strong></span> <span class='ocrx_word' id='word_1_97' title='bbox 668 1290 746 1344; x_wconf 92' lang='lat' dir='ltr'><strong>sic</strong></span> <span class='ocrx_word' id='word_1_98' title='bbox 784 1291 1131 1366; x_wconf 72' lang='lat' dir='ltr'><strong>distinguere,</strong></span> <span class='ocrx_word' id='word_1_99' title='bbox 1173 1299 1231 1347; x_wconf 80' lang='lat' dir='ltr'><strong>ut</strong></span> <span class='ocrx_word' id='word_1_100' title='bbox 1260 1291 1546 1369; x_wconf 85' lang='lat' dir='ltr'><strong>dicamus;</strong></span> <span class='ocrx_word' id='word_1_101' title='bbox 1580 1293 1762 1347; x_wconf 81' lang='lat' dir='ltr'><strong>Atten-</strong></span> 
     </span>
    </p>
   </div>
   <div class='ocr_carea' id='block_1_14' title="bbox 181 1380 1755 1451">
    <p class='ocr_par' dir='ltr' id='par_1_14' title="bbox 181 1380 1755 1451">
     <span class='ocr_line' id='line_1_14' title="bbox 181 1380 1755 1451; baseline 0.001 -18"><span class='ocrx_word' id='word_1_102' title='bbox 181 1382 279 1434; x_wconf 88' lang='lat' dir='ltr'><strong>dite</strong></span> <span class='ocrx_word' id='word_1_103' title='bbox 294 1398 353 1435; x_wconf 85' lang='lat' dir='ltr'><strong>ne</strong></span> <span class='ocrx_word' id='word_1_104' title='bbox 362 1382 648 1451; x_wconf 85' lang='lat' dir='ltr'><strong>justitiam,</strong></span> <span class='ocrx_word' id='word_1_105' title='bbox 666 1390 719 1434; x_wconf 89' lang='lat' dir='ltr'><strong>et</strong></span> <span class='ocrx_word' id='word_1_106' title='bbox 744 1389 928 1451; x_wconf 88' lang='lat' dir='ltr'><strong>postea</strong></span> <span class='ocrx_word' id='word_1_107' title='bbox 951 1380 1265 1445; x_wconf 89' lang='lat' dir='ltr'><strong>inferamus,</strong></span> <span class='ocrx_word' id='word_1_108' title='bbox 1293 1392 1510 1437; x_wconf 82' lang='lat' dir='ltr'><strong>vestram</strong></span> <span class='ocrx_word' id='word_1_109' title='bbox 1527 1382 1755 1451; x_wconf 78' lang='lat' dir='ltr'><strong>faciatis,</strong></span> 
     </span>
    </p>
   </div>
   <div class='ocr_carea' id='block_1_15' title="bbox 182 1469 1760 1541">
    <p class='ocr_par' dir='ltr' id='par_1_15' title="bbox 182 1469 1760 1541">
     <span class='ocr_line' id='line_1_15' title="bbox 182 1469 1760 1541; baseline 0.001 -17"><span class='ocrx_word' id='word_1_110' title='bbox 182 1470 230 1524; x_wconf 82' lang='lat' dir='ltr'><strong>id</strong></span> <span class='ocrx_word' id='word_1_111' title='bbox 254 1480 352 1535; x_wconf 88' lang='lat' dir='ltr'><strong>est,</strong></span> <span class='ocrx_word' id='word_1_112' title='bbox 385 1486 505 1525; x_wconf 88' lang='lat' dir='ltr'><strong>eam</strong></span> <span class='ocrx_word' id='word_1_113' title='bbox 536 1469 804 1541; x_wconf 85' lang='lat' dir='ltr'><strong>justitiam</strong></span> <span class='ocrx_word' id='word_1_114' title='bbox 839 1487 960 1541; x_wconf 74' lang='lat' dir='ltr'><strong>qua:</strong></span> <span class='ocrx_word' id='word_1_115' title='bbox 990 1471 1083 1525; x_wconf 89' lang='lat' dir='ltr'><strong>Dei</strong></span> <span class='ocrx_word' id='word_1_116' title='bbox 1120 1480 1205 1526; x_wconf 89' lang='lat' dir='ltr'><strong>est</strong></span> <span class='ocrx_word' id='word_1_117' title='bbox 1242 1479 1482 1526; x_wconf 90' lang='lat' dir='ltr'><strong>nostram</strong></span> <span class='ocrx_word' id='word_1_118' title='bbox 1532 1471 1760 1526; x_wconf 84' lang='lat' dir='ltr'><strong>velimus</strong></span> 
     </span>
    </p>
   </div>
   <div class='ocr_carea' id='block_1_16' title="bbox 183 1560 1755 1637">
    <p class='ocr_par' dir='ltr' id='par_1_16' title="bbox 183 1560 1755 1637">
     <span class='ocr_line' id='line_1_16' title="bbox 183 1560 1755 1637; baseline 0.003 -23"><span class='ocrx_word' id='word_1_119' title='bbox 183 1560 358 1615; x_wconf 84' lang='lat' dir='ltr'><strong>facere</strong></span> <span class='ocrx_word' id='word_1_120' title='bbox 389 1578 405 1616; x_wconf 85' lang='lat'><strong>:</strong></span> <span class='ocrx_word' id='word_1_121' title='bbox 443 1563 568 1637; x_wconf 84' lang='lat' dir='ltr'><strong>quia</strong></span> <span class='ocrx_word' id='word_1_122' title='bbox 594 1561 932 1631; x_wconf 87' lang='lat' dir='ltr'><strong>uullusjuste</strong></span> <span class='ocrx_word' id='word_1_123' title='bbox 965 1562 1047 1616; x_wconf 86' lang='lat' dir='ltr'><strong>vel</strong></span> <span class='ocrx_word' id='word_1_124' title='bbox 1071 1563 1335 1635; x_wconf 86' lang='lat' dir='ltr'><strong>justitiam</strong></span> <span class='ocrx_word' id='word_1_125' title='bbox 1376 1561 1525 1628; x_wconf 87' lang='lat' dir='ltr'><strong>facit,</strong></span> <span class='ocrx_word' id='word_1_126' title='bbox 1555 1563 1658 1618; x_wconf 88' lang='lat' dir='ltr'><strong>nisi</strong></span> <span class='ocrx_word' id='word_1_127' title='bbox 1685 1579 1755 1618; x_wconf 78' lang='lat' dir='ltr'><strong>cx</strong></span> 
     </span>
    </p>
   </div>
   <div class='ocr_carea' id='block_1_17' title="bbox 182 1650 1758 1725">
    <p class='ocr_par' dir='ltr' id='par_1_17' title="bbox 182 1650 1758 1725">
     <span class='ocr_line' id='line_1_17' title="bbox 182 1650 1758 1725; baseline 0.003 -21"><span class='ocrx_word' id='word_1_128' title='bbox 182 1650 318 1705; x_wconf 91' lang='lat' dir='ltr'><strong>dono</strong></span> <span class='ocrx_word' id='word_1_129' title='bbox 357 1650 478 1716; x_wconf 88' lang='lat' dir='ltr'><strong>Dei,</strong></span> <span class='ocrx_word' id='word_1_130' title='bbox 512 1662 566 1705; x_wconf 88' lang='lat' dir='ltr'><strong>et</strong></span> <span class='ocrx_word' id='word_1_131' title='bbox 594 1651 856 1725; x_wconf 90' lang='lat' dir='ltr'><strong>quidquid</strong></span> <span class='ocrx_word' id='word_1_132' title='bbox 890 1652 1016 1707; x_wconf 88' lang='lat' dir='ltr'><strong>boni</strong></span> <span class='ocrx_word' id='word_1_133' title='bbox 1046 1662 1150 1718; x_wconf 90' lang='lat' dir='ltr'><strong>est,</strong></span> <span class='ocrx_word' id='word_1_134' title='bbox 1189 1652 1285 1707; x_wconf 91' lang='lat' dir='ltr'><strong>Dei</strong></span> <span class='ocrx_word' id='word_1_135' title='bbox 1320 1660 1444 1717; x_wconf 88' lang='lat' dir='ltr'><strong>est;</strong></span> <span class='ocrx_word' id='word_1_136' title='bbox 1493 1653 1758 1723; x_wconf 85' lang='lat' dir='ltr'><strong>quidquid</strong></span> 
     </span>
    </p>
   </div>
   <div class='ocr_carea' id='block_1_18' title="bbox 181 1740 1757 1813">
    <p class='ocr_par' dir='ltr' id='par_1_18' title="bbox 181 1740 1757 1813">
     <span class='ocr_line' id='line_1_18' title="bbox 181 1740 1757 1813; baseline 0.003 -19"><span class='ocrx_word' id='word_1_137' title='bbox 181 1750 357 1795; x_wconf 88' lang='lat' dir='ltr'><strong>autem</strong></span> <span class='ocrx_word' id='word_1_138' title='bbox 389 1740 537 1806; x_wconf 90' lang='lat' dir='ltr'><strong>mali,</strong></span> <span class='ocrx_word' id='word_1_139' title='bbox 597 1752 841 1796; x_wconf 90' lang='lat' dir='ltr'><strong>nostrum</strong></span> <span class='ocrx_word' id='word_1_140' title='bbox 869 1750 972 1797; x_wconf 90' lang='lat' dir='ltr'><strong>est.</strong></span> <span class='ocrx_word' id='word_1_141' title='bbox 1016 1741 1107 1797; x_wconf 89' lang='lat' dir='ltr'><strong>Sic</strong></span> <span class='ocrx_word' id='word_1_142' title='bbox 1157 1742 1366 1813; x_wconf 82' lang='lat' dir='ltr'><strong>Moyses</strong></span> <span class='ocrx_word' id='word_1_143' title='bbox 1402 1744 1639 1801; x_wconf 84' lang='lat' dir='ltr'><strong>ostendit</strong></span> <span class='ocrx_word' id='word_1_144' title='bbox 1688 1744 1757 1799; x_wconf 86' lang='lat' dir='ltr'><strong>ad</strong></span> 
     </span>
    </p>
   </div>
   <div class='ocr_carea' id='block_1_19' title="bbox 1874 557 3446 641">
    <p class='ocr_par' dir='ltr' id='par_1_19' title="bbox 1874 557 3446 641">
     <span class='ocr_line' id='line_1_19' title="bbox 1874 557 3446 641; baseline 0.008 -28"><span class='ocrx_word' id='word_1_145' title='bbox 1874 557 2213 615; x_wconf 87' lang='lat' dir='ltr'><strong>Christianos</strong></span> <span class='ocrx_word' id='word_1_146' title='bbox 2251 569 2431 616; x_wconf 89' lang='lat' dir='ltr'><strong>autem</strong></span> <span class='ocrx_word' id='word_1_147' title='bbox 2483 578 2588 617; x_wconf 91' lang='lat' dir='ltr'><strong>non</strong></span> <span class='ocrx_word' id='word_1_148' title='bbox 2618 574 2703 619; x_wconf 87' lang='lat' dir='ltr'><strong>est</strong></span> <span class='ocrx_word' id='word_1_149' title='bbox 2751 581 2978 623; x_wconf 86' lang='lat' dir='ltr'><strong>necesse</strong></span> <span class='ocrx_word' id='word_1_150' title='bbox 3014 570 3241 624; x_wconf 89' lang='lat' dir='ltr'><strong>multum</strong></span> <span class='ocrx_word' id='word_1_151' title='bbox 3277 571 3446 641; x_wconf 92' lang='lat' dir='ltr'><strong>loqui,</strong></span> 
     </span>
    </p>
   </div>
   <div class='ocr_carea' id='block_1_20' title="bbox 1867 651 3445 728">
    <p class='ocr_par' dir='ltr' id='par_1_20' title="bbox 1867 651 3445 728">
     <span class='ocr_line' id='line_1_20' title="bbox 1867 651 3445 728; baseline 0.01 -25"><span class='ocrx_word' id='word_1_152' title='bbox 1867 651 1996 720; x_wconf 89' lang='lat' dir='ltr'><strong>quia</strong></span> <span class='ocrx_word' id='word_1_153' title='bbox 2024 652 2093 705; x_wconf 90' lang='lat' dir='ltr'><strong>ad</strong></span> <span class='ocrx_word' id='word_1_154' title='bbox 2131 652 2298 705; x_wconf 90' lang='lat' dir='ltr'><strong>Deum</strong></span> <span class='ocrx_word' id='word_1_155' title='bbox 2336 653 2594 709; x_wconf 88' lang='lat' dir='ltr'><strong>scientem</strong></span> <span class='ocrx_word' id='word_1_156' title='bbox 2626 657 2826 722; x_wconf 84' lang='lat' dir='ltr'><strong>omnia,</strong></span> <span class='ocrx_word' id='word_1_157' title='bbox 2862 668 3152 728; x_wconf 85' lang='lat' dir='ltr'><strong>antequam</strong></span> <span class='ocrx_word' id='word_1_158' title='bbox 3189 660 3320 717; x_wconf 84' lang='lat' dir='ltr'><strong>fiant</strong></span> <span class='ocrx_word' id='word_1_159' title='bbox 3370 663 3445 719; x_wconf 54' lang='lat' dir='ltr'><strong>lo.</strong></span> 
     </span>
    </p>
   </div>
   <div class='ocr_carea' id='block_1_21' title="bbox 1865 745 3450 823">
    <p class='ocr_par' dir='ltr' id='par_1_21' title="bbox 1865 745 3450 823">
     <span class='ocr_line' id='line_1_21' title="bbox 1865 745 3450 823; baseline 0.009 -28"><span class='ocrx_word' id='word_1_160' title='bbox 1865 753 2124 813; x_wconf 87' lang='lat' dir='ltr'><strong>quuntur,</strong></span> <span class='ocrx_word' id='word_1_161' title='bbox 2157 745 2299 799; x_wconf 88' lang='lat' dir='ltr'><strong>sicut</strong></span> <span class='ocrx_word' id='word_1_162' title='bbox 2332 745 2445 814; x_wconf 88' lang='lat' dir='ltr'><strong>ipse</strong></span> <span class='ocrx_word' id='word_1_163' title='bbox 2469 745 2707 816; x_wconf 88' lang='lat' dir='ltr'><strong>loquitur</strong></span> <span class='ocrx_word' id='word_1_164' title='bbox 2740 768 2753 803; x_wconf 90' lang='lat'><strong>:</strong></span> <span class='ocrx_word' id='word_1_165' title='bbox 2791 748 2901 804; x_wconf 88' lang='lat' dir='ltr'><strong>Scit</strong></span> <span class='ocrx_word' id='word_1_166' title='bbox 2928 768 3149 823; x_wconf 84' lang='lat' dir='ltr'><strong>namque</strong></span> <span class='ocrx_word' id='word_1_167' title='bbox 3178 753 3341 807; x_wconf 83' lang='lat' dir='ltr'><strong>Pater</strong></span> <span class='ocrx_word' id='word_1_168' title='bbox 3366 772 3450 809; x_wconf 79' lang='lat' dir='ltr'><strong>ve-</strong></span> 
     </span>
    </p>
   </div>
   <div class='ocr_carea' id='block_1_22' title="bbox 1862 836 3452 913">
    <p class='ocr_par' dir='ltr' id='par_1_22' title="bbox 1862 836 3452 913">
     <span class='ocr_line' id='line_1_22' title="bbox 1862 836 3452 913; baseline 0.006 -26"><span class='ocrx_word' id='word_1_169' title='bbox 1862 844 1971 888; x_wconf 87' lang='lat' dir='ltr'><strong>ster</strong></span> <span class='ocrx_word' id='word_1_170' title='bbox 2005 836 2129 905; x_wconf 93' lang='lat' dir='ltr'><strong>quia</strong></span> <span class='ocrx_word' id='word_1_171' title='bbox 2166 853 2296 905; x_wconf 87' lang='lat' dir='ltr'><strong>opus</strong></span> <span class='ocrx_word' id='word_1_172' title='bbox 2323 839 2389 891; x_wconf 86' lang='lat' dir='ltr'><strong>sit</strong></span> <span class='ocrx_word' id='word_1_173' title='bbox 2438 837 2601 903; x_wconf 85' lang='lat' dir='ltr'><strong>vobis,</strong></span> <span class='ocrx_word' id='word_1_174' title='bbox 2625 851 2902 910; x_wconf 84' lang='lat' dir='ltr'><strong>antequam</strong></span> <span class='ocrx_word' id='word_1_175' title='bbox 2926 846 3112 913; x_wconf 80' lang='lat' dir='ltr'><strong>petatis</strong></span> <span class='ocrx_word' id='word_1_176' title='bbox 3135 862 3271 899; x_wconf 87' lang='lat' dir='ltr'><strong>eum.</strong></span> <span class='ocrx_word' id='word_1_177' title='bbox 3314 846 3452 901; x_wconf 66' lang='lat' dir='ltr'><strong>Pro.</strong></span> 
     </span>
    </p>
   </div>
   <div class='ocr_carea' id='block_1_23' title="bbox 1868 935 3447 1002">
    <p class='ocr_par' dir='ltr' id='par_1_23' title="bbox 1868 935 3447 1002">
     <span class='ocr_line' id='line_1_23' title="bbox 1868 935 3447 1002; baseline 0.008 -22"><span class='ocrx_word' id='word_1_178' title='bbox 1868 935 2053 996; x_wconf 89' lang='lat' dir='ltr'><strong>pterea</strong></span> <span class='ocrx_word' id='word_1_179' title='bbox 2094 943 2199 982; x_wconf 89' lang='lat' dir='ltr'><strong>non</strong></span> <span class='ocrx_word' id='word_1_180' title='bbox 2224 939 2309 984; x_wconf 88' lang='lat' dir='ltr'><strong>est</strong></span> <span class='ocrx_word' id='word_1_181' title='bbox 2336 944 2559 986; x_wconf 88' lang='lat' dir='ltr'><strong>necesse</strong></span> <span class='ocrx_word' id='word_1_182' title='bbox 2589 945 2899 990; x_wconf 85' lang='lat' dir='ltr'><strong>narratores</strong></span> <span class='ocrx_word' id='word_1_183' title='bbox 2927 952 3025 990; x_wconf 91' lang='lat' dir='ltr'><strong>nos</strong></span> <span class='ocrx_word' id='word_1_184' title='bbox 3053 952 3196 1002; x_wconf 89' lang='lat' dir='ltr'><strong>esse,</strong></span> <span class='ocrx_word' id='word_1_185' title='bbox 3226 941 3317 992; x_wconf 88' lang='lat' dir='ltr'><strong>sed</strong></span> <span class='ocrx_word' id='word_1_186' title='bbox 3356 941 3447 994; x_wconf 90' lang='lat' dir='ltr'><strong>de-</strong></span> 
     </span>
    </p>
   </div>
   <div class='ocr_carea' id='block_1_24' title="bbox 1861 1027 2201 1083">
    <p class='ocr_par' dir='ltr' id='par_1_24' title="bbox 1861 1027 2201 1083">
     <span class='ocr_line' id='line_1_24' title="bbox 1861 1027 2201 1083; baseline 0.021 -17"><span class='ocrx_word' id='word_1_187' title='bbox 1861 1027 2201 1083; x_wconf 88' lang='lat' dir='ltr'><strong>precatorcs.</strong></span> 
     </span>
    </p>
   </div>
   <div class='ocr_carea' id='block_1_25' title="bbox 2501 1111 2879 1168">
    <p class='ocr_par' dir='ltr' id='par_1_25' title="bbox 2501 1111 2879 1168">
     <span class='ocr_line' id='line_1_25' title="bbox 2501 1111 2879 1168; baseline 0 0"><span class='ocrx_word' id='word_1_188' title='bbox 2501 1111 2727 1168; x_wconf 84' lang='lat' dir='ltr'><strong>CAPUT</strong></span> <span class='ocrx_word' id='word_1_189' title='bbox 2766 1113 2879 1168; x_wconf 82' lang='lat' dir='ltr'><strong>XII.</strong></span> 
     </span>
    </p>
   </div>
   <div class='ocr_carea' id='block_1_26' title="bbox 2180 1200 3145 1271">
    <p class='ocr_par' dir='ltr' id='par_1_26' title="bbox 2180 1200 3145 1271">
     <span class='ocr_line' id='line_1_26' title="bbox 2180 1200 3145 1271; baseline 0.008 -18"><span class='ocrx_word' id='word_1_190' title='bbox 2180 1200 2257 1255; x_wconf 86' lang='lat' dir='ltr'><strong>De</strong></span> <span class='ocrx_word' id='word_1_191' title='bbox 2291 1201 2521 1271; x_wconf 79' lang='lat' dir='ltr'><strong>formula</strong></span> <span class='ocrx_word' id='word_1_192' title='bbox 2554 1205 2807 1259; x_wconf 89' lang='lat' dir='ltr'><strong>orationis</strong></span> <span class='ocrx_word' id='word_1_193' title='bbox 2832 1205 3145 1261; x_wconf 65' lang='lat' dir='ltr'><strong>Dominicis.</strong></span> 
     </span>
    </p>
   </div>
   <div class='ocr_carea' id='block_1_27' title="bbox 1933 1283 3446 1370">
    <p class='ocr_par' dir='ltr' id='par_1_27' title="bbox 1933 1283 3446 1370">
     <span class='ocr_line' id='line_1_27' title="bbox 1933 1283 3446 1370; baseline 0.011 -30"><span class='ocrx_word' id='word_1_194' title='bbox 1933 1283 2023 1340; x_wconf 83' lang='lat' dir='ltr'><strong>Sic</strong></span> <span class='ocrx_word' id='word_1_195' title='bbox 2058 1305 2178 1359; x_wconf 88' lang='lat' dir='ltr'><strong>ergo</strong></span> <span class='ocrx_word' id='word_1_196' title='bbox 2229 1292 2467 1345; x_wconf 89' lang='lat' dir='ltr'><strong>orabitis.</strong></span> <span class='ocrx_word' id='word_1_197' title='bbox 2499 1293 2602 1348; x_wconf 83' lang='lat' dir='ltr'><strong>Alii</strong></span> <span class='ocrx_word' id='word_1_198' title='bbox 2650 1296 2993 1367; x_wconf 68' lang='lat' dir='ltr'><strong>evangelistze</strong></span> <span class='ocrx_word' id='word_1_199' title='bbox 3022 1308 3250 1354; x_wconf 90' lang='lat' dir='ltr'><strong>narrant</strong></span> <span class='ocrx_word' id='word_1_200' title='bbox 3300 1303 3446 1370; x_wconf 87' lang='lat' dir='ltr'><strong>quod</strong></span> 
     </span>
    </p>
   </div>
   <div class='ocr_carea' id='block_1_28' title="bbox 1861 1373 3441 1448">
    <p class='ocr_par' dir='ltr' id='par_1_28' title="bbox 1861 1373 3441 1448">
     <span class='ocr_line' id='line_1_28' title="bbox 1861 1373 3441 1448; baseline 0.011 -21"><span class='ocrx_word' id='word_1_201' title='bbox 1861 1373 1961 1443; x_wconf 88' lang='lat' dir='ltr'><strong>ipsi</strong></span> <span class='ocrx_word' id='word_1_202' title='bbox 2017 1377 2261 1447; x_wconf 81' lang='lat' dir='ltr'><strong>discipuli</strong></span> <span class='ocrx_word' id='word_1_203' title='bbox 2301 1381 2558 1448; x_wconf 86' lang='lat' dir='ltr'><strong>petierint</strong></span> <span class='ocrx_word' id='word_1_204' title='bbox 2582 1398 2609 1436; x_wconf 93' lang='lat' dir='ltr'><strong>a</strong></span> <span class='ocrx_word' id='word_1_205' title='bbox 2640 1383 2868 1439; x_wconf 92' lang='lat' dir='ltr'><strong>Domino</strong></span> <span class='ocrx_word' id='word_1_206' title='bbox 2914 1385 3201 1443; x_wconf 87' lang='lat' dir='ltr'><strong>formulam</strong></span> <span class='ocrx_word' id='word_1_207' title='bbox 3238 1391 3441 1445; x_wconf 86' lang='lat' dir='ltr'><strong>oratio-</strong></span> 
     </span>
    </p>
   </div>
   <div class='ocr_carea' id='block_1_29' title="bbox 1858 1464 3446 1551">
    <p class='ocr_par' dir='ltr' id='par_1_29' title="bbox 1858 1464 3446 1551">
     <span class='ocr_line' id='line_1_29' title="bbox 1858 1464 3446 1551; baseline 0.012 -33"><span class='ocrx_word' id='word_1_208' title='bbox 1858 1464 1945 1521; x_wconf 91' lang='lat' dir='ltr'><strong>nis</strong></span> <span class='ocrx_word' id='word_1_209' title='bbox 1973 1466 2075 1521; x_wconf 87' lang='lat' dir='ltr'><strong>sibi</strong></span> <span class='ocrx_word' id='word_1_210' title='bbox 2113 1470 2353 1535; x_wconf 77' lang='lat' dir='ltr'><strong>edoceri,</strong></span> <span class='ocrx_word' id='word_1_211' title='bbox 2385 1473 2657 1539; x_wconf 89' lang='lat' dir='ltr'><strong>quomodo</strong></span> <span class='ocrx_word' id='word_1_212' title='bbox 2683 1474 2856 1543; x_wconf 90' lang='lat' dir='ltr'><strong>ipsum</strong></span> <span class='ocrx_word' id='word_1_213' title='bbox 2884 1492 3006 1532; x_wconf 91' lang='lat' dir='ltr'><strong>cum</strong></span> <span class='ocrx_word' id='word_1_214' title='bbox 3037 1477 3200 1535; x_wconf 88' lang='lat' dir='ltr'><strong>Patre</strong></span> <span class='ocrx_word' id='word_1_215' title='bbox 3243 1491 3298 1535; x_wconf 77' lang='lat' dir='ltr'><strong>et</strong></span> <span class='ocrx_word' id='word_1_216' title='bbox 3324 1479 3446 1551; x_wconf 84' lang='lat' dir='ltr'><strong>Spi-</strong></span> 
     </span>
    </p>
   </div>
   <div class='ocr_carea' id='block_1_30' title="bbox 1860 1557 3446 1632">
    <p class='ocr_par' dir='ltr' id='par_1_30' title="bbox 1860 1557 3446 1632">
     <span class='ocr_line' id='line_1_30' title="bbox 1860 1557 3446 1632; baseline 0.012 -23"><span class='ocrx_word' id='word_1_217' title='bbox 1860 1557 1965 1611; x_wconf 89' lang='lat' dir='ltr'><strong>ritu</strong></span> <span class='ocrx_word' id='word_1_218' title='bbox 2020 1569 2208 1614; x_wconf 89' lang='lat' dir='ltr'><strong>sancto</strong></span> <span class='ocrx_word' id='word_1_219' title='bbox 2265 1564 2482 1617; x_wconf 74' lang='lat' dir='ltr'><strong>exorari</strong></span> <span class='ocrx_word' id='word_1_220' title='bbox 2544 1565 2846 1632; x_wconf 83' lang='lat' dir='ltr'><strong>deberent;</strong></span> <span class='ocrx_word' id='word_1_221' title='bbox 2890 1577 2944 1622; x_wconf 90' lang='lat' dir='ltr'><strong>et</strong></span> <span class='ocrx_word' id='word_1_222' title='bbox 2999 1568 3259 1626; x_wconf 89' lang='lat' dir='ltr'><strong>Dominus</strong></span> <span class='ocrx_word' id='word_1_223' title='bbox 3306 1573 3446 1629; x_wconf 86' lang='lat' dir='ltr'><strong>hanc</strong></span> 
     </span>
    </p>
   </div>
   <div class='ocr_carea' id='block_1_31' title="bbox 1855 1649 3442 1731">
    <p class='ocr_par' dir='ltr' id='par_1_31' title="bbox 1855 1649 3442 1731">
     <span class='ocr_line' id='line_1_31' title="bbox 1855 1649 3442 1731; baseline 0.011 -30"><span class='ocrx_word' id='word_1_224' title='bbox 1855 1649 2161 1705; x_wconf 86' lang='lat' dir='ltr'><strong>orationem</strong></span> <span class='ocrx_word' id='word_1_225' title='bbox 2214 1653 2280 1708; x_wconf 90' lang='lat' dir='ltr'><strong>de</strong></span> <span class='ocrx_word' id='word_1_226' title='bbox 2320 1656 2555 1724; x_wconf 87' lang='lat' dir='ltr'><strong>pectoris</strong></span> <span class='ocrx_word' id='word_1_227' title='bbox 2583 1657 2670 1710; x_wconf 92' lang='lat' dir='ltr'><strong>sui</strong></span> <span class='ocrx_word' id='word_1_228' title='bbox 2706 1657 2855 1713; x_wconf 87' lang='lat' dir='ltr'><strong>fonte</strong></span> <span class='ocrx_word' id='word_1_229' title='bbox 2879 1659 3136 1728; x_wconf 81' lang='lat' dir='ltr'><strong>profudit,</strong></span> <span class='ocrx_word' id='word_1_230' title='bbox 3184 1663 3442 1731; x_wconf 83' lang='lat' dir='ltr'><strong>repletam</strong></span> 
     </span>
    </p>
   </div>
   <div class='ocr_carea' id='block_1_32' title="bbox 1854 1743 3445 1818">
    <p class='ocr_par' dir='ltr' id='par_1_32' title="bbox 1854 1743 3445 1818">
     <span class='ocr_line' id='line_1_32' title="bbox 1854 1743 3445 1818; baseline 0.008 -23"><span class='ocrx_word' id='word_1_231' title='bbox 1854 1743 2002 1796; x_wconf 90' lang='lat' dir='ltr'><strong>omni</strong></span> <span class='ocrx_word' id='word_1_232' title='bbox 2048 1746 2353 1801; x_wconf 87' lang='lat' dir='ltr'><strong>necessaria</strong></span> <span class='ocrx_word' id='word_1_233' title='bbox 2385 1747 2663 1817; x_wconf 89' lang='lat' dir='ltr'><strong>petitione.</strong></span> <span class='ocrx_word' id='word_1_234' title='bbox 2697 1747 2965 1818; x_wconf 85' lang='lat' dir='ltr'><strong>Quidquid</strong></span> <span class='ocrx_word' id='word_1_235' title='bbox 2994 1750 3138 1804; x_wconf 89' lang='lat' dir='ltr'><strong>enim</strong></span> <span class='ocrx_word' id='word_1_236' title='bbox 3168 1753 3323 1806; x_wconf 84' lang='lat' dir='ltr'><strong>nobis</strong></span> <span class='ocrx_word' id='word_1_237' title='bbox 3353 1768 3445 1807; x_wconf 81' lang='lat' dir='ltr'><strong>ne-</strong></span> 
     </span>
    </p>
   </div>
   <div class='ocr_carea' id='block_1_33' title="bbox 180 1832 3445 1909">
    <p class='ocr_par' dir='ltr' id='par_1_33' title="bbox 180 1832 3445 1909">
     <span class='ocr_line' id='line_1_33' title="bbox 180 1832 3445 1909; baseline 0.004 -25"><span class='ocrx_word' id='word_1_238' title='bbox 180 1846 343 1901; x_wconf 89' lang='lat' dir='ltr'><strong>aquas</strong></span> <span class='ocrx_word' id='word_1_239' title='bbox 383 1832 829 1888; x_wconf 90' lang='lat' dir='ltr'><strong>contradictionis</strong></span> <span class='ocrx_word' id='word_1_240' title='bbox 881 1832 1244 1904; x_wconf 86' lang='lat' dir='ltr'><strong>rctorqueudo</strong></span> <span class='ocrx_word' id='word_1_241' title='bbox 1304 1833 1356 1891; x_wconf 90' lang='lat' dir='ltr'><strong>in</strong></span> <span class='ocrx_word' id='word_1_242' title='bbox 1399 1849 1459 1888; x_wconf 90' lang='lat' dir='ltr'><strong>se</strong></span> <span class='ocrx_word' id='word_1_243' title='bbox 1502 1835 1755 1889; x_wconf 84' lang='lat' dir='ltr'><strong>virtutem</strong></span> <span class='ocrx_word' id='word_1_244' title='bbox 1788 1836 1833 1895; x_wconf 84' lang='lat' dir='ltr'><strong>B</strong></span> <span class='ocrx_word' id='word_1_245' title='bbox 1861 1836 2163 1890; x_wconf 87' lang='lat' dir='ltr'><strong>cessarium</strong></span> <span class='ocrx_word' id='word_1_246' title='bbox 2213 1845 2316 1905; x_wconf 90' lang='lat' dir='ltr'><strong>est,</strong></span> <span class='ocrx_word' id='word_1_247' title='bbox 2349 1846 2404 1893; x_wconf 91' lang='lat' dir='ltr'><strong>et</strong></span> <span class='ocrx_word' id='word_1_248' title='bbox 2442 1838 2495 1892; x_wconf 92' lang='lat' dir='ltr'><strong>in</strong></span> <span class='ocrx_word' id='word_1_249' title='bbox 2538 1840 2787 1908; x_wconf 68' lang='lat' dir='ltr'><strong>prmsenti</strong></span> <span class='ocrx_word' id='word_1_250' title='bbox 2821 1840 3018 1897; x_wconf 59' lang='lat' dir='ltr'><strong>sarculo</strong></span> <span class='ocrx_word' id='word_1_251' title='bbox 3065 1850 3117 1896; x_wconf 90' lang='lat' dir='ltr'><strong>et</strong></span> <span class='ocrx_word' id='word_1_252' title='bbox 3158 1843 3210 1896; x_wconf 90' lang='lat' dir='ltr'><strong>in</strong></span> <span class='ocrx_word' id='word_1_253' title='bbox 3238 1842 3445 1909; x_wconf 84' lang='lat' dir='ltr'><strong>futuro,</strong></span> 
     </span>
    </p>
   </div>
   <div class='ocr_carea' id='block_1_34' title="bbox 178 1920 1759 1997">
    <p class='ocr_par' dir='ltr' id='par_1_34' title="bbox 178 1920 1759 1997">
     <span class='ocr_line' id='line_1_34' title="bbox 178 1920 1759 1997; baseline 0.006 -24"><span class='ocrx_word' id='word_1_254' title='bbox 178 1920 290 1986; x_wconf 90' lang='lat' dir='ltr'><strong>Dei,</strong></span> <span class='ocrx_word' id='word_1_255' title='bbox 307 1921 534 1977; x_wconf 90' lang='lat' dir='ltr'><strong>dicendo</strong></span> <span class='ocrx_word' id='word_1_256' title='bbox 552 1940 564 1975; x_wconf 91' lang='lat'><strong>:</strong></span> <span class='ocrx_word' id='word_1_257' title='bbox 589 1921 728 1977; x_wconf 87' lang='lat' dir='ltr'><strong>Num</strong></span> <span class='ocrx_word' id='word_1_258' title='bbox 742 1923 806 1977; x_wconf 89' lang='lat' dir='ltr'><strong>de</strong></span> <span class='ocrx_word' id='word_1_259' title='bbox 818 1932 966 1997; x_wconf 87' lang='lat' dir='ltr'><strong>petra</strong></span> <span class='ocrx_word' id='word_1_260' title='bbox 984 1925 1374 1995; x_wconf 84' lang='lat' dir='ltr'><strong>hacpoterintus</strong></span> <span class='ocrx_word' id='word_1_261' title='bbox 1389 1925 1606 1983; x_wconf 85' lang='lat' dir='ltr'><strong>educere</strong></span> <span class='ocrx_word' id='word_1_262' title='bbox 1619 1928 1759 1983; x_wconf 80' lang='lat' dir='ltr'><strong>vobis</strong></span> 
     </span>
    </p>
   </div>
   <div class='ocr_carea' id='block_1_35' title="bbox 177 2011 1761 2086">
    <p class='ocr_par' dir='ltr' id='par_1_35' title="bbox 177 2011 1761 2086">
     <span class='ocr_line' id='line_1_35' title="bbox 177 2011 1761 2086; baseline 0.009 -24"><span class='ocrx_word' id='word_1_263' title='bbox 177 2011 397 2080; x_wconf 86' lang='lat' dir='ltr'><strong>aquam?</strong></span> <span class='ocrx_word' id='word_1_264' title='bbox 417 2026 541 2067; x_wconf 87' lang='lat' dir='ltr'><strong>cum</strong></span> <span class='ocrx_word' id='word_1_265' title='bbox 570 2012 664 2067; x_wconf 91' lang='lat' dir='ltr'><strong>Dei</strong></span> <span class='ocrx_word' id='word_1_266' title='bbox 689 2022 833 2069; x_wconf 88' lang='lat' dir='ltr'><strong>esset</strong></span> <span class='ocrx_word' id='word_1_267' title='bbox 851 2014 1025 2070; x_wconf 87' lang='lat' dir='ltr'><strong>virtus</strong></span> <span class='ocrx_word' id='word_1_268' title='bbox 1045 2030 1165 2086; x_wconf 78' lang='lat' dir='ltr'><strong>qua:</strong></span> <span class='ocrx_word' id='word_1_269' title='bbox 1192 2014 1372 2081; x_wconf 81' lang='lat' dir='ltr'><strong>ﬁebat,</strong></span> <span class='ocrx_word' id='word_1_270' title='bbox 1397 2026 1572 2073; x_wconf 89' lang='lat' dir='ltr'><strong>etnon</strong></span> <span class='ocrx_word' id='word_1_271' title='bbox 1588 2018 1761 2077; x_wconf 86' lang='lat' dir='ltr'><strong>homi-</strong></span> 
     </span>
    </p>
   </div>
   <div class='ocr_carea' id='block_1_36' title="bbox 176 2100 783 2172">
    <p class='ocr_par' dir='ltr' id='par_1_36' title="bbox 176 2100 783 2172">
     <span class='ocr_line' id='line_1_36' title="bbox 176 2100 783 2172; baseline 0.005 -19"><span class='ocrx_word' id='word_1_272' title='bbox 176 2100 258 2155; x_wconf 89' lang='lat' dir='ltr'><strong>nis</strong></span> <span class='ocrx_word' id='word_1_273' title='bbox 284 2116 382 2170; x_wconf 86' lang='lat' dir='ltr'><strong>per</strong></span> <span class='ocrx_word' id='word_1_274' title='bbox 415 2118 574 2172; x_wconf 87' lang='lat' dir='ltr'><strong>quem</strong></span> <span class='ocrx_word' id='word_1_275' title='bbox 601 2102 783 2158; x_wconf 76' lang='lat' dir='ltr'><strong>fiebat.</strong></span> 
     </span>
    </p>
   </div>
   <div class='ocr_carea' id='block_1_37' title="bbox 246 2212 1758 2285">
    <p class='ocr_par' dir='ltr' id='par_1_37' title="bbox 246 2212 1758 2285">
     <span class='ocr_line' id='line_1_37' title="bbox 246 2212 1758 2285; baseline 0.003 -18"><span class='ocrx_word' id='word_1_276' title='bbox 246 2212 378 2267; x_wconf 87' lang='lat' dir='ltr'><strong>Cum</strong></span> <span class='ocrx_word' id='word_1_277' title='bbox 409 2230 531 2285; x_wconf 82' lang='lat' dir='ltr'><strong>ergo</strong></span> <span class='ocrx_word' id='word_1_278' title='bbox 555 2214 688 2284; x_wconf 86' lang='lat' dir='ltr'><strong>facis</strong></span> <span class='ocrx_word' id='word_1_279' title='bbox 717 2213 1120 2285; x_wconf 77' lang='lat' dir='ltr'><strong>eleemosyuam,</strong></span> <span class='ocrx_word' id='word_1_280' title='bbox 1146 2216 1252 2270; x_wconf 86' lang='lat' dir='ltr'><strong>noli</strong></span> <span class='ocrx_word' id='word_1_281' title='bbox 1275 2217 1399 2270; x_wconf 89' lang='lat' dir='ltr'><strong>tuba</strong></span> <span class='ocrx_word' id='word_1_282' title='bbox 1429 2234 1614 2272; x_wconf 88' lang='lat' dir='ltr'><strong>cauere</strong></span> <span class='ocrx_word' id='word_1_283' title='bbox 1636 2229 1758 2273; x_wconf 87' lang='lat' dir='ltr'><strong>ante</strong></span> 
     </span>
    </p>
   </div>
   <div class='ocr_carea' id='block_1_38' title="bbox 173 2303 1757 2378">
    <p class='ocr_par' dir='ltr' id='par_1_38' title="bbox 173 2303 1757 2378">
     <span class='ocr_line' id='line_1_38' title="bbox 173 2303 1757 2378; baseline 0.004 -22"><span class='ocrx_word' id='word_1_284' title='bbox 173 2312 239 2367; x_wconf 89' lang='lat' dir='ltr'><strong>te,</strong></span> <span class='ocrx_word' id='word_1_285' title='bbox 265 2303 398 2357; x_wconf 80' lang='lat' dir='ltr'><strong>sicut</strong></span> <span class='ocrx_word' id='word_1_286' title='bbox 421 2305 706 2375; x_wconf 76' lang='lat' dir='ltr'><strong>hypocrita:</strong></span> <span class='ocrx_word' id='word_1_287' title='bbox 722 2305 926 2375; x_wconf 85' lang='lat' dir='ltr'><strong>faciunt</strong></span> <span class='ocrx_word' id='word_1_288' title='bbox 953 2306 1008 2360; x_wconf 87' lang='lat' dir='ltr'><strong>in</strong></span> <span class='ocrx_word' id='word_1_289' title='bbox 1036 2309 1318 2378; x_wconf 82' lang='lat' dir='ltr'><strong>synagogis</strong></span> <span class='ocrx_word' id='word_1_290' title='bbox 1347 2317 1395 2362; x_wconf 86' lang='lat' dir='ltr'><strong>et</strong></span> <span class='ocrx_word' id='word_1_291' title='bbox 1431 2309 1485 2362; x_wconf 85' lang='lat' dir='ltr'><strong>in</strong></span> <span class='ocrx_word' id='word_1_292' title='bbox 1512 2308 1660 2375; x_wconf 81' lang='lat' dir='ltr'><strong>vicis,</strong></span> <span class='ocrx_word' id='word_1_293' title='bbox 1700 2320 1757 2364; x_wconf 90' lang='lat' dir='ltr'><strong>ut</strong></span> 
     </span>
    </p>
   </div>
   <div class='ocr_carea' id='block_1_39' title="bbox 171 2396 1757 2467">
    <p class='ocr_par' dir='ltr' id='par_1_39' title="bbox 171 2396 1757 2467">
     <span class='ocr_line' id='line_1_39' title="bbox 171 2396 1757 2467; baseline 0.004 -19"><span class='ocrx_word' id='word_1_294' title='bbox 171 2396 580 2464; x_wconf 75' lang='lat' dir='ltr'><strong>honoriﬁcentur</strong></span> <span class='ocrx_word' id='word_1_295' title='bbox 606 2396 670 2450; x_wconf 89' lang='lat' dir='ltr'><strong>ub</strong></span> <span class='ocrx_word' id='word_1_296' title='bbox 698 2397 1020 2451; x_wconf 87' lang='lat' dir='ltr'><strong>hominibus.</strong></span> <span class='ocrx_word' id='word_1_297' title='bbox 1056 2398 1174 2467; x_wconf 84' lang='lat' dir='ltr'><strong>ipse</strong></span> <span class='ocrx_word' id='word_1_298' title='bbox 1219 2399 1273 2453; x_wconf 92' lang='lat' dir='ltr'><strong>in</strong></span> <span class='ocrx_word' id='word_1_299' title='bbox 1320 2400 1427 2454; x_wconf 88' lang='lat' dir='ltr'><strong>hoc</strong></span> <span class='ocrx_word' id='word_1_300' title='bbox 1455 2399 1574 2455; x_wconf 86' lang='lat' dir='ltr'><strong>loco</strong></span> <span class='ocrx_word' id='word_1_301' title='bbox 1622 2400 1757 2455; x_wconf 73' lang='lat' dir='ltr'><strong>insi~</strong></span> 
     </span>
    </p>
   </div>
   <div class='ocr_carea' id='block_1_40' title="bbox 171 2487 1756 2557">
    <p class='ocr_par' dir='ltr' id='par_1_40' title="bbox 171 2487 1756 2557">
     <span class='ocr_line' id='line_1_40' title="bbox 171 2487 1756 2557; baseline 0.004 -18"><span class='ocrx_word' id='word_1_302' title='bbox 171 2495 299 2541; x_wconf 86' lang='lat' dir='ltr'><strong>nuat</strong></span> <span class='ocrx_word' id='word_1_303' title='bbox 324 2487 589 2554; x_wconf 87' lang='lat' dir='ltr'><strong>quomodo</strong></span> <span class='ocrx_word' id='word_1_304' title='bbox 617 2503 719 2543; x_wconf 90' lang='lat' dir='ltr'><strong>non</strong></span> <span class='ocrx_word' id='word_1_305' title='bbox 763 2488 1058 2544; x_wconf 86' lang='lat' dir='ltr'><strong>debeamus</strong></span> <span class='ocrx_word' id='word_1_306' title='bbox 1079 2487 1346 2557; x_wconf 89' lang='lat' dir='ltr'><strong>justitiam</strong></span> <span class='ocrx_word' id='word_1_307' title='bbox 1374 2499 1616 2545; x_wconf 85' lang='lat' dir='ltr'><strong>nostram</strong></span> <span class='ocrx_word' id='word_1_308' title='bbox 1675 2491 1756 2546; x_wconf 73' lang='lat' dir='ltr'><strong>fa-</strong></span> 
     </span>
    </p>
   </div>
   <div class='ocr_carea' id='block_1_41' title="bbox 171 2578 1754 2650">
    <p class='ocr_par' dir='ltr' id='par_1_41' title="bbox 171 2578 1754 2650">
     <span class='ocr_line' id='line_1_41' title="bbox 171 2578 1754 2650; baseline 0.005 -21"><span class='ocrx_word' id='word_1_309' title='bbox 171 2591 296 2630; x_wconf 87' lang='lat' dir='ltr'><strong>cere</strong></span> <span class='ocrx_word' id='word_1_310' title='bbox 319 2592 504 2631; x_wconf 90' lang='lat' dir='ltr'><strong>coram</strong></span> <span class='ocrx_word' id='word_1_311' title='bbox 536 2578 843 2634; x_wconf 89' lang='lat' dir='ltr'><strong>hominibus</strong></span> <span class='ocrx_word' id='word_1_312' title='bbox 870 2579 1011 2634; x_wconf 86' lang='lat' dir='ltr'><strong>sicut</strong></span> <span class='ocrx_word' id='word_1_313' title='bbox 1034 2579 1108 2633; x_wconf 91' lang='lat' dir='ltr'><strong>illi</strong></span> <span class='ocrx_word' id='word_1_314' title='bbox 1139 2581 1452 2650; x_wconf 67' lang='lat' dir='ltr'><strong>hypocrita),</strong></span> <span class='ocrx_word' id='word_1_315' title='bbox 1484 2580 1536 2635; x_wconf 93' lang='lat' dir='ltr'><strong>id</strong></span> <span class='ocrx_word' id='word_1_316' title='bbox 1567 2591 1650 2636; x_wconf 89' lang='lat' dir='ltr'><strong>est</strong></span> <span class='ocrx_word' id='word_1_317' title='bbox 1680 2582 1754 2637; x_wconf 64' lang='lat' dir='ltr'><strong>sio</strong></span> 
     </span>
    </p>
   </div>
   <div class='ocr_carea' id='block_1_42' title="bbox 171 2666 1754 2741">
    <p class='ocr_par' dir='ltr' id='par_1_42' title="bbox 171 2666 1754 2741">
     <span class='ocr_line' id='line_1_42' title="bbox 171 2666 1754 2741; baseline 0.007 -23"><span class='ocrx_word' id='word_1_318' title='bbox 171 2666 487 2733; x_wconf 80' lang='lat' dir='ltr'><strong>mulatores,</strong></span> <span class='ocrx_word' id='word_1_319' title='bbox 514 2667 718 2723; x_wconf 89' lang='lat' dir='ltr'><strong>faciunt</strong></span> <span class='ocrx_word' id='word_1_320' title='bbox 743 2669 798 2724; x_wconf 88' lang='lat' dir='ltr'><strong>in</strong></span> <span class='ocrx_word' id='word_1_321' title='bbox 830 2670 1135 2741; x_wconf 83' lang='lat' dir='ltr'><strong>synagogis,</strong></span> <span class='ocrx_word' id='word_1_322' title='bbox 1160 2670 1213 2723; x_wconf 92' lang='lat' dir='ltr'><strong>in</strong></span> <span class='ocrx_word' id='word_1_323' title='bbox 1244 2672 1754 2741; x_wconf 88' lang='lat' dir='ltr'><strong>congregationibus</strong></span> 
     </span>
    </p>
   </div>
   <div class='ocr_carea' id='block_1_43' title="bbox 168 2758 1752 2834">
    <p class='ocr_par' dir='ltr' id='par_1_43' title="bbox 168 2758 1752 2834">
     <span class='ocr_line' id='line_1_43' title="bbox 168 2758 1752 2834; baseline 0.006 -22"><span class='ocrx_word' id='word_1_324' title='bbox 168 2766 223 2814; x_wconf 88' lang='lat' dir='ltr'><strong>et</strong></span> <span class='ocrx_word' id='word_1_325' title='bbox 246 2758 299 2819; x_wconf 89' lang='lat' dir='ltr'><strong>in</strong></span> <span class='ocrx_word' id='word_1_326' title='bbox 323 2760 476 2815; x_wconf 83' lang='lat' dir='ltr'><strong>vicis.</strong></span> <span class='ocrx_word' id='word_1_327' title='bbox 512 2761 678 2819; x_wconf 80' lang='lat' dir='ltr'><strong>Vicus</strong></span> <span class='ocrx_word' id='word_1_328' title='bbox 701 2761 877 2818; x_wconf 90' lang='lat' dir='ltr'><strong>dictus</strong></span> <span class='ocrx_word' id='word_1_329' title='bbox 900 2762 967 2816; x_wconf 89' lang='lat' dir='ltr'><strong>ab</strong></span> <span class='ocrx_word' id='word_1_330' title='bbox 994 2762 1124 2830; x_wconf 87' lang='lat' dir='ltr'><strong>ipsis</strong></span> <span class='ocrx_word' id='word_1_331' title='bbox 1141 2762 1537 2819; x_wconf 84' lang='lat' dir='ltr'><strong>habitatoribus</strong></span> <span class='ocrx_word' id='word_1_332' title='bbox 1566 2781 1579 2817; x_wconf 90' lang='lat'><strong>:</strong></span> <span class='ocrx_word' id='word_1_333' title='bbox 1608 2767 1752 2834; x_wconf 90' lang='lat' dir='ltr'><strong>quod</strong></span> 
     </span>
    </p>
   </div>
   <div class='ocr_carea' id='block_1_44' title="bbox 167 2851 1755 2915">
    <p class='ocr_par' dir='ltr' id='par_1_44' title="bbox 167 2851 1755 2915">
     <span class='ocr_line' id='line_1_44' title="bbox 167 2851 1755 2915; baseline 0.004 -11"><span class='ocrx_word' id='word_1_334' title='bbox 167 2851 286 2906; x_wconf 82' lang='lat' dir='ltr'><strong>vias</strong></span> <span class='ocrx_word' id='word_1_335' title='bbox 318 2851 512 2906; x_wconf 89' lang='lat' dir='ltr'><strong>haheat</strong></span> <span class='ocrx_word' id='word_1_336' title='bbox 540 2859 749 2905; x_wconf 89' lang='lat' dir='ltr'><strong>tantum</strong></span> <span class='ocrx_word' id='word_1_337' title='bbox 786 2859 846 2905; x_wconf 93' lang='lat' dir='ltr'><strong>ut</strong></span> <span class='ocrx_word' id='word_1_338' title='bbox 884 2851 1079 2907; x_wconf 86' lang='lat' dir='ltr'><strong>civitas</strong></span> <span class='ocrx_word' id='word_1_339' title='bbox 1115 2859 1172 2907; x_wconf 92' lang='lat' dir='ltr'><strong>et</strong></span> <span class='ocrx_word' id='word_1_340' title='bbox 1197 2852 1268 2907; x_wconf 90' lang='lat' dir='ltr'><strong>sit</strong></span> <span class='ocrx_word' id='word_1_341' title='bbox 1315 2853 1431 2908; x_wconf 88' lang='lat' dir='ltr'><strong>sine</strong></span> <span class='ocrx_word' id='word_1_342' title='bbox 1469 2855 1659 2915; x_wconf 85' lang='lat' dir='ltr'><strong>muris,</strong></span> <span class='ocrx_word' id='word_1_343' title='bbox 1699 2864 1755 2911; x_wconf 90' lang='lat' dir='ltr'><strong>et</strong></span> 
     </span>
    </p>
   </div>
   <div class='ocr_carea' id='block_1_45' title="bbox 166 2941 1754 3001">
    <p class='ocr_par' dir='ltr' id='par_1_45' title="bbox 166 2941 1754 3001">
     <span class='ocr_line' id='line_1_45' title="bbox 166 2941 1754 3001; baseline 0.001 -5"><span class='ocrx_word' id='word_1_344' title='bbox 166 2941 270 2996; x_wconf 85' lang='lat' dir='ltr'><strong>vici</strong></span> <span class='ocrx_word' id='word_1_345' title='bbox 293 2943 547 3001; x_wconf 83' lang='lat' dir='ltr'><strong>dicuntur</strong></span> <span class='ocrx_word' id='word_1_346' title='bbox 583 2941 750 2996; x_wconf 87' lang='lat' dir='ltr'><strong>etiam</strong></span> <span class='ocrx_word' id='word_1_347' title='bbox 786 2941 1122 2997; x_wconf 88' lang='lat' dir='ltr'><strong>habitatores</strong></span> <span class='ocrx_word' id='word_1_348' title='bbox 1142 2943 1397 2997; x_wconf 85' lang='lat' dir='ltr'><strong>civitatis.</strong></span> <span class='ocrx_word' id='word_1_349' title='bbox 1429 2943 1615 2998; x_wconf 84' lang='lat' dir='ltr'><strong>Tabas</strong></span> <span class='ocrx_word' id='word_1_350' title='bbox 1660 2961 1754 2999; x_wconf 86' lang='lat' dir='ltr'><strong>au-</strong></span> 
     </span>
    </p>
   </div>
   <div class='ocr_carea' id='block_1_46' title="bbox 169 3037 1755 3110">
    <p class='ocr_par' dir='ltr' id='par_1_46' title="bbox 169 3037 1755 3110">
     <span class='ocr_line' id='line_1_46' title="bbox 169 3037 1755 3110; baseline 0.003 -20"><span class='ocrx_word' id='word_1_351' title='bbox 169 3045 275 3090; x_wconf 81' lang='lat' dir='ltr'><strong>tem</strong></span> <span class='ocrx_word' id='word_1_352' title='bbox 323 3037 571 3092; x_wconf 87' lang='lat' dir='ltr'><strong>solebant</strong></span> <span class='ocrx_word' id='word_1_353' title='bbox 597 3038 853 3092; x_wconf 89' lang='lat' dir='ltr'><strong>insonare</strong></span> <span class='ocrx_word' id='word_1_354' title='bbox 888 3046 1014 3093; x_wconf 92' lang='lat' dir='ltr'><strong>tunc</strong></span> <span class='ocrx_word' id='word_1_355' title='bbox 1042 3039 1198 3109; x_wconf 88' lang='lat' dir='ltr'><strong>quasi</strong></span> <span class='ocrx_word' id='word_1_356' title='bbox 1236 3040 1303 3094; x_wconf 89' lang='lat' dir='ltr'><strong>ad</strong></span> <span class='ocrx_word' id='word_1_357' title='bbox 1332 3055 1596 3110; x_wconf 87' lang='lat' dir='ltr'><strong>pauperes</strong></span> <span class='ocrx_word' id='word_1_358' title='bbox 1630 3055 1755 3095; x_wconf 84' lang='lat' dir='ltr'><strong>con-</strong></span> 
     </span>
    </p>
   </div>
   <div class='ocr_carea' id='block_1_47' title="bbox 164 3128 1751 3203">
    <p class='ocr_par' dir='ltr' id='par_1_47' title="bbox 164 3128 1751 3203">
     <span class='ocr_line' id='line_1_47' title="bbox 164 3128 1751 3203; baseline 0.004 -23"><span class='ocrx_word' id='word_1_359' title='bbox 164 3128 496 3200; x_wconf 81' lang='lat' dir='ltr'><strong>gregandos;</strong></span> <span class='ocrx_word' id='word_1_360' title='bbox 549 3129 645 3183; x_wconf 88' lang='lat' dir='ltr'><strong>sed</strong></span> <span class='ocrx_word' id='word_1_361' title='bbox 688 3129 828 3184; x_wconf 89' lang='lat' dir='ltr'><strong>sicut</strong></span> <span class='ocrx_word' id='word_1_362' title='bbox 870 3130 960 3184; x_wconf 91' lang='lat' dir='ltr'><strong>hic</strong></span> <span class='ocrx_word' id='word_1_363' title='bbox 987 3130 1408 3197; x_wconf 89' lang='lat' dir='ltr'><strong>demonstratur,</strong></span> <span class='ocrx_word' id='word_1_364' title='bbox 1454 3133 1627 3203; x_wconf 86' lang='lat' dir='ltr'><strong>magis</strong></span> <span class='ocrx_word' id='word_1_365' title='bbox 1650 3149 1751 3203; x_wconf 90' lang='lat' dir='ltr'><strong>pro</strong></span> 
     </span>
    </p>
   </div>
   <div class='ocr_carea' id='block_1_48' title="bbox 165 3219 1752 3294">
    <p class='ocr_par' dir='ltr' id='par_1_48' title="bbox 165 3219 1752 3294">
     <span class='ocr_line' id='line_1_48' title="bbox 165 3219 1752 3294; baseline 0.001 -17"><span class='ocrx_word' id='word_1_366' title='bbox 165 3219 325 3277; x_wconf 76' lang='lat' dir='ltr'><strong>laude</strong></span> <span class='ocrx_word' id='word_1_367' title='bbox 363 3220 597 3274; x_wconf 89' lang='lat' dir='ltr'><strong>luunana</strong></span> <span class='ocrx_word' id='word_1_368' title='bbox 622 3220 727 3275; x_wconf 90' lang='lat' dir='ltr'><strong>hoc</strong></span> <span class='ocrx_word' id='word_1_369' title='bbox 757 3219 1052 3287; x_wconf 87' lang='lat' dir='ltr'><strong>faciebant,</strong></span> <span class='ocrx_word' id='word_1_370' title='bbox 1080 3231 1137 3276; x_wconf 92' lang='lat' dir='ltr'><strong>ut</strong></span> <span class='ocrx_word' id='word_1_371' title='bbox 1164 3238 1195 3276; x_wconf 89' lang='lat' dir='ltr'><strong>a</strong></span> <span class='ocrx_word' id='word_1_372' title='bbox 1220 3223 1405 3281; x_wconf 90' lang='lat' dir='ltr'><strong>multis</strong></span> <span class='ocrx_word' id='word_1_373' title='bbox 1431 3238 1752 3294; x_wconf 86' lang='lat' dir='ltr'><strong>agnoscere-</strong></span> 
     </span>
    </p>
   </div>
   <div class='ocr_carea' id='block_1_49' title="bbox 164 3308 1748 3383">
    <p class='ocr_par' dir='ltr' id='par_1_49' title="bbox 164 3308 1748 3383">
     <span class='ocr_line' id='line_1_49' title="bbox 164 3308 1748 3383; baseline 0.006 -23"><span class='ocrx_word' id='word_1_374' title='bbox 164 3316 277 3371; x_wconf 88' lang='lat' dir='ltr'><strong>tur,</strong></span> <span class='ocrx_word' id='word_1_375' title='bbox 348 3308 491 3377; x_wconf 89' lang='lat' dir='ltr'><strong>quod</strong></span> <span class='ocrx_word' id='word_1_376' title='bbox 542 3309 649 3379; x_wconf 91' lang='lat' dir='ltr'><strong>ipsi</strong></span> <span class='ocrx_word' id='word_1_377' title='bbox 719 3326 970 3382; x_wconf 83' lang='lat' dir='ltr'><strong>magnam</strong></span> <span class='ocrx_word' id='word_1_378' title='bbox 1036 3311 1434 3383; x_wconf 87' lang='lat' dir='ltr'><strong>eleemosynam</strong></span> <span class='ocrx_word' id='word_1_379' title='bbox 1487 3315 1748 3379; x_wconf 85' lang='lat' dir='ltr'><strong>facerent.</strong></span> 
     </span>
    </p>
   </div>
   <div class='ocr_carea' id='block_1_50' title="bbox 162 3397 1752 3471">
    <p class='ocr_par' dir='ltr' id='par_1_50' title="bbox 162 3397 1752 3471">
     <span class='ocr_line' id='line_1_50' title="bbox 162 3397 1752 3471; baseline 0.006 -20"><span class='ocrx_word' id='word_1_380' title='bbox 162 3397 352 3462; x_wconf 82' lang='lat' dir='ltr'><strong>Amen,</strong></span> <span class='ocrx_word' id='word_1_381' title='bbox 385 3398 501 3452; x_wconf 88' lang='lat' dir='ltr'><strong>dico</strong></span> <span class='ocrx_word' id='word_1_382' title='bbox 541 3400 705 3465; x_wconf 83' lang='lat' dir='ltr'><strong>vobis,</strong></span> <span class='ocrx_word' id='word_1_383' title='bbox 744 3410 1042 3471; x_wconf 86' lang='lat' dir='ltr'><strong>receperunt</strong></span> <span class='ocrx_word' id='word_1_384' title='bbox 1095 3404 1381 3458; x_wconf 82' lang='lat' dir='ltr'><strong>mercedem</strong></span> <span class='ocrx_word' id='word_1_385' title='bbox 1433 3422 1605 3469; x_wconf 85' lang='lat' dir='ltr'><strong>suam,</strong></span> <span class='ocrx_word' id='word_1_386' title='bbox 1649 3407 1752 3461; x_wconf 88' lang='lat' dir='ltr'><strong>hoc</strong></span> 
     </span>
    </p>
   </div>
   <div class='ocr_carea' id='block_1_51' title="bbox 160 3490 1753 3567">
    <p class='ocr_par' dir='ltr' id='par_1_51' title="bbox 160 3490 1753 3567">
     <span class='ocr_line' id='line_1_51' title="bbox 160 3490 1753 3567; baseline 0.006 -25"><span class='ocrx_word' id='word_1_387' title='bbox 160 3495 272 3553; x_wconf 71' lang='lat' dir='ltr'><strong>est,</strong></span> <span class='ocrx_word' id='word_1_388' title='bbox 307 3503 475 3557; x_wconf 78' lang='lat' dir='ltr'><strong>quam</strong></span> <span class='ocrx_word' id='word_1_389' title='bbox 524 3490 890 3559; x_wconf 64' lang='lat' dir='ltr'><strong>quaesiverunt</strong></span> <span class='ocrx_word' id='word_1_390' title='bbox 937 3492 1150 3547; x_wconf 89' lang='lat' dir='ltr'><strong>laudem</strong></span> <span class='ocrx_word' id='word_1_391' title='bbox 1197 3493 1499 3560; x_wconf 86' lang='lat' dir='ltr'><strong>hominum,</strong></span> <span class='ocrx_word' id='word_1_392' title='bbox 1532 3506 1753 3567; x_wconf 88' lang='lat' dir='ltr'><strong>propter</strong></span> 
     </span>
    </p>
   </div>
   <div class='ocr_carea' id='block_1_52' title="bbox 161 3576 1749 3653">
    <p class='ocr_par' dir='ltr' id='par_1_52' title="bbox 161 3576 1749 3653">
     <span class='ocr_line' id='line_1_52' title="bbox 161 3576 1749 3653; baseline 0.008 -26"><span class='ocrx_word' id='word_1_393' title='bbox 161 3590 330 3644; x_wconf 88' lang='lat' dir='ltr'><strong>quam</strong></span> <span class='ocrx_word' id='word_1_394' title='bbox 362 3576 623 3642; x_wconf 89' lang='lat' dir='ltr'><strong>fecerunt,</strong></span> <span class='ocrx_word' id='word_1_395' title='bbox 659 3595 686 3633; x_wconf 91' lang='lat' dir='ltr'><strong>a</strong></span> <span class='ocrx_word' id='word_1_396' title='bbox 720 3579 830 3635; x_wconf 89' lang='lat' dir='ltr'><strong>Deo</strong></span> <span class='ocrx_word' id='word_1_397' title='bbox 859 3580 990 3634; x_wconf 90' lang='lat' dir='ltr'><strong>nihil</strong></span> <span class='ocrx_word' id='word_1_398' title='bbox 1017 3580 1220 3635; x_wconf 88' lang='lat' dir='ltr'><strong>habent</strong></span> <span class='ocrx_word' id='word_1_399' title='bbox 1242 3584 1384 3652; x_wconf 90' lang='lat' dir='ltr'><strong>quod</strong></span> <span class='ocrx_word' id='word_1_400' title='bbox 1406 3594 1749 3653; x_wconf 81' lang='lat' dir='ltr'><strong>exspectent.</strong></span> 
     </span>
    </p>
   </div>
   <div class='ocr_carea' id='block_1_53' title="bbox 164 3666 1753 3741">
    <p class='ocr_par' dir='ltr' id='par_1_53' title="bbox 164 3666 1753 3741">
     <span class='ocr_line' id='line_1_53' title="bbox 164 3666 1753 3741; baseline 0.006 -21"><span class='ocrx_word' id='word_1_401' title='bbox 164 3666 239 3720; x_wconf 85' lang='lat' dir='ltr'><strong>Te</strong></span> <span class='ocrx_word' id='word_1_402' title='bbox 265 3676 438 3720; x_wconf 86' lang='lat' dir='ltr'><strong>autem</strong></span> <span class='ocrx_word' id='word_1_403' title='bbox 488 3668 709 3738; x_wconf 80' lang='lat' dir='ltr'><strong>faciente</strong></span> <span class='ocrx_word' id='word_1_404' title='bbox 741 3670 1142 3741; x_wconf 85' lang='lat' dir='ltr'><strong>eleemosynam,</strong></span> <span class='ocrx_word' id='word_1_405' title='bbox 1187 3673 1383 3726; x_wconf 89' lang='lat' dir='ltr'><strong>nesciat</strong></span> <span class='ocrx_word' id='word_1_406' title='bbox 1415 3673 1629 3728; x_wconf 90' lang='lat' dir='ltr'><strong>sinistra</strong></span> <span class='ocrx_word' id='word_1_407' title='bbox 1660 3686 1753 3730; x_wconf 87' lang='lat' dir='ltr'><strong>tua</strong></span> 
     </span>
    </p>
   </div>
   <div class='ocr_carea' id='block_1_54' title="bbox 159 3760 1752 3835">
    <p class='ocr_par' dir='ltr' id='par_1_54' title="bbox 159 3760 1752 3835">
     <span class='ocr_line' id='line_1_54' title="bbox 159 3760 1752 3835; baseline 0.008 -24"><span class='ocrx_word' id='word_1_408' title='bbox 159 3760 293 3830; x_wconf 88' lang='lat' dir='ltr'><strong>quid</strong></span> <span class='ocrx_word' id='word_1_409' title='bbox 323 3760 484 3827; x_wconf 84' lang='lat' dir='ltr'><strong>faciat</strong></span> <span class='ocrx_word' id='word_1_410' title='bbox 505 3761 720 3816; x_wconf 72' lang='lat' dir='ltr'><strong>dextera</strong></span> <span class='ocrx_word' id='word_1_411' title='bbox 746 3772 859 3817; x_wconf 89' lang='lat' dir='ltr'><strong>tua.</strong></span> <span class='ocrx_word' id='word_1_412' title='bbox 889 3763 1243 3835; x_wconf 88' lang='lat' dir='ltr'><strong>Elcemosyna</strong></span> <span class='ocrx_word' id='word_1_413' title='bbox 1272 3764 1519 3822; x_wconf 68' lang='lat' dir='ltr'><strong>Gratcum</strong></span> <span class='ocrx_word' id='word_1_414' title='bbox 1554 3783 1752 3823; x_wconf 90' lang='lat' dir='ltr'><strong>nomen</strong></span> 
     </span>
    </p>
   </div>
   <div class='ocr_carea' id='block_1_55' title="bbox 160 3852 1754 3930">
    <p class='ocr_par' dir='ltr' id='par_1_55' title="bbox 160 3852 1754 3930">
     <span class='ocr_line' id='line_1_55' title="bbox 160 3852 1754 3930; baseline 0.005 -23"><span class='ocrx_word' id='word_1_415' title='bbox 160 3860 250 3907; x_wconf 77' lang='lat' dir='ltr'><strong>est</strong></span> <span class='ocrx_word' id='word_1_416' title='bbox 301 3859 357 3906; x_wconf 89' lang='lat' dir='ltr'><strong>et</strong></span> <span class='ocrx_word' id='word_1_417' title='bbox 396 3852 597 3905; x_wconf 88' lang='lat' dir='ltr'><strong>dicitur</strong></span> <span class='ocrx_word' id='word_1_418' title='bbox 636 3853 1034 3924; x_wconf 87' lang='lat' dir='ltr'><strong>misericordia,</strong></span> <span class='ocrx_word' id='word_1_419' title='bbox 1084 3863 1139 3910; x_wconf 90' lang='lat' dir='ltr'><strong>et</strong></span> <span class='ocrx_word' id='word_1_420' title='bbox 1176 3855 1518 3930; x_wconf 84' lang='lat' dir='ltr'><strong>elecmosyna</strong></span> <span class='ocrx_word' id='word_1_421' title='bbox 1572 3859 1754 3916; x_wconf 87' lang='lat' dir='ltr'><strong>dicere</strong></span> 
     </span>
    </p>
   </div>
   <div class='ocr_carea' id='block_1_56' title="bbox 160 3940 1752 4022">
    <p class='ocr_par' dir='ltr' id='par_1_56' title="bbox 160 3940 1752 4022">
     <span class='ocr_line' id='line_1_56' title="bbox 160 3940 1752 4022; baseline 0.007 -28"><span class='ocrx_word' id='word_1_422' title='bbox 160 3940 446 4006; x_wconf 85' lang='lat' dir='ltr'><strong>debemus,</strong></span> <span class='ocrx_word' id='word_1_423' title='bbox 498 3958 605 3996; x_wconf 92' lang='lat' dir='ltr'><strong>non</strong></span> <span class='ocrx_word' id='word_1_424' title='bbox 635 3942 934 4009; x_wconf 87' lang='lat' dir='ltr'><strong>elimosina,</strong></span> <span class='ocrx_word' id='word_1_425' title='bbox 976 3961 1074 4014; x_wconf 92' lang='lat' dir='ltr'><strong>per</strong></span> <span class='ocrx_word' id='word_1_426' title='bbox 1096 3962 1144 4010; x_wconf 88' lang='lat' dir='ltr'><strong>e,</strong></span> <span class='ocrx_word' id='word_1_427' title='bbox 1170 3962 1274 4002; x_wconf 93' lang='lat' dir='ltr'><strong>non</strong></span> <span class='ocrx_word' id='word_1_428' title='bbox 1299 3949 1459 4022; x_wconf 86' lang='lat' dir='ltr'><strong>peri.</strong></span> <span class='ocrx_word' id='word_1_429' title='bbox 1492 3947 1550 4003; x_wconf 83' lang='lat' dir='ltr'><strong>in</strong></span> <span class='ocrx_word' id='word_1_430' title='bbox 1605 3951 1752 4009; x_wconf 90' lang='lat' dir='ltr'><strong>omni</strong></span> 
     </span>
    </p>
   </div>
   <div class='ocr_carea' id='block_1_57' title="bbox 158 4034 1755 4098">
    <p class='ocr_par' dir='ltr' id='par_1_57' title="bbox 158 4034 1755 4098">
     <span class='ocr_line' id='line_1_57' title="bbox 158 4034 1755 4098; baseline 0.005 -9"><span class='ocrx_word' id='word_1_431' title='bbox 158 4048 223 4089; x_wconf 83' lang='lat' dir='ltr'><strong>re</strong></span> <span class='ocrx_word' id='word_1_432' title='bbox 266 4049 460 4089; x_wconf 89' lang='lat' dir='ltr'><strong>cavere</strong></span> <span class='ocrx_word' id='word_1_433' title='bbox 486 4034 746 4090; x_wconf 86' lang='lat' dir='ltr'><strong>debemus</strong></span> <span class='ocrx_word' id='word_1_434' title='bbox 796 4052 865 4092; x_wconf 86' lang='lat' dir='ltr'><strong>ne</strong></span> <span class='ocrx_word' id='word_1_435' title='bbox 903 4037 1123 4095; x_wconf 87' lang='lat' dir='ltr'><strong>sinistra</strong></span> <span class='ocrx_word' id='word_1_436' title='bbox 1158 4048 1342 4094; x_wconf 89' lang='lat' dir='ltr'><strong>nostra</strong></span> <span class='ocrx_word' id='word_1_437' title='bbox 1369 4042 1569 4096; x_wconf 91' lang='lat' dir='ltr'><strong>bonum</strong></span> <span class='ocrx_word' id='word_1_438' title='bbox 1617 4043 1755 4098; x_wconf 88' lang='lat' dir='ltr'><strong>sciat</strong></span> 
     </span>
    </p>
   </div>
   <div class='ocr_carea' id='block_1_58' title="bbox 159 4125 1750 4203">
    <p class='ocr_par' dir='ltr' id='par_1_58' title="bbox 159 4125 1750 4203">
     <span class='ocr_line' id='line_1_58' title="bbox 159 4125 1750 4203; baseline 0.008 -26"><span class='ocrx_word' id='word_1_439' title='bbox 159 4125 311 4195; x_wconf 88' lang='lat' dir='ltr'><strong>quod</strong></span> <span class='ocrx_word' id='word_1_440' title='bbox 348 4125 615 4191; x_wconf 87' lang='lat' dir='ltr'><strong>facimus;</strong></span> <span class='ocrx_word' id='word_1_441' title='bbox 645 4128 771 4196; x_wconf 88' lang='lat' dir='ltr'><strong>quia</strong></span> <span class='ocrx_word' id='word_1_442' title='bbox 811 4128 1028 4183; x_wconf 88' lang='lat' dir='ltr'><strong>sinistra</strong></span> <span class='ocrx_word' id='word_1_443' title='bbox 1076 4131 1381 4187; x_wconf 78' lang='lat' dir='ltr'><strong>xenodoxia</strong></span> <span class='ocrx_word' id='word_1_444' title='bbox 1413 4132 1750 4203; x_wconf 86' lang='lat' dir='ltr'><strong>intelligitur,</strong></span> 
     </span>
    </p>
   </div>
   <div class='ocr_carea' id='block_1_59' title="bbox 158 4215 1749 4289">
    <p class='ocr_par' dir='ltr' id='par_1_59' title="bbox 158 4215 1749 4289">
     <span class='ocr_line' id='line_1_59' title="bbox 158 4215 1749 4289; baseline 0.006 -22"><span class='ocrx_word' id='word_1_445' title='bbox 158 4222 219 4268; x_wconf 90' lang='lat' dir='ltr'><strong>et</strong></span> <span class='ocrx_word' id='word_1_446' title='bbox 246 4229 464 4285; x_wconf 87' lang='lat' dir='ltr'><strong>semper</strong></span> <span class='ocrx_word' id='word_1_447' title='bbox 491 4216 541 4268; x_wconf 92' lang='lat' dir='ltr'><strong>in</strong></span> <span class='ocrx_word' id='word_1_448' title='bbox 564 4215 759 4269; x_wconf 86' lang='lat' dir='ltr'><strong>malam</strong></span> <span class='ocrx_word' id='word_1_449' title='bbox 786 4226 993 4286; x_wconf 88' lang='lat' dir='ltr'><strong>partem</strong></span> <span class='ocrx_word' id='word_1_450' title='bbox 1023 4218 1261 4287; x_wconf 89' lang='lat' dir='ltr'><strong>ponitur.</strong></span> <span class='ocrx_word' id='word_1_451' title='bbox 1306 4219 1373 4273; x_wconf 88' lang='lat' dir='ltr'><strong>Et</strong></span> <span class='ocrx_word' id='word_1_452' title='bbox 1406 4237 1523 4274; x_wconf 89' lang='lat' dir='ltr'><strong>cum</strong></span> <span class='ocrx_word' id='word_1_453' title='bbox 1564 4223 1749 4289; x_wconf 85' lang='lat' dir='ltr'><strong>oratis,</strong></span> 
     </span>
    </p>
   </div>
   <div class='ocr_carea' id='block_1_60' title="bbox 158 4307 1753 4381">
    <p class='ocr_par' dir='ltr' id='par_1_60' title="bbox 158 4307 1753 4381">
     <span class='ocr_line' id='line_1_60' title="bbox 158 4307 1753 4381; baseline 0.006 -23"><span class='ocrx_word' id='word_1_454' title='bbox 158 4323 271 4359; x_wconf 80' lang='lat' dir='ltr'><strong>non</strong></span> <span class='ocrx_word' id='word_1_455' title='bbox 307 4308 451 4359; x_wconf 86' lang='lat' dir='ltr'><strong>eritis</strong></span> <span class='ocrx_word' id='word_1_456' title='bbox 478 4307 611 4361; x_wconf 82' lang='lat' dir='ltr'><strong>sicut</strong></span> <span class='ocrx_word' id='word_1_457' title='bbox 652 4308 958 4377; x_wconf 77' lang='lat' dir='ltr'><strong>hypocritte,</strong></span> <span class='ocrx_word' id='word_1_458' title='bbox 979 4310 1069 4379; x_wconf 88' lang='lat' dir='ltr'><strong>qui</strong></span> <span class='ocrx_word' id='word_1_459' title='bbox 1098 4319 1279 4381; x_wconf 81' lang='lat' dir='ltr'><strong>amant</strong></span> <span class='ocrx_word' id='word_1_460' title='bbox 1308 4310 1361 4363; x_wconf 87' lang='lat' dir='ltr'><strong>in</strong></span> <span class='ocrx_word' id='word_1_461' title='bbox 1392 4313 1671 4381; x_wconf 83' lang='lat' dir='ltr'><strong>synagogis</strong></span> <span class='ocrx_word' id='word_1_462' title='bbox 1704 4322 1753 4367; x_wconf 89' lang='lat' dir='ltr'><strong>et</strong></span> 
     </span>
    </p>
   </div>
   <div class='ocr_carea' id='block_1_61' title="bbox 158 4396 1755 4473">
    <p class='ocr_par' dir='ltr' id='par_1_61' title="bbox 158 4396 1755 4473">
     <span class='ocr_line' id='line_1_61' title="bbox 158 4396 1755 4473; baseline 0.004 -24"><span class='ocrx_word' id='word_1_463' title='bbox 158 4398 218 4449; x_wconf 86' lang='lat' dir='ltr'><strong>in</strong></span> <span class='ocrx_word' id='word_1_464' title='bbox 259 4396 467 4467; x_wconf 85' lang='lat' dir='ltr'><strong>angulis</strong></span> <span class='ocrx_word' id='word_1_465' title='bbox 493 4396 790 4473; x_wconf 77' lang='lat' dir='ltr'><strong>platearum</strong></span> <span class='ocrx_word' id='word_1_466' title='bbox 842 4406 1038 4452; x_wconf 85' lang='lat' dir='ltr'><strong>stantes</strong></span> <span class='ocrx_word' id='word_1_467' title='bbox 1073 4415 1245 4452; x_wconf 88' lang='lat' dir='ltr'><strong>orare.</strong></span> <span class='ocrx_word' id='word_1_468' title='bbox 1297 4398 1495 4457; x_wconf 74' lang='lat' dir='ltr'><strong>Platetc</strong></span> <span class='ocrx_word' id='word_1_469' title='bbox 1517 4416 1545 4454; x_wconf 89' lang='lat' dir='ltr'><strong>a</strong></span> <span class='ocrx_word' id='word_1_470' title='bbox 1572 4401 1755 4455; x_wconf 86' lang='lat' dir='ltr'><strong>latitu-</strong></span> 
     </span>
    </p>
   </div>
   <div class='ocr_carea' id='block_1_62' title="bbox 158 4484 1749 4563">
    <p class='ocr_par' dir='ltr' id='par_1_62' title="bbox 158 4484 1749 4563">
     <span class='ocr_line' id='line_1_62' title="bbox 158 4484 1749 4563; baseline 0.005 -26"><span class='ocrx_word' id='word_1_471' title='bbox 158 4484 293 4543; x_wconf 84' lang='lat' dir='ltr'><strong>dine</strong></span> <span class='ocrx_word' id='word_1_472' title='bbox 336 4485 606 4550; x_wconf 84' lang='lat' dir='ltr'><strong>dicuntur,</strong></span> <span class='ocrx_word' id='word_1_473' title='bbox 640 4484 826 4541; x_wconf 66' lang='lat' dir='ltr'><strong>Graece</strong></span> <span class='ocrx_word' id='word_1_474' title='bbox 856 4487 1213 4563; x_wconf 87' lang='lat' dir='ltr'><strong>etymologia;</strong></span> <span class='ocrx_word' id='word_1_475' title='bbox 1247 4496 1303 4543; x_wconf 89' lang='lat' dir='ltr'><strong>et</strong></span> <span class='ocrx_word' id='word_1_476' title='bbox 1348 4489 1524 4544; x_wconf 89' lang='lat' dir='ltr'><strong>solent</strong></span> <span class='ocrx_word' id='word_1_477' title='bbox 1552 4490 1749 4545; x_wconf 90' lang='lat' dir='ltr'><strong>dimitti</strong></span> 
     </span>
    </p>
   </div>
   <div class='ocr_carea' id='block_1_63' title="bbox 159 4579 1752 4653">
    <p class='ocr_par' dir='ltr' id='par_1_63' title="bbox 159 4579 1752 4653">
     <span class='ocr_line' id='line_1_63' title="bbox 159 4579 1752 4653; baseline 0.004 -23"><span class='ocrx_word' id='word_1_478' title='bbox 159 4584 294 4633; x_wconf 85' lang='lat' dir='ltr'><strong>ante</strong></span> <span class='ocrx_word' id='word_1_479' title='bbox 334 4586 545 4648; x_wconf 89' lang='lat' dir='ltr'><strong>portam</strong></span> <span class='ocrx_word' id='word_1_480' title='bbox 572 4579 829 4645; x_wconf 82' lang='lat' dir='ltr'><strong>civitatis,</strong></span> <span class='ocrx_word' id='word_1_481' title='bbox 861 4588 921 4634; x_wconf 93' lang='lat' dir='ltr'><strong>ut</strong></span> <span class='ocrx_word' id='word_1_482' title='bbox 950 4581 1217 4636; x_wconf 86' lang='lat' dir='ltr'><strong>intrantes</strong></span> <span class='ocrx_word' id='word_1_483' title='bbox 1247 4591 1303 4635; x_wconf 92' lang='lat' dir='ltr'><strong>ct</strong></span> <span class='ocrx_word' id='word_1_484' title='bbox 1327 4591 1587 4637; x_wconf 82' lang='lat' dir='ltr'><strong>exeuntes</strong></span> <span class='ocrx_word' id='word_1_485' title='bbox 1629 4598 1752 4653; x_wconf 89' lang='lat' dir='ltr'><strong>pos-</strong></span> 
     </span>
    </p>
   </div>
   <div class='ocr_carea' id='block_1_64' title="bbox 158 4667 1749 4743">
    <p class='ocr_par' dir='ltr' id='par_1_64' title="bbox 158 4667 1749 4743">
     <span class='ocr_line' id='line_1_64' title="bbox 158 4667 1749 4743; baseline 0.005 -22"><span class='ocrx_word' id='word_1_486' title='bbox 158 4667 278 4721; x_wconf 90' lang='lat' dir='ltr'><strong>sint</strong></span> <span class='ocrx_word' id='word_1_487' title='bbox 322 4667 582 4737; x_wconf 89' lang='lat' dir='ltr'><strong>rccipere.</strong></span> <span class='ocrx_word' id='word_1_488' title='bbox 638 4668 945 4740; x_wconf 63' lang='lat' dir='ltr'><strong>Hypocrittc</strong></span> <span class='ocrx_word' id='word_1_489' title='bbox 973 4686 1072 4740; x_wconf 89' lang='lat' dir='ltr'><strong>per</strong></span> <span class='ocrx_word' id='word_1_490' title='bbox 1118 4687 1283 4726; x_wconf 92' lang='lat' dir='ltr'><strong>unum</strong></span> <span class='ocrx_word' id='word_1_491' title='bbox 1308 4690 1341 4743; x_wconf 86' lang='lat' dir='ltr'><strong>p</strong></span> <span class='ocrx_word' id='word_1_492' title='bbox 1367 4671 1526 4728; x_wconf 90' lang='lat' dir='ltr'><strong>debet</strong></span> <span class='ocrx_word' id='word_1_493' title='bbox 1563 4674 1749 4738; x_wconf 88' lang='lat' dir='ltr'><strong>scribi,</strong></span> 
     </span>
    </p>
   </div>
   <div class='ocr_carea' id='block_1_65' title="bbox 158 4758 1749 4835">
    <p class='ocr_par' dir='ltr' id='par_1_65' title="bbox 158 4758 1749 4835">
     <span class='ocr_line' id='line_1_65' title="bbox 158 4758 1749 4835; baseline 0.006 -24"><span class='ocrx_word' id='word_1_494' title='bbox 158 4774 273 4811; x_wconf 84' lang='lat' dir='ltr'><strong>non</strong></span> <span class='ocrx_word' id='word_1_495' title='bbox 305 4774 401 4828; x_wconf 90' lang='lat' dir='ltr'><strong>per</strong></span> <span class='ocrx_word' id='word_1_496' title='bbox 426 4758 554 4814; x_wconf 89' lang='lat' dir='ltr'><strong>duo.</strong></span> <span class='ocrx_word' id='word_1_497' title='bbox 605 4760 770 4819; x_wconf 85' lang='lat' dir='ltr'><strong>Amen</strong></span> <span class='ocrx_word' id='word_1_498' title='bbox 795 4763 912 4817; x_wconf 84' lang='lat' dir='ltr'><strong>dico</strong></span> <span class='ocrx_word' id='word_1_499' title='bbox 939 4763 1101 4829; x_wconf 77' lang='lat' dir='ltr'><strong>vobis,</strong></span> <span class='ocrx_word' id='word_1_500' title='bbox 1132 4776 1431 4835; x_wconf 86' lang='lat' dir='ltr'><strong>receperunt</strong></span> <span class='ocrx_word' id='word_1_501' title='bbox 1463 4767 1749 4821; x_wconf 85' lang='lat' dir='ltr'><strong>mercedem</strong></span> 
     </span>
    </p>
   </div>
   <div class='ocr_carea' id='block_1_66' title="bbox 157 4848 1751 4926">
    <p class='ocr_par' dir='ltr' id='par_1_66' title="bbox 157 4848 1751 4926">
     <span class='ocr_line' id='line_1_66' title="bbox 157 4848 1751 4926; baseline 0.008 -25"><span class='ocrx_word' id='word_1_502' title='bbox 157 4864 341 4903; x_wconf 81' lang='lat' dir='ltr'><strong>suam.</strong></span> <span class='ocrx_word' id='word_1_503' title='bbox 370 4848 427 4902; x_wconf 89' lang='lat' dir='ltr'><strong>Si</strong></span> <span class='ocrx_word' id='word_1_504' title='bbox 453 4849 521 4903; x_wconf 91' lang='lat' dir='ltr'><strong>ab</strong></span> <span class='ocrx_word' id='word_1_505' title='bbox 544 4850 853 4912; x_wconf 88' lang='lat' dir='ltr'><strong>hominibus</strong></span> <span class='ocrx_word' id='word_1_506' title='bbox 878 4852 1088 4910; x_wconf 88' lang='lat' dir='ltr'><strong>laudem</strong></span> <span class='ocrx_word' id='word_1_507' title='bbox 1117 4865 1458 4925; x_wconf 86' lang='lat' dir='ltr'><strong>receperunt,</strong></span> <span class='ocrx_word' id='word_1_508' title='bbox 1487 4856 1599 4926; x_wconf 86' lang='lat' dir='ltr'><strong>ipsa</strong></span> <span class='ocrx_word' id='word_1_509' title='bbox 1620 4871 1751 4913; x_wconf 84' lang='lat' dir='ltr'><strong>con-</strong></span> 
     </span>
    </p>
   </div>
   <div class='ocr_carea' id='block_1_67' title="bbox 158 4940 1752 5020">
    <p class='ocr_par' dir='ltr' id='par_1_67' title="bbox 158 4940 1752 5020">
     <span class='ocr_line' id='line_1_67' title="bbox 158 4940 1752 5020; baseline 0.007 -26"><span class='ocrx_word' id='word_1_510' title='bbox 158 4940 305 4995; x_wconf 86' lang='lat' dir='ltr'><strong>tenti</strong></span> <span class='ocrx_word' id='word_1_511' title='bbox 342 4942 471 5006; x_wconf 88' lang='lat' dir='ltr'><strong>sint,</strong></span> <span class='ocrx_word' id='word_1_512' title='bbox 520 4943 643 5012; x_wconf 82' lang='lat' dir='ltr'><strong>quia</strong></span> <span class='ocrx_word' id='word_1_513' title='bbox 674 4945 813 5014; x_wconf 90' lang='lat' dir='ltr'><strong>apud</strong></span> <span class='ocrx_word' id='word_1_514' title='bbox 845 4944 1014 4999; x_wconf 89' lang='lat' dir='ltr'><strong>Deum</strong></span> <span class='ocrx_word' id='word_1_515' title='bbox 1062 4944 1383 5005; x_wconf 76' lang='lat' dir='ltr'><strong>frustratum</strong></span> <span class='ocrx_word' id='word_1_516' title='bbox 1408 4948 1607 5003; x_wconf 88' lang='lat' dir='ltr'><strong>habent</strong></span> <span class='ocrx_word' id='word_1_517' title='bbox 1632 4952 1752 5020; x_wconf 90' lang='lat' dir='ltr'><strong>qui-</strong></span> 
     </span>
    </p>
   </div>
   <div class='ocr_carea' id='block_1_68' title="bbox 157 5030 1749 5107">
    <p class='ocr_par' dir='ltr' id='par_1_68' title="bbox 157 5030 1749 5107">
     <span class='ocr_line' id='line_1_68' title="bbox 157 5030 1749 5107; baseline 0.006 -23"><span class='ocrx_word' id='word_1_518' title='bbox 157 5045 385 5107; x_wconf 85' lang='lat' dir='ltr'><strong>cunque</strong></span> <span class='ocrx_word' id='word_1_519' title='bbox 410 5030 610 5102; x_wconf 88' lang='lat' dir='ltr'><strong>aliquid</strong></span> <span class='ocrx_word' id='word_1_520' title='bbox 632 5033 758 5087; x_wconf 90' lang='lat' dir='ltr'><strong>boni</strong></span> <span class='ocrx_word' id='word_1_521' title='bbox 782 5033 1141 5091; x_wconf 87' lang='lat' dir='ltr'><strong>simulationis</strong></span> <span class='ocrx_word' id='word_1_522' title='bbox 1164 5034 1387 5091; x_wconf 90' lang='lat' dir='ltr'><strong>obtentu</strong></span> <span class='ocrx_word' id='word_1_523' title='bbox 1409 5035 1634 5091; x_wconf 87' lang='lat' dir='ltr'><strong>faciunt.</strong></span> <span class='ocrx_word' id='word_1_524' title='bbox 1672 5037 1749 5093; x_wconf 86' lang='lat' dir='ltr'><strong>Tu</strong></span> 
     </span>
    </p>
   </div>
   <div class='ocr_carea' id='block_1_69' title="bbox 158 5123 1756 5193">
    <p class='ocr_par' dir='ltr' id='par_1_69' title="bbox 158 5123 1756 5193">
     <span class='ocr_line' id='line_1_69' title="bbox 158 5123 1756 5193; baseline 0.006 -19"><span class='ocrx_word' id='word_1_525' title='bbox 158 5130 347 5175; x_wconf 85' lang='lat' dir='ltr'><strong>autem</strong></span> <span class='ocrx_word' id='word_1_526' title='bbox 369 5138 486 5175; x_wconf 86' lang='lat' dir='ltr'><strong>cum</strong></span> <span class='ocrx_word' id='word_1_527' title='bbox 512 5123 706 5189; x_wconf 84' lang='lat' dir='ltr'><strong>orabis,</strong></span> <span class='ocrx_word' id='word_1_528' title='bbox 724 5125 865 5177; x_wconf 87' lang='lat' dir='ltr'><strong>intra</strong></span> <span class='ocrx_word' id='word_1_529' title='bbox 902 5125 959 5178; x_wconf 89' lang='lat' dir='ltr'><strong>in</strong></span> <span class='ocrx_word' id='word_1_530' title='bbox 988 5124 1281 5181; x_wconf 84' lang='lat' dir='ltr'><strong>cubiculum</strong></span> <span class='ocrx_word' id='word_1_531' title='bbox 1304 5136 1472 5193; x_wconf 83' lang='lat' dir='ltr'><strong>tuum.</strong></span> <span class='ocrx_word' id='word_1_532' title='bbox 1502 5137 1550 5185; x_wconf 87' lang='lat' dir='ltr'><strong>et</strong></span> <span class='ocrx_word' id='word_1_533' title='bbox 1577 5128 1756 5184; x_wconf 84' lang='lat' dir='ltr'><strong>clauso</strong></span> 
     </span>
    </p>
   </div>
   <div class='ocr_carea' id='block_1_70' title="bbox 158 5213 1754 5287">
    <p class='ocr_par' dir='ltr' id='par_1_70' title="bbox 158 5213 1754 5287">
     <span class='ocr_line' id='line_1_70' title="bbox 158 5213 1754 5287; baseline 0.005 -20"><span class='ocrx_word' id='word_1_534' title='bbox 158 5216 307 5274; x_wconf 73' lang='lat' dir='ltr'><strong>ostio</strong></span> <span class='ocrx_word' id='word_1_535' title='bbox 329 5232 423 5269; x_wconf 89' lang='lat' dir='ltr'><strong>ora</strong></span> <span class='ocrx_word' id='word_1_536' title='bbox 444 5213 657 5270; x_wconf 86' lang='lat' dir='ltr'><strong>Patrem</strong></span> <span class='ocrx_word' id='word_1_537' title='bbox 683 5224 852 5270; x_wconf 89' lang='lat' dir='ltr'><strong>tuum.</strong></span> <span class='ocrx_word' id='word_1_538' title='bbox 879 5214 1207 5287; x_wconf 88' lang='lat' dir='ltr'><strong>Simpliciter</strong></span> <span class='ocrx_word' id='word_1_539' title='bbox 1227 5218 1405 5273; x_wconf 86' lang='lat' dir='ltr'><strong>erudit</strong></span> <span class='ocrx_word' id='word_1_540' title='bbox 1419 5220 1754 5286; x_wconf 89' lang='lat' dir='ltr'><strong>auditorem,</strong></span> 
     </span>
    </p>
   </div>
   <div class='ocr_carea' id='block_1_71' title="bbox 158 5304 1755 5378">
    <p class='ocr_par' dir='ltr' id='par_1_71' title="bbox 158 5304 1755 5378">
     <span class='ocr_line' id='line_1_71' title="bbox 158 5304 1755 5378; baseline 0.003 -18"><span class='ocrx_word' id='word_1_541' title='bbox 158 5312 231 5360; x_wconf 89' lang='lat' dir='ltr'><strong>ut</strong></span> <span class='ocrx_word' id='word_1_542' title='bbox 256 5320 454 5359; x_wconf 87' lang='lat' dir='ltr'><strong>vanam</strong></span> <span class='ocrx_word' id='word_1_543' title='bbox 477 5306 666 5360; x_wconf 89' lang='lat' dir='ltr'><strong>orandi</strong></span> <span class='ocrx_word' id='word_1_544' title='bbox 697 5305 923 5374; x_wconf 78' lang='lat' dir='ltr'><strong>gloriam</strong></span> <span class='ocrx_word' id='word_1_545' title='bbox 965 5304 1153 5376; x_wconf 80' lang='lat' dir='ltr'><strong>fugiat.</strong></span> <span class='ocrx_word' id='word_1_546' title='bbox 1193 5305 1299 5361; x_wconf 91' lang='lat' dir='ltr'><strong>Sed</strong></span> <span class='ocrx_word' id='word_1_547' title='bbox 1324 5316 1381 5362; x_wconf 92' lang='lat' dir='ltr'><strong>et</strong></span> <span class='ocrx_word' id='word_1_548' title='bbox 1428 5318 1755 5378; x_wconf 72' lang='lat' dir='ltr'><strong>prteceptum</strong></span> 
     </span>
    </p>
   </div>
   <div class='ocr_carea' id='block_1_72' title="bbox 160 5394 1755 5468">
    <p class='ocr_par' dir='ltr' id='par_1_72' title="bbox 160 5394 1755 5468">
     <span class='ocr_line' id='line_1_72' title="bbox 160 5394 1755 5468; baseline 0.004 -21"><span class='ocrx_word' id='word_1_549' title='bbox 160 5394 390 5455; x_wconf 88' lang='lat' dir='ltr'><strong>videtur</strong></span> <span class='ocrx_word' id='word_1_550' title='bbox 431 5410 553 5450; x_wconf 89' lang='lat' dir='ltr'><strong>esse</strong></span> <span class='ocrx_word' id='word_1_551' title='bbox 587 5394 850 5466; x_wconf 88' lang='lat' dir='ltr'><strong>spiritale,</strong></span> <span class='ocrx_word' id='word_1_552' title='bbox 880 5403 938 5449; x_wconf 91' lang='lat' dir='ltr'><strong>ut</strong></span> <span class='ocrx_word' id='word_1_553' title='bbox 960 5395 1166 5450; x_wconf 89' lang='lat' dir='ltr'><strong>inclusa</strong></span> <span class='ocrx_word' id='word_1_554' title='bbox 1208 5398 1447 5466; x_wconf 91' lang='lat' dir='ltr'><strong>pectoris</strong></span> <span class='ocrx_word' id='word_1_555' title='bbox 1474 5400 1755 5468; x_wconf 81' lang='lat' dir='ltr'><strong>cogitatio-</strong></span> 
     </span>
    </p>
   </div>
   <div class='ocr_carea' id='block_1_73' title="bbox 160 5484 1759 5557">
    <p class='ocr_par' dir='ltr' id='par_1_73' title="bbox 160 5484 1759 5557">
     <span class='ocr_line' id='line_1_73' title="bbox 160 5484 1759 5557; baseline 0.003 -17"><span class='ocrx_word' id='word_1_556' title='bbox 160 5499 262 5548; x_wconf 87' lang='lat' dir='ltr'><strong>ne,</strong></span> <span class='ocrx_word' id='word_1_557' title='bbox 305 5484 570 5555; x_wconf 86' lang='lat' dir='ltr'><strong>labiisque</strong></span> <span class='ocrx_word' id='word_1_558' title='bbox 598 5488 942 5557; x_wconf 88' lang='lat' dir='ltr'><strong>compressis,</strong></span> <span class='ocrx_word' id='word_1_559' title='bbox 989 5503 1207 5543; x_wconf 89' lang='lat' dir='ltr'><strong>oremus</strong></span> <span class='ocrx_word' id='word_1_560' title='bbox 1259 5488 1570 5554; x_wconf 83' lang='lat' dir='ltr'><strong>Dominum,</strong></span> <span class='ocrx_word' id='word_1_561' title='bbox 1618 5491 1759 5546; x_wconf 79' lang='lat' dir='ltr'><strong>sicut</strong></span> 
     </span>
    </p>
   </div>
   <div class='ocr_carea' id='block_1_74' title="bbox 165 5572 1760 5650">
    <p class='ocr_par' dir='ltr' id='par_1_74' title="bbox 165 5572 1760 5650">
     <span class='ocr_line' id='line_1_74' title="bbox 165 5572 1760 5650; baseline 0.004 -20"><span class='ocrx_word' id='word_1_562' title='bbox 165 5572 332 5630; x_wconf 70' lang='lat' dir='ltr'><strong>Anna</strong></span> <span class='ocrx_word' id='word_1_563' title='bbox 360 5574 557 5632; x_wconf 88' lang='lat' dir='ltr'><strong>dicitur</strong></span> <span class='ocrx_word' id='word_1_564' title='bbox 602 5577 813 5644; x_wconf 84' lang='lat' dir='ltr'><strong>fecisse,</strong></span> <span class='ocrx_word' id='word_1_565' title='bbox 853 5577 994 5632; x_wconf 88' lang='lat' dir='ltr'><strong>labia</strong></span> <span class='ocrx_word' id='word_1_566' title='bbox 1016 5578 1129 5650; x_wconf 86' lang='lat' dir='ltr'><strong>ejus</strong></span> <span class='ocrx_word' id='word_1_567' title='bbox 1165 5588 1367 5634; x_wconf 87' lang='lat' dir='ltr'><strong>tantum</strong></span> <span class='ocrx_word' id='word_1_568' title='bbox 1420 5583 1760 5636; x_wconf 87' lang='lat' dir='ltr'><strong>movebantur</strong></span> 
     </span>
    </p>
   </div>
   <div class='ocr_carea' id='block_1_75' title="bbox 161 5669 1759 5740">
    <p class='ocr_par' dir='ltr' id='par_1_75' title="bbox 161 5669 1759 5740">
     <span class='ocr_line' id='line_1_75' title="bbox 161 5669 1759 5740; baseline 0.005 -19"><span class='ocrx_word' id='word_1_569' title='bbox 161 5676 223 5721; x_wconf 79' lang='grc' dir='ltr'>ει</span> <span class='ocrx_word' id='word_1_570' title='bbox 266 5686 366 5723; x_wconf 76' lang='lat' dir='ltr'><strong>v0.1;</strong></span> <span class='ocrx_word' id='word_1_571' title='bbox 390 5673 597 5740; x_wconf 77' lang='lat' dir='ltr'><strong>penitus</strong></span> <span class='ocrx_word' id='word_1_572' title='bbox 629 5689 732 5726; x_wconf 86' lang='lat' dir='ltr'><strong>non</strong></span> <span class='ocrx_word' id='word_1_573' title='bbox 768 5672 1099 5727; x_wconf 83' lang='lat' dir='ltr'><strong>audiebatur.</strong></span> <span class='ocrx_word' id='word_1_574' title='bbox 1137 5669 1360 5726; x_wconf 78' lang='lat' dir='ltr'><strong>Orontes</strong></span> <span class='ocrx_word' id='word_1_575' title='bbox 1389 5684 1561 5727; x_wconf 84' lang='lat' dir='ltr'><strong>autem</strong></span> <span class='ocrx_word' id='word_1_576' title='bbox 1600 5673 1759 5729; x_wconf 88' lang='lat' dir='ltr'><strong>nolite</strong></span> 
     </span>
    </p>
   </div>
   <div class='ocr_carea' id='block_1_76' title="bbox 162 5757 1758 5836">
    <p class='ocr_par' dir='ltr' id='par_1_76' title="bbox 162 5757 1758 5836">
     <span class='ocr_line' id='line_1_76' title="bbox 162 5757 1758 5836; baseline 0.003 -23"><span class='ocrx_word' id='word_1_577' title='bbox 162 5757 401 5815; x_wconf 79' lang='lat' dir='ltr'><strong>multum</strong></span> <span class='ocrx_word' id='word_1_578' title='bbox 431 5760 593 5831; x_wconf 72' lang='lat' dir='ltr'><strong>loqui,</strong></span> <span class='ocrx_word' id='word_1_579' title='bbox 634 5764 764 5817; x_wconf 75' lang='lat' dir='ltr'><strong>sicut</strong></span> <span class='ocrx_word' id='word_1_580' title='bbox 806 5764 1025 5830; x_wconf 88' lang='lat' dir='ltr'><strong>ethnici,</strong></span> <span class='ocrx_word' id='word_1_581' title='bbox 1051 5763 1103 5818; x_wconf 90' lang='lat' dir='ltr'><strong>id</strong></span> <span class='ocrx_word' id='word_1_582' title='bbox 1128 5771 1210 5818; x_wconf 61' lang='lat' dir='ltr'><strong>est</strong></span> <span class='ocrx_word' id='word_1_583' title='bbox 1264 5763 1519 5836; x_wconf 80' lang='lat' dir='ltr'><strong>gentiles;</strong></span> <span class='ocrx_word' id='word_1_584' title='bbox 1552 5763 1603 5818; x_wconf 90' lang='lat' dir='ltr'><strong>bi</strong></span> <span class='ocrx_word' id='word_1_585' title='bbox 1638 5781 1758 5821; x_wconf 77' lang='lat' dir='ltr'><strong>sur-</strong></span> 
     </span>
    </p>
   </div>
   <div class='ocr_carea' id='block_1_77' title="bbox 1776 4536 1830 4595">
    <p class='ocr_par' dir='ltr' id='par_1_77' title="bbox 1776 4536 1830 4595">
     <span class='ocr_line' id='line_1_77' title="bbox 1776 4536 1830 4595; baseline 0 0"><span class='ocrx_word' id='word_1_586' title='bbox 1776 4536 1830 4595; x_wconf 92' lang='lat' dir='ltr'><strong>D</strong></span> 
     </span>
    </p>
   </div>
   <div class='ocr_carea' id='block_1_78' title="bbox 1863 1927 3441 2004">
    <p class='ocr_par' dir='ltr' id='par_1_78' title="bbox 1863 1927 3441 2004">
     <span class='ocr_line' id='line_1_78' title="bbox 1863 1927 3441 2004; baseline 0.006 -23"><span class='ocrx_word' id='word_1_587' title='bbox 1863 1933 2038 1981; x_wconf 89' lang='lat' dir='ltr'><strong>totum</strong></span> <span class='ocrx_word' id='word_1_588' title='bbox 2085 1927 2174 1983; x_wconf 90' lang='lat' dir='ltr'><strong>hic</strong></span> <span class='ocrx_word' id='word_1_589' title='bbox 2202 1931 2654 2000; x_wconf 86' lang='lat' dir='ltr'><strong>comprehensum</strong></span> <span class='ocrx_word' id='word_1_590' title='bbox 2680 1941 2781 1987; x_wconf 92' lang='lat' dir='ltr'><strong>est.</strong></span> <span class='ocrx_word' id='word_1_591' title='bbox 2826 1932 3197 2004; x_wconf 88' lang='lat' dir='ltr'><strong>Suntquoque</strong></span> <span class='ocrx_word' id='word_1_592' title='bbox 3233 1944 3441 2004; x_wconf 91' lang='lat' dir='ltr'><strong>septem</strong></span> 
     </span>
    </p>
   </div>
   <div class='ocr_carea' id='block_1_79' title="bbox 1858 2020 3444 2093">
    <p class='ocr_par' dir='ltr' id='par_1_79' title="bbox 1858 2020 3444 2093">
     <span class='ocr_line' id='line_1_79' title="bbox 1858 2020 3444 2093; baseline 0.007 -20"><span class='ocrx_word' id='word_1_593' title='bbox 1858 2020 2150 2093; x_wconf 85' lang='lat' dir='ltr'><strong>petitiones</strong></span> <span class='ocrx_word' id='word_1_594' title='bbox 2206 2030 2263 2077; x_wconf 86' lang='lat' dir='ltr'><strong>et</strong></span> <span class='ocrx_word' id='word_1_595' title='bbox 2300 2032 2422 2078; x_wconf 91' lang='lat' dir='ltr'><strong>octo</strong></span> <span class='ocrx_word' id='word_1_596' title='bbox 2468 2026 2761 2080; x_wconf 86' lang='lat' dir='ltr'><strong>orationes.</strong></span> <span class='ocrx_word' id='word_1_597' title='bbox 2804 2024 2967 2080; x_wconf 88' lang='lat' dir='ltr'><strong>Pater</strong></span> <span class='ocrx_word' id='word_1_598' title='bbox 3019 2040 3210 2083; x_wconf 86' lang='lat' dir='ltr'><strong>noster.</strong></span> <span class='ocrx_word' id='word_1_599' title='bbox 3257 2029 3444 2086; x_wconf 81' lang='lat' dir='ltr'><strong>Nullus</strong></span> 
     </span>
    </p>
   </div>
   <div class='ocr_carea' id='block_1_80' title="bbox 1860 2112 3443 2188">
    <p class='ocr_par' dir='ltr' id='par_1_80' title="bbox 1860 2112 3443 2188">
     <span class='ocr_line' id='line_1_80' title="bbox 1860 2112 3443 2188; baseline 0.008 -24"><span class='ocrx_word' id='word_1_600' title='bbox 1860 2112 2103 2171; x_wconf 85' lang='lat' dir='ltr'><strong>mortalis</strong></span> <span class='ocrx_word' id='word_1_601' title='bbox 2123 2114 2226 2169; x_wconf 90' lang='lat' dir='ltr'><strong>hoc</strong></span> <span class='ocrx_word' id='word_1_602' title='bbox 2253 2116 2478 2171; x_wconf 87' lang='lat' dir='ltr'><strong>auderet</strong></span> <span class='ocrx_word' id='word_1_603' title='bbox 2497 2117 2694 2184; x_wconf 88' lang='lat' dir='ltr'><strong>dicere,</strong></span> <span class='ocrx_word' id='word_1_604' title='bbox 2727 2118 2829 2172; x_wconf 75' lang='lat' dir='ltr'><strong>nisi</strong></span> <span class='ocrx_word' id='word_1_605' title='bbox 2861 2120 2974 2188; x_wconf 89' lang='lat' dir='ltr'><strong>ipse</strong></span> <span class='ocrx_word' id='word_1_606' title='bbox 3005 2136 3101 2175; x_wconf 89' lang='lat' dir='ltr'><strong>sua</strong></span> <span class='ocrx_word' id='word_1_607' title='bbox 3129 2121 3443 2176; x_wconf 89' lang='lat' dir='ltr'><strong>misericor-</strong></span> 
     </span>
    </p>
   </div>
   <div class='ocr_carea' id='block_1_81' title="bbox 1863 2206 3441 2279">
    <p class='ocr_par' dir='ltr' id='par_1_81' title="bbox 1863 2206 3441 2279">
     <span class='ocr_line' id='line_1_81' title="bbox 1863 2206 3441 2279; baseline 0.007 -20"><span class='ocrx_word' id='word_1_608' title='bbox 1863 2206 1950 2262; x_wconf 88' lang='lat' dir='ltr'><strong>dia</strong></span> <span class='ocrx_word' id='word_1_609' title='bbox 1982 2207 2138 2262; x_wconf 91' lang='lat' dir='ltr'><strong>nobis</strong></span> <span class='ocrx_word' id='word_1_610' title='bbox 2162 2210 2525 2279; x_wconf 63' lang='lat' dir='ltr'><strong>pratcepisset.</strong></span> <span class='ocrx_word' id='word_1_611' title='bbox 2590 2210 2807 2266; x_wconf 90' lang='lat' dir='ltr'><strong>Duobus</strong></span> <span class='ocrx_word' id='word_1_612' title='bbox 2850 2213 3025 2267; x_wconf 86' lang='lat' dir='ltr'><strong>modis</strong></span> <span class='ocrx_word' id='word_1_613' title='bbox 3047 2223 3130 2267; x_wconf 89' lang='lat' dir='ltr'><strong>est</strong></span> <span class='ocrx_word' id='word_1_614' title='bbox 3154 2214 3310 2269; x_wconf 89' lang='lat' dir='ltr'><strong>nobis</strong></span> <span class='ocrx_word' id='word_1_615' title='bbox 3335 2214 3441 2269; x_wconf 90' lang='lat' dir='ltr'><strong>Pa-</strong></span> 
     </span>
    </p>
   </div>
   <div class='ocr_carea' id='block_1_82' title="bbox 1860 2300 3438 2375">
    <p class='ocr_par' dir='ltr' id='par_1_82' title="bbox 1860 2300 3438 2375">
     <span class='ocr_line' id='line_1_82' title="bbox 1860 2300 3438 2375; baseline 0.004 -19"><span class='ocrx_word' id='word_1_616' title='bbox 1860 2306 1942 2356; x_wconf 81' lang='lat' dir='ltr'><strong>ter</strong></span> <span class='ocrx_word' id='word_1_617' title='bbox 1973 2300 2112 2355; x_wconf 90' lang='lat' dir='ltr'><strong>Deus</strong></span> <span class='ocrx_word' id='word_1_618' title='bbox 2140 2319 2151 2359; x_wconf 91' lang='lat'><strong>:</strong></span> <span class='ocrx_word' id='word_1_619' title='bbox 2181 2303 2511 2368; x_wconf 89' lang='lat' dir='ltr'><strong>conditione,</strong></span> <span class='ocrx_word' id='word_1_620' title='bbox 2557 2305 2684 2375; x_wconf 87' lang='lat' dir='ltr'><strong>quia</strong></span> <span class='ocrx_word' id='word_1_621' title='bbox 2728 2304 2968 2360; x_wconf 90' lang='lat' dir='ltr'><strong>condidit</strong></span> <span class='ocrx_word' id='word_1_622' title='bbox 2995 2316 3050 2360; x_wconf 91' lang='lat' dir='ltr'><strong>et</strong></span> <span class='ocrx_word' id='word_1_623' title='bbox 3068 2307 3276 2362; x_wconf 89' lang='lat' dir='ltr'><strong>creavit</strong></span> <span class='ocrx_word' id='word_1_624' title='bbox 3302 2322 3438 2375; x_wconf 89' lang='lat' dir='ltr'><strong>nos;</strong></span> 
     </span>
    </p>
   </div>
   <div class='ocr_carea' id='block_1_83' title="bbox 1856 2389 3444 2467">
    <p class='ocr_par' dir='ltr' id='par_1_83' title="bbox 1856 2389 3444 2467">
     <span class='ocr_line' id='line_1_83' title="bbox 1856 2389 3444 2467; baseline 0.005 -23"><span class='ocrx_word' id='word_1_625' title='bbox 1856 2389 2164 2461; x_wconf 88' lang='lat' dir='ltr'><strong>adoptione,</strong></span> <span class='ocrx_word' id='word_1_626' title='bbox 2205 2393 2329 2463; x_wconf 88' lang='lat' dir='ltr'><strong>quia</strong></span> <span class='ocrx_word' id='word_1_627' title='bbox 2378 2409 2476 2463; x_wconf 88' lang='lat' dir='ltr'><strong>per</strong></span> <span class='ocrx_word' id='word_1_628' title='bbox 2518 2411 2670 2452; x_wconf 88' lang='lat' dir='ltr'><strong>suam</strong></span> <span class='ocrx_word' id='word_1_629' title='bbox 2705 2396 3129 2452; x_wconf 87' lang='lat' dir='ltr'><strong>misericordiam</strong></span> <span class='ocrx_word' id='word_1_630' title='bbox 3167 2398 3444 2467; x_wconf 84' lang='lat' dir='ltr'><strong>adoptavit</strong></span> 
     </span>
    </p>
   </div>
   <div class='ocr_carea' id='block_1_84' title="bbox 1854 2483 3432 2557">
    <p class='ocr_par' dir='ltr' id='par_1_84' title="bbox 1854 2483 3432 2557">
     <span class='ocr_line' id='line_1_84' title="bbox 1854 2483 3432 2557; baseline 0.006 -22"><span class='ocrx_word' id='word_1_631' title='bbox 1854 2496 1954 2537; x_wconf 91' lang='lat' dir='ltr'><strong>nos</strong></span> <span class='ocrx_word' id='word_1_632' title='bbox 1997 2483 2049 2537; x_wconf 91' lang='lat' dir='ltr'><strong>in</strong></span> <span class='ocrx_word' id='word_1_633' title='bbox 2081 2483 2220 2539; x_wconf 88' lang='lat' dir='ltr'><strong>filios</strong></span> <span class='ocrx_word' id='word_1_634' title='bbox 2251 2503 2264 2539; x_wconf 91' lang='lat'><strong>:</strong></span> <span class='ocrx_word' id='word_1_635' title='bbox 2289 2485 2560 2557; x_wconf 83' lang='lat' dir='ltr'><strong>jussitque</strong></span> <span class='ocrx_word' id='word_1_636' title='bbox 2600 2487 2755 2543; x_wconf 89' lang='lat' dir='ltr'><strong>nobis</strong></span> <span class='ocrx_word' id='word_1_637' title='bbox 2801 2503 2862 2544; x_wconf 88' lang='lat' dir='ltr'><strong>se</strong></span> <span class='ocrx_word' id='word_1_638' title='bbox 2892 2489 3076 2544; x_wconf 86' lang='lat' dir='ltr'><strong>vocari</strong></span> <span class='ocrx_word' id='word_1_639' title='bbox 3111 2489 3352 2553; x_wconf 83' lang='lat' dir='ltr'><strong>Patrem,</strong></span> <span class='ocrx_word' id='word_1_640' title='bbox 3383 2491 3432 2545; x_wconf 88' lang='lat' dir='ltr'><strong>si</strong></span> 
     </span>
    </p>
   </div>
   <div class='ocr_carea' id='block_1_85' title="bbox 1854 2577 3439 2652">
    <p class='ocr_par' dir='ltr' id='par_1_85' title="bbox 1854 2577 3439 2652">
     <span class='ocr_line' id='line_1_85' title="bbox 1854 2577 3439 2652; baseline 0.004 -23"><span class='ocrx_word' id='word_1_641' title='bbox 1854 2584 2034 2630; x_wconf 86' lang='lat' dir='ltr'><strong>tamen</strong></span> <span class='ocrx_word' id='word_1_642' title='bbox 2081 2586 2234 2631; x_wconf 78' lang='lat' dir='ltr'><strong>tanto</strong></span> <span class='ocrx_word' id='word_1_643' title='bbox 2271 2577 2431 2633; x_wconf 84' lang='lat' dir='ltr'><strong>Patre</strong></span> <span class='ocrx_word' id='word_1_644' title='bbox 2464 2595 2568 2634; x_wconf 90' lang='lat' dir='ltr'><strong>non</strong></span> <span class='ocrx_word' id='word_1_645' title='bbox 2599 2580 2769 2635; x_wconf 90' lang='lat' dir='ltr'><strong>simus</strong></span> <span class='ocrx_word' id='word_1_646' title='bbox 2795 2580 3022 2651; x_wconf 88' lang='lat' dir='ltr'><strong>indigni,</strong></span> <span class='ocrx_word' id='word_1_647' title='bbox 3060 2583 3439 2652; x_wconf 83' lang='lat' dir='ltr'><strong>degenerando</strong></span> 
     </span>
    </p>
   </div>
   <div class='ocr_carea' id='block_1_86' title="bbox 1854 2666 3438 2739">
    <p class='ocr_par' dir='ltr' id='par_1_86' title="bbox 1854 2666 3438 2739">
     <span class='ocr_line' id='line_1_86' title="bbox 1854 2666 3438 2739; baseline 0.004 -20"><span class='ocrx_word' id='word_1_648' title='bbox 1854 2682 1953 2720; x_wconf 88' lang='lat' dir='ltr'><strong>nos</strong></span> <span class='ocrx_word' id='word_1_649' title='bbox 1974 2666 2111 2721; x_wconf 83' lang='lat' dir='ltr'><strong>Filio</strong></span> <span class='ocrx_word' id='word_1_650' title='bbox 2133 2669 2541 2739; x_wconf 84' lang='lat' dir='ltr'><strong>ejusunigenito</strong></span> <span class='ocrx_word' id='word_1_651' title='bbox 2567 2669 2795 2724; x_wconf 89' lang='lat' dir='ltr'><strong>Domino</strong></span> <span class='ocrx_word' id='word_1_652' title='bbox 2830 2678 3017 2724; x_wconf 91' lang='lat' dir='ltr'><strong>nostro</strong></span> <span class='ocrx_word' id='word_1_653' title='bbox 3038 2669 3165 2725; x_wconf 85' lang='lat' dir='ltr'><strong>Jesu</strong></span> <span class='ocrx_word' id='word_1_654' title='bbox 3198 2670 3438 2737; x_wconf 87' lang='lat' dir='ltr'><strong>Christo,</strong></span> 
     </span>
    </p>
   </div>
   <div class='ocr_carea' id='block_1_87' title="bbox 1858 2757 3443 2831">
    <p class='ocr_par' dir='ltr' id='par_1_87' title="bbox 1858 2757 3443 2831">
     <span class='ocr_line' id='line_1_87' title="bbox 1858 2757 3443 2831; baseline 0.004 -22"><span class='ocrx_word' id='word_1_655' title='bbox 1858 2757 1951 2826; x_wconf 89' lang='lat' dir='ltr'><strong>qui</strong></span> <span class='ocrx_word' id='word_1_656' title='bbox 1982 2758 2140 2812; x_wconf 86' lang='lat' dir='ltr'><strong>nobis</strong></span> <span class='ocrx_word' id='word_1_657' title='bbox 2191 2758 2417 2813; x_wconf 87' lang='lat' dir='ltr'><strong>formam</strong></span> <span class='ocrx_word' id='word_1_658' title='bbox 2449 2759 2799 2829; x_wconf 82' lang='lat' dir='ltr'><strong>perfectionis</strong></span> <span class='ocrx_word' id='word_1_659' title='bbox 2847 2760 3103 2827; x_wconf 88' lang='lat' dir='ltr'><strong>ostendit,</strong></span> <span class='ocrx_word' id='word_1_660' title='bbox 3137 2775 3235 2829; x_wconf 87' lang='lat' dir='ltr'><strong>per</strong></span> <span class='ocrx_word' id='word_1_661' title='bbox 3275 2778 3443 2831; x_wconf 88' lang='lat' dir='ltr'><strong>quam</strong></span> 
     </span>
    </p>
   </div>
   <div class='ocr_carea' id='block_1_88' title="bbox 1856 2848 3448 2922">
    <p class='ocr_par' dir='ltr' id='par_1_88' title="bbox 1856 2848 3448 2922">
     <span class='ocr_line' id='line_1_88' title="bbox 1856 2848 3448 2922; baseline 0.004 -21"><span class='ocrx_word' id='word_1_662' title='bbox 1856 2848 1951 2901; x_wconf 84' lang='lat' dir='ltr'><strong>lilii</strong></span> <span class='ocrx_word' id='word_1_663' title='bbox 2003 2848 2098 2917; x_wconf 86' lang='lat' dir='ltr'><strong>Dei</strong></span> <span class='ocrx_word' id='word_1_664' title='bbox 2140 2857 2192 2905; x_wconf 87' lang='lat' dir='ltr'><strong>et</strong></span> <span class='ocrx_word' id='word_1_665' title='bbox 2215 2848 2413 2905; x_wconf 88' lang='lat' dir='ltr'><strong>fratres</strong></span> <span class='ocrx_word' id='word_1_666' title='bbox 2458 2851 2629 2919; x_wconf 89' lang='lat' dir='ltr'><strong>ipsius</strong></span> <span class='ocrx_word' id='word_1_667' title='bbox 2659 2849 2803 2906; x_wconf 84' lang='lat' dir='ltr'><strong>effici</strong></span> <span class='ocrx_word' id='word_1_668' title='bbox 2849 2866 3138 2920; x_wconf 89' lang='lat' dir='ltr'><strong>possumus</strong></span> <span class='ocrx_word' id='word_1_669' title='bbox 3185 2853 3448 2922; x_wconf 88' lang='lat' dir='ltr'><strong>operibus.</strong></span> 
     </span>
    </p>
   </div>
   <div class='ocr_carea' id='block_1_89' title="bbox 1852 2939 3439 3011">
    <p class='ocr_par' dir='ltr' id='par_1_89' title="bbox 1852 2939 3439 3011">
     <span class='ocr_line' id='line_1_89' title="bbox 1852 2939 3439 3011; baseline 0.002 -17"><span class='ocrx_word' id='word_1_670' title='bbox 1852 2939 2028 2997; x_wconf 88' lang='lat' dir='ltr'><strong>bonis.</strong></span> <span class='ocrx_word' id='word_1_671' title='bbox 2071 2941 2205 3008; x_wconf 85' lang='lat' dir='ltr'><strong>Quia</strong></span> <span class='ocrx_word' id='word_1_672' title='bbox 2235 2956 2363 3011; x_wconf 87' lang='lat' dir='ltr'><strong>ergo</strong></span> <span class='ocrx_word' id='word_1_673' title='bbox 2399 2958 2564 2995; x_wconf 91' lang='lat' dir='ltr'><strong>unum</strong></span> <span class='ocrx_word' id='word_1_674' title='bbox 2592 2941 2808 2996; x_wconf 89' lang='lat' dir='ltr'><strong>Patrem</strong></span> <span class='ocrx_word' id='word_1_675' title='bbox 2841 2956 2940 2997; x_wconf 92' lang='lat' dir='ltr'><strong>nos</strong></span> <span class='ocrx_word' id='word_1_676' title='bbox 2965 2943 3287 2997; x_wconf 81' lang='lat' dir='ltr'><strong>conﬁtemur</strong></span> <span class='ocrx_word' id='word_1_677' title='bbox 3339 2945 3439 2999; x_wconf 89' lang='lat' dir='ltr'><strong>ba-</strong></span> 
     </span>
    </p>
   </div>
   <div class='ocr_carea' id='block_1_90' title="bbox 1859 3030 3439 3104">
    <p class='ocr_par' dir='ltr' id='par_1_90' title="bbox 1859 3030 3439 3104">
     <span class='ocr_line' id='line_1_90' title="bbox 1859 3030 3439 3104; baseline 0.003 -19"><span class='ocrx_word' id='word_1_678' title='bbox 1859 3030 1987 3085; x_wconf 87' lang='lat' dir='ltr'><strong>bere</strong></span> <span class='ocrx_word' id='word_1_679' title='bbox 2020 3031 2070 3084; x_wconf 90' lang='lat' dir='ltr'><strong>in</strong></span> <span class='ocrx_word' id='word_1_680' title='bbox 2103 3031 2274 3097; x_wconf 77' lang='lat' dir='ltr'><strong>cmlis,</strong></span> <span class='ocrx_word' id='word_1_681' title='bbox 2302 3032 2565 3087; x_wconf 89' lang='lat' dir='ltr'><strong>debemus</strong></span> <span class='ocrx_word' id='word_1_682' title='bbox 2588 3047 2715 3087; x_wconf 89' lang='lat' dir='ltr'><strong>esse</strong></span> <span class='ocrx_word' id='word_1_683' title='bbox 2738 3047 2925 3087; x_wconf 87' lang='lat' dir='ltr'><strong>amore</strong></span> <span class='ocrx_word' id='word_1_684' title='bbox 2949 3032 3166 3099; x_wconf 89' lang='lat' dir='ltr'><strong>fratres,</strong></span> <span class='ocrx_word' id='word_1_685' title='bbox 3190 3034 3313 3103; x_wconf 88' lang='lat' dir='ltr'><strong>quia</strong></span> <span class='ocrx_word' id='word_1_686' title='bbox 3343 3035 3439 3104; x_wconf 88' lang='lat' dir='ltr'><strong>qui</strong></span> 
     </span>
    </p>
   </div>
   <div class='ocr_carea' id='block_1_91' title="bbox 1856 3119 3443 3194">
    <p class='ocr_par' dir='ltr' id='par_1_91' title="bbox 1856 3119 3443 3194">
     <span class='ocr_line' id='line_1_91' title="bbox 1856 3119 3443 3194; baseline 0.005 -20"><span class='ocrx_word' id='word_1_687' title='bbox 1856 3119 2055 3175; x_wconf 89' lang='lat' dir='ltr'><strong>fratres</strong></span> <span class='ocrx_word' id='word_1_688' title='bbox 2077 3138 2181 3177; x_wconf 92' lang='lat' dir='ltr'><strong>non</strong></span> <span class='ocrx_word' id='word_1_689' title='bbox 2205 3123 2319 3178; x_wconf 85' lang='lat' dir='ltr'><strong>vult</strong></span> <span class='ocrx_word' id='word_1_690' title='bbox 2344 3138 2736 3194; x_wconf 83' lang='lat' dir='ltr'><strong>recognoscere</strong></span> <span class='ocrx_word' id='word_1_691' title='bbox 2764 3138 2954 3178; x_wconf 91' lang='lat' dir='ltr'><strong>omnes</strong></span> <span class='ocrx_word' id='word_1_692' title='bbox 2975 3124 3333 3191; x_wconf 89' lang='lat' dir='ltr'><strong>Christianos,</strong></span> <span class='ocrx_word' id='word_1_693' title='bbox 3355 3141 3443 3182; x_wconf 88' lang='lat' dir='ltr'><strong>re-</strong></span> 
     </span>
    </p>
   </div>
   <div class='ocr_carea' id='block_1_92' title="bbox 1855 3210 3441 3287">
    <p class='ocr_par' dir='ltr' id='par_1_92' title="bbox 1855 3210 3441 3287">
     <span class='ocr_line' id='line_1_92' title="bbox 1855 3210 3441 3287; baseline 0.005 -24"><span class='ocrx_word' id='word_1_694' title='bbox 1855 3218 2010 3264; x_wconf 91' lang='lat' dir='ltr'><strong>cusat</strong></span> <span class='ocrx_word' id='word_1_695' title='bbox 2030 3210 2248 3266; x_wconf 90' lang='lat' dir='ltr'><strong>Patrem</strong></span> <span class='ocrx_word' id='word_1_696' title='bbox 2272 3213 2476 3267; x_wconf 89' lang='lat' dir='ltr'><strong>habere</strong></span> <span class='ocrx_word' id='word_1_697' title='bbox 2495 3228 2616 3267; x_wconf 91' lang='lat' dir='ltr'><strong>cum</strong></span> <span class='ocrx_word' id='word_1_698' title='bbox 2646 3214 2726 3268; x_wconf 89' lang='lat' dir='ltr'><strong>eis</strong></span> <span class='ocrx_word' id='word_1_699' title='bbox 2743 3213 2931 3268; x_wconf 88' lang='lat' dir='ltr'><strong>Deum.</strong></span> <span class='ocrx_word' id='word_1_700' title='bbox 2961 3214 3037 3269; x_wconf 87' lang='lat' dir='ltr'><strong>Te</strong></span> <span class='ocrx_word' id='word_1_701' title='bbox 3064 3230 3194 3287; x_wconf 89' lang='lat' dir='ltr'><strong>ergo</strong></span> <span class='ocrx_word' id='word_1_702' title='bbox 3222 3217 3441 3271; x_wconf 80' lang='lat' dir='ltr'><strong>invoca-</strong></span> 
     </span>
    </p>
   </div>
   <div class='ocr_carea' id='block_1_93' title="bbox 1854 3302 3442 3375">
    <p class='ocr_par' dir='ltr' id='par_1_93' title="bbox 1854 3302 3442 3375">
     <span class='ocr_line' id='line_1_93' title="bbox 1854 3302 3442 3375; baseline 0.006 -22"><span class='ocrx_word' id='word_1_703' title='bbox 1854 3315 1997 3365; x_wconf 90' lang='lat' dir='ltr'><strong>mus,</strong></span> <span class='ocrx_word' id='word_1_704' title='bbox 2047 3302 2216 3371; x_wconf 87' lang='lat' dir='ltr'><strong>quies</strong></span> <span class='ocrx_word' id='word_1_705' title='bbox 2260 3303 2315 3356; x_wconf 91' lang='lat' dir='ltr'><strong>in</strong></span> <span class='ocrx_word' id='word_1_706' title='bbox 2340 3302 2497 3359; x_wconf 64' lang='lat' dir='ltr'><strong>caelis.</strong></span> <span class='ocrx_word' id='word_1_707' title='bbox 2531 3303 2665 3371; x_wconf 84' lang='lat' dir='ltr'><strong>Quia</strong></span> <span class='ocrx_word' id='word_1_708' title='bbox 2701 3305 2948 3373; x_wconf 87' lang='lat' dir='ltr'><strong>quamvis</strong></span> <span class='ocrx_word' id='word_1_709' title='bbox 2978 3305 3177 3375; x_wconf 89' lang='lat' dir='ltr'><strong>ubique</strong></span> <span class='ocrx_word' id='word_1_710' title='bbox 3202 3307 3299 3373; x_wconf 91' lang='lat' dir='ltr'><strong>sis,</strong></span> <span class='ocrx_word' id='word_1_711' title='bbox 3354 3319 3442 3361; x_wconf 88' lang='lat' dir='ltr'><strong>ta-</strong></span> 
     </span>
    </p>
   </div>
   <div class='ocr_carea' id='block_1_94' title="bbox 1852 3392 3438 3467">
    <p class='ocr_par' dir='ltr' id='par_1_94' title="bbox 1852 3392 3438 3467">
     <span class='ocr_line' id='line_1_94' title="bbox 1852 3392 3438 3467; baseline 0.006 -22"><span class='ocrx_word' id='word_1_712' title='bbox 1852 3406 1974 3448; x_wconf 85' lang='lat' dir='ltr'><strong>men</strong></span> <span class='ocrx_word' id='word_1_713' title='bbox 2012 3392 2346 3463; x_wconf 86' lang='lat' dir='ltr'><strong>splendidius</strong></span> <span class='ocrx_word' id='word_1_714' title='bbox 2370 3393 2708 3462; x_wconf 76' lang='lat' dir='ltr'><strong>maiestatem</strong></span> <span class='ocrx_word' id='word_1_715' title='bbox 2739 3404 2886 3450; x_wconf 89' lang='lat' dir='ltr'><strong>tuam</strong></span> <span class='ocrx_word' id='word_1_716' title='bbox 2920 3397 3354 3467; x_wconf 89' lang='lat' dir='ltr'><strong>contemplantur</strong></span> <span class='ocrx_word' id='word_1_717' title='bbox 3381 3399 3438 3454; x_wconf 91' lang='lat' dir='ltr'><strong>hi</strong></span> 
     </span>
    </p>
   </div>
   <div class='ocr_carea' id='block_1_95' title="bbox 1853 3483 3441 3557">
    <p class='ocr_par' dir='ltr' id='par_1_95' title="bbox 1853 3483 3441 3557">
     <span class='ocr_line' id='line_1_95' title="bbox 1853 3483 3441 3557; baseline 0.006 -22"><span class='ocrx_word' id='word_1_718' title='bbox 1853 3483 1944 3551; x_wconf 92' lang='lat' dir='ltr'><strong>qui</strong></span> <span class='ocrx_word' id='word_1_719' title='bbox 1989 3483 2041 3536; x_wconf 93' lang='lat' dir='ltr'><strong>in</strong></span> <span class='ocrx_word' id='word_1_720' title='bbox 2070 3484 2207 3540; x_wconf 66' lang='lat' dir='ltr'><strong>caelo</strong></span> <span class='ocrx_word' id='word_1_721' title='bbox 2234 3493 2412 3539; x_wconf 90' lang='lat' dir='ltr'><strong>tecum</strong></span> <span class='ocrx_word' id='word_1_722' title='bbox 2441 3485 2706 3549; x_wconf 87' lang='lat' dir='ltr'><strong>habitant,</strong></span> <span class='ocrx_word' id='word_1_723' title='bbox 2736 3485 2820 3539; x_wconf 88' lang='lat' dir='ltr'><strong>vel</strong></span> <span class='ocrx_word' id='word_1_724' title='bbox 2847 3487 3012 3541; x_wconf 89' lang='lat' dir='ltr'><strong>etiam</strong></span> <span class='ocrx_word' id='word_1_725' title='bbox 3033 3489 3127 3557; x_wconf 91' lang='lat' dir='ltr'><strong>qui</strong></span> <span class='ocrx_word' id='word_1_726' title='bbox 3151 3503 3211 3543; x_wconf 91' lang='lat' dir='ltr'><strong>cs</strong></span> <span class='ocrx_word' id='word_1_727' title='bbox 3254 3490 3307 3544; x_wconf 91' lang='lat' dir='ltr'><strong>in</strong></span> <span class='ocrx_word' id='word_1_728' title='bbox 3334 3504 3441 3545; x_wconf 73' lang='lat' dir='ltr'><strong>cm-</strong></span> 
     </span>
    </p>
   </div>
   <div class='ocr_carea' id='block_1_96' title="bbox 1855 3570 3433 3643">
    <p class='ocr_par' dir='ltr' id='par_1_96' title="bbox 1855 3570 3433 3643">
     <span class='ocr_line' id='line_1_96' title="bbox 1855 3570 3433 3643; baseline 0.004 -18"><span class='ocrx_word' id='word_1_729' title='bbox 1855 3570 1923 3625; x_wconf 91' lang='lat' dir='ltr'><strong>lis</strong></span> <span class='ocrx_word' id='word_1_730' title='bbox 1948 3571 2001 3624; x_wconf 91' lang='lat' dir='ltr'><strong>in</strong></span> <span class='ocrx_word' id='word_1_731' title='bbox 2018 3573 2220 3627; x_wconf 89' lang='lat' dir='ltr'><strong>sanctis</strong></span> <span class='ocrx_word' id='word_1_732' title='bbox 2245 3574 2350 3627; x_wconf 91' lang='lat' dir='ltr'><strong>tuis</strong></span> <span class='ocrx_word' id='word_1_733' title='bbox 2376 3574 2646 3629; x_wconf 87' lang='lat' dir='ltr'><strong>habitans.</strong></span> <span class='ocrx_word' id='word_1_734' title='bbox 2665 3573 3036 3643; x_wconf 81' lang='lat' dir='ltr'><strong>Sanctiﬁcetur</strong></span> <span class='ocrx_word' id='word_1_735' title='bbox 3057 3594 3242 3631; x_wconf 83' lang='lat' dir='ltr'><strong>nomen</strong></span> <span class='ocrx_word' id='word_1_736' title='bbox 3263 3587 3433 3633; x_wconf 89' lang='lat' dir='ltr'><strong>tuum.</strong></span> 
     </span>
    </p>
   </div>
   <div class='ocr_carea' id='block_1_97' title="bbox 1853 3655 3435 3727">
    <p class='ocr_par' dir='ltr' id='par_1_97' title="bbox 1853 3655 3435 3727">
     <span class='ocr_line' id='line_1_97' title="bbox 1853 3655 3435 3727; baseline 0.007 -16"><span class='ocrx_word' id='word_1_737' title='bbox 1853 3655 1987 3711; x_wconf 89' lang='lat' dir='ltr'><strong>Cum</strong></span> <span class='ocrx_word' id='word_1_738' title='bbox 2012 3674 2109 3727; x_wconf 88' lang='lat' dir='ltr'><strong>per</strong></span> <span class='ocrx_word' id='word_1_739' title='bbox 2138 3674 2197 3714; x_wconf 90' lang='lat' dir='ltr'><strong>se</strong></span> <span class='ocrx_word' id='word_1_740' title='bbox 2223 3669 2471 3714; x_wconf 88' lang='lat' dir='ltr'><strong>sanctum</strong></span> <span class='ocrx_word' id='word_1_741' title='bbox 2501 3661 2591 3725; x_wconf 86' lang='lat' dir='ltr'><strong>sit,</strong></span> <span class='ocrx_word' id='word_1_742' title='bbox 2614 3677 2834 3716; x_wconf 89' lang='lat' dir='ltr'><strong>oramus</strong></span> <span class='ocrx_word' id='word_1_743' title='bbox 2857 3672 2916 3717; x_wconf 94' lang='lat' dir='ltr'><strong>ut</strong></span> <span class='ocrx_word' id='word_1_744' title='bbox 2937 3664 2991 3718; x_wconf 92' lang='lat' dir='ltr'><strong>in</strong></span> <span class='ocrx_word' id='word_1_745' title='bbox 3009 3666 3166 3720; x_wconf 91' lang='lat' dir='ltr'><strong>nobis</strong></span> <span class='ocrx_word' id='word_1_746' title='bbox 3186 3675 3435 3722; x_wconf 87' lang='lat' dir='ltr'><strong>sanctum</strong></span> 
     </span>
    </p>
   </div>
   <div class='ocr_carea' id='block_1_98' title="bbox 1854 3748 3437 3822">
    <p class='ocr_par' dir='ltr' id='par_1_98' title="bbox 1854 3748 3437 3822">
     <span class='ocr_line' id='line_1_98' title="bbox 1854 3748 3437 3822; baseline 0.006 -19"><span class='ocrx_word' id='word_1_747' title='bbox 1854 3748 1967 3811; x_wconf 81' lang='lat' dir='ltr'><strong>flat,</strong></span> <span class='ocrx_word' id='word_1_748' title='bbox 1999 3748 2125 3818; x_wconf 86' lang='lat' dir='ltr'><strong>quia</strong></span> <span class='ocrx_word' id='word_1_749' title='bbox 2153 3764 2184 3802; x_wconf 89' lang='lat' dir='ltr'><strong>a</strong></span> <span class='ocrx_word' id='word_1_750' title='bbox 2210 3758 2303 3818; x_wconf 70' lang='lat' dir='ltr'><strong>tuo</strong></span> <span class='ocrx_word' id='word_1_751' title='bbox 2331 3749 2468 3805; x_wconf 87' lang='lat' dir='ltr'><strong>Filio</strong></span> <span class='ocrx_word' id='word_1_752' title='bbox 2489 3749 2705 3806; x_wconf 87' lang='lat' dir='ltr'><strong>Christo</strong></span> <span class='ocrx_word' id='word_1_753' title='bbox 2726 3751 3016 3809; x_wconf 88' lang='lat' dir='ltr'><strong>Christiani</strong></span> <span class='ocrx_word' id='word_1_754' title='bbox 3054 3756 3304 3822; x_wconf 91' lang='lat' dir='ltr'><strong>dicimur,</strong></span> <span class='ocrx_word' id='word_1_755' title='bbox 3331 3758 3437 3812; x_wconf 86' lang='lat' dir='ltr'><strong>sic-</strong></span> 
     </span>
    </p>
   </div>
   <div class='ocr_carea' id='block_1_99' title="bbox 1857 3838 3440 3913">
    <p class='ocr_par' dir='ltr' id='par_1_99' title="bbox 1857 3838 3440 3913">
     <span class='ocr_line' id='line_1_99' title="bbox 1857 3838 3440 3913; baseline 0.005 -20"><span class='ocrx_word' id='word_1_756' title='bbox 1857 3847 1919 3893; x_wconf 90' lang='lat' dir='ltr'><strong>ut</strong></span> <span class='ocrx_word' id='word_1_757' title='bbox 1960 3838 2034 3893; x_wconf 90' lang='lat' dir='ltr'><strong>tui</strong></span> <span class='ocrx_word' id='word_1_758' title='bbox 2075 3854 2262 3895; x_wconf 92' lang='lat' dir='ltr'><strong>sumus</strong></span> <span class='ocrx_word' id='word_1_759' title='bbox 2302 3856 2400 3910; x_wconf 88' lang='lat' dir='ltr'><strong>per</strong></span> <span class='ocrx_word' id='word_1_760' title='bbox 2441 3856 2606 3911; x_wconf 89' lang='lat' dir='ltr'><strong>opera</strong></span> <span class='ocrx_word' id='word_1_761' title='bbox 2631 3842 2792 3907; x_wconf 88' lang='lat' dir='ltr'><strong>bona,</strong></span> <span class='ocrx_word' id='word_1_762' title='bbox 2820 3852 2881 3898; x_wconf 88' lang='lat' dir='ltr'><strong>ut</strong></span> <span class='ocrx_word' id='word_1_763' title='bbox 2913 3845 3153 3913; x_wconf 84' lang='lat' dir='ltr'><strong>digneris</strong></span> <span class='ocrx_word' id='word_1_764' title='bbox 3191 3847 3440 3902; x_wconf 88' lang='lat' dir='ltr'><strong>habitare</strong></span> 
     </span>
    </p>
   </div>
   <div class='ocr_carea' id='block_1_100' title="bbox 1855 3928 3433 4006">
    <p class='ocr_par' dir='ltr' id='par_1_100' title="bbox 1855 3928 3433 4006">
     <span class='ocr_line' id='line_1_100' title="bbox 1855 3928 3433 4006; baseline 0.007 -24"><span class='ocrx_word' id='word_1_765' title='bbox 1855 3928 1911 3985; x_wconf 89' lang='lat' dir='ltr'><strong>in</strong></span> <span class='ocrx_word' id='word_1_766' title='bbox 1972 3929 2228 3985; x_wconf 88' lang='lat' dir='ltr'><strong>cordibus</strong></span> <span class='ocrx_word' id='word_1_767' title='bbox 2283 3932 2504 3986; x_wconf 89' lang='lat' dir='ltr'><strong>nostris.</strong></span> <span class='ocrx_word' id='word_1_768' title='bbox 2573 3932 2831 3988; x_wconf 83' lang='lat' dir='ltr'><strong>Adveniat</strong></span> <span class='ocrx_word' id='word_1_769' title='bbox 2882 3952 3096 4006; x_wconf 88' lang='lat' dir='ltr'><strong>regnum</strong></span> <span class='ocrx_word' id='word_1_770' title='bbox 3137 3947 3305 3992; x_wconf 87' lang='lat' dir='ltr'><strong>tuum.</strong></span> <span class='ocrx_word' id='word_1_771' title='bbox 3366 3940 3433 3995; x_wconf 89' lang='lat' dir='ltr'><strong>Ut</strong></span> 
     </span>
    </p>
   </div>
   <div class='ocr_carea' id='block_1_101' title="bbox 1851 4016 3434 4098">
    <p class='ocr_par' dir='ltr' id='par_1_101' title="bbox 1851 4016 3434 4098">
     <span class='ocr_line' id='line_1_101' title="bbox 1851 4016 3434 4098; baseline 0.008 -25"><span class='ocrx_word' id='word_1_772' title='bbox 1851 4019 2029 4074; x_wconf 91' lang='lat' dir='ltr'><strong>omnis</strong></span> <span class='ocrx_word' id='word_1_773' title='bbox 2058 4016 2289 4077; x_wconf 70' lang='lat' dir='ltr'><strong>mun’dus</strong></span> <span class='ocrx_word' id='word_1_774' title='bbox 2320 4032 2370 4076; x_wconf 89' lang='lat' dir='ltr'><strong>tc</strong></span> <span class='ocrx_word' id='word_1_775' title='bbox 2410 4034 2721 4093; x_wconf 83' lang='lat' dir='ltr'><strong>cognoscat,</strong></span> <span class='ocrx_word' id='word_1_776' title='bbox 2754 4034 2811 4081; x_wconf 90' lang='lat' dir='ltr'><strong>et</strong></span> <span class='ocrx_word' id='word_1_777' title='bbox 2839 4035 2891 4080; x_wconf 93' lang='lat' dir='ltr'><strong>tu</strong></span> <span class='ocrx_word' id='word_1_778' title='bbox 2937 4043 3128 4097; x_wconf 85' lang='lat' dir='ltr'><strong>regnes</strong></span> <span class='ocrx_word' id='word_1_779' title='bbox 3165 4029 3220 4084; x_wconf 93' lang='lat' dir='ltr'><strong>in</strong></span> <span class='ocrx_word' id='word_1_780' title='bbox 3259 4032 3434 4098; x_wconf 89' lang='lat' dir='ltr'><strong>nobis,</strong></span> 
     </span>
    </p>
   </div>
   <div class='ocr_carea' id='block_1_102' title="bbox 1854 4113 3435 4188">
    <p class='ocr_par' dir='ltr' id='par_1_102' title="bbox 1854 4113 3435 4188">
     <span class='ocr_line' id='line_1_102' title="bbox 1854 4113 3435 4188; baseline 0.009 -25"><span class='ocrx_word' id='word_1_781' title='bbox 1854 4124 2046 4181; x_wconf 86' lang='lat' dir='ltr'><strong>regens</strong></span> <span class='ocrx_word' id='word_1_782' title='bbox 2075 4119 2130 4165; x_wconf 90' lang='lat' dir='ltr'><strong>et</strong></span> <span class='ocrx_word' id='word_1_783' title='bbox 2163 4113 2472 4181; x_wconf 85' lang='lat' dir='ltr'><strong>gubernans</strong></span> <span class='ocrx_word' id='word_1_784' title='bbox 2519 4130 2619 4169; x_wconf 91' lang='lat' dir='ltr'><strong>nos</strong></span> <span class='ocrx_word' id='word_1_785' title='bbox 2644 4131 2814 4185; x_wconf 89' lang='lat' dir='ltr'><strong>usque</strong></span> <span class='ocrx_word' id='word_1_786' title='bbox 2857 4116 2910 4172; x_wconf 93' lang='lat' dir='ltr'><strong>in</strong></span> <span class='ocrx_word' id='word_1_787' title='bbox 2959 4119 3123 4173; x_wconf 90' lang='lat' dir='ltr'><strong>vitam</strong></span> <span class='ocrx_word' id='word_1_788' title='bbox 3151 4129 3435 4188; x_wconf 76' lang='lat' dir='ltr'><strong>teternam,</strong></span> 
     </span>
    </p>
   </div>
   <div class='ocr_carea' id='block_1_103' title="bbox 1854 4204 3431 4276">
    <p class='ocr_par' dir='ltr' id='par_1_103' title="bbox 1854 4204 3431 4276">
     <span class='ocr_line' id='line_1_103' title="bbox 1854 4204 3431 4276; baseline 0.008 -19"><span class='ocrx_word' id='word_1_789' title='bbox 1854 4204 2270 4268; x_wconf 71' lang='lat' dir='ltr'><strong>non,diabolus,</strong></span> <span class='ocrx_word' id='word_1_790' title='bbox 2309 4206 2461 4276; x_wconf 89' lang='lat' dir='ltr'><strong>cujus</strong></span> <span class='ocrx_word' id='word_1_791' title='bbox 2503 4208 2826 4265; x_wconf 90' lang='lat' dir='ltr'><strong>conditionis</strong></span> <span class='ocrx_word' id='word_1_792' title='bbox 2887 4227 2994 4267; x_wconf 92' lang='lat' dir='ltr'><strong>non</strong></span> <span class='ocrx_word' id='word_1_793' title='bbox 3046 4228 3252 4269; x_wconf 91' lang='lat' dir='ltr'><strong>sumus.</strong></span> <span class='ocrx_word' id='word_1_794' title='bbox 3306 4213 3431 4270; x_wconf 85' lang='lat' dir='ltr'><strong>Fiat</strong></span> 
     </span>
    </p>
   </div>
   <div class='ocr_carea' id='block_1_104' title="bbox 1824 4290 3436 4376">
    <p class='ocr_par' dir='ltr' id='par_1_104' title="bbox 1824 4290 3436 4376">
     <span class='ocr_line' id='line_1_104' title="bbox 1824 4290 3436 4376; baseline 0.009 -26"><span class='ocrx_word' id='word_1_795' title='bbox 1824 4290 2090 4351; x_wconf 38' lang='lat' dir='ltr'><strong>‘voluntas</strong></span> <span class='ocrx_word' id='word_1_796' title='bbox 2143 4307 2256 4362; x_wconf 88' lang='lat' dir='ltr'><strong>tua,</strong></span> <span class='ocrx_word' id='word_1_797' title='bbox 2284 4300 2418 4352; x_wconf 86' lang='lat' dir='ltr'><strong>sicut</strong></span> <span class='ocrx_word' id='word_1_798' title='bbox 2470 4300 2526 4353; x_wconf 88' lang='lat' dir='ltr'><strong>in</strong></span> <span class='ocrx_word' id='word_1_799' title='bbox 2567 4300 2691 4355; x_wconf 84' lang='lat' dir='ltr'><strong>caelo</strong></span> <span class='ocrx_word' id='word_1_800' title='bbox 2719 4312 2767 4355; x_wconf 92' lang='lat' dir='ltr'><strong>et</strong></span> <span class='ocrx_word' id='word_1_801' title='bbox 2795 4303 3036 4358; x_wconf 89' lang='lat' dir='ltr'><strong>interra.</strong></span> <span class='ocrx_word' id='word_1_802' title='bbox 3068 4305 3133 4360; x_wconf 88' lang='lat' dir='ltr'><strong>Ut</strong></span> <span class='ocrx_word' id='word_1_803' title='bbox 3167 4310 3436 4376; x_wconf 89' lang='lat' dir='ltr'><strong>quomodo</strong></span> 
     </span>
    </p>
   </div>
   <div class='ocr_carea' id='block_1_105' title="bbox 1854 4388 3435 4461">
    <p class='ocr_par' dir='ltr' id='par_1_105' title="bbox 1854 4388 3435 4461">
     <span class='ocr_line' id='line_1_105' title="bbox 1854 4388 3435 4461; baseline 0.009 -18"><span class='ocrx_word' id='word_1_804' title='bbox 1854 4388 1949 4443; x_wconf 93' lang='lat' dir='ltr'><strong>tibi</strong></span> <span class='ocrx_word' id='word_1_805' title='bbox 1980 4390 2150 4460; x_wconf 84' lang='lat' dir='ltr'><strong>angeli</strong></span> <span class='ocrx_word' id='word_1_806' title='bbox 2179 4390 2299 4445; x_wconf 90' lang='lat' dir='ltr'><strong>sine</strong></span> <span class='ocrx_word' id='word_1_807' title='bbox 2342 4391 2497 4461; x_wconf 89' lang='lat' dir='ltr'><strong>culpa</strong></span> <span class='ocrx_word' id='word_1_808' title='bbox 2538 4393 2781 4449; x_wconf 80' lang='lat' dir='ltr'><strong>serviunt</strong></span> <span class='ocrx_word' id='word_1_809' title='bbox 2810 4395 2863 4449; x_wconf 92' lang='lat' dir='ltr'><strong>in</strong></span> <span class='ocrx_word' id='word_1_810' title='bbox 2904 4396 3077 4461; x_wconf 65' lang='lat' dir='ltr'><strong>caelis,</strong></span> <span class='ocrx_word' id='word_1_811' title='bbox 3123 4399 3197 4454; x_wconf 86' lang='lat' dir='ltr'><strong>ita</strong></span> <span class='ocrx_word' id='word_1_812' title='bbox 3233 4409 3290 4455; x_wconf 86' lang='lat' dir='ltr'><strong>et</strong></span> <span class='ocrx_word' id='word_1_813' title='bbox 3336 4416 3435 4457; x_wconf 90' lang='lat' dir='ltr'><strong>nos</strong></span> 
     </span>
    </p>
   </div>
   <div class='ocr_carea' id='block_1_106' title="bbox 1855 4480 3436 4559">
    <p class='ocr_par' dir='ltr' id='par_1_106' title="bbox 1855 4480 3436 4559">
     <span class='ocr_line' id='line_1_106' title="bbox 1855 4480 3436 4559; baseline 0.01 -27"><span class='ocrx_word' id='word_1_814' title='bbox 1855 4480 2156 4535; x_wconf 87' lang='lat' dir='ltr'><strong>serviamus</strong></span> <span class='ocrx_word' id='word_1_815' title='bbox 2186 4480 2240 4534; x_wconf 92' lang='lat' dir='ltr'><strong>in</strong></span> <span class='ocrx_word' id='word_1_816' title='bbox 2270 4490 2431 4537; x_wconf 90' lang='lat' dir='ltr'><strong>terra.</strong></span> <span class='ocrx_word' id='word_1_817' title='bbox 2464 4481 2666 4538; x_wconf 78' lang='lat' dir='ltr'><strong>Panem</strong></span> <span class='ocrx_word' id='word_1_818' title='bbox 2700 4497 2934 4540; x_wconf 87' lang='lat' dir='ltr'><strong>nostrum</strong></span> <span class='ocrx_word' id='word_1_819' title='bbox 2963 4490 3327 4559; x_wconf 87' lang='lat' dir='ltr'><strong>quotidianum</strong></span> <span class='ocrx_word' id='word_1_820' title='bbox 3364 4494 3436 4548; x_wconf 88' lang='lat' dir='ltr'><strong>da</strong></span> 
     </span>
    </p>
   </div>
   <div class='ocr_carea' id='block_1_107' title="bbox 1857 4569 3436 4652">
    <p class='ocr_par' dir='ltr' id='par_1_107' title="bbox 1857 4569 3436 4652">
     <span class='ocr_line' id='line_1_107' title="bbox 1857 4569 3436 4652; baseline 0.011 -30"><span class='ocrx_word' id='word_1_821' title='bbox 1857 4569 2004 4623; x_wconf 88' lang='lat' dir='ltr'><strong>nobis</strong></span> <span class='ocrx_word' id='word_1_822' title='bbox 2023 4570 2195 4625; x_wconf 80' lang='lat' dir='ltr'><strong>hodie.</strong></span> <span class='ocrx_word' id='word_1_823' title='bbox 2230 4570 2347 4626; x_wconf 91' lang='lat' dir='ltr'><strong>Pan</strong></span> <span class='ocrx_word' id='word_1_824' title='bbox 2393 4572 2581 4629; x_wconf 65' lang='lat' dir='ltr'><strong>Cratee</strong></span> <span class='ocrx_word' id='word_1_825' title='bbox 2617 4589 2776 4630; x_wconf 89' lang='lat' dir='ltr'><strong>omne</strong></span> <span class='ocrx_word' id='word_1_826' title='bbox 2798 4577 3011 4644; x_wconf 90' lang='lat' dir='ltr'><strong>dicitur,</strong></span> <span class='ocrx_word' id='word_1_827' title='bbox 3039 4588 3096 4635; x_wconf 92' lang='lat' dir='ltr'><strong>et</strong></span> <span class='ocrx_word' id='word_1_828' title='bbox 3119 4595 3217 4651; x_wconf 86' lang='lat' dir='ltr'><strong>per</strong></span> <span class='ocrx_word' id='word_1_829' title='bbox 3242 4598 3436 4652; x_wconf 89' lang='lat' dir='ltr'><strong>panem</strong></span> 
     </span>
    </p>
   </div>
   <div class='ocr_carea' id='block_1_108' title="bbox 1854 4662 3437 4739">
    <p class='ocr_par' dir='ltr' id='par_1_108' title="bbox 1854 4662 3437 4739">
     <span class='ocr_line' id='line_1_108' title="bbox 1854 4662 3437 4739; baseline 0.011 -26"><span class='ocrx_word' id='word_1_830' title='bbox 1854 4662 2032 4715; x_wconf 88' lang='lat' dir='ltr'><strong>omnis</strong></span> <span class='ocrx_word' id='word_1_831' title='bbox 2059 4662 2711 4736; x_wconf 84' lang='lat' dir='ltr'><strong>substantiaintelligitur</strong></span> <span class='ocrx_word' id='word_1_832' title='bbox 2737 4683 2856 4735; x_wconf 66' lang='lat' dir='ltr'><strong>quae</strong></span> <span class='ocrx_word' id='word_1_833' title='bbox 2885 4671 3126 4739; x_wconf 90' lang='lat' dir='ltr'><strong>quotidie</strong></span> <span class='ocrx_word' id='word_1_834' title='bbox 3162 4672 3316 4727; x_wconf 89' lang='lat' dir='ltr'><strong>nobis</strong></span> <span class='ocrx_word' id='word_1_835' title='bbox 3342 4689 3437 4730; x_wconf 89' lang='lat' dir='ltr'><strong>nc-</strong></span> 
     </span>
    </p>
   </div>
   <div class='ocr_carea' id='block_1_109' title="bbox 1855 4753 3436 4829">
    <p class='ocr_par' dir='ltr' id='par_1_109' title="bbox 1855 4753 3436 4829">
     <span class='ocr_line' id='line_1_109' title="bbox 1855 4753 3436 4829; baseline 0.009 -24"><span class='ocrx_word' id='word_1_836' title='bbox 1855 4753 2092 4807; x_wconf 88' lang='lat' dir='ltr'><strong>cessaria</strong></span> <span class='ocrx_word' id='word_1_837' title='bbox 2123 4764 2225 4819; x_wconf 90' lang='lat' dir='ltr'><strong>est,</strong></span> <span class='ocrx_word' id='word_1_838' title='bbox 2273 4756 2417 4825; x_wconf 89' lang='lat' dir='ltr'><strong>quod</strong></span> <span class='ocrx_word' id='word_1_839' title='bbox 2444 4765 2527 4811; x_wconf 85' lang='lat' dir='ltr'><strong>est</strong></span> <span class='ocrx_word' id='word_1_840' title='bbox 2559 4758 2907 4826; x_wconf 88' lang='lat' dir='ltr'><strong>quotidianus</strong></span> <span class='ocrx_word' id='word_1_841' title='bbox 2928 4761 3102 4829; x_wconf 84' lang='lat' dir='ltr'><strong>panis.</strong></span> <span class='ocrx_word' id='word_1_842' title='bbox 3158 4761 3214 4816; x_wconf 90' lang='lat' dir='ltr'><strong>ln</strong></span> <span class='ocrx_word' id='word_1_843' title='bbox 3245 4763 3436 4820; x_wconf 66' lang='lat' dir='ltr'><strong>Graeco</strong></span> 
     </span>
    </p>
   </div>
   <div class='ocr_carea' id='block_1_110' title="bbox 1853 4846 3438 4921">
    <p class='ocr_par' dir='ltr' id='par_1_110' title="bbox 1853 4846 3438 4921">
     <span class='ocr_line' id='line_1_110' title="bbox 1853 4846 3438 4921; baseline 0.009 -26"><span class='ocrx_word' id='word_1_844' title='bbox 1853 4858 1952 4913; x_wconf 84' lang='lat' dir='ltr'><strong>pro</strong></span> <span class='ocrx_word' id='word_1_845' title='bbox 1973 4846 2285 4914; x_wconf 87' lang='lat' dir='ltr'><strong>quotidiano</strong></span> <span class='ocrx_word' id='word_1_846' title='bbox 2305 4848 2556 4918; x_wconf 86' lang='lat' dir='ltr'><strong>epiusion,</strong></span> <span class='ocrx_word' id='word_1_847' title='bbox 2586 4846 2861 4913; x_wconf 73' lang='grc' dir='ltr'><strong>ἐπιούσιον,</strong></span> <span class='ocrx_word' id='word_1_848' title='bbox 2882 4849 3067 4915; x_wconf 87' lang='lat' dir='ltr'><strong>habet,</strong></span> <span class='ocrx_word' id='word_1_849' title='bbox 3088 4853 3234 4921; x_wconf 88' lang='lat' dir='ltr'><strong>quod</strong></span> <span class='ocrx_word' id='word_1_850' title='bbox 3260 4863 3438 4909; x_wconf 89' lang='lat' dir='ltr'><strong>trans-</strong></span> 
     </span>
    </p>
   </div>
   <div class='ocr_carea' id='block_1_111' title="bbox 1852 4931 3425 5009">
    <p class='ocr_par' dir='ltr' id='par_1_111' title="bbox 1852 4931 3425 5009">
     <span class='ocr_line' id='line_1_111' title="bbox 1852 4931 3425 5009; baseline 0.007 -23"><span class='ocrx_word' id='word_1_851' title='bbox 1852 4931 2026 4988; x_wconf 84' lang='lat' dir='ltr'><strong>fertur</strong></span> <span class='ocrx_word' id='word_1_852' title='bbox 2076 4950 2240 5005; x_wconf 89' lang='lat' dir='ltr'><strong>super</strong></span> <span class='ocrx_word' id='word_1_853' title='bbox 2294 4936 2726 5000; x_wconf 82' lang='lat' dir='ltr'><strong>substantialetn,</strong></span> <span class='ocrx_word' id='word_1_854' title='bbox 2786 4938 2996 4993; x_wconf 90' lang='lat' dir='ltr'><strong>scilicet</strong></span> <span class='ocrx_word' id='word_1_855' title='bbox 3024 4941 3165 5009; x_wconf 89' lang='lat' dir='ltr'><strong>quod</strong></span> <span class='ocrx_word' id='word_1_856' title='bbox 3195 4942 3260 4996; x_wconf 90' lang='lat' dir='ltr'><strong>ad</strong></span> <span class='ocrx_word' id='word_1_857' title='bbox 3291 4945 3425 4997; x_wconf 87' lang='lat' dir='ltr'><strong>sub-</strong></span> 
     </span>
    </p>
   </div>
   <div class='ocr_carea' id='block_1_112' title="bbox 1863 5025 3430 5092">
    <p class='ocr_par' dir='ltr' id='par_1_112' title="bbox 1863 5025 3430 5092">
     <span class='ocr_line' id='line_1_112' title="bbox 1863 5025 3430 5092; baseline 0.006 -15"><span class='ocrx_word' id='word_1_858' title='bbox 1863 5025 2116 5086; x_wconf 80' lang='lat' dir='ltr'><strong>stantiam</strong></span> <span class='ocrx_word' id='word_1_859' title='bbox 2141 5034 2381 5081; x_wconf 87' lang='lat' dir='ltr'><strong>nostram</strong></span> <span class='ocrx_word' id='word_1_860' title='bbox 2411 5026 2623 5092; x_wconf 89' lang='lat' dir='ltr'><strong>attinet,</strong></span> <span class='ocrx_word' id='word_1_861' title='bbox 2657 5026 2709 5080; x_wconf 91' lang='lat' dir='ltr'><strong>id</strong></span> <span class='ocrx_word' id='word_1_862' title='bbox 2736 5034 2819 5082; x_wconf 90' lang='lat' dir='ltr'><strong>est</strong></span> <span class='ocrx_word' id='word_1_863' title='bbox 2846 5028 3043 5083; x_wconf 90' lang='lat' dir='ltr'><strong>victum</strong></span> <span class='ocrx_word' id='word_1_864' title='bbox 3071 5038 3126 5084; x_wconf 92' lang='lat' dir='ltr'><strong>et</strong></span> <span class='ocrx_word' id='word_1_865' title='bbox 3152 5034 3430 5087; x_wconf 87' lang='lat' dir='ltr'><strong>vestitum.</strong></span> 
     </span>
    </p>
   </div>
   <div class='ocr_carea' id='block_1_113' title="bbox 1860 5117 3432 5180">
    <p class='ocr_par' dir='ltr' id='par_1_113' title="bbox 1860 5117 3432 5180">
     <span class='ocr_line' id='line_1_113' title="bbox 1860 5117 3432 5180; baseline 0.004 -8"><span class='ocrx_word' id='word_1_866' title='bbox 1860 5118 1944 5172; x_wconf 88' lang='lat' dir='ltr'><strong>Da</strong></span> <span class='ocrx_word' id='word_1_867' title='bbox 1978 5119 2125 5172; x_wconf 82' lang='lat' dir='ltr'><strong>nobis</strong></span> <span class='ocrx_word' id='word_1_868' title='bbox 2172 5118 2344 5172; x_wconf 84' lang='lat' dir='ltr'><strong>hodie.</strong></span> <span class='ocrx_word' id='word_1_869' title='bbox 2399 5117 2478 5171; x_wconf 90' lang='lat' dir='ltr'><strong>Tu</strong></span> <span class='ocrx_word' id='word_1_870' title='bbox 2507 5133 2567 5172; x_wconf 81' lang='lat' dir='ltr'><strong>es</strong></span> <span class='ocrx_word' id='word_1_871' title='bbox 2610 5127 2825 5173; x_wconf 85' lang='lat' dir='ltr'><strong>creator</strong></span> <span class='ocrx_word' id='word_1_872' title='bbox 2855 5129 2912 5175; x_wconf 94' lang='lat' dir='ltr'><strong>ct</strong></span> <span class='ocrx_word' id='word_1_873' title='bbox 2936 5120 3196 5176; x_wconf 86' lang='lat' dir='ltr'><strong>Dominus</strong></span> <span class='ocrx_word' id='word_1_874' title='bbox 3221 5131 3432 5180; x_wconf 81' lang='lat' dir='ltr'><strong>noster.</strong></span> 
     </span>
    </p>
   </div>
   <div class='ocr_carea' id='block_1_114' title="bbox 1861 5210 3437 5281">
    <p class='ocr_par' dir='ltr' id='par_1_114' title="bbox 1861 5210 3437 5281">
     <span class='ocr_line' id='line_1_114' title="bbox 1861 5210 3437 5281; baseline 0.003 -15"><span class='ocrx_word' id='word_1_875' title='bbox 1861 5210 1959 5267; x_wconf 85' lang='lat' dir='ltr'><strong>Vel</strong></span> <span class='ocrx_word' id='word_1_876' title='bbox 2009 5226 2204 5281; x_wconf 89' lang='lat' dir='ltr'><strong>panem</strong></span> <span class='ocrx_word' id='word_1_877' title='bbox 2230 5210 2533 5280; x_wconf 78' lang='lat' dir='ltr'><strong>spiritalem</strong></span> <span class='ocrx_word' id='word_1_878' title='bbox 2564 5226 2729 5265; x_wconf 90' lang='lat' dir='ltr'><strong>unum</strong></span> <span class='ocrx_word' id='word_1_879' title='bbox 2772 5214 2967 5268; x_wconf 72' lang='lat' dir='ltr'><strong>anima:</strong></span> <span class='ocrx_word' id='word_1_880' title='bbox 3002 5221 3201 5268; x_wconf 62' lang='lat' dir='ltr'><strong>nostra:</strong></span> <span class='ocrx_word' id='word_1_881' title='bbox 3232 5214 3437 5270; x_wconf 86' lang='lat' dir='ltr'><strong>satien-</strong></span> 
     </span>
    </p>
   </div>
   <div class='ocr_carea' id='block_1_115' title="bbox 1862 5303 3438 5385">
    <p class='ocr_par' dir='ltr' id='par_1_115' title="bbox 1862 5303 3438 5385">
     <span class='ocr_line' id='line_1_115' title="bbox 1862 5303 3438 5385; baseline 0.002 -27"><span class='ocrx_word' id='word_1_882' title='bbox 1862 5312 1973 5367; x_wconf 88' lang='lat' dir='ltr'><strong>tur,</strong></span> <span class='ocrx_word' id='word_1_883' title='bbox 2005 5303 2090 5358; x_wconf 90' lang='lat' dir='ltr'><strong>vel</strong></span> <span class='ocrx_word' id='word_1_884' title='bbox 2138 5303 2301 5358; x_wconf 88' lang='lat' dir='ltr'><strong>etiam</strong></span> <span class='ocrx_word' id='word_1_885' title='bbox 2329 5317 2527 5372; x_wconf 88' lang='lat' dir='ltr'><strong>corpus</strong></span> <span class='ocrx_word' id='word_1_886' title='bbox 2552 5310 2606 5357; x_wconf 92' lang='lat' dir='ltr'><strong>et</strong></span> <span class='ocrx_word' id='word_1_887' title='bbox 2633 5304 2947 5373; x_wconf 84' lang='lat' dir='ltr'><strong>sanguinem</strong></span> <span class='ocrx_word' id='word_1_888' title='bbox 2976 5313 3122 5385; x_wconf 88' lang='lat' dir='ltr'><strong>tuum</strong></span> <span class='ocrx_word' id='word_1_889' title='bbox 3159 5304 3227 5359; x_wconf 89' lang='lat' dir='ltr'><strong>da</strong></span> <span class='ocrx_word' id='word_1_890' title='bbox 3280 5305 3438 5363; x_wconf 91' lang='lat' dir='ltr'><strong>nobis</strong></span> 
     </span>
    </p>
   </div>
   <div class='ocr_carea' id='block_1_116' title="bbox 1862 5393 3437 5467">
    <p class='ocr_par' dir='ltr' id='par_1_116' title="bbox 1862 5393 3437 5467">
     <span class='ocr_line' id='line_1_116' title="bbox 1862 5393 3437 5467; baseline 0.001 -18"><span class='ocrx_word' id='word_1_891' title='bbox 1862 5396 2019 5467; x_wconf 89' lang='lat' dir='ltr'><strong>digne</strong></span> <span class='ocrx_word' id='word_1_892' title='bbox 2050 5396 2330 5465; x_wconf 89' lang='lat' dir='ltr'><strong>percipere</strong></span> <span class='ocrx_word' id='word_1_893' title='bbox 2382 5393 2563 5459; x_wconf 89' lang='lat' dir='ltr'><strong>hodie,</strong></span> <span class='ocrx_word' id='word_1_894' title='bbox 2602 5393 2655 5448; x_wconf 91' lang='lat' dir='ltr'><strong>id</strong></span> <span class='ocrx_word' id='word_1_895' title='bbox 2696 5402 2782 5449; x_wconf 89' lang='lat' dir='ltr'><strong>est</strong></span> <span class='ocrx_word' id='word_1_896' title='bbox 2833 5410 3064 5463; x_wconf 86' lang='lat' dir='ltr'><strong>semper.</strong></span> <span class='ocrx_word' id='word_1_897' title='bbox 3114 5394 3182 5449; x_wconf 85' lang='lat' dir='ltr'><strong>Et</strong></span> <span class='ocrx_word' id='word_1_898' title='bbox 3235 5396 3437 5452; x_wconf 85' lang='lat' dir='ltr'><strong>dimitte</strong></span> 
     </span>
    </p>
   </div>
   <div class='ocr_carea' id='block_1_117' title="bbox 1862 5484 3440 5550">
    <p class='ocr_par' dir='ltr' id='par_1_117' title="bbox 1862 5484 3440 5550">
     <span class='ocr_line' id='line_1_117' title="bbox 1862 5484 3440 5550; baseline -0.002 -7"><span class='ocrx_word' id='word_1_899' title='bbox 1862 5488 2008 5543; x_wconf 89' lang='lat' dir='ltr'><strong>nobis</strong></span> <span class='ocrx_word' id='word_1_900' title='bbox 2034 5487 2208 5540; x_wconf 88' lang='lat' dir='ltr'><strong>debita</strong></span> <span class='ocrx_word' id='word_1_901' title='bbox 2252 5494 2450 5550; x_wconf 86' lang='lat' dir='ltr'><strong>nostra,</strong></span> <span class='ocrx_word' id='word_1_902' title='bbox 2488 5484 2622 5538; x_wconf 84' lang='lat' dir='ltr'><strong>sicut</strong></span> <span class='ocrx_word' id='word_1_903' title='bbox 2654 5494 2701 5538; x_wconf 89' lang='lat' dir='ltr'><strong>et</strong></span> <span class='ocrx_word' id='word_1_904' title='bbox 2733 5499 2825 5539; x_wconf 83' lang='lat' dir='ltr'><strong>nos</strong></span> <span class='ocrx_word' id='word_1_905' title='bbox 2850 5485 3161 5539; x_wconf 85' lang='lat' dir='ltr'><strong>dimittimus</strong></span> <span class='ocrx_word' id='word_1_906' title='bbox 3189 5486 3440 5541; x_wconf 88' lang='lat' dir='ltr'><strong>debitori-</strong></span> 
     </span>
    </p>
   </div>
   <div class='ocr_carea' id='block_1_118' title="bbox 1862 5576 3441 5647">
    <p class='ocr_par' dir='ltr' id='par_1_118' title="bbox 1862 5576 3441 5647">
     <span class='ocr_line' id='line_1_118' title="bbox 1862 5576 3441 5647; baseline -0.002 -13"><span class='ocrx_word' id='word_1_907' title='bbox 1862 5581 1956 5634; x_wconf 88' lang='lat' dir='ltr'><strong>bus</strong></span> <span class='ocrx_word' id='word_1_908' title='bbox 1994 5578 2206 5633; x_wconf 84' lang='lat' dir='ltr'><strong>nostris.</strong></span> <span class='ocrx_word' id='word_1_909' title='bbox 2232 5576 2574 5646; x_wconf 66' lang='lat' dir='ltr'><strong>Quaecunque</strong></span> <span class='ocrx_word' id='word_1_910' title='bbox 2618 5591 2746 5645; x_wconf 87' lang='lat' dir='ltr'><strong>erga</strong></span> <span class='ocrx_word' id='word_1_911' title='bbox 2779 5585 2831 5629; x_wconf 87' lang='lat' dir='ltr'><strong>te</strong></span> <span class='ocrx_word' id='word_1_912' title='bbox 2873 5590 2971 5644; x_wconf 90' lang='lat' dir='ltr'><strong>pro</strong></span> <span class='ocrx_word' id='word_1_913' title='bbox 2999 5576 3178 5631; x_wconf 89' lang='lat' dir='ltr'><strong>carnis</strong></span> <span class='ocrx_word' id='word_1_914' title='bbox 3234 5576 3441 5647; x_wconf 84' lang='lat' dir='ltr'><strong>fragili-</strong></span> 
     </span>
    </p>
   </div>
   <div class='ocr_carea' id='block_1_119' title="bbox 1862 5666 3436 5734">
    <p class='ocr_par' dir='ltr' id='par_1_119' title="bbox 1862 5666 3436 5734">
     <span class='ocr_line' id='line_1_119' title="bbox 1862 5666 3436 5734; baseline -0.002 -8"><span class='ocrx_word' id='word_1_915' title='bbox 1862 5680 1991 5733; x_wconf 88' lang='lat' dir='ltr'><strong>tate,</strong></span> <span class='ocrx_word' id='word_1_916' title='bbox 2035 5670 2150 5726; x_wconf 88' lang='lat' dir='ltr'><strong>sive</strong></span> <span class='ocrx_word' id='word_1_917' title='bbox 2198 5668 2460 5723; x_wconf 87' lang='lat' dir='ltr'><strong>suadente</strong></span> <span class='ocrx_word' id='word_1_918' title='bbox 2518 5666 2751 5730; x_wconf 90' lang='lat' dir='ltr'><strong>diabolo,</strong></span> <span class='ocrx_word' id='word_1_919' title='bbox 2790 5667 3183 5734; x_wconf 85' lang='lat' dir='ltr'><strong>commisimus,</strong></span> <span class='ocrx_word' id='word_1_920' title='bbox 3234 5669 3436 5732; x_wconf 77' lang='lat' dir='ltr'><strong>relaxa,</strong></span> 
     </span>
    </p>
   </div>
   <div class='ocr_carea' id='block_1_120' title="bbox 1865 5758 3441 5829">
    <p class='ocr_par' dir='ltr' id='par_1_120' title="bbox 1865 5758 3441 5829">
     <span class='ocr_line' id='line_1_120' title="bbox 1865 5758 3441 5829; baseline -0.002 -13"><span class='ocrx_word' id='word_1_921' title='bbox 1865 5772 1919 5820; x_wconf 90' lang='lat' dir='ltr'><strong>ut</strong></span> <span class='ocrx_word' id='word_1_922' title='bbox 1940 5778 2051 5822; x_wconf 84' lang='lat' dir='ltr'><strong>non</strong></span> <span class='ocrx_word' id='word_1_923' title='bbox 2096 5760 2313 5815; x_wconf 89' lang='lat' dir='ltr'><strong>veniant</strong></span> <span class='ocrx_word' id='word_1_924' title='bbox 2339 5774 2501 5829; x_wconf 86' lang='lat' dir='ltr'><strong>super</strong></span> <span class='ocrx_word' id='word_1_925' title='bbox 2532 5774 2629 5813; x_wconf 88' lang='lat' dir='ltr'><strong>nos</strong></span> <span class='ocrx_word' id='word_1_926' title='bbox 2650 5772 2820 5827; x_wconf 67' lang='lat' dir='ltr'><strong>ptINllB</strong></span> <span class='ocrx_word' id='word_1_927' title='bbox 2850 5758 3064 5824; x_wconf 81' lang='lat' dir='ltr'><strong>debitae,</strong></span> <span class='ocrx_word' id='word_1_928' title='bbox 3095 5774 3214 5829; x_wconf 74' lang='lat' dir='ltr'><strong>qua:</strong></span> <span class='ocrx_word' id='word_1_929' title='bbox 3241 5760 3441 5819; x_wconf 84' lang='lat' dir='ltr'><strong>deben-</strong></span> 
     </span>
    </p>
   </div>
  </div>
