3976 6180
523 371 662 430 1515

1314 368 1694 428 CHRISTIANI
1730 367 2146 427 DRUTHMARI
2182 366 2632 426 CORBEIENSIS
2674 365 2979 425 MONAClll

3668 370 3793 425 5516

518 495 609 543 tur
653 482 1183 555 prtevaricatoribus,
1221 483 1349 553 quia
1388 492 1443 539 et
1480 498 1581 540 nos
1615 486 1912 540 secundum
1950 493 2102 539 tuum
2130 488 2182 548 Α
2209 483 2521 538 thesaurum
2551 491 2797 536 nostrum
2822 478 3111 544 faciamus,
3165 494 3262 548 pro
3299 494 3406 548 quo
3457 479 3508 533 in
3538 490 3793 541 mtcrnam

517 582 843 649 praeceptum
871 574 1194 630 dimittimus
1221 574 1308 629 his
1327 576 1419 645 qui
1449 576 1504 632 in
1533 591 1633 631 nos
1658 583 1908 647 peccant.
1947 575 2012 628 Et
2037 592 2100 629 ne

516 686 612 724 nos
630 668 851 721 inducas
875 669 932 721 in
969 668 1326 722 tentationem.
1362 667 1478 726 Non
1508 684 1607 723 nos
1642 669 1930 738 permittas
1967 669 2104 723 inci-

516 761 646 815 dere
665 760 718 813 in
745 758 979 828 aliquam
1009 759 1379 825 tentationem,
1408 774 1530 829 quae
1576 760 1767 815 nociva
1794 760 1864 814 sit
1890 760 1957 815 ad
1984 775 2103 815 cor-

514 868 616 923 pus
643 860 735 906 aut
756 853 823 907 ad
838 852 1099 916 animam,
1116 851 1242 920 quia
1268 860 1323 905 tu
1338 860 1528 921 potens
1555 866 1615 907 es
1652 866 1751 906 nos
1769 851 2021 917 liberare,
2048 860 2103 907 et

516 957 622 996 non
652 943 810 996 aliter
839 943 1052 997 inducis
1077 942 1181 996 nisi
1216 942 1341 1010 quia
1377 958 1475 996 nos
1510 941 1730 997 liberas.
1795 940 1902 996 Sed
1931 942 2100 997 libera

515 1050 608 1087 nos
630 1051 660 1087 a
688 1032 846 1087 malo.
872 1034 985 1087 Hoc
1007 1048 1085 1087 est
1107 1042 1161 1087 ct
1196 1049 1226 1087 a
1271 1035 1413 1089 malo
1440 1036 1723 1103 pnesentis
1759 1035 1963 1098 saeculi,
1992 1044 2045 1089 et
2067 1051 2097 1089 a

513 1124 697 1179 futuro
727 1134 782 1179 et
810 1134 1089 1193 perpetuo.
1126 1125 1262 1179 Ecce
1315 1132 1521 1195 septem
1552 1126 1840 1195 petitiones
1890 1127 1942 1180 in
1982 1128 2099 1196 qui—

517 1218 620 1271 bus
641 1218 1032 1286 comprehensa
1071 1227 1198 1271 sunt
1247 1218 1426 1271 omnia
1461 1233 1581 1287 quas
1604 1219 1761 1273 nobis
1787 1220 2095 1274 necessaria

520 1317 670 1370 sunt,
693 1317 748 1361 et
776 1307 1028 1377 praesenti
1062 1307 1258 1362 saeculo
1283 1316 1338 1362 et
1365 1309 1417 1362 in
1442 1306 1863 1380 futuro.f0ctava
1886 1325 2098 1378 quoque

512 1397 689 1451 oratio
736 1396 789 1450 in
838 1396 944 1451 fine
1000 1397 1342 1467 supponitur,
1392 1398 1577 1452 Amen.
1630 1399 1783 1465 Quod
1833 1400 2099 1470 signiﬁcat

512 1508 708 1554 rerum,
746 1499 804 1544 ut
852 1507 981 1546 vera
1021 1491 1151 1546 fiant
1199 1492 1381 1546 omnia
1430 1507 1548 1561 qum
1597 1493 1846 1562 superius
1887 1495 2094 1563 precati

511 1598 716 1636 smnus.
769 1581 975 1636 Debent
1022 1590 1203 1636 autem
1244 1584 1518 1637 custodire
1552 1599 1742 1638 omnes
1788 1586 2096 1656 quicunque

515 1675 653 1727 hanc
672 1673 974 1727 orationem
1002 1673 1281 1728 oraverint
1321 1693 1333 1727 :
1364 1684 1424 1728 ut
1457 1675 1765 1731 custodiant
1805 1691 1861 1730 se
1887 1676 1956 1730 ab
1985 1692 2099 1731 om-

512 1766 565 1819 ni
599 1766 699 1829 ira,
752 1773 812 1819 ut
858 1767 1129 1820 veraciter
1170 1765 1353 1821 dicant
1382 1767 1611 1821 Domino
1647 1768 1879 1822 creatori
1934 1765 2096 1823 Pater

2208 575 2438 646 patriam
2478 574 2822 644 recipiamur.
2872 572 2977 627 Per
3008 573 3109 628 tria
3138 582 3320 627 autem
3350 588 3473 643 quae
3508 575 3602 631 hic
3629 581 3794 634 nomi-

2207 674 2429 728 nuntur,
2470 664 2647 719 solent
2699 664 2949 717 amittere
3003 660 3342 730 frequentius
3390 663 3598 720 divites
3644 666 3796 734 hujus

2204 756 2384 810 szeculi
2423 756 2739 811 thesaurum
2764 770 2920 810 suum
2956 773 2968 807 :
3001 769 3101 825 per
3147 755 3446 825 aeruginem
3480 759 3635 827 quod
3673 777 3791 830 pcr-

2205 847 2340 901 tinet
2364 846 2430 900 ad
2470 845 2808 901 metallorum
2841 861 3074 916 genera;
3100 861 3201 915 per
3230 847 3406 903 tineas
3431 848 3791 911 vestimenta;

2203 951 2299 1005 per
2326 936 2471 991 fures
2496 938 2679 992 omnia
2709 953 2830 1005 quae
2866 936 3053 991 haberi
3087 937 3316 1007 possint.
3355 938 3641 1008 Spiritalis
3665 958 3792 1012 quo-

2201 1041 2306 1096 que
2336 1043 2515 1101 aerugo
2562 1036 2645 1081 est
2673 1043 2809 1081 vana
2855 1027 3058 1098 gloria;
3111 1029 3277 1092 tinea,
3337 1032 3586 1097 invidia;
3624 1033 3789 1101 fures,

2201 1094 2490 1179 daemones,
2551 1133 2649 1186 per
2692 1134 2812 1187 qute
2859 1119 3203 1174 Christianus
3251 1122 3427 1188 perdit
3474 1124 3790 1179 thesaurum

2202 1211 2394 1263 anima:
2426 1226 2556 1275 sure,
2584 1210 2688 1266 nisi
2714 1211 2960 1281 vigilanti
2983 1227 3113 1266 cura
3151 1228 3211 1267 se
3257 1214 3609 1268 custodierit.
3667 1216 3791 1271 The-

2200 1304 2464 1356 saurizate
2499 1302 2639 1356 vobis
2660 1304 2932 1357 thesauros
2966 1304 3020 1356 in
3056 1303 3183 1357 caelo
3218 1319 3237 1357 :
3270 1305 3413 1359 sicut
3443 1305 3577 1361 fecit
3605 1308 3792 1365 beatus

2201 1390 2387 1445 Sixtus
2408 1398 2463 1445 et
2491 1391 2764 1447 innumeri
2788 1392 3085 1448 Christiani
3124 1409 3220 1463 per
3247 1410 3441 1451 manus
3463 1412 3787 1467 pauperum.

2199 1482 2331 1550 Quia
2360 1484 2475 1553 ipse
2499 1482 2759 1539 Dominus
2788 1485 2924 1539 dixit
2954 1504 2966 1537 :
2995 1485 3150 1550 Quod
3186 1487 3278 1540 uni
3307 1505 3371 1541 ea:
3406 1489 3644 1544 minimis
3671 1492 3793 1545 meis

2198 1574 2414 1643 fecistis,
2461 1576 2591 1629 mihi
2636 1577 2851 1645 fecistis.
2911 1577 3205 1648 Postquam
3251 1581 3399 1635 enim
3448 1584 3685 1653 pauperi
3715 1585 3794 1640 vel

2198 1664 2342 1719 bono
2380 1666 2585 1721 homini
2614 1666 2668 1720 in
2693 1669 2911 1722 nomine
2940 1668 3154 1724 Domini
3181 1671 3364 1726 datum
3406 1671 3596 1735 fuerit,
3631 1676 3680 1729 is
3700 1680 3788 1745 qui

2198 1756 2347 1811 dedit
2371 1771 2477 1811 non
2511 1766 2686 1826 potest
2711 1758 2941 1826 perdere
2969 1760 3295 1815 mercedem.
3334 1760 3434 1815 Ubi
3462 1774 3538 1816 est
3576 1765 3792 1821 thesau-

508 1866 701 1923 noster,
738 1858 865 1926 quia
904 1857 948 1911 si
980 1872 1086 1911 non
1120 1866 1308 1911 amant
1357 1873 1550 1914 omnes
1578 1858 1936 1923 Christianos,
1988 1876 2093 1915 non
2129 1836 2171 1897 Β
2199 1861 2289 1899 rus
2340 1855 2483 1912 tuus,
2510 1846 2582 1900 ibi
2619 1857 2693 1901 est
2718 1863 2810 1900 cor
2839 1858 3007 1901 tuum.
3041 1847 3117 1902 De
3146 1852 3399 1907 omnibus
3424 1853 3796 1924 voluptatibus

506 1959 634 2004 sunt
662 1959 789 2005 tunc
834 1950 1056 2014 fratres,
1085 1959 1141 2005 et
1171 1950 1259 2004 ille
1293 1951 1384 2020 qui
1420 1951 1654 2021 aliquem
1681 1952 1815 2017 odit,
1850 1952 2010 2007 habet
2039 1968 2095 2007 se

504 2040 733 2108 ejectum
792 2042 857 2096 de
906 2043 1232 2111 paternitate
1270 2043 1504 2097 Domini.
1552 2043 1653 2109 Qui
1682 2043 1849 2097 noluit
1896 2045 2095 2099 habere

504 2131 730 2185 fratrem
754 2132 809 2185 in
838 2132 1130 2187 dilectione
1152 2131 1367 2187 Domini
1386 2141 1439 2186 et
1456 2133 1706 2203 proximi,
1737 2149 1841 2187 non
1872 2134 2094 2188 habebit

503 2221 721 2276 Patrem
771 2221 825 2275 in
858 2222 1107 2277 tuitione.
1142 2220 1404 2277 Similiter
1451 2224 1760 2277 custodiant
1808 2223 1935 2276 illud
1982 2239 2095 2278 ver-

501 2319 631 2367 bum
660 2313 802 2381 quod
830 2314 1110 2382 sequitur:
1141 2312 1356 2369 Dimitte
1386 2315 1534 2369 nobis
1560 2313 1735 2368 debita
1758 2326 1957 2377 nostra,
1991 2316 2093 2369 sic-

503 2415 562 2458 ut
594 2415 644 2459 et
678 2422 770 2459 nos
809 2405 1147 2474 dimittimus,
1207 2415 1266 2462 ut
1311 2423 1418 2463 non
1474 2409 1809 2463 mentiantur
1842 2409 2089 2474 Domino,

501 2509 679 2562 neque
732 2510 790 2549 se
842 2505 1100 2551 accusent
1138 2497 1265 2566 quia
1305 2512 1369 2552 ea
1402 2499 1710 2554 conditione
1749 2499 1849 2554 sibi
1903 2508 2093 2570 petunt

501 2584 722 2648 dimitti,
775 2587 915 2639 sicut
943 2585 1042 2654 ipsi
1081 2586 1409 2642 dimiserunt
1461 2588 1576 2643 suis
1606 2589 1966 2654 debitoribus,
1998 2605 2094 2644 nc-

500 2690 607 2745 que
634 2686 859 2745 possunt
889 2676 1063 2744 ipsum
1097 2676 1321 2731 verbum
1354 2679 1602 2741 reticere,
1636 2678 1763 2749 quia
1791 2679 1837 2733 is
1884 2681 1976 2750 qui
1998 2681 2094 2735 do-

499 2767 612 2822 cuit
631 2767 954 2832 orationem,
988 2783 1097 2822 non
1123 2767 1379 2824 exaudiet
1396 2783 1517 2823 eam
1544 2769 1651 2823 nisi
1669 2769 1747 2823 sic
1766 2769 1930 2825 fuerit
1956 2771 2096 2827 sicut

500 2856 616 2927 ipse
644 2858 976 2926 composuit.
1029 2856 1096 2911 Et
1134 2856 1250 2928 ipse
1302 2857 1486 2912 statim
1525 2857 1805 2927 subjungit
1852 2859 2038 2915 dicens
2074 2875 2089 2913 :

499 2944 559 3001 Si
583 2948 721 3001 enim
759 2948 1066 3002 dimiseritis
1112 2957 1324 3018 peccata
1353 2966 1560 3015 eorum,
1592 2950 1817 3004 dimittet
1857 2961 1906 3005 et
1951 2950 2093 3006 vobis

499 3035 664 3092 Pater
684 3050 848 3094 vester
871 3040 1091 3095 caelestis
1114 3040 1309 3095 delicta
1358 3052 1545 3096 uestra.
1580 3042 1637 3096 In
1689 3051 1959 3112 potestate
1989 3043 2091 3099 ho-

500 3129 707 3185 minum
752 3129 915 3183 habet
963 3129 1276 3195 dimissum,
1327 3139 1388 3185 ut
1414 3132 1461 3185 si
1495 3131 1684 3187 nolunt
1706 3133 1978 3201 imputare
2010 3133 2095 3187 his

2198 1934 2301 1990 hoc
2335 1936 2505 2007 accipi
2531 1945 2730 2007 potest,
2756 1938 2847 1991 ubi
2882 1937 3077 2007 aliquis
3105 1940 3246 1994 ultra
3290 1942 3512 1996 modum
3546 1944 3793 2000 intentus

2196 2038 2296 2082 est.
2352 2027 2538 2083 Gulosi
2586 2030 2875 2083 thesaurus
2934 2030 3077 2085 Deus
3125 2039 3316 2087 venter
3360 2042 3463 2095 est,
3522 2033 3793 2091 luxuriosi

2202 2120 2373 2191 epulae
2427 2130 2577 2185 sunt,
2606 2121 2867 2176 amatoris
2910 2121 3149 2177 libidinis
3187 2123 3428 2194 lascivire
3456 2134 3511 2179 et
3538 2126 3789 2182 ludicra:

2197 2212 2271 2266 illi
2313 2213 2481 2267 servit
2508 2213 2631 2282 quis
2661 2230 2690 2267 a
2741 2227 2848 2282 quo
2896 2212 3153 2268 vincitur.
3182 2211 3423 2268 Lucerna
3446 2218 3690 2286 corporis
3719 2220 3792 2271 tsi

2193 2313 2268 2354 est
2291 2301 2472 2355 oculus
2499 2312 2642 2355 tuus.
2676 2301 2735 2357 Si
2766 2303 2946 2356 oculus
2973 2311 3094 2357 tuus
3122 2303 3283 2373 fuerit
3327 2304 3570 2373 simplex,
3622 2317 3790 2361 totum

2193 2407 2384 2461 corpus
2405 2402 2553 2444 tuum
2586 2391 2819 2446 lucidum
2853 2393 2971 2447 erit.
3012 2393 3285 2465 Allegoria
3315 2406 3397 2451 est
3420 2397 3471 2450 in
3510 2397 3620 2453 hoc
3647 2399 3786 2464 loco,

2194 2481 2339 2535 aliud
2370 2482 2557 2538 volens
2580 2481 2803 2553 intelligi
2835 2499 2995 2554 quam
3025 2485 3081 2539 in
3124 2486 3409 2557 superficie
3445 2499 3630 2544 sonet.
3686 2490 3788 2546 Dat

2193 2573 2501 2643 exemplum
2530 2574 2811 2637 Dominus,
2841 2576 2986 2645 quod
3011 2575 3056 2631 is
3079 2576 3172 2645 qui
3199 2593 3361 2632 sanos
3384 2579 3549 2633 habet
3575 2574 3786 2646 oculos,

2192 2673 2371 2735 potest
2415 2666 2598 2721 videre
2660 2667 2841 2720 omnia
2881 2682 3215 2737 qutecunque
3266 2669 3513 2736 voluerit,
3573 2682 3631 2726 et
3696 2691 3790 2745 per

2193 2757 2336 2812 viam
2380 2766 2527 2813 recte
2562 2758 2826 2813 incedere.
2866 2758 2914 2812 Is
2958 2759 3049 2828 qui
3092 2775 3197 2813 non
3245 2761 3407 2816 habet
3435 2762 3644 2829 lumen,
3682 2765 3789 2820 fre.-

2194 2857 2425 2919 quenter
2470 2850 2691 2904 oberrat
2718 2850 2786 2904 ab
2814 2850 2900 2903 via
2933 2859 2989 2906 et
3015 2849 3239 2905 oﬂ‘endi‘t
3270 2851 3321 2905 in
3351 2852 3545 2907 itinere
3571 2871 3585 2919 ;
3638 2857 3721 2910 sic
3749 2858 3790 2911 is

2193 2942 2284 3012 qui
2312 2957 2418 2996 non
2445 2942 2609 2996 habet
2636 2950 2841 2998 rectam
2874 2943 3226 2999 intentionem
3257 2944 3309 2998 in
3334 2961 3431 2999 sua
3467 2945 3572 3001 fide
3606 2949 3692 3003 vel
3728 2950 3784 3003 in

2195 3048 2380 3091 amore
2399 3049 2529 3105 erga
2563 3034 2755 3100 Deum,
2786 3035 3096 3105 frequenter
3141 3036 3338 3091 titubat
3364 3039 3415 3091 in
3455 3039 3570 3095 suis
3617 3043 3791 3099 aetio—

2197 3127 2378 3193 nibus,
2404 3129 2529 3199 quia
2562 3129 2646 3182 vir
2692 3128 2886 3200 duplex
2913 3130 3093 3186 animo
3121 3130 3431 3185 inconstans
3460 3143 3538 3186 est
3584 3133 3636 3186 iu
3667 3150 3786 3186 om-

499 3220 666 3290 quiin
698 3235 755 3273 se
781 3227 1035 3287 peccant,
1072 3236 1173 3274 nec
1206 3220 1349 3274 Deus
1370 3222 1480 3285 eis;
1506 3222 1551 3276 si
1582 3238 1712 3277 vero
1742 3224 2090 3288 retinuerint,
2121 3191 2164 3252 Ο
2196 3228 2356 3282 nibus
2385 3227 2641 3297 operibus
2680 3228 2812 3283 suis.
2843 3227 2914 3282 At
2963 3244 3093 3282 vero
3149 3229 3473 3284 credentibus
3517 3231 3575 3283 in
3618 3230 3785 3284 Deum

499 3316 709 3365 retenta
736 3318 912 3374 erunt,
944 3311 1045 3363 hoc
1100 3311 1166 3363 de
1207 3310 1292 3364 his
1330 3312 1422 3379 qui
1456 3312 1509 3365 in
1538 3328 1636 3366 nos
1659 3322 1890 3381 peccant
1918 3315 2093 3369 homi-

450 3430 459 3443 κ
500 3412 620 3461 nes,
645 3412 750 3451 non
780 3397 846 3451 de
872 3397 957 3451 his
982 3398 1072 3466 qui
1101 3396 1154 3451 in
1184 3397 1352 3453 Deum
1383 3396 1725 3468 delinquunt.
1751 3398 1884 3465 Cum
1915 3410 2093 3453 autem

492 3488 771 3560 jejunatis,
796 3486 954 3542 nolite
979 3487 1118 3556 ﬁeri,
1149 3487 1283 3541 sicut
1300 3488 1607 3557 Iiypocrittr,
1634 3489 1825 3542 tristes.
1853 3488 1956 3543 Per
1978 3504 2094 3545 0m-

499 3581 589 3635 nia
616 3579 850 3635 ostendit
884 3579 1041 3634 nobis
1067 3577 1327 3633 Dominus
1349 3578 1619 3648 quomodo
1666 3594 1773 3633 non
1798 3580 2101 3634 debeamus-

501 3669 684 3727 facere
721 3670 961 3741 justitias
989 3678 1206 3725 nostras
1247 3684 1430 3723 coram
1484 3669 1815 3736 hominibus,
1852 3687 1920 3727 ne
1951 3687 2091 3724 mer-

500 3762 684 3816 cedem
732 3761 1023 3830 perdamus
1076 3760 1219 3829 apud
1256 3758 1458 3825 Deum;
1522 3774 1590 3813 ne
1647 3760 1912 3815 faciamus
1954 3761 2092 3817 sicut

502 3850 772 3914 Saduc'ei,
788 3849 879 3917 qui
903 3849 1120 3919 quando
1142 3846 1464 3917 jejunabant
1485 3864 1590 3902 non
1619 3848 1870 3904 lavabant
1898 3849 2089 3904 faciem

403 3958 414 3965 ”
500 3954 678 4009 neque
734 3939 1314 4009 pectinabant~caput.
1366 3938 1733 3992 Exterminant
1759 3940 1897 3992 enim
1928 3939 2090 4008 [acies

501 4048 646 4089 suas.
691 4030 805 4086 lloc
848 4042 932 4086 est
982 4030 1051 4085 ab
1091 4030 1181 4086 illo
1216 4030 1447 4086 termino
1477 4031 1787 4100 deturpant,
1829 4032 1919 4101 qui
1969 4031 2089 4087 aliis

501 4122 693 4177 diebus
726 4121 869 4176 soliti
918 4130 1077 4176 erant
1102 4121 1283 4176 ornati
1328 4121 1598 4186 incedere,
1640 4123 1754 4176 sive
1797 4122 2087 4177 demoliun-

505 4222 616 4280 tur,
676 4225 738 4269 ut
770 4213 1048 4269 tristitiam
1095 4212 1370 4268 simulent.
1412 4210 1477 4266 Ut
1514 4222 1731 4282 pareant
1768 4214 2084 4267 hominibus.

501 4304 560 4361 ld
588 4312 672 4360 est
711 4312 1010 4375 appareant
1028 4302 1352 4373 jejunantes.
1387 4303 1464 4358 Tu
1488 4313 1661 4357 autem
1684 4320 1802 4357 cum
1839 4304 2078 4374 jejunus,

503 4411 639 4464 unge
676 4403 832 4465 caput
864 4404 1033 4448 tuum.
1068 4392 1377 4449 Secundum
1437 4410 1642 4449 morem
1680 4395 1971 4465 provinciae
2016 4396 2092 4451 lo-

504 4487 713 4555 quitur,
759 4487 813 4541 in
872 4502 975 4556 qua
1027 4486 1362 4542 habitatores
1404 4486 1680 4541 habebant
1728 4489 2086 4557 compositum

506 4585 836 4648 unguentum
867 4578 935 4633 de
976 4578 1097 4633 oleo
1124 4587 1178 4633 et
1205 4578 1445 4633 balsamo
1472 4579 1717 4645 odorato,
1749 4586 1802 4633 et
1823 4580 2094 4650 angebant

506 4675 689 4737 caput.
746 4667 824 4722 Ne
852 4678 1073 4739 propter
1104 4668 1309 4739 jejunia
1361 4668 1637 4723 tristitiam
1668 4670 1982 4726 simulemus
2022 4672 2092 4726 ob

506 4757 747 4813 favorem
785 4760 953 4830 vulgi,
988 4760 1080 4815 sed
1126 4760 1375 4814 hilariter
1427 4758 1536 4814 Deo
1590 4761 1914 4827 serviamus,
1964 4764 2090 4833 quia

507 4857 639 4904 tunc
680 4849 918 4905 manebit
970 4865 1069 4906 nos
1121 4864 1330 4906 merces
1368 4858 1516 4905 certa
1571 4851 1614 4906 si
1655 4864 1875 4923 propter
1920 4854 2093 4910 Deum

506 4944 686 4999 omnia
726 4943 1010 5000 faciamus.
1042 4944 1111 4998 Et
1148 4946 1337 5015 faciem
1379 4954 1526 4998 tuam
1566 4945 1707 5010 lava,
1757 4962 1820 4999 ne
1862 4948 2091 5001 videaris

506 5033 802 5089 hominibus
840 5034 1113 5105 jejunum.
1159 5035 1376 5091 Faciem
1420 5035 1602 5090 lavare
1654 5035 2000 5105 praecipimur
2038 5045 2093 5092 et

500 5136 670 5198 caput
697 5127 991 5198 pectinare,
1018 5142 1086 5181 ne
1122 5135 1345 5197 propter
1370 5143 1568 5182 vanam
1604 5127 1828 5197 gloriam
1846 5126 2095 5196 jejunum

507 5218 808 5273 videamur.
866 5218 975 5273 Sed
1022 5225 1201 5273 tamen
1233 5218 1278 5273 si
1317 5233 1415 5287 pro
1460 5217 1565 5272 alia
1607 5218 1930 5283 necessitate
1959 5219 2094 5273 illoti

510 5308 1088 5377 incesserimus,-non
1134 5325 1444 5379 peccamus.
1502 5309 1683 5365 Nolite
1734 5312 2095 5368 tlcesaurizare

509 5401 650 5456 vobis
675 5402 945 5456 thesauros
972 5402 1026 5455 in
1063 5411 1225 5455 terra.
1282 5401 1540 5458 Thesauri
1567 5417 1765 5457 nomen
1798 5420 1864 5458 ex
1903 5401 2092 5460 Graeco

510 5489 806 5564 Latinoque
831 5502 915 5548 est
948 5493 1330 5563 compositum.
1376 5492 1557 5548 Thesis
1598 5508 1832 5564 namque
1881 5493 2090 5563 Grrece,

510 5576 699 5636 Latine
724 5584 912 5653 positio
934 5583 1074 5637 auri.
1110 5584 1184 5637 De
1204 5582 1353 5638 omni
1381 5590 1561 5639 tamen
1587 5584 1818 5653 pecunia
1843 5585 1947 5640 hoc
1967 5600 2095 5640 sen-

512 5668 750 5726 tiendum
776 5674 1025 5744 estquod
1058 5673 1324 5730 Dominus
1355 5674 1442 5729 hic
1480 5675 1745 5745 praecipit,
1784 5684 1844 5730 ut
1871 5676 1938 5731 de
1974 5692 2093 5731 om-

514 5758 672 5815 nibus
721 5761 878 5818 rebus
922 5780 1056 5833 quas
1091 5765 1289 5821 habere
1336 5780 1621 5834 possumus
1646 5766 1700 5821 in
1742 5776 1943 5822 :eterna
1974 5769 2087 5824 vita

2200 3323 2377 3376 omnia
2416 3332 2763 3393 cooperantur
2786 3322 2843 3375 in
2873 3321 3080 3375 bonum.
3110 3321 3239 3376 Inde
3264 3324 3509 3393 sequitur
3535 3339 3549 3377 :
3581 3322 3645 3379 Si
3664 3342 3785 3377 ocu-

2198 3410 2281 3465 lus
2304 3421 2425 3464 tuus
2451 3412 2608 3480 fuerit
2651 3411 2893 3482 simplex,
2932 3420 3097 3464 totum
3120 3424 3309 3481 corpus
3339 3422 3486 3465 tuum
3539 3411 3775 3465 lucidum

2201 3504 2322 3557 erit.
2362 3502 2561 3559 Oculus
2589 3504 2821 3559 intentio
2857 3504 3189 3574 operationis
3214 3513 3316 3559 est.
3367 3503 3428 3559 Si
3455 3523 3577 3575 ergo
3611 3494 3776 3560 limam

2194 3592 2332 3664 quod
2358 3594 2412 3646 in
2435 3601 2483 3648 te
2504 3603 2576 3647 est
2599 3593 2821 3648 tenebrw
2841 3595 2967 3659 sint,
2984 3594 3348 3664 ipstctenebrtr
3367 3606 3578 3666 quanta-
3602 3597 3777 3649 erunt?

2195 3683 2253 3739 id
2281 3685 2428 3740 estsi
2450 3699 2648 3756 corpus
2675 3685 2873 3741 amisso
2890 3685 3092 3740 lumine
3112 3685 3391 3741 oculorum
3422 3685 3670 3742 tenebras
3696 3703 3780 3757 pa-

2196 3779 2330 3833 titur
2365 3780 2567 3852 (lumen
2616 3782 2844 3837 interius
2877 3783 3020 3852 quod
3065 3783 3220 3837 debet
3256 3799 3447 3854 regere
3471 3785 3704 3838 animam
3730 3794 3780 3838 et

2193 3871 2411 3942 corpus)
2433 3880 2647 3941 quantte
2672 3872 2868 3927 emat?
2891 3873 3140 3928 videlicet
3160 3889 3323 3943 quam
3350 3891 3586 3945 magnae:
3616 3875 3780 3945 maju-

2194 3973 2281 4014 res
2321 3976 2484 4031 quam
2517 3962 2784 4033 corporis.

2837 4052 3065 4109 CAPUT
3101 4054 3232 4109 Xlll.

2443 4137 2520 4191 De
2552 4154 2652 4191 non
2678 4138 2945 4194 serviendo
2971 4139 3173 4193 duobus
3206 4141 3453 4193 dominis.

2266 4226 2435 4281 Nemo
2472 4237 2638 4289 potest
2666 4228 2870 4281 duobus
2894 4228 3122 4282 dominis
3148 4230 3362 4283 servire.
3417 4230 3485 4283 Et
3512 4232 3777 4299 quomodo

2191 4327 2390 4389 potest,
2419 4334 2541 4373 cum
2568 4320 2680 4389 ipse
2700 4319 2806 4375 alio
2828 4319 2947 4376 loco
2968 4321 3114 4375 dicat
3144 4340 3156 4375 :
3191 4319 3314 4375 Non
3335 4321 3447 4375 veni
3469 4323 3777 4379 ministrari.

2192 4412 2281 4465 sed
2306 4412 2638 4475 ministrare;
2689 4421 2743 4466 et
2774 4410 2973 4467 Paulus
2995 4413 3139 4467 dicat
3167 4430 3181 4465 :
3206 4428 3300 4481 per
3326 4412 3637 4468 charitatem
3672 4429 3757 4466 ser

2119 4537 2168 4595 D
2196 4503 2293 4555 rite
2326 4502 2538 4557 invicem
2587 4503 2641 4557 in
2694 4502 2902 4556 uinculo
2952 4503 3115 4574 pacis.
3147 4503 3254 4558 Sed
3294 4510 3476 4558 tamen
3504 4503 3777 4557 sciendum

2198 4592 2348 4661 quia,
2386 4592 2525 4645 sicut
2548 4593 2796 4663 superius
2824 4593 3084 4657 diximus,
3107 4600 3189 4647 est
3211 4594 3493 4648 servitium
3519 4594 3658 4663 quod
3679 4594 3775 4647 soli

2202 4683 2311 4736 Deo
2358 4683 2515 4737 debet
2551 4683 2809 4751 impendi,
2849 4692 2904 4739 et
2927 4685 3075 4740 nullo
3102 4684 3207 4740 alio
3234 4685 3449 4741 mortali
3482 4700 3497 4739 :
3531 4696 3587 4739 ut
3612 4687 3773 4740 Deum

2198 4771 2421 4825 credere
2463 4780 2610 4826 certa
2641 4771 2743 4827 fide
2771 4782 2825 4827 et
2850 4774 2997 4829 illum
3046 4775 3294 4840 adorare,
3350 4775 3584 4831 alienum
3613 4776 3775 4829 Deum

2201 4879 2306 4917 non
2353 4864 2572 4928 habere,
2610 4880 2807 4919 nomen
2857 4866 2954 4920 Dei
2994 4866 3047 4920 in
3076 4880 3273 4921 vanum
3329 4882 3438 4921 non
3482 4882 3773 4928 assumere,

2199 4954 2423 5025 diligere
2452 4953 2601 5008 illum
2637 4971 2701 5010 cx
2731 4964 2845 5011 toto
2873 4957 3038 5012 corde
3061 4967 3116 5012 et
3139 4957 3271 5012 totis
3297 4957 3616 5021 visceribus,
3653 4958 3775 5010 bos-

2199 5044 2303 5099 tias
2348 5044 2423 5099 illi
2453 5044 2669 5111 offerre,
2714 5047 2895 5101 omnia
2928 5049 3069 5102 bona
3123 5047 3191 5101 ab
3236 5049 3354 5118 ipso
3379 5062 3617 5118 sperare.
3658 5046 3772 5100 Alia

2198 5146 2374 5189 autem
2397 5137 2613 5190 servitia
2636 5145 2691 5190 et
2711 5136 2822 5191 Deo
2845 5145 2897 5192 et
2936 5137 3137 5192 homini
3168 5150 3457 5207 possumus
3486 5136 3771 5193 secundum

2196 5233 2463 5295 prmcepta
2502 5225 2668 5293 ipsius
2718 5224 3051 5294 impendere,
3110 5226 3363 5280 videlicet
3412 5226 3593 5280 omnia
3637 5225 3770 5279 bona

2196 5329 2316 5384 qua:
2344 5314 2499 5368 nobis
2530 5313 2773 5369 volumus
2801 5316 3034 5384 impendi
3070 5315 3138 5369 ab
3162 5316 3310 5381 aliis,
3348 5315 3618 5371 faciamus
3644 5322 3775 5385 pro-

2198 5404 2358 5459 ximis
2383 5405 2599 5460 nostris.
2640 5404 2736 5459 Est
2767 5415 2949 5460 autem
2972 5405 3225 5461 discretio
3254 5407 3309 5460 in
3356 5406 3543 5462 Gi-acca
3573 5406 3770 5473 lingua,

2198 5495 2266 5551 de
2287 5496 2420 5567 ipsis
2462 5496 2671 5551 duobus
2696 5498 2952 5553 servitiis.
2973 5497 3108 5552 Nam
3149 5497 3282 5553 illud
3326 5498 3609 5554 servitium
3633 5496 3773 5564 quod

2195 5585 2294 5643 soli
2311 5586 2418 5641 Deo
2437 5585 2787 5656 impenditur,
2803 5587 3071 5652 latreusis,
3092 5588 3386 5662 ὶὰτριυσις,
3403 5588 3626 5652 dicitur;
3647 5584 3779 5639 illud

2195 5690 2327 5732 vero
2347 5680 2492 5746 quod
2524 5678 2590 5732 ad
2614 5679 2883 5743 homines,
2916 5678 3212 5742 douleusis,
3244 5678 3511 5740 δούλωσις
3539 5675 3780 5747 appella-

2197 5777 2304 5822 tur.
2351 5767 2418 5822 Et
2464 5768 2566 5823 hoc
2593 5776 2673 5823 est
2707 5767 2850 5838 quod
2880 5767 3073 5823 Paulus
3115 5767 3267 5833 dicit,
3317 5769 3504 5822 servits
3537 5767 3779 5821 inritent,
