3976 6180
296 325 456 416 'tsrt

1459 352 1928 428 EXPOSlTlOJN
1967 356 2404 420 MATTHAEUM.

3401 377 3406 385 ’
3444 371 3579 428 1518

318 473 374 528 in
392 470 582 527 Grteco
595 468 759 524 habet
774 465 1438 532 douleusate,8ouln'oa~arr.
1455 467 1562 520 Aut
1575 461 1718 522 enim
1740 484 1901 522 unum
1929 472 1978 531 Α
2003 469 2292 532 semiuant,
2315 485 2476 538 neque
2497 479 2714 535 metunt,
2747 488 2908 542 neque
2936 490 3248 545 congregant
3277 481 3330 534 in
3365 481 3578 548 horrea,

317 559 444 614 odio
468 558 708 621 habebit,
741 557 845 612 hoc
867 563 952 610 est
977 553 1280 620 diabolum;
1338 563 1394 608 et
1427 555 1658 610 alterum
1695 556 1901 626 diliget,

314 649 368 703 id
415 657 499 704 est
534 647 724 710 Deum,
757 653 817 700 ut
863 645 1085 716 dignum
1121 653 1174 700 et
1199 643 1405 714 justum
1433 655 1537 700 est.
1589 647 1698 700 Aut
1726 662 1896 700 unum

312 738 626 804 sustinebit,
667 737 720 792 id
745 746 830 792 est
852 737 1143 802 diabolum,
1171 737 1300 806 quia
1325 737 1502 793 nullus
1530 747 1680 794 amat
1711 739 1894 794 diabo-

311 827 450 894 lum,
495 828 594 884 sed
617 829 683 882 ad
707 827 978 882 modicum
1010 835 1220 896 tempus
1240 829 1472 883 sustinet
1500 829 1649 884 illum
1676 840 1896 902 propter

312 937 442 977 suas
471 920 774 992 voluptates
797 920 1186 989 perﬁciendas;
1212 928 1267 975 et
1303 921 1533 976 alterum
1563 933 1888 988 contemnet,

313 1013 366 1066 id
411 1020 496 1081 est
527 1013 715 1066 Deum.
736 1008 850 1064 Non
876 1009 1010 1064 dixit
1031 1010 1186 1074 odiet,
1216 1012 1343 1081 quia
1373 1011 1553 1066 nullus
1570 1022 1751 1081 potest
1773 1015 1893 1069 odi-

312 1117 372 1156 re
419 1101 607 1156 Deum.
655 1099 1020 1155 Contemnunt
1055 1109 1234 1156 autem
1282 1101 1457 1159 multi.
1497 1113 1552 1165 et
1601 1103 1894 1159 abutuntur

311 1192 408 1248 Dei
439 1193 716 1263 patientia.
767 1191 920 1247 Unde
955 1201 1010 1246 et
1048 1192 1116 1246 ad
1165 1193 1381 1250 Samuel
1414 1195 1674 1251 Dominus
1705 1197 1843 1252 dixit
1875 1216 1887 1251 :

311 1284 420 1350 Qui
449 1283 909 1354 honoriﬁcaverint
949 1301 1048 1347 me,
1089 1283 1392 1354 gloriﬁcabo
1422 1304 1508 1340 eos
1531 1303 1550 1352 ;
1577 1289 1666 1358 qui
1716 1298 1892 1342 autem

309 1383 645 1430 contemnunt
668 1391 767 1440 nte,
814 1385 965 1428 erunt
1009 1375 1274 1444 ignobiles.
1309 1375 1410 1443 Qui
1441 1387 1619 1432 autem
1651 1379 1759 1432 sint
1800 1379 1889 1434 isti

307 1467 416 1522 duo
459 1464 660 1520 domini
717 1464 912 1532 quibus
943 1465 1156 1520 insimul
1213 1467 1418 1522 servire
1443 1483 1548 1522 non
1584 1485 1886 1538 possumus,

306 1559 555 1628 sequitur
599 1557 785 1612 dicens
819 1573 831 1608 :
868 1553 990 1609 Non
1017 1556 1232 1626 potestis
1255 1555 1364 1610 Deo
1417 1559 1611 1612 servire
1637 1569 1684 1612 et
1714 1576 1885 1612 main-

305 1665 496 1702 monte.
546 1647 862 1702 Hammona:
911 1644 1049 1717 Syra
1115 1645 1298 1718 lingua
1356 1649 1558 1704 divitia:
1613 1651 1886 1706 dicuntur.

303 1739 465 1792 Aliud
493 1748 576 1793 est
613 1737 814 1792 habere
841 1737 1074 1802 divitias,
1107 1737 1253 1793 aliud
1283 1739 1489 1795 servire
1514 1741 1734 1797 divitiis.
1785 1742 1884 1810 Qui

1997 569 2043 612 et
2076 556 2238 612 Pater
2265 569 2431 612 vester
2452 559 2670 614 eteiestis
2699 563 2868 630 pascit
2890 562 3004 617 illa.
3026 563 3082 618 In
3111 567 3212 621 hoc
3235 569 3388 639 jubet
3417 575 3581 642 respi-

1997 661 2122 702 cere
2149 647 2414 710 volatilia,
2445 657 2506 702 ut
2545 650 2840 707 habeamus
2889 652 3140 710 ﬁduciam
3183 660 3326 727 quod
3362 661 3451 716 ille
3481 665 3574 732 qui

1995 735 2302 790 volatilibus
2323 739 2416 791 dat
2442 753 2620 792 escam
2640 738 2866 795 daturus
2893 741 2964 798 sit
2989 745 3166 810 nobis,
3189 747 3314 814 quia
3339 748 3413 803 illi
3444 751 3578 804 irra-

1995 827 2279 884 tionabiles
2304 837 2359 882 et
2383 829 2671 896 mortales,
2705 839 2761 884 et
2797 833 2865 886 ad
2901 842 3144 889 nostrum
3182 853 3339 892 usum
3376 842 3574 908 creati,

1994 933 2101 971 non
2128 926 2309 972 autem
2341 919 2393 972 in
2420 919 2542 984 hoc,
2574 929 2633 973 ut
2663 920 2823 974 otiosi
2850 921 3020 977 simus
3045 932 3100 978 et
3128 942 3234 980 non
3271 927 3578 986 laboremus

1993 1009 2222 1062 serendo
2266 1017 2322 1062 et
2371 1011 2654 1076 metendo;
2693 1011 2786 1066 sed
2816 1027 2883 1066 ne
2911 1029 3014 1084 pro
3055 1015 3250 1073 timore
3294 1021 3577 1078 thesauros

1993 1097 2286 1152 condamus
2313 1100 2693 1168 temporalium
2743 1115 2956 1167 rerum,
2999 1115 3054 1158 et
3095 1121 3201 1160 non
3236 1110 3579 1180 porrigamus

1991 1201 2208 1242 manum
2237 1191 2518 1260 egentibus
2547 1231 2560 1256 ,
2595 1191 2846 1248 timentes
2875 1196 3226 1266 indigentiam
3259 1201 3492 1269 habere,
3525 1206 3574 1260 si

1991 1274 2044 1328 in
2076 1276 2290 1330 nomine
2315 1279 2524 1334 Domini
2555 1280 2732 1351 largiti
2764 1281 3048 1337 fuerimus.
3080 1285 3270 1340 Nonne
3300 1305 3388 1342 eos
3407 1295 3575 1361 magis

1988 1366 2154 1435 pluris
2181 1369 2304 1422 estis
2344 1369 2490 1422 illis?
2513 1369 2624 1424 Hoc
2657 1379 2736 1425 cst
2756 1413 2770 1435 ,
2810 1372 2930 1441 plus
2962 1375 3178 1439 valetis,
3205 1387 3259 1430 et
3289 1379 3388 1448 ipsi
3423 1380 3577 1436 hodie

1987 1466 2140 1522 sunt,
2173 1474 2289 1511 cras
2314 1474 2418 1512 non
2451 1471 2624 1513 erunt.
2661 1462 2765 1516 V'os
2803 1473 2980 1516 autem
3011 1479 3224 1533 semper
3249 1469 3436 1536 eritis,
3463 1473 3576 1528 sive

1988 1548 2054 1601 ad
2089 1547 2289 1602 bonum
2314 1589 2328 1612 ,
2363 1551 2477 1605 sive
2505 1552 2570 1604 ad
2598 1553 2818 1607 malum.
2856 1554 3033 1610 Pluris
3065 1559 3132 1612 ad
3162 1562 3368 1628 pondus
3409 1564 3576 1619 refer-

1991 1647 2096 1704 tur,
2120 1639 2224 1693 hoc
2243 1647 2326 1693 est
2353 1640 2524 1708 pluris
2550 1643 2732 1712 pretii,
2755 1643 2936 1713 plures
2966 1656 3144 1701 autem
3173 1655 3576 1719 comparativus

1986 1735 2070 1782 est
2101 1730 2300 1798 gradus
2328 1729 2396 1784 de
2420 1729 2587 1784 multo
2618 1733 2850 1804 positivo
2872 1775 2886 1800 ,
2911 1745 2966 1790 ct
2987 1737 3054 1790 ad
3084 1753 3368 1794 numerum
3406 1743 3576 1798 refer-

303 1827 476 1882 εειινίι
519 1827 720 1882 divitiis
771 1842 878 1882 non
920 1833 1098 1897 potest
1125 1827 1234 1882 Ι)εο
1282 1831 1505 1885 εει-γεγε,
1563 1831 1677 1886 Non
1733 1832 1884 1895 dixit.
1920 1812 1967 1872 B
1997 1830 2102 1873 tur.
2127 1819 2258 1884 Quis
2283 1829 2457 1874 autem
2497 1834 2730 1878 nostrum
2775 1827 3010 1896 cogitans
3044 1841 3211 1898 potest
3247 1834 3474 1902 adjicere
3502 1837 3573 1890 ad

303 1917 406 1984 Qui
459 1918 624 1972 habet
648 1917 864 1972 divitias
895 1935 908 1970 :
939 1917 1028 1986 qui
1057 1918 1200 1979 enim
1238 1919 1403 1975 habet
1427 1921 1646 1976 divitias
1681 1933 1734 1976 et
1780 1923 1888 1978 dis-

305 2009 496 2064 tribuit
523 2023 637 2074 eas,
687 2017 749 2062 ut
797 2006 1056 2064 Dominus
1103 2008 1239 2064 dixit
1275 2011 1342 2064 ad
1386 2025 1480 2065 eos
1505 2011 1594 2080 qui
1644 2027 1767 2066 eum
1804 2012 1890 2067 hic

302 2099 590 2168 recipiunt,
612 2097 753 2170 quod
772 2099 1099 2168 recipientur
1121 2099 1173 2154 in
1189 2111 1387 2154 acterna
1417 2102 1780 2166 tabernacula,
1797 2103 1886 2172 qui

299 2199 359 2245 et
383 2191 581 2246 habent
619 2190 1022 2263 intelligentiam
1046 2205 1210 2260 super
1229 2205 1455 2262 egenum
1485 2201 1540 2246 ct
1573 2207 1884 2262 pauperem,

299 2288 466 2334 erunt
498 2279 550 2334 in
577 2279 680 2334 alia
720 2279 832 2334 vita
863 2294 984 2334 cum
1032 2277 1155 2344 Job,
1193 2279 1488 2344 Abraham,
1539 2279 1705 2335 David
1729 2291 1888 2352 atque

301 2371 426 2425 aliis
460 2371 551 2440 qui
596 2380 650 2426 et
680 2373 734 2426 iu
763 2371 869 2426 hoc
901 2371 1101 2427 smculo
1135 2372 1355 2428 divitias
1376 2374 1700 2439 habuerunt,
1734 2384 1789 2430 et
1817 2377 1888 2432 vi-

301 2469 413 2516 tam
435 2468 688 2516 aeternam
727 2462 828 2517 sibi
870 2461 1096 2518 mercati
1134 2470 1278 2517 sunt.
1305 2462 1407 2531 Qui
1435 2473 1613 2520 autem
1645 2467 1887 2522 serviunt

303 2553 528 2619 divitiis,
582 2562 638 2608 et
681 2553 811 2608 nulli
862 2555 1002 2610 bona
1056 2555 1362 2625 largiuntur
1411 2572 1474 2612 ex
1512 2559 1642 2628 ipsis
1685 2559 1886 2615 divitiis

302 2645 407 2700 nisi
447 2661 478 2700 a
508 2646 700 2715 quibus
732 2655 958 2716 possunt
985 2648 1230 2718 recipere
1258 2649 1312 2703 in
1343 2650 1445 2704 hoc
1478 2651 1696 2716 saeculo,
1730 2667 1884 2720 sepe-

299 2736 503 2792 lieutur
556 2753 679 2792 cum
733 2738 902 2794 divite
937 2739 1212 2810 sepultura
1256 2749 1480 2804 aeterna,
1507 2752 1565 2796 ut
1592 2743 1701 2799 illic
1747 2743 1886 2800 imii-

299 2835 466 2898 gcant
527 2827 780 2883 omnibus
829 2827 1007 2884 bonis.
1061 2829 1381 2886 Mammonxe
1427 2848 1638 2903 quoque
1688 2851 1883 2892 nomen

299 2917 562 2974 daemonis
587 2917 754 2974 Judmi
783 2935 902 2976 esse
923 2921 1132 2988 dicunt,
1164 2923 1256 2991 qui
1284 2922 1488 2977 divitiis
1508 2933 1723 2994 prmest.
1751 2925 1884 2980 Tra-

302 3009 440 3064 dunt
485 3009 636 3063 enim
672 3025 837 3080 super
865 3011 1285 3081 unumquodque
1310 3013 1500 3067 vitium
1534 3015 1734 3070 habere
1773 3017 1880 3072 dae-

299 3114 492 3156 mones
515 3101 850 3168 prtepositos,
876 3109 931 3157 et
961 3101 1096 3156 alios
1123 3103 1226 3157 sub
1265 3117 1324 3157 se
1354 3104 1560 3172 positos
1605 3106 1694 3174 qui
1727 3107 1883 3162 sedu-

1992 1917 2249 1963 staturam
2295 1927 2445 1965 suam
2475 1912 2706 1970 cubitum
2748 1919 2952 1971 unum?
2995 1917 3141 1974 Sicut
3189 1923 3418 1992 adjicere
3455 1929 3571 1996 quis

1995 2015 2098 2053 non
2124 2009 2288 2069 potest
2316 2000 2517 2071 aliquid
2548 2003 2618 2056 ad
2639 2013 2901 2060 staturam
2927 2025 3113 2075 suam;
3145 2022 3193 2064 et
3224 2022 3399 2069 tamen
3430 2015 3572 2072 Deus

1993 2090 2314 2158 omnipotens
2343 2091 2465 2159 fecit
2505 2108 2593 2146 vos
2635 2110 2864 2150 crescere
2901 2098 3080 2168 quales
3113 2102 3255 2166 estis,
3286 2105 3459 2175 utique
3483 2109 3572 2177 qui

1991 2181 2164 2250 majus
2190 2183 2330 2236 dedit
2353 2184 2466 2239 sine
2488 2195 2656 2239 vestro
2685 2190 2988 2256 conamine,
3015 2195 3189 2247 minus
3212 2195 3366 2248 etiam
3402 2197 3568 2253 dabit.

1992 2269 2046 2324 ld
2076 2279 2162 2325 est
2184 2272 2363 2327 cibum
2393 2283 2448 2328 et
2469 2283 2676 2342 potum.
2705 2275 2772 2329 Et
2799 2277 2864 2330 de
2899 2280 3238 2348 vestimento,
3269 2283 3394 2354 quid
3417 2283 3567 2338 solli-

1990 2361 2080 2415 citi
2105 2363 2266 2417 estis?
2285 2362 2437 2418 Sicut
2465 2366 2586 2428 tulit
2607 2367 2852 2422 timorem
2876 2370 2942 2425 de
2967 2371 3108 2436 cibo,
3129 2373 3378 2430 similiter
3393 2376 3572 2432 aufert

1991 2453 2057 2508 de
2081 2457 2422 2522 vestimento,
2447 2473 2514 2512 ex
2545 2459 2709 2514 rebus
2735 2464 3210 2532 consequentibus.
3231 2465 3570 2522 Considerate

1991 2545 2105 2600 lilia
2127 2549 2240 2617 agri
2265 2550 2525 2618 quomodo
2552 2563 2824 2606 crescunt:
2851 2571 2952 2608 non
2979 2554 3217 2610 laborant
3241 2574 3402 2629 neque
3425 2569 3566 2614 nent.

1989 2635 2130 2692 Nent
2160 2639 2360 2694 dicitur
2387 2640 2559 2706 ﬁlant,
2593 2641 2660 2698 ab
2684 2659 2750 2696 eo
2772 2645 2938 2698 verbo
2963 2647 3106 2715 quod
3145 2657 3228 2702 est
3262 2665 3358 2704 nco
3385 2666 3404 2704 :
3440 2651 3572 2706 dicit

1990 2737 2050 2784 ut
2073 2729 2353 2786 videamus
2389 2734 2624 2802 qualiter
2647 2735 2841 2789 vestita
2872 2746 2997 2790 sunt
3023 2737 3132 2792 lilia
3156 2743 3390 2796 candore
3407 2781 3423 2808 ,
3453 2743 3568 2798 sive

1989 2819 2229 2890 ipsorum
2259 2819 2462 2886 labore,
2491 2822 2574 2875 vel
2603 2837 2759 2888 rosae,
2791 2824 2918 2893 quia
2944 2824 3148 2880 nullum
3177 2827 3398 2883 linteum
3425 2846 3572 2885 com-

1989 2909 2171 2978 parari
2199 2917 2380 2978 potest
2415 2912 2650 2965 candore
2682 2911 2811 2977 lilii,
2854 2929 3027 2983 neque
3069 2915 3234 2970 ullum
3267 2919 3572 2976 dirodinum

1991 3012 2148 3052 roseo
2167 2999 2356 3064 colori,
2387 3015 2560 3070 neque
2579 3001 2682 3056 ulla
2709 3018 2947 3074 purpura
2972 3004 3220 3062 tinctura;
3248 3009 3422 3064 violae.
3441 3011 3575 3066 Pro-

1996 3097 2184 3158 pterea
2227 3091 2271 3144 si
2313 3091 2452 3146 Deus
2486 3093 2564 3147 sic
2600 3094 2763 3147 vestit
2798 3095 2934 3151 viles
2973 3097 3172 3166 herbas
3217 3116 3350 3170 quas
3387 3117 3487 3157 nos
3519 3103 3574 3158 in

299 3200 429 3245 cam
454 3157 705 3246 ιηξηιίεξρε
729 3191 796 3246 ad
825 3191 914 3244 ma
945 3190 1030 3246 vel
1055 3191 1143 3246 ma
1187 3157 1446 3256 vitia,'vc|
1477 3195 1600 3250 inde
1624 3157 1837 3251 ’(ιίριηηη
1867 3217 1878 3252 ε
1909 3157 1954 3219 C
1996 3180 2170 3236 formn
2219 3183 2362 3237 soliti
2399 3200 2585 3240 smnus
2629 3186 2844 3242 mittere
2901 3203 3022 3242 cum
3063 3193 3336 3257 aruerint,
3373 3203 3574 3260 quanto

301 3277 509 3349 Spiritu
578 3280 942 3351 fornicationis
1001 3281 1201 3336 seducti
1253 3292 1408 3348 sunt;
1467 3285 1708 3354 exceptis
1759 3286 1882 3352 illis,

301 3371 528 3436 habere,
558 3380 996 3442 unumquemque
1017 3373 1312 3438 hominem,
1346 3375 1480 3430 duos
1507 3377 1725 3447 angelos
1763 3395 1886 3433 cus-

303 3463 463 3518 todes
489 3463 593 3527 sui,
635 3479 802 3517 unum
831 3464 1060 3527 bonum,
1094 3465 1323 3520 alterum
1354 3467 1574 3522 malum.
1613 3467 1740 3522 Ideo
1769 3470 1885 3524 dico

301 3557 468 3612 vobis.
497 3555 848 3620 Subauditur,
877 3555 922 3610 si
961 3570 1048 3609 me
1069 3556 1282 3611 habetis
1314 3557 1546 3612 electum
1575 3559 1884 3626 Dominum,

301 3655 364 3704 et
392 3647 554 3702 alium
595 3647 875 3718 rejectum.
937 3645 1021 3700 Ne
1057 3645 1271 3700 solliciti
1306 3647 1418 3701 sitis
1465 3648 1654 3702 attinnt:
1686 3660 1883 3704 vestra'.

300 3738 363 3793 ld
386 3731 473 3792 est
509 3737 634 3792 vita:
664 3745 880 3802 vestrm,
941 3735 1069 3808 quid
1097 3735 1446 3801 manducetis,
1494 3753 1654 3806 neque
1683 3739 1890 3808 corpori

301 3837 474 3882 uestro
499 3826 624 3898 quid
650 3827 966 3881 induamini.
996 3826 1108 3898 Ego
1136 3825 1238 3880 feci
1275 3826 1538 3890 animam,
1565 3827 1890 3882 ministrabo

299 3919 510 3972 victum
533 3933 638 3988 quo
667 3918 839 3988 possit
878 3919 1176 3973 subsistere
1209 3934 1380 3988 usque
1405 3920 1471 3972 ad
1502 3926 1713 3989 tempus
1747 3934 1889 3990 pra:-

303 4006 548 4062 ﬁnitum.
609 4007 790 4077 Neque
809 4007 1016 4076 corpori
1042 4016 1210 4061 uestro
1241 4007 1370 4077 quid
1405 4007 1722 4062 induamini.
1753 4007 1889 4075 Quia

300 4115 410 4169 ego
443 4099 619 4152 creavi
661 4115 858 4168 corpus
912 4099 968 4152 in
1019 4099 1110 4154 tali
1162 4107 1371 4154 statura
1419 4117 1524 4170 qua
1564 4105 1730 4169 (unite
1785 4112 1889 4167 est,

301 4199 366 4246 et
399 4204 499 4260 ego
528 4191 774 4255 vestiam,
807 4189 853 4244 si
880 4197 1062 4244 tamen
1091 4191 1225 4244 meis
1282 4190 1548 4245 obedietis
1585 4191 1888 4260 praeceptis,

301 4281 436 4351 quia
466 4279 621 4347 cuius
649 4295 811 4350 opera
842 4279 1040 4345 facitis,
1067 4277 1184 4348 ejus
1229 4280 1321 4334 lilii
1372 4281 1486 4335 sive
1517 4282 1656 4336 servi
1677 4283 1895 4337 vocabi-

305 4371 467 4434 mini,
511 4370 700 4425 Nonne
729 4372 906 4425 anima
953 4369 1072 4441 plus
1115 4379 1190 4425 est
1235 4387 1393 4442 quam
1432 4373 1589 4425 esca?
1622 4371 1720 4438 Qui
1752 4372 1897 4426 dedit

311 4463 550 4519 animam
579 4461 962 4526 immortalem,
991 4470 1046 4516 et
1101 4461 1474 4516 rationabilem
1501 4461 1650 4516 dabit
1671 4461 1892 4514 victum.

309 4551 449 4610 Plus
469 4562 569 4620 est,
625 4553 678 4608 id
713 4563 816 4618 est,
854 4553 975 4624 plus
995 4553 1138 4608 valet
1197 4562 1254 4608 et
1291 4553 1582 4623 pretiosior
1633 4561 1736 4617 est,
1771 4552 1896 4622 quia

309 4647 642 4704 immortalis
686 4655 740 4702 et
772 4647 1130 4701 rationabilis.
1175 4645 1241 4700 Et
1265 4645 1357 4714 qui
1390 4644 1538 4700 dedit
1586 4660 1784 4714 corpus
1809 4645 1901 4699 de-

316 4754 536 4802 corum,
585 4753 798 4793 sursum
859 4745 1122 4800 erectum,
1171 4735 1238 4790 ad
1279 4735 1459 4789 omnia
1505 4735 1710 4805 agenda
1750 4749 1901 4803 para-

316 4840 458 4894 tum,
495 4837 550 4884 et
575 4827 954 4893 intellectuale,
1005 4827 1175 4882 multo
1208 4827 1560 4882 excellentius
1576 4842 1756 4896 -quam
1803 4826 1900 4880 he-

323 4919 450 4974 stite
470 4919 728 4984 habeant,
757 4919 951 4974 vestiet
973 4918 1120 4973 illud.
1151 4917 1277 4973 llaec
1301 4919 1480 4972 omnia
1511 4918 1640 4972 dicit
1661 4925 1719 4972 ut
1747 4918 1903 4972 timo-

313 5022 439 5062 rem
481 5007 633 5062 tollat
673 5008 738 5062 de
791 5007 1078 5062 animabus
1135 5009 1335 5060 nostris
1383 5015 1438 5062 et
1463 5007 1896 5072 sollicitudinem,

314 5096 480 5166 quasi
523 5097 817 5150 moriamur
857 5095 998 5150 fame
1052 5103 1143 5148 aut
1201 5094 1422 5166 frigore,
1472 5094 1515 5148 si
1570 5095 1899 5149 voluntatem

316 5185 496 5254 ipsius
517 5184 820 5240 fecerimus.
851 5184 984 5240 Nam
1021 5199 1157 5254 opus
1183 5183 1448 5238 debemus
1472 5197 1729 5238 exercere
1759 5183 1903 5236 unde

317 5277 574 5332 vivamus
598 5287 652 5332 et
692 5277 1008 5339 vestiamur,
1040 5274 1294 5344 quoniam
1325 5273 1403 5328 sic
1427 5274 1629 5327 dictum
1661 5279 1746 5326 est
1795 5273 1908 5342 pri-

317 5383 420 5425 mo
443 5367 677 5422 homini:
703 5367 768 5421 In
787 5367 979 5422 sudore
1000 5363 1171 5419 uultus
1199 5365 1276 5418 tui
1307 5379 1504 5416 vescere
1525 5379 1710 5432 panem
1733 5371 1902 5417 tuum.

321 5458 396 5514 Et
415 5457 616 5512 Paulus
640 5459 884 5530 pmcipit
907 5458 1090 5513 dicens
1114 5473 1127 5509 :
1159 5454 1214 5510 Μ
1219 5455 1329 5525 agis
1342 5463 1513 5508 autem
1529 5453 1724 5506 laboret
1745 5471 1906 5508 unus.

319 5549 546 5622 quisque
569 5549 806 5602 manibus
825 5548 934 5602 suis
953 5546 1093 5618 quod
1113 5546 1302 5600 bonum
1343 5554 1439 5609 est,
1474 5553 1528 5596 ut
1555 5541 1738 5596 habeat
1769 5544 1905 5598 unde

322 5639 528 5694 tribuat
554 5643 906 5695 necessitatem
932 5639 1267 5712 patientibtgs.

399 5725 655 5796 Respicite
679 5729 912 5784 volatilia
936 5729 1067 5792 caeli,
1097 5728 1353 5800 quomodo
1385 5743 1486 5781 non
1515 5737 1712 5792 serunt,
1739 5726 1792 5780 id
1824 5737 1898 5782 est

1999 3273 2170 3343 magis
2201 3288 2296 3326 vos
2321 3276 2536 3341 vestiet,
2565 3292 2700 3346 quos
2728 3279 2794 3332 ad
2821 3279 3224 3336 similitudinem
3248 3299 3398 3338 suam
3426 3301 3576 3338 crea-

1994 3363 2090 3417 vit.
2119 3363 2251 3419 Dico
2299 3375 2472 3419 autem
2518 3366 2692 3432 vobis,
2735 3369 2858 3438 quia
2898 3385 2988 3422 nec
3031 3369 3282 3426 Salomon
3329 3374 3383 3426 in
3433 3375 3576 3428 onzni

1995 3451 2162 3520 gloria
2193 3469 2290 3505 sua
2319 3463 2588 3523 coopertus
2617 3465 2691 3508 est
2719 3457 2853 3512 sicut
2883 3474 3042 3512 unum
3071 3476 3136 3513 ea:
3162 3461 3296 3514 istis.
3327 3462 3402 3516 De
3429 3463 3577 3518 Salo-

1997 3557 2154 3596 mone
2183 3543 2316 3597 dicit
2341 3543 2538 3599 .lud-aeis
2569 3547 2897 3616 exemplum,
2925 3549 3048 3618 quia
3081 3551 3180 3620 ipsi
3211 3553 3457 3607 ditiorem
3491 3571 3575 3608 re-

1995 3649 2114 3702 gem
2141 3647 2247 3688 non
2279 3635 2608 3690 habuerunt.
2639 3637 2881 3693 Fuerunt
2913 3651 3092 3696 autem
3136 3643 3288 3697 multi
3321 3645 3573 3712 ditiores,

1997 3733 2058 3780 ut
2096 3725 2616 3793 Nabuchodonosor,
2645 3728 2946 3796 Assuerus,
2978 3733 3308 3790 Octavianus
3335 3777 3350 3802 ,
3393 3747 3449 3792 et
3487 3755 3570 3794 se-

1998 3829 2198 3883 quaces
2229 3831 2449 3880 eorum;
2483 3818 2576 3872 sed
2609 3827 2788 3872 tamen
2826 3836 2930 3874 non
2969 3831 3232 3876 noverant
3258 3837 3352 3878 eos
3374 3823 3574 3890 Judaei,

1962 3904 2138 3994 .sieut
2159 3903 2520 3960 Salomonem.
2554 3908 2694 3962 Dicit
2722 3925 2852 3980 ergo
2886 3913 3028 3980 quod
3065 3911 3452 3972 Salomonnon
3477 3917 3580 3972 fuit

1999 4003 2285 4064 coopertus
2329 4012 2450 4050 cum
2481 4006 2592 4052 tota
2621 4000 2787 4070 gloria
2817 4018 2910 4056 sua
2950 4003 3016 4059 de
3045 4013 3154 4059 tam
3188 4007 3438 4061 candenti
3477 4007 3581 4062 litt-

1999 4093 2110 4151 teo,
2139 4101 2240 4139 nec
2271 4087 2336 4140 de
2365 4089 2678 4158 speciosiori
2704 4092 2886 4161 pallio,
2917 4111 3078 4164 quam
3108 4097 3345 4166 praefatae
3373 4099 3574 4154 herbze.

2002 4175 2063 4231 Si
2096 4186 2269 4231 autem
2295 4179 2470 4248 fenum
2507 4181 2621 4251 agri
2650 4182 2789 4252 quod
2809 4184 2962 4239 hodie
2990 4197 3085 4240 est.
3113 4185 3318 4242 Fenum
3351 4193 3464 4259 agri
3487 4206 3581 4258 rp-

2000 4268 2166 4340 pellat
2200 4271 2344 4340 ipsas
2371 4271 2588 4326 herbas.
2621 4273 2790 4328 Hodie
2815 4286 2911 4339 est,
2941 4279 3042 4332 hoc
3069 4287 3152 4332 est
3198 4297 3302 4333 non
3349 4281 3578 4336 inultum

2003 4361 2221 4414 durans.
2248 4361 2315 4414 Et
2345 4379 2458 4416 cras
2480 4364 2534 4417 in
2557 4363 2818 4419 clibanum
2845 4368 3086 4423 mittitur.
3107 4369 3258 4434 Cras,
3289 4371 3391 4426 hoc
3415 4383 3495 4426 est
3526 4374 3580 4426 in

2005 4449 2205 4518 futuro,
2233 4469 2356 4509 cum
2389 4456 2604 4512 siccata:
2636 4456 2856 4514 fuerint.
2886 4458 2948 4514 In
2976 4461 3261 4527 clibanum,
3291 4463 3390 4518 hoc
3417 4474 3499 4518 est.
3525 4465 3580 4520 in

2005 4539 2220 4596 furnum
2257 4544 2562 4599 mittuntur.
2611 4547 2752 4602 Deus
2803 4549 2898 4604 tali
2945 4551 3129 4606 decore
3163 4554 3336 4618 vestit,
3385 4567 3582 4626 quanto

2003 4633 2172 4702 magis
2203 4649 2322 4699 vos,
2361 4636 2450 4704 qui
2483 4635 2683 4706 aliquid
2730 4639 2850 4694 ﬁdei
2890 4642 3119 4709 habetis,
3150 4645 3291 4714 quod
3336 4646 3448 4715 ipsa
3475 4660 3582 4710 non

2007 4723 2228 4778 habent.
2259 4724 2396 4791 Quia
2427 4726 2756 4784 insensibilia
2790 4739 2932 4786 sunt.
2972 4732 3104 4788 Cras
3129 4744 3312 4790 autem
3352 4737 3404 4790 in
3438 4734 3584 4789 Scri—

2006 4823 2162 4888 plura
2195 4833 2294 4886 pro
2321 4817 2501 4873 futuro
2533 4829 2770 4890 tempore
2801 4823 3094 4892 accipitur,
3122 4833 3183 4879 ut
3209 4824 3376 4882 Jacob
3412 4827 3578 4880 dicit:

2011 4906 2280 4965 lt'xaudiat
2307 4925 2388 4964 me
2411 4927 2527 4963 cras
2550 4911 2758 4979 justitia
2798 4929 2931 4966 utea.

2004 5065 2008 5068 _
2081 4998 2260 5054 Nolite
2297 5017 2418 5071 ergo
2461 5001 2708 5066 solliciti,
2749 5011 2854 5058 etc.
2889 5003 3032 5059 :Per
3057 5006 3237 5060 omnia
3268 5005 3585 5060 sollicitudi-

2009 5106 2132 5144 nem
2147 5091 2260 5146 vult
2275 5091 2487 5147 auferre
2500 5109 2528 5146 a
2547 5093 2700 5148 nobis
2713 5134 2726 5157 ,
2745 5105 2795 5148 et
2823 5110 2957 5164 opus
2983 5097 3246 5151 exerceri.
3264 5096 3340 5150 De
3354 5097 3581 5166 spiritali

2010 5195 2137 5235 vero
2159 5181 2278 5236 cibo
2296 5191 2348 5236 et
2371 5183 2703 5247 indumento,
2720 5200 2931 5254 semper
2942 5186 3199 5240 debemus
3211 5201 3331 5241 esse
3345 5186 3580 5250 solliciti,

2010 5281 2064 5328 et
2099 5273 2331 5326 esuriem
2381 5273 2522 5340 pati,
2569 5275 2694 5342 quia
2733 5275 2870 5330 beati
2906 5276 2997 5348 qui
3033 5277 3268 5331 esuriunt
3294 5276 3578 5347 justitiam.

2083 5361 2212 5416 lia’c
2239 5363 2373 5416 enim
2405 5365 2580 5417 omnia
2611 5375 2784 5432 gentes
2811 5367 3100 5438 inquirunt.
3128 5366 3242 5422 Hoc
3265 5375 3348 5420 est
3382 5367 3582 5422 sollici-

2012 5454 2248 5508 tudinem
2273 5453 2442 5507 dehis
2464 5454 2622 5509 rebus
2644 5456 2862 5524 habent,
2892 5459 3014 5528 quia
3037 5474 3142 5512 non
3165 5459 3391 5514 adorant
3416 5457 3586 5514 Demn

2012 5559 2218 5598 verum.
2254 5540 2363 5598 Scit
2387 5544 2525 5597 enim
2555 5541 2718 5600 Pater
2741 5559 2902 5602 uester
2927 5549 3048 5618 quia
3075 5549 3155 5603 Itis
3177 5550 3415 5603 omnibus
3449 5549 3586 5603 indi-.-

2009 5634 2158 5703 getis.
2192 5632 2480 5702 Propterea
2514 5635 2728 5690 curabit
2749 5637 2816 5692 de
2838 5639 3012 5705 nobis,
3049 5639 3093 5694 si
3135 5655 3232 5696 nos
3257 5639 3375 5709 ejus
3399 5638 3587 5694 volun-

2011 5729 2175 5776 tatem
2222 5721 2550 5788 fecerimus,
2599 5727 2852 5795 quoniam
2902 5729 3006 5784 scit
3052 5729 3231 5784 omnia
3280 5730 3582 5784 necessatia
