3962 6174
462 353 596 412 1319

1245 339 1631 399 CHRISTIANI
1669 335 2076 394 DllUTllMARl
2116 331 2567 390 CORBEIENSIS
2604 326 2903 387 MONAClll

3578 328 3709 384 13:!)

461 480 668 533 nostra,
699 472 986 533 antequam
1017 465 1265 530 petamus
1291 472 1413 511 eum
1459 473 1471 508 :
1501 456 1643 524 quod
1669 462 1724 508 ct
1759 453 2031 522 sequitur:
2062 450 2113 509 Λ
2137 447 2397 515 ptatibus.
2439 442 2654 499 Neutris
2695 456 2824 511 ergo
2863 437 3304 533 committendum
3348 447 3434 495 est
3471 440 3714 514 Evange-

462 559 693 626 Quwrite
717 555 943 625 primum
972 564 1186 619 regnum
1205 547 1303 600 Dei
1330 555 1379 601 et
1399 545 1661 615 justitiam
1683 543 1815 612 ejus,
1844 550 1891 595 et
1921 541 2030 594 hazc

459 648 635 701 omnia
686 641 1001 711 adjiciantur
1035 638 1193 691 vobis.
1235 634 1349 690 lloc
1385 642 1468 688 est
1503 631 1661 687 facite
1699 631 2031 685 voluntatem

458 737 554 791 Dei
586 736 640 789 in
668 734 751 788 his
776 746 894 801 quae
938 728 1090 783 vobis
1133 724 1418 796 praecepit,
1446 733 1492 777 et
1533 723 1645 776 lucc
1669 762 1684 785 ,
1718 720 2033 776 subauditur

459 838 801 885 NECESSARIA,
823 819 1158 888 adjicientur,
1195 816 1247 869 id
1273 823 1388 879 est,
1429 812 1837 883 adaugebuntur
1857 808 2028 864 vobis.

458 913 536 965 Ad
570 892 967 969 necessitatem,
998 920 1103 960 non
1133 904 1200 958 ad
1226 901 1649 973 superﬂuitatem
1669 940 1683 964 ,
1705 898 1831 968 quia
1856 897 2033 951 nullus

459 1001 798 1055 Christianus
827 997 894 1051 ad
920 992 1062 1049 aliud
1093 994 1252 1048 debet
1288 1008 1529 1062 qumrere
1560 990 1855 1045 subsidium
1894 999 2032 1042 tem-

458 1089 660 1159 poralis
706 1087 864 1151 vitae,
906 1084 1011 1139 nisi
1054 1083 1122 1137 ad
1168 1083 1565 1138 necessitatem.
1600 1080 1777 1136 Nolite
1822 1078 2033 1134 solliciti

457 1195 568 1232 esse
594 1179 649 1230 in
673 1177 958 1240 crastinum
980 1214 993 1240 ,
1015 1174 1111 1231 hoc
1137 1183 1212 1235 est
1244 1172 1297 1227 in
1328 1171 1526 1241 futuro.
1554 1170 1598 1222 Α
1625 1187 1740 1224 cras
1771 1170 1915 1227 enim
1940 1168 2034 1222 ad-

456 1269 665 1332 verbio,
698 1267 973 1323 derivatur
993 1265 1261 1321 crastinus
1291 1275 1506 1317 nomen.
1532 1259 1726 1331 Sufﬁcit
1756 1261 1859 1314 diei
1885 1258 2033 1314 mali-

456 1357 527 1409 tia
559 1372 675 1413 sua.
704 1353 957 1415 Malitiam
987 1352 1117 1408 dicit
1147 1350 1386 1411 laborem
1413 1349 1695 1419 praesentis
1724 1348 1849 1414 diei,
1880 1348 2033 1417 quasi

459 1444 695 1507 diceret,
721 1442 912 1497 sutlicit
955 1442 1111 1497 nobis
1143 1441 1425 1511 praesentis
1457 1424 1716 1510 temporis
1749 1439 2030 1510 cogitatio,

455 1535 759 1589 futurorum
786 1549 970 1589 curam
987 1550 1106 1603 qua:
1123 1533 1329 1589 incerta
1348 1541 1433 1587 est
1457 1531 1839 1601 relinquamus.
1859 1532 2036 1590 Nolite

453 1626 716 1695 iudicare,
749 1634 804 1677 ut
827 1641 930 1677 non
948 1623 1282 1694 judicemini.
1301 1621 1378 1677 De
1398 1622 1619 1679 incertis
1639 1631 1693 1675 et
1713 1622 1891 1685 dubiis
1914 1638 2037 1678 cau-

454 1717 531 1769 sis
552 1712 1081 1784 prohibetjudicare,
1108 1721 1168 1767 ut
1189 1720 1315 1767 ante
1344 1712 1512 1775 simus
1531 1712 1834 1782 ceguitores
1872 1726 2032 1781 quam

2130 534 2285 598 lium,
2319 535 2489 589 donec
2528 547 2819 589 conversos
2846 531 3027 584 animo
3049 540 3103 584 et
3127 544 3356 599 corpore
3382 545 3479 585 eos
3504 534 3717 602 perspi.

2130 626 2361 681 ciamus.
2393 625 2527 679 Nam
2551 625 2618 679 de
2645 622 2836 692 primis
2865 622 2997 676 dicit
3026 621 3317 691 Apostolus
3344 638 3358 674 :
3390 621 3715 677 llwreticum

2130 718 2390 771 hominem
2431 725 2542 785 post
2577 714 2803 784 primam
2831 721 2878 766 et
2903 710 3187 765 secundam
3218 710 3599 780 correptionem
3627 713 3717 766 de-

2131 805 2254 858 vita.
2286 803 2470 874 Quare
2508 811 2690 857 autem
2734 815 2839 856 non
2885 801 2957 855 sit
2986 799 3432 855 committendum
3461 801 3546 854 eis
3581 800 3718 854 divi-

2132 911 2260 951 num
2293 894 2586 963 eloquium,
2611 891 2889 961 subjuugit
2906 890 3092 946 dicens
3115 909 3128 943 :
3154 890 3238 944 Ne
3257 891 3390 959 forte
3410 892 3715 946 concaleat

2130 1002 2219 1040 eas
2244 986 2460 1056 pedibus
2486 986 2594 1039 suis
2636 995 2684 1038 et
2713 984 2945 1043 conversi
2989 983 3319 1050 disrumpunt
3347 999 3458 1036 vos.
3482 982 3599 1037 Hoc
3634 994 3716 1038 est
3788 1030 3793 1034 .

2133 1076 2400 1131 irrideant
2434 1076 2658 1130 verbum
2685 1074 2958 1144 Evangelii
2975 1116 2989 1136 ,
3015 1081 3071 1129 et
3111 1074 3438 1128 interﬁciant
3461 1091 3593 1139 vos,
3622 1078 3712 1145 qui

2131 1167 2309 1221 adhuc
2335 1165 2456 1222 aliis
2482 1164 2746 1234 poteratis
2775 1178 2898 1219 esse
2919 1164 3163 1219 salvatio.
3190 1163 3325 1229 Quia
3356 1172 3538 1217 autem
3572 1180 3712 1218 mar-

2133 1256 2321 1329 garita:
2357 1254 2537 1311 divina
2579 1253 2792 1324 eloquia
2821 1257 3080 1311 vocentur
3107 1262 3161 1307 et
3200 1253 3256 1307 in
3287 1254 3388 1308 hoc
3418 1254 3710 1325 Evangelia

2133 1357 2189 1408 et
2214 1348 2271 1403 in
2307 1347 2495 1403 multis
2525 1347 2660 1402 locis
2692 1347 2937 1416 exempla
2970 1346 3229 1416 perplura
3248 1358 3373 1401 sunt
3402 1356 3464 1400 ut
3491 1346 3625 1400 illud
3652 1348 3712 1400 de

2133 1442 2469 1512 negotiatore
2515 1439 2778 1510 quaerenti
2828 1439 2998 1494 bonas
3041 1437 3383 1507 margaritas.
3450 1437 3712 1507 Margari-

2138 1539 2254 1590 tum
2282 1531 2448 1595 enim,
2480 1538 2565 1586 est
2592 1529 2816 1584 verbum
2845 1527 2960 1593 Dei,
2988 1535 3044 1582 et
3066 1543 3131 1581 ex
3159 1526 3303 1581 omni
3342 1535 3501 1595 parte
3535 1533 3712 1594 potest

2134 1623 2422 1695 perforari.
2457 1622 2647 1686 Petito,
2672 1616 2993 1676 subauditur
3020 1632 3185 1682 sese,
3212 1625 3259 1669 et
3299 1616 3514 1669 dabitur
3549 1616 3711 1671 mltis.

2136 1717 2313 1772 Petite
2342 1715 2543 1778 animo,
2574 1711 2804 1783 quaerite
2831 1708 3041 1773 verbis,
3068 1708 3278 1778 pulsate
3310 1708 3592 1777 operibus.
3617 1708 3716 1763 Pe—

454 1806 905 1861 condemnatores
923 1844 938 1868 ,
964 1812 1026 1858 ut
1051 1802 1152 1859 Job
1181 1803 1312 1858 dicit
1338 1820 1351 1856 :
1381 1799 1607 1856 Causam
1642 1818 1800 1871 quam
1837 1803 2030 1855 nescie-
2057 1794 2105 1852 B
2131 1807 2229 1862 tite
2253 1807 2438 1869 verbo,
2465 1803 2690 1875 qumrite
2713 1799 2966 1871 operibus
2999 1798 3191 1863 bonis,
3225 1797 3434 1868 pulsate
3457 1812 3715 1866 pcrseve-

454 1896 572 1948 bam
598 1893 990 1965 diligentissime
1017 1884 1409 1963 inuestigabam.
1434 1892 1723 1946 Enimvero
1742 1893 1794 1945 in
1811 1888 2031 1960 judiciis

456 1985 637 2038 nullus
665 1984 822 2039 debet
850 1998 1026 2054 neque
1059 1984 1314 2039 clericum
1340 1997 1516 2053 neque
1543 1982 1736 2037 laicum
1758 1980 2027 2050 judicare,

452 2075 630 2130 donec
674 2075 1067 2137 confessionem
1115 2074 1282 2144 ipsius
1316 2073 1500 2138 audiat
1527 2074 1593 2127 de
1620 2082 1842 2143 peceato
1890 2074 2030 2129 unde

452 2165 648 2234 agitur.
673 2165 912 2233 Denique
942 2165 1009 2219 de
1049 2162 1351 2218 manifestis
1390 2163 1627 2232 peccatis
1659 2162 1854 2217 Paulus
1876 2162 2031 2232 jubet

446 2251 713 2321 judicare,
740 2261 800 2307 ut
825 2262 951 2309 sunt
972 2261 1179 2324 stupra,
1210 2252 1501 2309 homicidia
1523 2293 1537 2318 ,
1565 2251 1726 2307 furta.
1765 2253 1856 2308 Sic
1882 2254 2028 2313 enim

457 2343 590 2397 dicit
617 2361 630 2396 :
667 2340 1023 2413 Congregatus
1052 2342 1311 2397 vobiscum
1348 2360 1460 2398 meo
1489 2344 1678 2415 spiritu
1705 2381 1720 2408 ,
1746 2343 1862 2412 jam
1881 2343 2030 2413 judi-

455 2432 570 2485 cavi
597 2448 715 2485 eum
737 2435 827 2503 qui
851 2434 925 2488 sic
956 2444 1199 2505 operatus
1224 2445 1300 2491 est
1325 2436 1531 2492 tradere
1552 2435 1765 2493 Satana:
1796 2437 1850 2491 in
1873 2437 2031 2495 inter-

450 2520 583 2572 itum
604 2523 799 2575 carnis.

521 2609 591 2664 In
631 2628 733 2680 quo
773 2612 912 2665 enim
938 2612 1145 2682 judicio
1181 2613 1572 2683 judicaveritis,
1596 2615 1918 2677 subauditur
1949 2631 2030 2672 m-

449 2715 630 2765 tusrs,
644 2700 1016 2771 judicabimini
1040 2703 1218 2774 justo,
1239 2704 1364 2774 quia
1400 2703 1598 2772 injuste
1629 2705 1932 2775 judicastis.
1960 2704 2029 2760 Et

449 2805 553 2860 qua
574 2807 819 2844 mensura
847 2793 1010 2846 mensi
1034 2792 1242 2861 fueritis
1266 2793 1563 2847 remetietur
1587 2793 1745 2847 vobis.
1773 2792 1829 2859 Si
1857 2795 2028 2859 scier-.-

452 2889 555 2948 ter,
572 2882 762 2952 inquit,
783 2884 963 2937 omnia
981 2898 1100 2952 qua:
1118 2882 1313 2939 valetis
1332 2885 1471 2940 bona
1486 2884 1666 2939 facere
1688 2900 1751 2939 ac
1771 2886 2030 2957 proximis

452 2970 709 3025 intimare
736 2972 988 3037 studetis,
1019 2972 1194 3027 aderit
1212 2972 1393 3027 divina
1431 2974 1627 3044 pietas,
1660 2989 1779 3049 quae
1806 2974 1958 3029 vobis
1977 2983 2032 3033 et

452 3060 505 3123 in
533 3061 787 3130 praesenti
813 3075 1029 3117 sensum
1053 3061 1246 3117 altiora
1270 3062 1551 3137 capiendi,
1585 3077 1649 3118 ac
1683 3062 1906 3119 fortiora
1935 3080 2026 3135 ge-

451 3151 605 3205 rendi
645 3150 893 3206 elfectum
937 3151 1215 3219 conferet,
1243 3160 1299 3207 et
1341 3152 1397 3206 in
1436 3151 1616 3211 futuro
1662 3168 1824 3223 supra
1867 3169 2028 3229 quam

451 3253 672 3308 sperare
718 3241 970 3311 possitis,
1011 3248 1229 3296 aeternae
1278 3242 1429 3297 vobis
1473 3242 1612 3297 dona
1660 3244 2030 3305 retributionis

451 3331 712 3389 conferet.
750 3329 890 3397 Quid
922 3341 1095 3387 autem
1124 3332 1263 3387 vides
1297 3332 1547 3401 festucam
1579 3332 1633 3399 in
1671 3334 1820 3394 oculo
1847 3335 2029 3404 fratris

451 3422 570 3475 tui?
594 3421 675 3477 Ad
702 3422 804 3477 hoc
831 3422 974 3492 quod
1001 3422 1340 3492 praemiserat
1377 3422 1601 3492 respicit
1634 3423 1799 3489 istud,
1828 3439 1934 3479 non
1962 3425 2031 3480 ad

448 3512 806 3584 iudicandum
833 3521 1040 3567 temere
1063 3509 1312 3567 fratrem.
1330 3512 1509 3583 Quare
1534 3512 1758 3572 alterius
1784 3514 2030 3580 conside-

452 3620 580 3672 ras,
625 3612 681 3659 et
725 3613 817 3658 tua
863 3603 1240 3660 Oblivisceris?
1282 3603 1419 3659 Cum
1462 3603 1612 3659 vides
1652 3604 1813 3664 alium
1845 3605 2031 3660 leviter

449 3710 682 3766 peccare
701 3735 716 3760 ,
763 3694 1093 3749 condemnas
1111 3734 1126 3760 ,
1152 3701 1208 3749 et
1225 3691 1435 3762 judicas
1461 3695 1645 3769 gravia
1662 3736 1676 3760 ,
1706 3704 1760 3750 et
1793 3704 1881 3749 tua
1907 3713 2030 3767 gra—

451 3787 603 3842 viora
643 3787 882 3841 aastimas
918 3785 1077 3842 levia.
1118 3785 1223 3841 Per
1254 3786 1514 3841 festucam
1561 3786 1679 3842 leve
1716 3800 2027 3857 peceatum,

452 3879 687 3933 subitam
735 3879 904 3945 iram,
950 3886 1044 3934 aut
1087 3879 1313 3935 verbum
1365 3880 1641 3945 otiosum;
1685 3895 1781 3952 per
1826 3883 2029 3936 trabem

451 3971 632 4025 odium
660 3970 1043 4037 inveteratum,
1075 3978 1169 4026 aut
1197 3970 1453 4025 invidiam
1473 4010 1487 4036 ,
1522 3972 1606 4024 vel
1633 3972 1880 4040 graviora
1908 3987 2032 4040 pec-

457 4070 601 4116 cata.
643 4060 930 4117 Festucam
964 4077 1064 4132 per
1092 4077 1149 4126 e,
1180 4060 1360 4116 dicere
1398 4060 1689 4129 debemus,
1723 4078 1826 4116 non
1858 4063 2026 4133 peri,

453 4154 595 4212 sicut
626 4152 768 4219 Beda
798 4140 1062 4224 prtecipit.
1102 4152 1308 4210 Trabes
1347 4153 1566 4225 proprie
1600 4153 1854 4211 dicuntur
1887 4154 2031 4225 ligna

452 4246 671 4304 navium
696 4246 748 4300 in
777 4255 1102 4311 transverso,
1130 4245 1219 4300 ubi
1240 4246 1584 4317 navigatores
1606 4245 1811 4313 sedent,
1835 4254 1890 4300 et
1912 4246 2035 4302 inde

453 4337 617 4391 etiam
643 4338 823 4392 trabes
851 4337 1106 4392 dicuntur
1134 4336 1187 4390 in
1217 4336 1483 4402 domibus,
1515 4350 1635 4406 qua:
1675 4343 1876 4390 tectum
1916 4350 2034 4390 sus.

457 4425 650 4488 tinent,
692 4432 748 4480 et
790 4432 874 4480 est
907 4424 1165 4495 allegoria
1190 4424 1243 4478 in
1267 4426 1370 4479 hoc
1395 4424 1546 4491 loco,
1578 4424 1909 4493 comparatio
1936 4439 2033 4493 per

455 4517 689 4586 speciem
722 4515 995 4587 parabolae
1016 4556 1031 4582 ,
1063 4516 1131 4570 de
1160 4531 1219 4570 re
1249 4516 1527 4570 inanimali
1553 4516 1621 4570 ad
1659 4516 1911 4581 animale,
1964 4517 2030 4570 de

456 4607 664 4662 festuca
677 4608 744 4661 ad
761 4614 1061 4677 peccatum.
1088 4605 1391 4675 Hypocrita,
1418 4607 1549 4676 ejice
1576 4607 1802 4678 primum
1832 4607 2029 4662 trabem

457 4699 521 4752 de
549 4697 696 4751 oculo
727 4707 836 4773 tuo,
863 4706 911 4751 et
940 4707 1060 4751 tunc
1084 4696 1277 4751 videbis
1308 4697 1493 4766 ejicere
1519 4697 1772 4766 festucam
1793 4699 1855 4753 de
1881 4698 2030 4753 oculo

440 4786 642 4856 -fratris
673 4787 768 4841 tui.
797 4786 911 4853 Hoc
937 4793 1020 4841 est
1054 4801 1223 4857 purga
1259 4785 1486 4856 teipsum
1531 4800 1562 4838 a
1605 4786 1872 4843 criminali
1906 4802 2031 4857 pec-

460 4883 601 4941 cato,
633 4883 688 4930 et
716 4883 844 4930 tunc
861 4876 1068 4946 poteris
1095 4889 1326 4944 purgare
1355 4873 1578 4929 fratrem
1599 4888 1630 4928 a
1655 4873 1759 4929 levi
1783 4886 2027 4945 peccato.

460 4967 598 5035 Quia
630 4982 788 5022 nemo
830 4966 1065 5021 sordidis
1107 4966 1354 5020 manibus
1395 4972 1573 5036 potest
1619 4979 1715 5020 vas
1754 4966 2030 5021 sordidum

461 5059 755 5127 mundare,
786 5059 889 5113 nisi
923 5066 1048 5111 ante
1086 5056 1276 5110 laverit
1309 5072 1522 5111 manus.
1556 5050 1863 5127 Hypocrita‘
1886 5056 2034 5113 Grat-

464 5164 587 5203 cum
614 5157 696 5202 est
719 5147 909 5200 Latine
939 5146 1235 5210 simulatio,
1258 5145 1337 5198 vel
1367 5144 1650 5200 simulator
1677 5145 1893 5201 dicitur.
1920 5146 2035 5200 No-

463 5239 552 5293 lite
577 5249 814 5292 sanclum
839 5238 964 5292 dare
990 5237 1226 5301 canibus,
1257 5253 1415 5306 neque
1444 5237 1660 5303 mittatis
1698 5246 1817 5290 ante
1853 5253 2035 5308 porcos

463 5330 777 5398 margaritas
816 5338 1027 5382 vestras.
1088 5326 1263 5381 Canes
1309 5327 1397 5381 hic
1436 5326 1679 5394 haeretici
1724 5326 2033 5397 intelligun-

465 5424 576 5479 tur,
607 5415 688 5470 vel
720 5424 974 5485 apostatae
996 5416 1316 5481 Christiani,
1340 5416 1432 5484 qui
1460 5424 1580 5486 post
1608 5417 1842 5487 agnitam
1872 5417 2033 5471 ﬁdem

468 5513 808 5560 revertuntur
838 5506 905 5559 ad
934 5506 1157 5574 pristina
1180 5515 1416 5575 peccata.
1442 5506 1600 5560 Porci
1626 5515 1809 5563 autem
1839 5507 2034 5561 intelli-

467 5602 666 5662 guntur
706 5596 918 5665 pagani.
967 5596 1103 5661 Quia
1147 5596 1284 5649 sicut
1322 5597 1469 5664 porci
1502 5594 1686 5663 jacent
1734 5610 1945 5664 semper
1976 5597 2032 5651 in

467 5681 601 5745 luto,
629 5681 878 5736 similiter
904 5691 959 5736 et
989 5684 1073 5737 isti
1114 5698 1328 5754 semper
1357 5683 1540 5753 jacent
1575 5685 1626 5738 in
1661 5686 1842 5757 pravis
1879 5685 2029 5757 volu-

2060 4470 2109 4529 D

2129 1896 2328 1952 rantia.
2350 1895 2525 1949 Petite
2546 1893 2727 1956 (idem,
2753 1890 2978 1961 quaerite
3005 1903 3156 1959 spem
3174 1929 3189 1951 ,
3223 1888 3436 1958 pulsate
3471 1888 3712 1942 charita-

2132 1996 2259 2041 tcm.
2295 1984 2477 2039 Omnis
2506 1983 2643 2037 enim
2667 1982 2754 2053 qui
2782 1981 2908 2051 petit
2927 2018 2942 2045 ,
2962 1977 3283 2037 Subauditur.
3299 1994 3434 2032 sese
3452 2019 3466 2037 .
3494 1977 3709 2047 accipit,

2082 2136 2101 2159 Γ
2129 2086 2175 2131 et
2202 2074 2292 2147 qui
2320 2073 2506 2143 quierit
2528 2086 2627 2142 per
2654 2072 2793 2125 bona
2824 2084 2991 2140 Opera
3018 2069 3276 2131 inveniet,
3310 2078 3360 2122 et
3374 2066 3627 2137 pulsanti
3659 2068 3710 2121 in

2129 2162 2555 2235 perseverantia,
2575 2160 2855 2230 aperietur.
2877 2158 3005 2223 Quis
3028 2168 3100 2212 est
3123 2174 3187 2211 ea:
3209 2158 3348 2211 vobis
3361 2157 3538 2220 homo,
3556 2173 3710 2227 quem

2129 2252 2174 2306 si
2200 2251 2406 2322 petierit
2438 2250 2582 2320 ﬁlius
2606 2265 2732 2315 suus
2759 2264 2979 2318 panem,
3011 2246 3248 2317 nunquid
3287 2245 3518 2315 lapidem
3563 2246 3711 2299 dabit

2128 2342 2247 2406 illi?
2272 2340 2432 2407 Juxta
2469 2340 2767 2411 simplicem
2805 2339 3214 2409 intelligentiam
3251 2338 3429 2393 nullus
3471 2337 3587 2393 filio
3614 2354 3710 2393 suo

2128 2433 2266 2487 bona
2284 2433 2482 2502 petenti
2506 2432 2644 2491 mala
2670 2433 2788 2496 dat;
2810 2439 3013 2499 quanto
3035 2429 3208 2499 magis
3229 2430 3498 2498 Deus,qui
3517 2444 3709 2485 essen-

2129 2522 2329 2592 tialitcr
2351 2523 2525 2576 bonus
2553 2522 2668 2575 est!
2699 2520 2862 2574 etiam
2898 2519 2943 2573 si
2987 2518 3125 2572 mala
3165 2526 3413 2588 petamus
3451 2519 3713 2590 ignoran-

2130 2622 2234 2678 ter,
2259 2613 2399 2668 bona
2423 2612 2570 2667 dabit
2594 2611 2979 2682 spiritualiter?
3003 2610 3058 2666 Si
3088 2620 3339 2681 petamus
3370 2611 3531 2665 ﬁdem
3552 2653 3569 2675 ,
3600 2627 3708 2666 non

2128 2705 2393 2769 retribuet
2416 2702 2817 2768 inﬁdelitatem;
2850 2711 2906 2757 et
2933 2703 2978 2757 si
3008 2718 3181 2772 spem,
3208 2718 3315 2758 non
3342 2702 3492 2758 dabit
3518 2703 3712 2772 despe-

2128 2795 2426 2859 rationem,
2454 2794 2578 2869 quia
2610 2793 2748 2849 sicut
2784 2793 2950 2863 piscis
2989 2793 3120 2848 latet
3161 2793 3214 2847 in
3248 2809 3421 2862 aqua,
3457 2793 3711 2849 similiter

2130 2900 2254 2957 spes
2282 2892 2466 2939 nostra
2499 2885 2633 2939 latet
2662 2883 2714 2938 in
2749 2883 3003 2954 praesenti
3036 2882 3265 2948 saeculo,
3296 2883 3394 2942 sed
3417 2883 3709 2954 apparebit

2129 2976 2186 3044 in
2212 2976 2416 3041 futuro,
2442 2977 2656 3045 quando
2687 2976 3007 3036 satiabimur
3036 2975 3090 3029 in
3118 2973 3273 3036 bonis
3321 2974 3437 3028 Dei.
3480 2973 3541 3028 Si
3580 2992 3709 3045 ergo

2133 3083 2244 3133 vos,
2275 3083 2395 3121 cum
2415 3066 2532 3120 sitis
2554 3065 2700 3120 mali.
2730 3064 3032 3131 Notandum
3064 3064 3207 3135 quod
3237 3062 3507 3133 apostolos
3534 3064 3707 3119 malos

2056 3132 2101 3195 (ἶ
2135 3155 2288 3217 dicit.
2316 3154 2441 3224 quia
2466 3155 2532 3209 ad
2561 3153 3019 3223 comparationem
3043 3132 3162 3217 Dei,
3191 3132 3350 3207 nemo
3374 3154 3570 3216 bonus,
3609 3168 3712 3223 per

2128 3258 2187 3298 se
2210 3252 2390 3299 autem
2418 3244 2598 3298 omnis
2623 3250 2875 3298 creatura
2900 3242 3061 3297 bona.
3086 3240 3278 3296 Omnia
3308 3258 3428 3313 ergo
3451 3259 3710 3312 quacun-

2125 3351 2225 3405 que
2245 3332 2400 3389 vultis
2427 3342 2483 3386 ut
2511 3333 2710 3401 faciant
2736 3333 2875 3389 vobis
2900 3334 3132 3387 homines
3153 3343 3201 3387 et
3219 3349 3305 3387 vos
3328 3332 3487 3403 facile
3512 3334 3614 3387 eis.
3634 3334 3710 3390 De

2127 3431 2231 3497 hoc
2257 3431 2422 3484 verbo
2449 3437 2627 3500 potest
2663 3416 2921 3500 intelligi,
2953 3428 3095 3498 quod
3131 3429 3393 3499 propheta
3419 3429 3500 3483 ait
3524 3448 3537 3481 :
3564 3428 3708 3495 Quis

2126 3521 2337 3580 verbum
2360 3521 2648 3576 breviatum
2675 3520 2834 3591 faciet
2861 3519 3118 3575 Dominus
3143 3536 3299 3589 super
3327 3529 3546 3577 terram.
3575 3518 3708 3577 Hac

2127 3612 2229 3667 fuit
2253 3612 2338 3667 lex
2367 3611 2651 3677 naturalis,
2681 3625 2843 3680 quam
2869 3608 3040 3670 Adam
3067 3610 3296 3680 accepit.
3314 3609 3439 3664 Hice
3461 3620 3538 3664 est
3566 3611 3707 3669 enim

2128 3702 2212 3767 lex
2238 3711 2286 3756 et
2323 3701 2604 3773 prophetae.
2636 3699 2771 3767 Quia
2808 3713 3141 3769 quascunque
3179 3699 3231 3753 in
3274 3699 3545 3755 latissimo
3573 3699 3709 3771 legis

2131 3793 2271 3859 libro
2293 3802 2350 3848 et
2373 3793 2762 3863 prophetarum
2792 3792 3008 3861 scriptis
3042 3792 3318 3873 mandavit
3336 3832 3352 3856 ,
3380 3792 3425 3846 si
3455 3792 3707 3846 dilectio—

2131 3898 2252 3937 nem
2299 3895 2429 3952 erga
2479 3881 2783 3950 proximum
2841 3879 3134 3944 habueris,
3185 3888 3356 3933 totum
3406 3879 3705 3935 custodies.

2131 3972 2321 4037 ania
2354 3972 2497 4026 enim
2532 3973 2671 4025 bona
2710 3973 2790 4025 vis
2826 3970 2921 4025 tibi
2957 3964 3074 4033 ﬁeri
3096 4010 3111 4035 ,
3141 3977 3197 4026 et
3236 3977 3289 4023 tu
3334 3968 3474 4024 facis
3514 3970 3706 4037 alteri;

2130 4062 2331 4119 malum
2372 4062 2466 4116 ulli
2516 4076 2621 4115 non
2666 4059 2851 4123 facies,
2892 4059 3145 4129 quoniam
3181 4074 3288 4113 non
3321 4058 3406 4113 vis
3437 4059 3540 4113 tibi
3573 4059 3708 4114 lien'.

2131 4153 2336 4210 Intrate
2355 4169 2446 4222 per
2470 4161 2744 4222 angustam
2780 4160 3002 4221 portam.
3035 4150 3305 4221 Allegoria
3331 4159 3417 4205 est
3455 4151 3551 4205 hic
3577 4152 3709 4222 quia

2131 4258 2230 4313 per
2275 4250 2485 4313 portam
2533 4241 2621 4301 via
2676 4241 3053 4308 mandatorum
3104 4238 3305 4294 Christi
3352 4239 3713 4310 intelligitur?

2133 4333 2267 4390 Lata
2293 4333 2373 4387 via
2398 4341 2472 4386 est
2509 4341 2556 4385 et
2580 4332 2846 4404 spatiosa,
2890 4346 3007 4400 qua:
3042 4329 3184 4391 ducit
3218 4329 3289 4382 ad
3335 4330 3710 4399 perditionem,

2134 4421 2238 4483 hoc
2263 4430 2347 4476 est
2384 4420 2631 4494 voluptas
2664 4420 2845 4477 szeculi
2882 4434 3002 4493 qua:
3039 4435 3098 4474 se
3124 4427 3316 4489 sponte
3351 4419 3549 4486 offert;
3580 4422 3711 4491 quia

2136 4528 2332 4581 corpus
2368 4514 2469 4576 hoc
2516 4512 2777 4577 delectat,
2814 4526 2919 4569 non
2959 4519 3043 4566 est
3072 4527 3296 4567 necesse
3324 4528 3575 4582 quaerere
3612 4530 3712 4569 nec

2136 4606 2377 4670 discere,
2420 4612 2474 4668 et
2518 4610 2800 4676 propterea
2846 4602 2998 4658 multi
3044 4612 3206 4669 sunt,
3246 4604 3338 4673 qui
3370 4604 3581 4658 intrant
3615 4620 3713 4673 per

2135 4709 2274 4750 eam.
2310 4692 2479 4758 Quam
2504 4702 2737 4765 angusta.
2756 4701 2928 4763 porta,
2958 4701 3008 4746 et
3034 4702 3181 4746 arcta
3202 4694 3286 4746 via
3313 4709 3428 4763 qui:
3455 4693 3606 4747 ducit
3642 4695 3711 4749 ad

2136 4784 2314 4839 vitam.
2339 4782 2397 4837 ld
2420 4791 2505 4852 est
2530 4782 2687 4836 valde
2710 4790 2958 4851 angusta,
2990 4796 3087 4852 per
3103 4780 3306 4852 jejuuia
3322 4822 3337 4853 ,
3369 4797 3467 4852 per
3493 4784 3709 4853 patien—

2137 4876 2291 4940 tiam,
2322 4888 2420 4944 per
2450 4873 2789 4929 dilectionem
2829 4874 3169 4930 inimicorum
3189 4913 3204 4940 ,
3231 4875 3485 4940 saxulum
3528 4882 3710 4928 trans-

2133 4967 2246 5032 ire,
2282 4976 2338 5023 et
2373 4966 2441 5020 ad
2475 4967 2641 5025 vitam
2675 4976 2931 5029 aeternam
2967 4966 3270 5036 pervenire.
3306 4965 3465 5019 Arcto
3494 4967 3579 5020 via
3607 4974 3708 5020 est.

2136 5056 2288 5112 Unde
2321 5064 2377 5109 et
2407 5054 2655 5117 Psalmus
2689 5056 2819 5122 dicit
2851 5072 2867 5109 :
2901 5054 3013 5125 Ego
3037 5055 3291 5110 custodiri
3315 5054 3423 5108 nias
3446 5055 3639 5108 duras.

2207 5145 2276 5198 Et
2300 5147 2456 5215 pauci
2479 5154 2601 5212 sunt
2631 5146 2720 5217 qui
2741 5147 3005 5201 inveniunt
3042 5162 3176 5199 eam.
3215 5145 3423 5199 Paucos
3456 5146 3593 5199 dicit
3628 5146 3714 5199 in-

2138 5235 2356 5300 venire;
2397 5249 2498 5289 nec
2537 5243 2720 5301 tamen
2758 5249 2947 5289 omnes
2980 5235 3072 5305 qui
3112 5235 3392 5288 inveniunt
3439 5248 3542 5302 per
3585 5248 3712 5287 eam

2139 5322 2479 5395 gradiuntur,
2529 5324 2781 5391 quoniam
2829 5323 2982 5377 multi
3028 5330 3151 5389 sunt
3200 5325 3292 5393 qui
3341 5325 3519 5378 sciunt
3565 5324 3715 5391 quod

2138 5430 2302 5468 unum
2328 5414 2497 5468 Deum
2520 5413 2812 5468 Christiani
2839 5413 3037 5477 colant,
3067 5422 3122 5468 et
3147 5422 3325 5468 tamen
3352 5414 3451 5483 ipsi
3486 5429 3595 5467 non
3618 5428 3717 5466 co-

2137 5504 2274 5559 lunt.
2327 5506 2392 5560 Et
2437 5505 2590 5559 multi
2646 5512 2770 5559 sunt
2810 5504 2902 5573 qui
2952 5520 3012 5558 se
3056 5505 3234 5558 verbis
3267 5504 3506 5558 fatentur
3539 5505 3710 5557 Deum

2136 5611 2324 5659 nosse,
2358 5604 2413 5650 et
2441 5595 2777 5649 Christianos
2806 5608 2866 5648 se
2905 5609 3026 5648 esse
3062 5594 3416 5663 proﬁtentur:
3446 5601 3503 5647 et
3549 5591 3712 5644 factis

2136 5693 2366 5763 negant,
2395 5693 2450 5739 et
2490 5685 2612 5739 ideo
2653 5664 2863 5738 arctam,
2904 5683 3046 5737 viam
3096 5699 3200 5736 non
3239 5683 3547 5746 ambulant,
3572 5680 3712 5749 quia
