3962 6174
203 318 334 372 1521

1335 313 1690 372 EXPOSITIO
1723 315 1790 369 ιΝ
1828 314 2260 373 ΜΑΤΤΠΑΞΟΜ.

3273 313 3409 370 1522

198 429 444 484 similiter
487 428 539 482 in
571 427 816 486 alimloco
852 424 1110 481 Dominus
1149 426 1276 480 dicit
1304 444 1316 478 :
1352 427 1506 481 Multi
1551 429 1748 490 vocati,
1779 433 1825 491 Α
1856 427 2008 484 Sicut
2035 431 2176 484 enim
2204 445 2535 500 unaquaeque
2566 433 2727 485 arbor
2755 444 2822 485 ex
2848 431 3024 484 fructu
3048 430 3404 500 cognoscitur,

197 522 349 590 pauci
366 516 530 574 electi.
560 518 1064 581 Vocati,Cbristiani
1093 517 1241 574 facti.
1262 516 1428 572 Pauci
1447 519 1611 586 electi.
1627 521 1751 588 quia

197 623 358 678 opere
384 615 578 678 negant
601 609 787 662 Deum.

749 706 754 712 ’
777 697 1002 753 CAPUT
1040 697 1177 751 XIV.

511 787 588 840 De
609 787 832 840 cavendo
861 805 893 842 a
930 787 1078 856 falsis
1107 785 1438 842 Christianis.

235 871 238 875 λ
264 878 524 932 Attendite
553 895 583 930 a
607 878 754 946 falsis
774 879 1051 947 prophetis.
1075 876 1349 933 Attendite
1370 919 1384 943 ,
1409 885 1624 942 cavete,
1659 878 1754 931 oh-

196 976 424 1023 scrvate.
453 968 507 1020 In
532 967 702 1022 tribus
723 967 854 1021 locis
878 968 932 1021 in
955 969 1055 1022 hoc
1081 967 1214 1021 libro
1236 967 1378 1022 istud
1403 969 1622 1021 verbum
1650 976 1751 1028 est,

194 1070 249 1114 et
277 1074 489 1128 semper
527 1058 774 1112 eumdem
820 1074 1034 1138 sensum
1075 1058 1251 1112 habet.
1289 1057 1436 1111 Multi
1481 1058 1755 1125 propbctze

199 1151 313 1206 falsi
343 1160 704 1220 apparuerunt
731 1151 780 1203 in
820 1149 904 1203 illa
933 1159 1089 1220 gente
1126 1149 1286 1203 etiam
1315 1157 1434 1217 post
1467 1139 1751 1202 adventum

197 1240 427 1303 Domini,
454 1239 593 1293 sicut
619 1239 717 1292 fuit
737 1237 1003 1294 Theodas.
1035 1249 1088 1292 et
1116 1237 1281 1292 Judas
1306 1237 1556 1292 Galilaeus
1574 1278 1588 1302 ,
1618 1238 1756 1291 sicut

196 1331 250 1384 in
284 1330 507 1386 Actibus
532 1329 890 1400 apostolorum
918 1329 1161 1400 legimus.
1189 1329 1255 1384 Et
1295 1329 1359 1383 de
1388 1329 1470 1382 his
1505 1329 1756 1398 prmccpit

197 1423 481 1492 apostolis.
523 1437 588 1476 ne
617 1431 969 1489 sequerentur
997 1436 1091 1476 eos
1118 1430 1172 1477 et
1208 1422 1480 1491 perirent,
1510 1421 1649 1475 sicut
1678 1419 1754 1473 illi

196 1523 286 1585 qui
316 1532 409 1570 cos
435 1517 603 1569 secuti
623 1523 762 1568 sunt.
779 1513 904 1567 Post
925 1529 1054 1568 vero
1077 1514 1142 1581 de
1161 1514 1410 1570 omnibus
1434 1513 1582 1568 falsis
1601 1513 1756 1568 Chri-

195 1606 384 1661 stianis
410 1612 584 1673 potest
608 1603 799 1672 accipi,
817 1603 908 1672 qui
926 1603 1068 1659 aliud
1087 1619 1200 1670 ore,
1225 1603 1365 1657 aliud
1385 1618 1548 1672 opere
1569 1608 1751 1673 agunt.

195 1698 329 1752 Nam
383 1694 597 1748 fuerunt
640 1693 834 1763 pagani
876 1692 968 1765 qui
1019 1693 1268 1748 dixerunt
1313 1709 1371 1749 sc
1421 1693 1755 1748 Christianos

1853 530 1909 576 et
1935 522 2014 577 vel
2056 523 2304 576 laudatur
2342 539 2409 576 ex
2447 523 2592 592 ipso,
2638 523 2717 577 sic
2741 523 2916 578 omnis
2956 523 3116 576 homo
3145 535 3212 574 ex
3248 535 3411 592 opere

1854 625 1952 664 suo
1974 651 1988 673 ,
2017 611 2158 680 quod
2186 621 2270 666 est
2310 610 2518 666 fructus
2543 611 2688 679 ejus,
2718 620 2814 666 aut
2843 611 3289 675 remunerabitur,
3319 620 3413 664 aut

1854 701 2318 754 condemnabitur.
2347 701 2414 755 Et
2433 709 2517 756 est
2542 701 2794 771 allegoria
2837 699 3104 771 parabolae
3131 714 3413 770 compara-

1856 791 1932 846 tio
1953 791 2018 846 de
2044 790 2283 845 inferiori
2307 793 2374 846 ad
2400 793 2730 861 superiorem
2753 793 3036 846 hortantis.
3066 791 3208 846 Uvas
3229 791 3413 845 debuit

1854 881 2032 936 facere
2062 881 2248 947 Israel,
2279 890 2334 936 et
2361 883 2489 937 fecit
2529 883 2840 946 labruscas;
2867 891 2921 937 et
2958 881 3140 937 debuit
3171 881 3412 950 proferre

1854 972 1990 1027 ficus
2031 972 2359 1038 dulcedinis,
2405 982 2458 1027 et
2505 974 2630 1028 fecit
2665 973 2798 1028 ﬁcus
2844 973 3237 1028 amaritudinis.
3277 973 3413 1028 Vitis

1854 1063 1996 1117 dicta
2026 1063 2166 1131 quod
2183 1062 2288 1115 vim
2313 1064 2510 1117 habeat
2526 1063 2822 1117 radicandi.
2846 1062 3004 1117 Ficus
3021 1077 3056 1115 a
3086 1061 3411 1116 fecunditate

1855 1154 2069 1217 dicitur,
2087 1168 2151 1207 eo
2172 1155 2314 1223 quod
2338 1161 2419 1207 ter
2446 1153 2497 1207 in
2519 1168 2658 1207 anno
2676 1152 2907 1208 fructum
2927 1151 3086 1206 ferat.
3112 1151 3235 1205 Non
3253 1161 3415 1219 potest

1853 1245 2012 1298 arbor
2047 1238 2180 1298 bona
2220 1244 2421 1313 [metus
2456 1243 2621 1298 malos
2652 1244 2856 1313 facere,
2885 1260 3044 1313 neque
3083 1241 3416 1295 arbormala

1856 1335 2057 1403 fructus
2089 1333 2247 1386 bonos
2279 1333 2473 1402 facere.
2506 1331 2562 1387 Si
2592 1334 2752 1387 arbor
2782 1333 2921 1387 bona
2961 1346 3067 1385 non
3104 1338 3282 1400 potest
3308 1327 3418 1382 fru-

1855 1436 1975 1482 ctus
2001 1425 2170 1480 malos
2189 1411 2406 1486 facere,
2436 1423 2704 1493 quomodo
2732 1422 2939 1493 Moyses
2980 1422 3141 1476 arbor
3174 1420 3313 1474 bona
3351 1417 3417 1471 ad

1857 1531 2052 1586 aquam
2077 1514 2519 1570 contradictionis
2546 1514 2806 1584 peccavit,
2833 1523 2888 1567 et
2915 1512 3080 1566 David
3100 1509 3417 1565 adulterium

1855 1613 1911 1658 et
1943 1602 2292 1658 homicidium
2317 1603 2606 1667 commisit,
2635 1611 2688 1656 et
2715 1601 2906 1656 Petrus
2937 1599 3222 1655 Dominum
3255 1612 3418 1668 nega-

1856 1692 1970 1746 vit?
1990 1691 2074 1746 vel
2102 1692 2369 1762 quomodo
2397 1690 2582 1747 Jetbro
2623 1700 2680 1746 et
2716 1691 2936 1756 Achior,
2977 1689 3197 1744 arbores
3227 1687 3412 1743 malae.

195 1804 316 1843 esse
340 1827 355 1851 ,
391 1795 450 1840 ut
480 1793 697 1855 possent
725 1798 910 1839 eorum
945 1783 1185 1839 habitum
1211 1784 1522 1854 explorare,
1550 1792 1605 1838 et
1640 1793 1753 1838 tra-
1783 1779 1830 1838 B
1857 1782 2141 1836 consilium
2184 1781 2313 1836 utile
2356 1777 2644 1838 dederunt?
2682 1779 2789 1835 Sed
2829 1769 3104 1834 sciendum
3134 1777 3276 1846 quod
3307 1785 3415 1829 tam

197 1881 324 1933 dere
355 1879 420 1932 ad
449 1885 676 1954 mortem
699 1875 1251 1949 ,uttorquerenLSed
1289 1884 1344 1931 et
1383 1877 1448 1931 de
1493 1876 1759 1930 haereticis

196 1976 373 2038 potest
393 1967 580 2036 accipi.
601 1964 702 2032 Qui
724 1967 928 2024 veniunt
955 1966 1026 2020 ad
1048 1983 1133 2020 vos
1154 1967 1208 2020 in
1226 1967 1538 2020 vestimentis
1560 1967 1755 2020 ovium.

197 2056 356 2119 Oves,
390 2055 546 2109 molle
575 2069 756 2124 pecus,
787 2070 982 2125 corpus
1007 2055 1233 2119 inerme,
1256 2056 1435 2112 ariruo
1466 2053 1755 2124 placidum.

196 2145 290 2200 Sic.
311 2145 473 2214 jussit
497 2145 745 2200 Christus
776 2160 894 2200 esse
922 2160 1070 2210 suos,
1096 2145 1285 2210 mites,
1313 2159 1419 2200 non
1449 2144 1761 2199 resistentes

194 2235 338 2291 malo
358 2277 372 2299 ,
402 2251 524 2290 cum
557 2235 804 2290 omnibus
846 2235 1151 2290 hominibus
1181 2250 1374 2304 pacem
1417 2234 1648 2302 habere,
1695 2235 1763 2290 de

197 2328 530 2384 vestimentis
577 2327 690 2382 suis
737 2334 791 2380 et
841 2327 976 2382 cibis
1029 2327 1163 2382 alios
1205 2327 1369 2381 alere.
1423 2325 1610 2381 Omnia
1659 2326 1761 2384 ista

196 2418 623 2474 Christianitatis
649 2426 774 2473 sunt
798 2432 959 2488 opera
989 2427 1044 2472 et
1077 2418 1399 2473 vestimenta
1428 2418 1628 2473 ovium.
1660 2418 1761 2486 Qui

197 2509 302 2563 ista
329 2524 432 2562 non
459 2507 605 2575 facit,
634 2508 790 2579 lupus
835 2517 937 2564 est.
971 2507 1151 2578 Lupus
1178 2508 1362 2564 Graece
1388 2508 1556 2575 lucos,
1591 2510 1761 2575 λύκος,

197 2599 414 2664 dicitur,
437 2609 491 2652 et
510 2598 674 2653 habet
701 2597 994 2653 amoribus
1020 2597 1398 2668 etymologiam
1423 2613 1488 2653 eo
1515 2597 1658 2667 quod
1682 2613 1764 2652 ra-

195 2689 421 2760 pacitati
467 2689 537 2744 sit
575 2704 789 2759 semper
816 2690 1028 2744 deditus
1073 2699 1127 2744 ct
1169 2689 1370 2744 cruori.
1398 2687 1613 2744 Similes
1639 2695 1766 2742 sunt

194 2781 286 2850 qui
318 2795 530 2850 semper
552 2779 685 2834 alios
712 2778 1044 2835 Christianos
1068 2780 1290 2848 cupiunt
1318 2780 1646 2849 depraadare,
1671 2787 1765 2833 aut

196 2888 294 2942 per
323 2871 633 2926 violentiam
673 2881 766 2924 aut
803 2871 964 2924 etiam
996 2871 1149 2940 quasi
1193 2885 1288 2940 per
1328 2870 1497 2941 legem
1545 2869 1766 2924 munda-

198 2978 342 3016 nam.
382 2961 439 3016 Si
467 2970 593 3016 sunt
614 2959 680 3014 de
703 2963 817 3028 ejus
835 2960 1096 3017 beneﬁcio
1117 2961 1395 3015 autetiam
1418 2960 1582 3026 servi,
1610 2959 1692 3014 vel
1719 2959 1765 3014 si

197 3055 395 3110 habent
423 3054 777 3108 ministerium
805 3068 964 3122 super
993 3053 1128 3118 illos,
1161 3063 1409 3124 quaerunt
1453 3052 1765 3110 occasiones

197 3157 257 3201 ut
279 3146 429 3216 quasi
461 3160 558 3215 per
587 3144 756 3214 legem
796 3144 1005 3213 possint
1040 3158 1133 3198 eos
1159 3143 1494 3213 exspoliare;
1530 3159 1635 3198 non
1668 3159 1757 3198 co-

171 3241 373 3309 gitant
400 3237 539 3306 quod
565 3237 631 3291 de
655 3249 756 3290 una
796 3233 1049 3305 progenie
1077 3241 1233 3298 sunt,
1259 3242 1315 3288 et
1347 3233 1413 3288 de
1441 3249 1546 3288 uno
1573 3243 1754 3303 patre,

195 3330 293 3384 sed
325 3328 473 3398 pejus
497 3341 658 3396 quam
683 3341 808 3380 suos
837 3338 1000 3380 canes
1035 3337 1128 3380 eos
1158 3331 1418 3389 tractant;
1447 3338 1552 3377 non
1582 3322 1759 3378 consi-

198 3422 393 3475 derant
433 3420 574 3489 quod
614 3434 718 3473 uno
747 3421 903 3472 modo
929 3417 1070 3474 Deus
1100 3416 1218 3472 illos
1267 3415 1535 3482 condidit,
1571 3423 1626 3471 et
1653 3430 1760 3472 uno

197 3511 456 3580 sanguine
472 3509 714 3564 redemit.
730 3507 880 3575 Quod
907 3507 1020 3576 ipse
1038 3507 1185 3562 dedit
1209 3508 1516 3576 imperatori
1539 3507 1758 3561 intranti

199 3605 252 3658 in
283 3603 560 3667 “modum,
591 3600 737 3656 dedit
757 3608 812 3654 et
835 3599 1082 3654 mendico
1125 3598 1374 3653 similiter
1399 3597 1634 3652 exeunti.
1665 3597 1755 3651 Ni-

199 3696 275 3750 hil
307 3696 357 3748 in
383 3695 524 3748 hunc
547 3693 802 3748 mundum
830 3690 1128 3755 intulimus,
1152 3689 1246 3744 sed
1270 3704 1370 3744 nec
1397 3688 1610 3743 auferre
1635 3688 1761 3757 quid

197 3800 511 3857 possumus,
539 3783 642 3838 nisi
685 3797 847 3853 opera
875 3791 1078 3836 nostra.
1113 3779 1229 3834 Non
1273 3780 1379 3834 erit
1417 3779 1470 3834 in
1513 3779 1615 3834 alia
1652 3778 1760 3832 vita

195 3878 453 3933 discretio
492 3875 698 3931 domini
741 3882 797 3929 et
842 3874 1024 3939 servi,
1066 3872 1168 3928 nisi
1213 3888 1311 3943 per
1347 3872 1559 3926 merita.
1611 3869 1760 3925 Multi

196 3966 488 4024 Christiani
517 3966 767 4020 dicuntur
791 3983 803 4019 :
829 3964 922 4019 sed
944 3964 1154 4020 actione
1173 3963 1282 4033 lupi
1308 3971 1432 4018 sunt
1461 3961 1632 4025 multi,
1655 3976 1760 4016 non

195 4058 370 4113 solum
401 4057 543 4122 laici,
576 4056 670 4111 sed
691 4063 746 4110 et
771 4054 952 4109 clerici
979 4053 1086 4122 lupi
1121 4053 1362 4107 moribus
1398 4060 1552 4116 sunt,
1582 4051 1674 4122 qui
1705 4051 1760 4105 in

195 4147 324 4202 ovili
356 4145 565 4216 Domini
596 4147 737 4200 inter
761 4159 890 4200 oves
914 4143 1181 4209 videntur,
1206 4143 1300 4198 sed
1325 4143 1432 4212 lupi
1458 4141 1758 4197 suntetiam

197 4251 256 4294 et
285 4254 525 4309 rapaces.
1087 4283 1089 4286 .

271 4329 588 4398 Quicunque
627 4342 749 4383 cum
774 4339 968 4398 rapace
1005 4325 1333 4381 consortium
1373 4322 1534 4378 habet
1569 4321 1760 4377 similis

198 4430 285 4476 est
313 4421 408 4475 illi.
446 4421 580 4487 Quia
608 4419 803 4474 Paulus
827 4419 993 4473 dicit:
1028 4417 1088 4473 Si
1108 4417 1222 4487 quis
1245 4415 1410 4486 frater
1435 4414 1755 4480 nominatur,

199 4521 250 4564 et
281 4520 354 4563 est
378 4526 568 4563 avarus
590 4519 682 4562 aut
711 4525 895 4579 rapax,
926 4516 1058 4574 etc.,
1085 4495 1205 4563 cum
1229 4501 1531 4574 ltujusmodi
1561 4521 1660 4561 nec
1683 4506 1760 4560 ci-

200 4603 329 4656 bum
345 4615 577 4656 sumere.
593 4599 692 4666 Qui
714 4613 1006 4670 pauperum
1021 4613 1284 4660 annonas,
1299 4597 1572 4667 pecunias,
1595 4610 1760 4665 prave

203 4694 494 4758 devorant,
530 4691 639 4760 lupi
682 4706 902 4760 rapaces
929 4698 1074 4744 sunt.
1110 4689 1400 4758 Sequitur:
1433 4687 1477 4740 Α
1507 4687 1758 4757 fructibus

201 4801 381 4840 eorum
402 4784 713 4854 cognoscetis
742 4800 848 4837 eos.
873 4783 1063 4837 Dicunt
1088 4800 1100 4835 :
1124 4782 1181 4835 In
1203 4781 1462 4836 beneficio
1486 4781 1590 4834 mei
1615 4788 1760 4841 sunt,

204 4875 498 4930 secundum
536 4872 705 4942 legem
740 4872 944 4942 accipio
972 4872 1114 4941 quod
1158 4871 1383 4940 accipio.
1413 4870 1552 4924 Deus
1585 4869 1758 4924 dixit:

203 4967 462 5036 Recogita
493 4965 537 5020 si
564 4965 637 5018 ita
665 4964 832 5019 velles
859 4964 955 5018 tibi
981 4963 1094 5016 fieri
1117 5003 1132 5027 ,
1163 4972 1286 5016 tunc
1316 4962 1448 5016 facis
1479 4963 1632 5017 bene.
1663 4961 1759 5015 Sin

201 5059 379 5115 aliter.
410 5057 587 5112 veniet
614 5063 823 5124 tempus
860 5056 1072 5124 quando
1117 5055 1230 5124 ipse
1267 5056 1373 5108 erit
1399 5054 1450 5107 in
1475 5053 1675 5122 gloria,
1705 5061 1757 5107 tu

203 5149 260 5203 in
293 5146 522 5201 inferno.
560 5145 790 5200 Fructus
824 5143 1099 5198 hominum
1137 5150 1265 5196 sunt
1292 5156 1455 5211 opera
1493 5149 1586 5194 aut
1619 5143 1758 5196 bona

202 5249 298 5294 aut
324 5239 484 5293 mala.
516 5238 573 5293 Si
602 5239 739 5296 bona
767 5244 918 5300 sunt,
942 5234 1056 5289 ovis
1074 5275 1089 5300 ,
1117 5234 1164 5288 si
1199 5234 1335 5291 mala
1353 5273 1368 5298 ,
1398 5233 1572 5301 lupus.
1610 5229 1762 5284 Nun-

201 5330 328 5400 quid
417 5325 667 5398 colligunt
743 5327 806 5381 de
824 5326 987 5397 spinis
1013 5341 1156 5390 uvqs,
1173 5335 1262 5377 aut
1281 5323 1344 5377 de
1368 5323 1572 5376 tribulis
1593 5321 1762 5390 ﬁcus?

201 5419 309 5474 Per
333 5421 546 5488 spinas,
577 5418 652 5472 illi
693 5417 784 5487 qui
829 5415 1076 5486 superius
1112 5414 1219 5483 lupi
1261 5415 1434 5467 vocati
1478 5421 1629 5476 sunt;
1665 5425 1761 5479 per

203 5509 432 5566 tribulos
450 5525 682 5578 quoque,
702 5508 1088 5578 qumrsimiliter
1110 5507 1321 5576 spinosa
1345 5515 1424 5561 est
1449 5506 1626 5570 arbor,
1641 5519 1761 5574 quae
1791 5521 1794 5526 ·

203 5611 286 5656 at
320 5602 504 5666 rubus,
537 5601 636 5670 ipsi
668 5601 1032 5670 designantur.
1055 5598 1156 5652 Per
1185 5614 1312 5652 uvas
1333 5607 1389 5651 ct
1423 5597 1576 5660 ﬁcus,
1600 5596 1759 5664 digna

208 5695 315 5751 Deo
344 5709 524 5765 opera.
559 5693 644 5748 Sic
665 5695 828 5746 omnis
852 5693 1006 5746 arbor
1033 5692 1164 5746 bona
1193 5692 1392 5760 {ructus
1425 5693 1582 5744 bonos
1613 5689 1755 5758 j'acit.

686 5790 953 5848 Psrnou
1009 5787 1169 5850 CV1.
1573 5785 1595 5812 '

1858 1872 1947 1926 diu
1969 1871 2129 1926 arbor
2153 1869 2294 1924 bene
2316 1870 2613 1940 appellatur
2639 1870 2818 1933 homo,
2836 1867 3069 1939 quandiu
3090 1881 3254 1936 opera
3279 1866 3416 1920 bona

1857 1961 2008 2017 facit.
2037 1959 2095 2016 Si
2116 1976 2246 2016 vero
2273 1961 2413 2015 mala
2456 1961 2683 2030 cmperit
2710 1960 2889 2015 facere
2909 2000 2924 2026 ,
2955 1958 3094 2014 mala
3130 1959 3292 2012 arbor
3324 1971 3417 2025 ap-

1858 2055 2103 2126 pellatur.
2135 2053 2226 2110 Sic
2251 2055 2522 2110 Manasses
2552 2054 2684 2124 mala
2711 2055 2872 2108 arbor
2895 2053 3132 2116 exstitit,
3161 2053 3286 2107 dum
3322 2065 3420 2120 per

1859 2146 2025 2200 multa
2051 2144 2255 2200 scelera
2279 2144 2476 2200 oblitus
2508 2143 2789 2198 Dominum
2834 2141 2954 2196 fuit.
3000 2141 3106 2196 Sed
3145 2140 3268 2195 dum
3310 2139 3420 2208 egit

1859 2235 2231 2309 penitentiam
2271 2235 2338 2292 de
2369 2235 2511 2292 malo
2551 2236 2603 2291 in
2639 2235 2836 2292 bonum
2869 2235 2923 2290 in
2950 2233 3144 2289 bonam
3173 2233 3418 2288 arborem

1859 2327 2157 2384 conversus
2186 2336 2288 2384 est.
2315 2328 2457 2384 Deus
2502 2329 2566 2384 de
2594 2327 2948 2399 prmsentibus
2991 2339 3419 2395 unumquemque

1854 2418 2146 2488 judicabit;
2171 2428 2226 2473 et
2249 2418 2292 2473 si
2324 2419 2376 2472 in
2405 2418 2546 2472 bono
2574 2432 2736 2487 opere
2770 2418 3016 2471 inventus
3053 2406 3214 2469 fuerit
3250 2413 3302 2466 in
3334 2412 3420 2466 die

1855 2513 2042 2584 judicii
2063 2554 2077 2579 ,
2124 2513 2191 2568 de
2226 2511 2367 2568 bono
2395 2510 2744 2581 judicabitur.
2773 2510 2830 2567 Si
2866 2520 3044 2566 autem
3075 2507 3418 2576 in_criminali

1860 2612 2088 2674 peccato
2109 2604 2360 2658 inventus
2386 2601 2568 2668 fuerit,
2590 2602 2646 2657 in
2667 2601 2807 2656 malo
2834 2600 3100 2669 judicatus
3121 2599 3245 2654 erit.
3270 2597 3422 2652 Sicut

1867 2694 1922 2748 in
1969 2693 2219 2748 Ezechiel
2261 2691 2471 2763 plenius
2526 2692 2772 2747 habetur.
2827 2691 2895 2746 Et
2946 2689 3196 2745 Salomon
3247 2687 3418 2741 dicit:

1861 2780 2083 2852 Lignum
2117 2781 2172 2835 in
2200 2797 2355 2851 quam
2395 2790 2594 2851 partem
2633 2781 2906 2844 ceciderit,
2934 2779 3004 2832 ibi
3031 2777 3252 2831 manebit
3274 2816 3289 2840 ,
3320 2777 3422 2829 hoc

1861 2884 1947 2931 est
1969 2916 1984 2942 ,
2011 2883 2261 2946 peccator
2300 2876 2348 2930 si
2377 2875 2432 2929 in
2459 2873 2602 2928 malo
2640 2874 2978 2937 accubuerit,
3015 2872 3081 2926 de
3119 2869 3258 2924 malo
3297 2885 3421 2923 (ξου-

1863 2962 2221 3029 demnabitur,
2252 2971 2450 3018 etcum
2481 2962 2596 3032 ipso
2622 2962 2892 3032 punietur.
2926 2961 2984 3016 Si
3015 2968 3193 3015 autem
3215 2966 3422 3014 averte-

1865 3063 1938 3119 rit
1969 3079 2028 3120 se
2055 3078 2086 3118 a
2113 3063 2271 3129 malo,
2302 3070 2356 3118 et
2385 3062 2437 3116 in
2467 3061 2608 3117 bono
2628 3062 2794 3116 fuerit
2819 3061 3092 3124 inventus,
3121 3069 3244 3112 ante
3280 3057 3420 3112 diem

1863 3158 2208 3223 infirmitatis,
2229 3173 2349 3214 cum
2373 3155 2465 3212 illo
2481 3158 2624 3213 bono
2649 3157 2979 3213 liberabitur.
2999 3156 3075 3211 De
3090 3155 3172 3210 bis
3191 3169 3422 3224 namque

1861 3249 1952 3318 qui
1980 3249 2032 3303 in
2065 3247 2379 3302 infirmitate
2406 3254 2814 3311 convertuntur,
2837 3246 2969 3301 dicit
3010 3245 3198 3298 beatus
3235 3243 3422 3298 Hiero-

1861 3359 2054 3414 nymus
2091 3342 2144 3396 in
2174 3356 2332 3396 versu
2361 3339 2590 3411 psalmi:
2625 3338 2884 3404 Quoniam
2912 3355 3013 3392 non
3055 3345 3129 3391 est
3170 3337 3224 3389 in
3260 3346 3422 3390 morte

1861 3438 1949 3510 qui
1972 3452 2168 3492 memor
2189 3435 2254 3490 sit
2287 3435 2395 3499 tui;
2422 3416 2477 3490 et
2501 3432 2556 3488 in
2595 3436 2769 3488 morte
2795 3440 2847 3488 et
2871 3431 2925 3486 in
2962 3429 3190 3495 inferno,
3217 3437 3424 3485 utrum-

1861 3527 2262 3598 queagendam
2294 3523 2664 3594 pmnitentiam
2704 3521 3006 3592 denegavit.
3047 3521 3228 3575 Omnis
3267 3520 3423 3572 arbor

1859 3633 1974 3686 quae
2025 3632 2128 3668 nou
2175 3615 2302 3683 facit
2352 3614 2581 3682 fructum
2642 3612 2862 3674 bonum,
2908 3611 3192 3666 excidatur.
3235 3610 3419 3664 Omnis

1861 3707 2019 3761 homo
2042 3704 2412 3769 Christianus,
2463 3703 2576 3758 sive
2607 3716 2875 3772 paganus,
2928 3701 2970 3756 si
3027 3715 3131 3755 non
3185 3698 3417 3753 fructum

1860 3796 1991 3851 facit
2015 3795 2178 3850 etiam
2206 3796 2435 3860 bonum,
2485 3793 2786 3852 excidetur.
2833 3791 3193 3846 eradicabitur
3238 3791 3414 3844 anima

1859 3885 1976 3956 ejus
2029 3901 2060 3939 a
2115 3898 2370 3954 corpore;
2420 3899 2528 3938 non
2577 3898 2636 3938 se
2681 3881 2931 3936 liberabit
2977 3881 3043 3935 de
3083 3879 3416 3950 ignorantia,

1859 3980 1986 4049 quia
2041 3993 2145 4032 non
2207 3977 2332 4032 licet
2375 3976 2643 4044 ignorare.
2698 3973 2764 4027 In
2811 3973 2980 4043 ignem
3022 3972 3272 4025 mittetur.
3316 3971 3415 4037 Qui

1860 4071 1914 4124 in
1942 4070 2324 4138 sempiternum
2365 4083 2468 4121 non
2498 4066 2886 4136 exstinguctur.
2923 4063 3088 4134 Igitur
3129 4077 3190 4116 cx
3233 4061 3424 4116 fructi-

1859 4160 1961 4214 bus
1989 4173 2174 4213 corum
2207 4157 2543 4227 cognoscetis
2589 4170 2701 4210 eos.
2738 4155 2872 4223 Quia
2913 4153 3250 4224 cognoscetis
3292 4167 3417 4215 eos,

1862 4251 1984 4305 ideo
2025 4250 2146 4306 dico
2173 4267 2186 4302 :
2213 4249 2469 4302 Attendite
2509 4252 2572 4302 ab
2618 4247 2744 4302 illis.
2797 4245 2918 4300 Non
2953 4246 3119 4300 omnis
3161 4246 3250 4315 qui
3293 4247 3418 4298 dicit

1860 4341 2007 4404 mihi,
2035 4339 2285 4405 Domine,
2317 4339 2567 4406 Domine,
2592 4340 2806 4394 intrabit
2837 4339 2888 4393 in
2916 4355 3126 4410 regnum
3153 4337 3414 4391 cwlorum.

1863 4431 1978 4487 Non
2008 4447 2067 4488 se
2091 4431 2326 4486 confidat
2346 4431 2540 4502 aliquis
2567 4431 2708 4501 quod
2738 4429 3074 4486 Christianus
3106 4438 3218 4493 est,
3243 4431 3285 4485 si
3315 4447 3416 4494 non

1862 4522 1990 4578 facit
2035 4538 2197 4592 opera
2247 4522 2704 4587 Christianitatis,
2747 4537 2851 4576 non
2901 4521 3118 4576 intrabit
3169 4522 3220 4576 in
3256 4521 3417 4575 vitam

1859 4621 2138 4668 aeternam.
2174 4611 2309 4678 Quia
2335 4611 2438 4677 Qui
2479 4612 2604 4666 dicit
2628 4629 2682 4666 se
2708 4627 2858 4665 nosse
2889 4610 3055 4664 Deum
3085 4621 3131 4664 et
3173 4610 3422 4664 mandata

1861 4703 1974 4772 ejus
2002 4719 2105 4756 non
2131 4701 2388 4766 custodit,
2419 4701 2644 4756 mendax
2669 4712 2763 4755 est.
2805 4701 3014 4754 Etenim
3044 4708 3098 4754 et
3126 4699 3252 4753 illud
3280 4701 3420 4769 qnozl

1863 4792 2060 4846 Paulus
2107 4792 2276 4846 dicit:
2307 4790 2474 4845 Nemo
2519 4801 2682 4861 potest
2732 4791 2902 4843 dicere
2953 4789 3204 4844 Dominus
3243 4791 3418 4853 Iesus,

1865 4882 1964 4935 nisi
1986 4882 2041 4935 in
2065 4881 2267 4950 Spiritu
2289 4891 2490 4946 sancto,
2510 4881 2709 4934 dictum
2733 4879 2821 4932 hic
2847 4879 3414 4948 profectoaccipimus,

1863 4979 1918 5024 et
1940 4971 1993 5024 in
2021 4971 2338 5026 credulitate
2354 4977 2635 5025 cantamus
2657 4985 2669 5020 :
2690 4966 2756 5020 Et
2775 4967 2864 5037 qui
2885 4967 3018 5020 bona
3040 4976 3248 5036 egerunt
3273 4967 3416 5023 ibunt

1861 5062 1917 5115 in
1947 5062 2102 5116 vitam
2133 5073 2401 5124 (sternam,
2422 5060 2512 5129 qui
2539 5074 2654 5112 vero
2677 5057 2816 5112 mala
2833 5099 2846 5121 ,
2877 5058 2930 5110 in
2957 5058 3122 5126 ignem
3147 5065 3415 5112 aeternum.

1863 5154 1929 5208 Et
1949 5161 2181 5209 mternus
2201 5153 2305 5206 erit
2329 5150 2417 5204 ille
2443 5149 2582 5220 ignis
2599 5147 2906 5216 unicuique,
2930 5147 3068 5201 sicut
3090 5145 3230 5200 Deus
3252 5147 3415 5201 dixit:

1863 5245 1945 5300 Ite
1967 5246 2022 5299 in
2045 5245 2214 5315 ignem
2243 5252 2489 5296 teternum
2509 5281 2524 5305 ,
2555 5239 2680 5309 quia
2712 5239 2804 5308 qui
2843 5235 3006 5292 semel
3037 5237 3302 5291 infernum
3341 5237 3421 5290 in-

1863 5333 2092 5392 troierit,
2128 5329 2352 5385 ulterius
2386 5344 2492 5383 non
2531 5328 2717 5383 exibit.
2746 5326 2896 5382 Licet
2929 5325 3151 5394 recipiat
3189 5342 3417 5396 corpus,

1865 5424 2067 5492 absque
2089 5419 2292 5488 judicio
2314 5430 2370 5474 et
2391 5431 2541 5473 mora
2578 5425 2876 5473 revertetur
2905 5416 2996 5470 ubi
3034 5426 3152 5471 erat
3191 5417 3416 5486 deputa-

1863 5520 1968 5566 tus.
2000 5510 2153 5564 Multi
2187 5511 2354 5563 dicent
2391 5509 2515 5562 mihi
2540 5509 2595 5562 in
2627 5507 2718 5561 illa
2745 5508 2859 5573 die,
2889 5505 3136 5572 Domine,
3166 5507 3379 5562 Domine
3401 5517 3432 5572 ,'

1864 5618 2032 5656 nonne
2057 5602 2111 5655 in
2147 5602 2350 5654 nemine
2375 5610 2463 5653 tuo
2496 5598 2906 5670 prophetauimus
2941 5605 2988 5649 et
3016 5597 3070 5648 in
3098 5606 3185 5649 tuo
3218 5597 3420 5650 nomine

1863 5691 2120 5746 damonia
2157 5691 2418 5758 ejccimus.
2453 5689 2778 5760 Prophetare
2804 5695 2856 5741 et
2889 5685 3114 5740 virtutes
3156 5683 3336 5743 facere
3367 5694 3420 5740 et

2912 5775 2990 5834 £2
