3962 6174
552 313 708 371 ,1525

1355 309 1739 367 CHRISTIANI
1777 310 2185 368 DRUTHMARI
2220 307 2661 366 CORBEIENSIS
2696 309 2994 366 MONACHI

3669 312 3785 365 ΓἸ

3699 352 3721 363 θ.
3734 354 3763 364 ⁵⁷

3699 352 3763 364 ..-⁷

574 421 699 477 mali
730 430 979 492 possunt,
1010 421 1149 476 sicut
1171 420 1419 483 Balaam,
1457 422 1548 489 qui
1584 422 1747 476 multa
1782 423 1920 476 bona
1960 422 2123 487 dixit,
2156 424 2201 482 Α
2227 430 2435 483 essent,
2468 420 2743 490 respondit
2778 438 2791 472 :
2829 406 2961 473 Cum
2988 422 3166 474 omnia
3197 432 3378 478 nostra
3409 434 3532 478 acta
3562 424 3687 478 sine
3719 443 3789 479 rr-

578 514 790 582 quaudo
811 514 878 569 ad
897 513 1055 568 Balac
1084 523 1305 570 vocatus
1335 512 1462 574 fuit,
1493 514 1586 567 sed
1619 521 1792 567 tamen
1823 515 1874 567 in
1901 513 2124 566 avaritia

575 602 824 668 seductus
860 601 1073 656 occisus
1106 610 1211 657 est.
1246 601 1314 654 Et
1354 616 1477 656 cum
1514 599 1646 664 Job,
1694 602 1817 669 quia
1869 602 1980 671 ipse
2030 600 2128 654 fuit

573 688 761 747 Elia...
789 705 836 745 θ.
877 691 1005 748 Saul
1041 701 1099 749 et
1141 691 1371 761 Caiphas
1405 693 1889 761 praphetaverunt,
1920 691 2128 746 Pharao

570 792 637 839 et.
665 783 1152 839 Nabuchodonosor
1176 792 1400 838 ventura
1430 784 1692 837 viderunt.
1711 782 1961 837 Virtutes
1999 797 2130 851 quo-

573 887 679 941 que
724 872 903 928 facere
936 883 994 928 et
1029 873 1178 931 multi
1218 881 1473 944 possunt,
1522 882 1582 927 ut
1617 873 1757 943 magi
1797 873 1851 927 in
1898 871 2129 943 Egypto

576 960 838 1029 fecerunt,
860 976 917 1020 et
944 965 1149 1029 Simon,
1174 975 1228 1021 et
1252 965 1405 1020 multi
1440 966 1531 1020 alii
1566 980 1662 1035 per
1687 954 2126 1028 necromantiam,

574 1050 626 1107 id
655 1062 738 1109 est
770 1064 1098 1110 mortuorum
1122 1055 1528 1111 invocationem.
1552 1064 1611 1108 ut
1637 1063 1692 1108 et
1714 1054 1800 1108 illa
1822 1055 2130 1124 pythonissa

564 1146 785 1210 .mulier,
832 1146 889 1201 in
928 1146 1065 1201 libro
1106 1145 1328 1217 Regum.
1378 1146 1444 1200 Et
1477 1146 1743 1201 dtemones
1768 1144 1964 1213 ejicere
2007 1144 2130 1205 mali

573 1236 774 1301 solent,
803 1247 863 1292 ut
894 1237 968 1292 illi
1007 1238 1289 1293 exorcista:
1326 1236 1649 1302 Judteorum,
1692 1246 1746 1293 et
1794 1237 1882 1292 ille
1921 1238 1988 1292 de
2026 1251 2133 1306 quo

575 1326 798 1395 apostoli
832 1327 1055 1383 Domino
1082 1328 1368 1383 dixerunt:
1406 1326 1641 1382 Vidimus
1663 1329 1936 1399 quemdam
1960 1329 2014 1383 in
2042 1345 2124 1382 no-

572 1418 711 1471 mine
746 1426 835 1471 tuo
872 1417 1130 1472 daemonia
1156 1418 1463 1488 ejicientem,
1488 1419 1579 1489 qui
1616 1436 1718 1473 non
1756 1419 1986 1489 sequitur
2018 1435 2129 1472 nos.

574 1507 643 1563 Et
668 1507 834 1564 Judas
861 1510 1072 1580 quando
1098 1509 1379 1565 Dominum
1402 1519 1614 1565 secutus
1636 1519 1741 1576 est,
1770 1518 1825 1569 et
1850 1510 1952 1565 ista
1985 1510 2130 1565 fecit.

574 1597 727 1665 Quod
769 1598 889 1653 ideo
923 1599 1232 1654 conceditur
1274 1599 1451 1665 malis,
1490 1599 1575 1654 vel
1601 1608 1819 1670 propter
1845 1601 2135 1656 auctorita-

574 1696 683 1744 tem
711 1689 942 1744 nominis
969 1704 1036 1745 ex
1061 1688 1213 1758 cujus
1242 1691 1466 1746 nomine
1489 1689 1786 1760 adiuratur,
1812 1691 1899 1751 vel
1920 1701 2136 1762 propter

2228 512 2578 581 prehensione
2607 521 2754 573 sunt,
2784 511 3038 565 debemus
3065 511 3218 565 alteri
3245 512 3422 568 locum
3447 514 3672 568 cedere.
3710 516 3794 569 At-

2230 613 2405 658 tamen
2431 604 2475 657 si
2509 603 2759 658 videretis
2798 603 2981 656 hortos
3006 612 3217 658 nostros
3244 613 3301 657 et
3328 607 3572 674 pomeria
3602 608 3795 661 nostris

2228 677 2473 747 manibus
2492 702 2757 754 conserta,
2785 706 3053 761 nunquam
3081 683 3381 766 suaderetis
3404 696 3511 749 ista
3541 698 3794 751 retinere.

2229 786 2318 841 Sic
2348 786 2473 842 fecit
2506 787 2796 856 imperator
2816 802 3069 855 paganus.
3101 787 3236 853 Quid
3266 789 3464 857 putatis
3495 791 3541 843 si
3571 790 3680 844 ista
3709 807 3800 865 pro

2226 878 2321 933 Dei
2371 894 2553 933 amore
2600 877 2887 941 fecissent,
2940 879 3154 947 quantis
3196 881 3405 934 meritis
3457 880 3605 949 digni
3662 882 3800 948 apud

2227 969 2393 1023 Deum
2422 969 2618 1023 forent?
2644 968 3032 1043 Assimilabitur
3054 971 3159 1022 viro
3183 970 3424 1038 sapienti,
3450 972 3543 1040 qui
3567 971 3800 1038 (ταίρω-

2228 1059 2293 1111 rit
2321 1059 2530 1112 domum
2555 1075 2705 1112 suam
2730 1075 2888 1128 supra
2909 1069 3127 1128 petram.
3153 1058 3303 1113 Sicut
3332 1060 3378 1114 is
3402 1063 3494 1129 qui
3526 1071 3796 1115 terrenum

2230 1149 2630 1203 fundamentum
2673 1136 2932 1214 collocat,
2979 1150 3033 1203 in
3079 1150 3232 1204 ﬁrmo
3271 1152 3388 1205 loco
3427 1152 3589 1206 debet
3636 1153 3799 1205 collis-

2229 1253 2375 1302 care,
2416 1240 2493 1292 sic
2539 1239 2584 1292 is
2630 1239 2720 1308 qui
2766 1238 2969 1308 aliquid
3018 1239 3142 1293 boni
3186 1238 3299 1292 vult
3341 1241 3590 1309 operari,
3639 1256 3797 1308 opma

2230 1326 2428 1383 Christi
2455 1330 2610 1385 debet
2639 1330 2879 1398 operari,
2911 1337 2965 1384 et
2996 1344 3157 1398 super
3183 1330 3356 1397 ipsum
3396 1331 3488 1400 qui
3520 1330 3661 1399 lapis
3703 1347 3797 1383 an-

2231 1420 2430 1488 gnlaris
2461 1421 2631 1475 dictus
2657 1427 2739 1475 est
2776 1428 3108 1485 construere,
3150 1431 3368 1489 propter
3404 1418 3521 1487 ejus
3558 1426 3801 1473 amorem

2231 1509 2431 1576 facere,
2478 1520 2532 1564 et
2575 1510 2662 1565 his
2703 1511 3044 1579 impendere,
3090 1512 3284 1579 quibus
3330 1511 3442 1580 ipse
3484 1510 3745 1579 praecepit
3787 1531 3801 1563 :

2232 1600 2386 1667 Quod
2408 1602 2498 1655 uni
2521 1618 2585 1656 ea:
2608 1602 2835 1656 minimis
2859 1603 2986 1656 meis
3018 1601 3233 1670 fecistis.
3265 1600 3323 1657 Si
3347 1605 3428 1657 sic
3456 1602 3673 1664 fecerit,
3707 1604 3807 1656 erit

2232 1695 2373 1763 quod
2411 1695 2693 1764 sequitur:
2726 1694 2999 1769 Descendit
3025 1695 3233 1764 pluvia,
3272 1705 3521 1749 venerunt
3560 1696 3805 1763 ﬂumina.

573 1776 801 1839 salutem
841 1777 1133 1833 videntium
1173 1788 1229 1835 et
1252 1780 1606 1835 audientium.
1644 1781 1758 1836 Non
1800 1789 1886 1837 est
1925 1783 2027 1837 hoc
2061 1783 2134 1836 si-
2162 1777 2207 1837 Β
2233 1786 2487 1854 ﬂaverant
2533 1786 2690 1839 uenti.
2739 1783 3025 1841 Descendit
3059 1784 3236 1857 pluvia
3264 1784 3509 1841 diabolus
3537 1801 3667 1840 cum
3698 1787 3808 1840 suis

575 1871 739 1945 gnum
761 1866 1141 1937 discipulorum
1171 1867 1401 1935 Christi;
1432 1884 1532 1924 nec
1560 1870 1696 1924 dixit
1724 1870 1836 1940 ipse
1864 1871 2137 1941 discipulis

575 1956 688 2011 suis
719 1972 734 2011 :
764 1955 963 2011 Discite
999 1972 1029 2012 a
1063 1972 1148 2013 me
1180 1957 1408 2013 virtutes
1446 1957 1644 2024 facere,
1676 1959 1790 2022 sed,
1828 1957 1965 2025 Quia
1998 1960 2136 2014 mitis

562 2062 692 2101 sum
719 2056 766 2102 et
786 2047 996 2102 humilis
1020 2048 1191 2104 corde.
1216 2048 1285 2104 Et
1308 2048 1413 2104 alio
1433 2050 1550 2106 loco
1577 2068 1592 2105 :
1621 2049 1687 2104 In
1714 2053 1810 2105 hoc
1834 2062 2138 2122 cognoscent

576 2153 753 2199 omnes
773 2138 897 2208 quia
923 2139 1025 2193 mei
1051 2140 1172 2194 estis
1197 2140 1459 2211 discipuli,
1485 2142 1531 2195 si
1557 2141 1883 2196 dilectionem
1904 2143 2141 2197 habueri-

576 2226 643 2281 tis
665 2226 734 2281 ad
760 2227 997 2288 invicem.
1041 2227 1146 2285 Ista
1172 2238 1299 2286 sunt
1327 2230 1556 2302 insignia
1582 2231 1962 2302 discipulorum
1991 2231 2141 2288 Chri-

562 2306 668 2383 sti.
713 2316 898 2383 Nullus
941 2318 1115 2376 malus
1158 2329 1334 2389 potest
1373 2322 1476 2377 ista
1524 2322 1623 2377 tria
1651 2323 1803 2393 signa
1846 2323 2046 2381 habere
2086 2332 2140 2379 et

576 2406 747 2462 malus
793 2412 942 2473 esse,
994 2412 1490 2479 mansuetudinem,
1542 2422 1597 2470 et
1644 2415 2032 2482 humilitatem,
2084 2426 2139 2472 et

577 2495 912 2583 charitatetu.
955 2498 1208 2568 Sequitur
1239 2519 1251 2555 :
1285 2501 1353 2555 Et
1387 2511 1508 2556 tunc
1538 2504 1819 2572 conﬁtebor
1843 2504 1971 2568 illis,
1999 2506 2138 2576 quod

565 2603 841 2659 numquam
879 2590 995 2644 novi
1028 2607 1132 2646 vos.
1167 2589 1461 2661 Conﬁtebor
1484 2610 1503 2647 :
1532 2594 1813 2649 veritatem
1842 2594 1948 2650 illis
1969 2598 2139 2651 mani-

577 2680 801 2746 l‘estabo,
832 2696 990 2751 quam
1032 2683 1130 2754 ipsi
1175 2683 1230 2738 in
1270 2698 1330 2739 se
1354 2683 1638 2740 noluerunt
1679 2685 1958 2756 perlicere.
2000 2687 2139 2753 Quia

577 2787 841 2842 nunquam
878 2774 994 2828 novi
1024 2789 1134 2838 vos,
1171 2773 1488 2833 subauditur
1524 2790 1662 2829 meos
1691 2792 1801 2829 esse
1835 2775 2135 2846 discipulos,

576 2863 701 2932 quia
726 2850 825 2916 illa
868 2865 968 2918 tria
1014 2878 1117 2921 non
1164 2864 1457 2929 habuistis,
1503 2880 1623 2936 quae
1673 2867 1899 2938 praecepi
1941 2867 2141 2923 habere

575 2954 849 3023 discipulis
883 2957 1018 3011 meis
1060 2957 1128 3011 ad
1167 2955 1544 3012 discretionem
1585 2957 1811 3013 aliorum
1848 2958 2137 3029 discipulo-

577 3058 714 3124 rum.
746 3042 851 3099 Sed
882 3045 1093 3099 dixistis
1116 3061 1212 3101 vos
1234 3060 1354 3112 esse
1375 3041 1664 3118 diacipulos
1691 3062 1860 3114 meos,
1891 3046 2024 3105 falso
2053 3047 2138 3102 di-

2237 1875 2637 1939 tentationibus,
2685 1885 2745 1930 ut
2793 1876 2936 1931 venit
2985 1878 3051 1931 ad
3102 1877 3314 1932 beatum
3362 1876 3465 1932 Job
3516 1895 3533 1930 :
3584 1876 3806 1931 ﬂumina

2236 1965 2394 2041 amici
2422 1964 2567 2035 ejus;
2610 1965 2872 2022 ﬂaverant
2903 1967 3045 2021 venti
3073 1968 3430 2022 adversitates
3449 1982 3591 2037 quas
3616 1969 3803 2022 diabo-

2237 2054 2319 2109 lus
2353 2056 2401 2110 ei
2443 2056 2621 2111 intulit
2653 2058 2720 2112 de
2747 2057 2957 2111 damnis
2983 2072 3220 2111 suorum.
3259 2057 3364 2113 Sal
3394 2060 3521 2128 quia
3561 2059 3616 2113 in
3658 2068 3805 2129 petra

2238 2140 2577 2202 fundamenta
2608 2146 2858 2210 habebat,
2886 2145 3086 2201 dictum
3116 2155 3197 2202 est
3225 2147 3292 2201 de
3317 2147 3410 2201 illo
3432 2162 3448 2201 :
3470 2146 3543 2201 In
3571 2149 3807 2202 omnibus

2234 2237 2315 2291 liis
2342 2254 2443 2291 non
2471 2239 2695 2307 peccavit
2728 2237 2828 2292 Job
2857 2237 3009 2291 labiis
3040 2237 3168 2291 suis.
3200 2236 3467 2291 Similiter
3495 2237 3567 2293 de
3593 2237 3765 2291 Paulo
3790 2258 3799 2287 :

2234 2325 2413 2396 pluvia
2435 2364 2450 2391 ,
2496 2325 2664 2380 Datus
2708 2335 2783 2379 est
2826 2326 2953 2380 mihi
2992 2325 3232 2381 stimulus
3283 2326 3460 2379 carnis
3501 2343 3671 2389 mete;
3718 2326 3805 2379 ﬂu-

2230 2418 2402 2483 mina,
2424 2416 2627 2473 0stium
2652 2419 2780 2473 mihi
2800 2429 3033 2489 apertum
3056 2430 3165 2484 est;
3189 2421 3282 2476 sed
3306 2420 3605 2476 adversarii
3631 2422 3799 2478 multi.

2234 2510 2381 2565 venti
2412 2528 2425 2563 :
2462 2508 2745 2581 Quinquies
2770 2510 3132 2581 quadragenas
3164 2528 3269 2564 una
3297 2512 3471 2564 minus
3506 2515 3712 2581 accepi,
3738 2525 3802 2565 ter

2234 2600 2389 2670 uirgis
2420 2616 2580 2654 ca’sus
2610 2615 2747 2666 sum,
2777 2599 2933 2654 semel
2960 2600 3222 2670 lapidatus
3245 2618 3384 2664 sum,
3415 2611 3543 2681 etc.‘

2307 2692 2554 2747 Fundam
2575 2695 2709 2748 enim
2734 2704 2844 2747 erat
2864 2710 3022 2763 supra
3045 2705 3260 2762 petram.
3289 2694 3427 2760 Quia
3448 2695 3599 2749 enim
3623 2695 3807 2749 domus

2235 2784 2383 2839 Pauli
2419 2800 2575 2854 supra
2604 2793 2809 2854 petram
2829 2824 2843 2848 ,
2876 2784 2929 2838 id
2957 2793 3038 2838 est
3069 2785 3378 2849 Christum,
3419 2784 3643 2838 fundata
3674 2796 3806 2845 erat,

2236 2873 2446 2929 dicebat
2471 2884 2592 2943 post
2616 2873 2740 2927 talia
2769 2881 2823 2927 et
2847 2881 2993 2927 tanta
3037 2882 3304 2929 tormenta
3336 2892 3350 2927 :
3382 2874 3515 2940 Quis
3540 2892 3640 2928 nos
3661 2892 3783 2942 sepe

2236 2964 2370 3017 rabit
2398 2980 2430 3017 a
2456 2964 2706 3016 clamitare
2741 2962 2963 3027 Christi,
2992 2974 3047 3018 et
3083 2965 3134 3018 in
3172 2963 3279 3017 ﬁne
3314 2981 3327 3016 :
3364 2963 3431 3017 In
3456 2964 3541 3017 Iris
3576 2965 3807 3017 omnibus

2236 3070 2562 3123 superamus,
2590 3064 2798 3124 propter
2822 3070 2939 3107 eum
2967 3055 3057 3124 qui
3086 3054 3265 3107 dilexit
3292 3069 3407 3107 nos.
3449 3052 3651 3107 Omnes
3678 3056 3807 3107 eai-

578 3135 754 3200 xistis,
790 3151 1058 3205 nunquam
1087 3137 1332 3208 perspexi
1364 3152 1548 3209 opera.
1580 3137 1839 3202 Discedite
1866 3156 1901 3193 a
1931 3155 2013 3192 me
2044 3139 2133 3208 qui
2159 3136 2203 3199 C
2234 3145 2322 3215 qui
2346 3160 2484 3214 spem
2508 3161 2659 3198 suam
2686 3156 2878 3213 ponunt
2902 3145 2959 3199 in
2986 3143 3152 3199 Deum
3183 3161 3286 3198 non
3313 3143 3735 3209 confundent".

576 3217 859 3293 operamini
901 3227 1241 3297 iniquitatem.
1287 3227 1539 3290 Receilite
1581 3243 1613 3282 a
1642 3243 1727 3284 me
1757 3229 1845 3298 qui
1888 3229 2134 3299 operabi-

579 3314 708 3368 mini
733 3314 945 3383 quando
973 3316 1037 3370 de
1078 3330 1299 3385 corpore
1324 3326 1646 3387 przeceptuin
1676 3325 1759 3372 est
1785 3318 1938 3373 vobis
1966 3316 2132 3372 exire.

577 3401 689 3477 Non
719 3403 853 3457 dixit
873 3403 961 3473 qui
988 3406 1190 3475 cperati
1214 3406 1369 3471 estis,
1394 3421 1460 3460 ne
1479 3407 1752 3463 conversis
1769 3408 2136 3477 paenitentiam

575 3493 839 3560 auferret,
887 3495 1093 3573 sedqui
1125 3497 1438 3569 operamini,
1484 3497 1586 3552 hoc
1628 3507 1741 3562 est,
1784 3498 1837 3552 in
1866 3497 2137 3553 voluntate

566 3582 748 3641 adhuc
769 3576 1090 3661 operamini,
1104 3587 1230 3655 quia
1260 3588 1434 3643 adhuc
1459 3587 1699 3643 licuisset
1726 3589 1928 3654 vivere,
1954 3589 2137 3644 libuis~

575 3684 657 3741 set
682 3683 738 3730 et
761 3689 1003 3744 peccare.
1036 3676 1294 3731 Discedite
1325 3694 1357 3732 a
1392 3694 1492 3732 me.
1524 3678 1639 3734 Non
1664 3688 1748 3734 est
1782 3694 1999 3735 necesse
2026 3680 2138 3734 dia-

577 3768 698 3823 bolo
726 3770 957 3835 tradere,
1003 3771 1127 3840 quia
1164 3771 1277 3840 ipse
1321 3771 1425 3825 scit
1464 3769 1591 3842 quid
1619 3771 1809 3835 debeat
1850 3771 2027 3826 facere
2070 3772 2138 3826 de

579 3858 662 3912 his
704 3873 837 3927 quos
883 3873 989 3916 non
1042 3860 1234 3914 viderit
1279 3875 1373 3916 eos
1414 3859 1548 3916 fore.
1595 3860 1656 3915 lu
1696 3876 1761 3917 ea
1805 3861 1912 3916 vita
1960 3862 2138 3917 omnis

577 3949 756 4012 homo,
801 3954 895 4003 aut
931 3950 1024 4004 Dei
1067 3950 1203 4016 erit,
1233 3959 1328 4005 aut
1352 3950 1568 4006 diaboli.
1601 3950 1786 4007 Tanta:
1809 3951 2138 4007 crudelitatis

575 4048 658 4093 est
683 4039 942 4118 diabolus,
971 4048 1027 4094 ut
1054 4057 1158 4095 non
1186 4043 1256 4096 sit
1282 4056 1499 4097 necesse
1542 4042 1807 4112 imperare
1851 4051 2134 4111 torquere;

577 4121 722 4185 novit
747 4146 873 4187 suos
900 4147 1018 4187 esse
1046 4132 1134 4202 qui
1162 4132 1254 4199 Dei
1284 4149 1391 4187 non
1414 4141 1557 4188 sunt.
1589 4130 1768 4187 Omnis
1792 4134 2024 4204 ergo'qui
2049 4149 2140 4186 au-

576 4221 651 4281 dit
677 4220 828 4276 verba
862 4239 1007 4289 mea,
1049 4234 1095 4278 et
1132 4224 1257 4294 facit
1292 4241 1374 4279 ea.
1406 4224 1859 4301 Considerandum
1888 4225 2030 4295 quod
2064 4225 2117 4279 di

575 4309 671 4374 cit,
707 4311 794 4379 qui
824 4311 969 4365 audit
1004 4312 1157 4366 verba
1189 4329 1301 4367 mea
1330 4324 1378 4383 et
1404 4314 1529 4383 facit
1553 4331 1636 4386 ea,
1662 4314 1764 4369 hoc
1790 4323 1873 4379 est
1899 4316 1987 4384 qui
2018 4330 2139 4384 pro-

574 4408 693 4468 pter
717 4400 803 4454 me
829 4408 885 4455 et
908 4401 1071 4457 verba
1103 4417 1223 4457 mea
1257 4402 1387 4458 facit
1420 4404 1638 4476 bonum.
1671 4405 1804 4460 Nam
1839 4405 1992 4459 multi
2027 4404 2139 4475 phi-

2305 3233 2374 3288 Et
2403 3222 2568 3289 omnis
2592 3235 2681 3304 qui
2707 3234 2851 3287 audit
2881 3234 3032 3289 verba
3060 3251 3173 3288 mea
3203 3236 3333 3299 lucc,
3360 3243 3409 3287 et
3438 3249 3545 3287 non
3573 3234 3708 3301 facit
3731 3251 3805 3289 es.

2233 3324 2419 3379 similis
2446 3325 2543 3377 erit
2581 3324 2693 3377 viro
2718 3323 2893 3378 stulto.
2929 3322 3031 3378 Per
3055 3339 3268 3379 omnem
3299 3332 3508 3379 textum
3539 3324 3804 3395 Evangelii

2235 3416 2419 3487 ﬁgura:
2451 3421 2508 3469 et
2534 3415 2671 3485 tropi
2710 3415 3044 3470 saecularium
3090 3414 3388 3470 litterarum
3437 3415 3801 3475 invenimur,

2234 3507 2326 3562 sed
2356 3516 2575 3578 propter
2598 3497 2866 3561 fastidium
2896 3507 3235 3562 devitandum
3260 3516 3315 3561 et
3350 3508 3721 3577 prolixitatem
3746 3508 3800 3562 li-

2234 3595 2338 3661 bri,
2385 3595 2694 3665 l‘rcquenter
2731 3597 3046 3651 omittimus.
3093 3596 3225 3651 Nam
3268 3608 3319 3652 et
3364 3599 3456 3652 hic
3499 3601 3800 3668 metaphora

2234 3697 2317 3741 est
2342 3687 2621 3742 translatio
2646 3688 2713 3742 de
2742 3701 2799 3741 re
2838 3688 3115 3742 inanimali
3144 3690 3210 3743 ad
3250 3689 3509 3751 animale,
3554 3691 3625 3744 de
3658 3691 3807 3744 docto

2234 3791 2354 3846 qua:
2392 3778 2627 3831 animam
2666 3794 2770 3833 non
2820 3778 2979 3833 habet
3011 3779 3078 3832 ad
3122 3780 3390 3834 hominem
3435 3780 3529 3849 qui
3580 3783 3805 3835 acilium

2234 3866 2415 3922 habet.
2447 3867 2513 3920 Et
2538 3876 2620 3921 est
2646 3867 2854 3936 species
2880 3870 3207 3937 metaphora:
3235 3883 3354 3937 qua:
3385 3870 3699 3939 appellatur
3722 3888 3837 3940 pr.

2234 3958 2439 4024 rabula,
2470 3959 2683 4028 quoties
2712 3960 2960 4029 exemplo
2983 3960 3209 4031 alicujus
3240 3960 3525 4014 hortamur
3558 3963 3806 4031 aliquem,

2234 4056 2327 4103 aut
2361 4049 2713 4107 deterremus.
2758 4049 3035 4105 llortantis
3072 4050 3213 4119 quod
3253 4064 3416 4123 supra
3458 4052 3675 4107 dictum
3714 4062 3807 4111 ω.

2235 4138 2569 4192 deterrentis'
2589 4138 2734 4208 quod
2776 4155 2920 4194 nunc
2959 4140 3156 4194 dicitur
3210 4141 3276 4195 de
3329 4142 3493 4197 domo
3550 4144 3809 4198 :editicua

2233 4244 2393 4299 supra
2421 4245 2661 4295 arenam,
2686 4230 2738 4284 id
2770 4240 2853 4286 est
2878 4232 2945 4286 de
2976 4231 3067 4287 illo
3088 4232 3179 4302 qui
3202 4246 3353 4301 spem
3384 4247 3545 4286 suam
3576 4235 3637 4288 in
3665 4249 3809 4288 mun—

2192 4386 2197 4391 l
2234 4320 2371 4373 dana
2398 4320 2666 4390 voluptate
2693 4321 2866 4390 ponit,
2890 4330 2947 4375 et
2970 4321 3189 4376 venient
3215 4322 3290 4376 illi
3316 4322 3369 4376 in
3392 4323 3808 4379 similitudines:

2236 4409 2407 4473 istius,
2457 4411 2570 4465 sive
2616 4394 2758 4466 illius
2794 4412 2887 4481 qui
2934 4410 3147 4466 dicebat
3173 4428 3191 4466 :
3221 4412 3431 4476 Απίπια,
3480 4413 3809 4468 malth

575 4490 783 4561 losuphi
808 4484 1053 4558 fuerunt,
1094 4495 1185 4564 qui
1218 4495 1397 4549 omnia
1430 4508 1527 4549 sua
1561 4493 1989 4572 dereliquerunt,
2024 4478 2078 4549 et
2102 4510 2133 4548 a
2162 4478 2212 4537 Β
2235 4500 2391 4555 habes
2420 4503 2639 4570 reposita
2675 4504 2730 4556 in
2762 4478 2926 4555 annos
2948 4502 3235 4572 plurimos,“
3259 4504 3537 4571 requiesce,
3578 4507 3808 4569 comede,

574 4581 721 4635 vitiis
745 4581 1116 4638 abstinuerunt
1142 4584 1198 4639 in
1221 4592 1454 4649 tantum,
1483 4591 1540 4639 ut
1574 4569 1794 4639 remotis
1820 4584 1951 4639 locis
1973 4599 2134 4653 opere
2152 4592 2165 4609 ’
2235 4602 2282 4645 et
2311 4593 2422 4648 bibe
2447 4569 2494 4647 et
2520 4592 2749 4663 epulare,
2780 4604 2834 4647 et
2856 4569 2969 4663 ipsa
2995 4602 3143 4648 nocte
3163 4569 3360 4648 audivit
3402 4607 3424 4645 :
3469 4594 3685 4659 Stulte,
3719 4599 3809 4649 ιιι·

576 4684 828 4723 manuum
865 4672 1047 4726 stricte
1072 4672 1326 4739 vixerint,
1348 4681 1404 4727 et
1431 4681 1608 4757 tamen
1642 4673 1774 4728 nihil
1797 4675 1877 4730 eis
1906 4672 2130 4745 profuit.
2237 4696 2380 4738 ηοειε
2406 4670 2633 4737 numam
2657 4695 2800 4738 ruam
2827 4685 3064 4754 auferent
3085 4701 3120 4739 α
3140 4694 3222 4750 te;
3242 4700 3357 4755 qua
3380 4694 3564 4739 σαιαιι
3592 4687 3807 4757 pas-aui,

576 4759 728 4815 Titus
762 4761 993 4830 optimus
1018 4762 1465 4836 cleemosynarius
1494 4756 1624 4827 luit,
1660 4771 1715 4816 et
1741 4773 1992 4833 operator
2019 4765 2131 4818 vir-
2235 4774 2386 4843 cujus
2415 4785 2561 4828 erum
2580 4775 2607 4827 ει

575 4860 773 4919 tutum,
792 4852 851 4907 in
886 4862 1113 4921 tantum,
1140 4864 1200 4910 ut
1222 4870 1326 4909 una
1356 4854 1443 4910 die
1471 4853 1655 4911 dolens
1679 4853 1875 4909 dixerit
1904 4873 1916 4909 :
1953 4874 1971 4906 ί
2005 4855 2134 4910 Pcr-
2304 4867 2371 4920 Et
2411 4867 2604 4935 ιάιοεκηι
2635 4876 2709 4921 εει
2743 4882 2857 4921 cum
2887 4860 3286 4920 οοηεκηιηὶαεεει
3306 4864 3465 4920 ,σακε
3492 4868 3659 4921 ινα-ια
3683 4867 3805 4921 ιρις.

575 4939 807 4996 didimus
832 4942 989 5013 hodie
1012 4943 1173 5010 diem,
1199 4944 1321 5013 quia
1348 4958 1452 4998 non
1478 4942 1656 5013 magni
1680 4941 1950 5012 prolectus
1972 4943 2131 4999 alicui
2233 4957 2633 5013 Consuman
2678 4958 2791 5011 [me
2834 4957 2902 5010 ad
2948 4955 3332 5026 perfectionem
3372 4956 3643 5025 perimes,
3674 4956 3809 5025 quod

573 5034 938 5103 praestitimus.
969 5054 988 5087 ι
1005 5034 1375 5105 Diocletianus
1399 5050 1521 5092 cum
1540 5035 1769 5102 haberet
1790 5041 1956 5088 totum
1982 5051 2136 5089 mun-
2232 5048 2456 5101 verbum
2481 5046 2722 5101 omnium
2745 5055 2843 5101 est,
2871 5045 2991 5099 Alio
3015 5045 3161 5100 enim
3190 5045 3346 5100 modo
3368 5045 3613 5100 dicimus
3635 5064 3652 5100 ε
3679 5046 3811 5101 ca.-

575 5126 701 5179 dum
732 5125 791 5179 in.
812 5140 964 5196 pace,
999 5126 1142 5179 nullo
1169 5120 1391 5196 cogente
1427 5125 1707 5195 imperium
1735 5123 2047 5195 dereliquit,
2080 5136 2136 5189 et
2232 5146 2534 5190 mmmaius
2559 5145 2645 5191 est,
2665 5136 2835 5199 cibus,
2862 5135 2987 5204 quia
3018 5133 3198 5189 ﬁnitus
3224 5142 3337 5199 est;
3363 5134 3477 5189 alio
3506 5154 3523 5189 :
3550 5136 3815 5192 Com-

573 5230 673 5271 nec
700 5215 808 5271 ﬁlio
835 5226 928 5271 aut
954 5215 1073 5293 lilia:
1091 5256 1106 5283 ,
1136 5218 1251 5272 sive
1275 5217 1432 5272 alicui
1462 5215 1603 5270 alliui
1628 5216 1772 5273 dedit
1790 5258 1810 5293 ,Δ
1833 5218 1995 5272 etiam
2024 5219 2135 5273 Ma-

574 5308 866 5364 ximianum
894 5319 1195 5363 consortem
1218 5309 1448 5379 imperii,
1471 5325 1628 5380 quem
1656 5310 1770 5380 ipse
1794 5286 1974 5369 secum
1996 5313 2133 5369 asci-

572 5396 744 5464 verat,
774 5398 1004 5471 ecquod
1030 5408 1155 5455 ante
1178 5400 1337 5457 amici
1362 5402 1429 5455 ad
1461 5401 1686 5455 invicem
1714 5400 1929 5470 fuerint,
1955 5405 2133 5458 dimit-

575 5494 688 5541 terc
728 5486 871 5542 fecit.
907 5488 1126 5545 Etcum
1168 5498 1446 5563 rogaretur
1486 5504 1518 5543 a
1562 5491 1801 5561 cognatis
1845 5501 1899 5546 et
1946 5493 2131 5547 amicis

574 5574 714 5631 idem
737 5578 1094 5636 Diocletianus
1118 5596 1231 5639 nou.
1242 5582 1349 5637 hoc
1360 5580 1547 5638 facere
1567 5597 1691 5638 cum
1710 5583 1888 5645 omnia
1918 5581 1973 5637 in
2001 5598 2130 5653 pace

647 5698 669 5721 ἰ
715 5687 869 5740 Deest
895 5688 1118 5758 aliquid.

2235 5234 2412 5292 matus
2435 5235 2521 5281 est
2545 5226 2698 5292 liber,
2726 5227 2849 5295 quia
2880 5224 3151 5294 perfectus
3176 5235 3259 5280 est
3302 5226 3357 5279 in
3398 5227 3710 5295 scriptura.
3754 5227 3814 5280 Et

2238 5314 2328 5368 hic
2374 5328 2502 5381 ergo
2549 5314 2938 5378 consummatio
2985 5315 3051 5369 de
3092 5313 3436 5383 perfectione,
3492 5316 3629 5381 quia
3680 5318 3815 5371 [his

2237 5408 2422 5475 coepit,
2463 5407 2536 5460 ad
2572 5406 2953 5475 perfectionem
2995 5396 3399 5469 consummavit,
3445 5420 3561 5459 non
3608 5411 3681 5462 ad
3729 5406 3813 5458 de-

2235 5494 2545 5550 fectionem.
2577 5495 2984 5549 Admirabantur
3014 5496 3178 5549 turba:
3209 5511 3366 5564 super
3391 5499 3647 5551 doctrina
3682 5512 3812 5563 qus.

2237 5586 2583 5653 Mirabantur,
2610 5588 2762 5658 quasi
2796 5588 2881 5643 de
2902 5588 3051 5645 t'onte
3077 5589 3374 5658 sapientiae.
3418 5587 3483 5644 Si
3517 5590 3591 5645 de
3635 5590 3817 5660 καίεο
