3962 6174
193 329 353 401 ᾴδὲὸ

216 536 341 605 quid
373 533 657 589 dicendum
682 540 766 586 est
787 532 853 586 de
880 532 969 586 illo
992 533 1081 602 qui
1111 545 1231 585 eum
1271 532 1469 595 docuit,
1502 530 1776 599 Sapientia

219 623 307 677 Dei
337 621 550 676 Patris?
588 620 717 674 Erat
741 621 884 675 enim
914 621 1111 674 docens
1146 621 1285 674 sicut
1321 628 1640 689 potestatem
1684 620 1778 673 ha-

215 713 365 774 bens,
392 719 449 764 et
477 708 583 764 nob
609 711 747 764 sicut
783 708 985 765 Scriba:
1013 719 1069 764 et
1098 709 1368 765 Pharismi.
1402 710 1478 763 llli
1513 711 1657 764 enim
1685 710 1780 764 do-

216 800 405 855 cebant
432 799 571 853 sicut
596 799 689 867 qui
715 799 1013 853 didicerant
1058 814 1088 851 a
1129 798 1463 862 mortalibus,
1492 809 1549 852 et
1575 812 1635 851 ea
1661 812 1780 862 qute

216 889 459 959 legebant
482 890 536 943 in
571 889 685 959 lege
710 897 764 944 et
789 890 1084 959 prophetis,
1116 898 1169 943 et
1210 904 1313 943 non
1350 888 1438 942 illa
1474 903 1571 956 per
1600 886 1779 940 omnia

216 980 599 1049 intelligehant.
643 965 896 1033 Dominus
922 995 1047 1033 vem
1086 980 1224 1033 sicut
1266 979 1312 1032 is
1345 977 1436 1048 qui
1475 977 1643 1046 legem
1685 978 1779 1032 de-

216 1071 386 1135 derat,
414 1076 470 1125 et
493 1070 551 1123 in
577 1069 851 1139 prophetis
876 1068 1084 1124 locutus
1108 1067 1302 1123 fuerat.

811 1160 1037 1216 CAPUT
1075 1161 1191 1215 XV.

691 1253 769 1307 De
794 1252 996 1322 lep'roso
1024 1252 1275 1306 mundata

289 1345 420 1401 Cum
443 1356 616 1399 autem
638 1344 979 1398 descendisset
1005 1343 1069 1397 de
1091 1354 1281 1405 monte,
1308 1355 1498 1398 secuta:
1520 1353 1641 1398 sunt
1668 1360 1787 1397 eum

218 1439 381 1491 turba:
416 1436 613 1492 multm.
655 1436 894 1491 Audistis
921 1435 1045 1504 quia
1076 1435 1319 1490 ascendit
1350 1434 1404 1489 in
1433 1444 1699 1501 montem,
1734 1432 1790 1490 et

218 1529 466 1599 primitus
501 1528 756 1583 instruxit
792 1527 845 1581 in
875 1526 1240 1596 superioribus
1276 1525 1567 1594 discipulos
1602 1525 1668 1579 de
1704 1539 1790 1579 se-

208 1620 558 1684 cretioribus,
588 1625 642 1672 et
667 1618 733 1673 de
773 1625 896 1672 octo
926 1614 1366 1679 beatitudinibus,
1395 1624 1452 1669 et
1476 1623 1597 1684 post
1622 1628 1791 1684 popu-

220 1707 298 1761 los
325 1706 482 1777 paulo
511 1706 565 1760 in
595 1705 834 1761 inferiori
868 1705 985 1761 loco
1019 1704 1186 1774 ipsius
1212 1704 1427 1759 montis.
1464 1703 1531 1757 Et
1563 1704 1647 1758 his
1669 1717 1786 1758 om-

1342 318 1705 376 sxrosmo
1744 320 1808 374 IN
1847 275 2273 379 misrrumum.

215 446 413 498 dictum
442 450 526 497 est
552 440 694 510 quod
728 438 827 494 fuit
868 449 1060 510 potens
1102 439 1154 494 in
1198 454 1358 508 opere
1403 448 1459 493 et
1501 453 1771 498 sermone,
1801 442 1849 498 Α
1947 434 2011 487 Et
2059 435 2132 487 ait
2172 433 2248 485 illi
2292 430 2447 484 Jesas
2488 445 2504 482 :

3264 318 3272 329 ‘
3300 310 3436 368 ιδεες

2557 429 2709 494 Vide,
2754 429 2946 483 nemini
2981 426 3194 483 dixeris.
3239 428 3443 486 Idcirco
3516 474 3520 478 .

1877 526 1991 578 hmc
2028 521 2299 593 praecipit,
2333 530 2391 573 ut
2429 520 2675 573 ostendat
2702 520 2815 573 suis
2843 519 3054 586 quando
3081 518 3281 588 aliquid
3318 519 3445 575 boni
3530 502 3536 508 ’

1876 612 2101 677 faciunt,
2128 626 2235 665 non
2257 609 2652 680 divulgandum,
2684 617 2743 662 ut
2767 609 2976 663 laudem
3003 610 3340 678 requiramus
3360 609 3446 664 vel

1876 702 2148 773 pecunias.
2194 700 2304 754 Nec
2334 700 2546 769 quidem
2589 691 2809 753 necesse
2850 709 2968 754 erat
2999 700 3178 756 verbis
3203 717 3444 766 narrare,

1878 810 1998 848 eum
2024 809 2212 849 omnes
2237 798 2426 847 sanum
2450 792 2695 846 viderent
2728 807 2887 861 quem
2926 791 3192 861 leprosum
3219 802 3344 850 ante
3371 795 3451 849 vi-

1854 883 2084 957 derant.
2121 880 2222 936 Sed
2262 882 2414 944 vade,
2445 880 2653 934 ostende
2688 889 2735 933 te
2773 880 3049 934 sacerdoti.
3081 880 3298 951 Obtres
3324 899 3451 938 can-

1881 988 1971 1051 sas
2005 973 2257 1027 Dominus
2296 972 2547 1041 praecepit
2589 971 2903 1024 mundatum
2942 985 3001 1025 se
3026 972 3336 1040 prmscntari
3366 989 3452 1027 sa-

1856 1065 2205 1141 cerdotibus.
2244 1062 2445 1126 Primo,
2476 1070 2535 1116 ut
2571 1062 2944 1117 sacerdotibus
2981 1063 3335 1117 reverentiam
3363 1064 3456 1119 de—

1882 1156 2025 1211 ferre
2051 1156 2338 1211 videretur.
2370 1152 2616 1209 Secundo
2642 1169 2711 1207 ne
2737 1153 3058 1209 adnihilator
3087 1153 3218 1224 legis
3241 1154 3454 1210 videre-

1881 1256 1989 1310 tur,
2037 1248 2126 1316 qui
2175 1245 2240 1299 de
2290 1246 2390 1298 hoc
2433 1243 2837 1298 criminabatur.
2887 1243 3089 1309 Tertio,
3142 1252 3200 1298 ut
3245 1245 3290 1299 si
3340 1260 3451 1299 non

1884 1335 2166 1388 crederent
2209 1333 2520 1387 mandatum
2551 1332 2813 1398 videntes,
2849 1348 3008 1402 quem
3057 1334 3160 1404 ipsi
3206 1350 3311 1388 non
3357 1350 3457 1404 po-

1887 1434 2105 1481 tuerunt
2128 1425 2420 1480 secundum
2450 1424 2621 1495 legem
2656 1427 2937 1492 mundare,
2973 1429 3210 1483 deterius
3233 1420 3458 1484 damna-

1886 1526 2094 1573 rentur.
2130 1516 2196 1569 Et
2228 1517 2359 1585 oﬁ‘er
2384 1533 2571 1569 munus
2600 1518 2739 1586 quod
2780 1519 3018 1587 prwcepit
3046 1517 3270 1588 Moyses.
3314 1518 3460 1574 Prte-

1872 1596 2030 1678 -eepit
2058 1606 2285 1677 Moyses,
2313 1605 2483 1674 utqui
2505 1607 2790 1661 mundatus
2811 1605 2997 1661 fuisset
3017 1622 3049 1661 a
3074 1607 3221 1677 lepra
3246 1607 3464 1663 offerret

1887 1697 2262 1753 holocaustum
2293 1695 2538 1760 Domino,
2564 1696 2699 1751 duos
2729 1705 2982 1759 turtures,
3016 1705 3108 1751 aut
3137 1698 3271 1753 duos
3294 1697 3465 1768 pullos

223 1796 377 1850 nibus
415 1795 684 1866 perfectis,
715 1795 991 1850 descendit
1028 1796 1094 1849 de
1137 1802 1337 1859 monte,
1379 1805 1434 1848 et
1472 1793 1640 1849 turbae
1676 1810 1795 1863 quae
1822 1785 1870 1845 B
1897 1788 2284 1852 columbarum,
2312 1786 2449 1842 sicut
2471 1786 2526 1842 in
2555 1786 2791 1842 Levitico
2816 1788 3136 1842 continetur.
3159 1787 3315 1842 Enim
3336 1804 3466 1843 vero

220 1894 437 1955 propter
465 1899 586 1940 eum
627 1894 863 1940 montem
903 1885 1288 1949 ascenderant,
1325 1884 1486 1940 simul
1524 1900 1645 1939 cum
1674 1884 1791 1954 ipso

222 1982 584 2031 revertuntur.
627 1973 696 2027 Et
735 1990 849 2028 ecce
892 1973 1123 2043 leprosus
1151 1976 1355 2028 veniens
1395 1974 1648 2028 adorabat
1676 1990 1792 2028 eum

221 2065 397 2119 dicens
433 2079 452 2116 :
491 2063 826 2120 Prohibitum
852 2072 970 2119 erat
1009 2063 1251 2133 leprosos
1290 2064 1344 2117 in
1371 2063 1618 2117 domibus
1641 2077 1794 2117 acce-

223 2156 350 2210 dere
392 2142 460 2210 ad
489 2154 751 2217 homines,
795 2162 1076 2224 propterea
1126 2167 1227 2207 nec
1268 2153 1320 2206 in
1365 2162 1548 2208 monte
1576 2161 1795 2222 propter

222 2245 498 2316 populum,
526 2240 626 2299 nec
653 2245 707 2299 in
742 2245 919 2310 domo,
965 2244 1060 2299 sed
1084 2244 1137 2298 in
1170 2244 1263 2319 via
1284 2244 1521 2299 occurrit
1549 2245 1791 2299 Domino.

224 2334 400 2404 Lepra
433 2340 516 2387 est
545 2333 806 2403 asperitas
848 2332 988 2388 cutis
1032 2348 1339 2402 squamosa,
1381 2333 1542 2403 lapidi
1585 2332 1793 2389 similis.

225 2426 433 2480 Dicitur
457 2424 641 2481 Gnece
670 2425 934 2495 leprosus,
977 2441 1008 2479 a
1046 2425 1253 2495 pruritu
1294 2424 1461 2478 nimio
1490 2423 1657 2494 ipsius
1681 2440 1799 2480 sca—

226 2514 356 2579 biei,
385 2529 505 2583 qua:
547 2529 689 2569 nunc
716 2513 770 2568 in
813 2514 1143 2582 nigredinem
1173 2514 1424 2578 vertitur,
1456 2522 1597 2568 nunc
1637 2513 1690 2567 in
1721 2512 1799 2567 al-

226 2607 434 2672 borem,
470 2622 611 2663 nunc
654 2607 710 2661 in
746 2608 1017 2669 ruborem.
1066 2606 1172 2662 Iste
1215 2607 1398 2677 igitur,
1441 2607 1566 2662 licet
1610 2607 1710 2663 hac
1744 2607 1798 2661 in

227 2696 542 2753 inﬁrmitate
588 2697 835 2752 detentus
884 2695 1078 2762 fuerit,
1129 2695 1230 2750 fuit
1278 2697 1493 2765 sapiens
1539 2697 1593 2750 in
1642 2711 1798 2751 acce-

229 2787 423 2851 dendo,
454 2786 671 2841 humilis
694 2787 747 2840 in
778 2786 1063 2855 loquendo,
1092 2800 1442 2855 perseverans
1467 2787 1519 2840 in
1550 2787 1796 2856 petendo.

229 2875 295 2930 In
324 2876 515 2946 faciem
541 2877 780 2945 procidit.
817 2876 970 2943 Quod
1001 2885 1084 2930 est
1112 2876 1443 2947 bumilitatis_
1462 2885 1518 2931 et
1560 2876 1798 2946 pudoris.

230 2969 396 3024 Suam
428 2968 800 3023 inﬁrmitatem
840 2984 946 3024 non
979 2969 1211 3035 erubuit,
1250 2970 1514 3024 culturam
1539 2970 1798 3025 exhibuit.

231 3059 472 3124 Domine,
502 3059 548 3113 si
583 3060 677 3123 vis,
708 3068 849 3128 potes
880 3076 960 3113 me
994 3060 1269 3114 mundare.
1309 3060 1513 3116 Adorat
1544 3069 1598 3116 et
1635 3061 1802 3116 Deum

233 3149 467 3226 invocat.
499 3147 738 3211 Domine,
772 3150 817 3202 si
846 3148 919 3202 vis
942 3162 961 3200 :
990 3148 1171 3203 nescio
1198 3148 1242 3202 si
1278 3164 1399 3203 sum
1429 3149 1619 3219 dignus
1642 3165 1801 3204 mnn-
1829 3129 1875 3192 (ἶ

233 3238 375 3303 dari,
404 3237 528 3307 quia
556 3239 715 3291 credo
744 3239 1109 3307 propter'mea
1138 3246 1356 3306 peccata
1383 3238 1513 3292 mihi
1539 3239 1800 3309 evenisse.

235 3329 319 3383 Tu
343 3328 468 3393 scis,
495 3328 675 3383 omnia
697 3328 750 3382 in
772 3328 1044 3383 voluntate
1066 3336 1152 3382 tua
1175 3342 1345 3396 pono;
1370 3328 1585 3385 voluisti
1610 3339 1668 3383 ut
1693 3331 1804 3386 haec

237 3419 662 3475 itnmundissima
697 3419 842 3489 lepra
869 3434 1031 3489 super
1057 3434 1143 3473 me
1167 3418 1408 3484 veniret,
1442 3430 1503 3475 ut
1524 3428 1807 3490 correptus

236 3511 628 3581 pmnituissem,
659 3509 770 3564 sive
793 3518 1011 3579 propter
1040 3516 1128 3562 tua
1154 3508 1440 3579 magnalia,
1482 3518 1543 3562 ut
1581 3525 1670 3565 me
1701 3511 1805 3564 mi-

238 3602 480 3657 rabiliter
504 3601 765 3656 mnndans
788 3599 1148 3670 magniﬁceris
1165 3600 1233 3653 ab
1253 3599 1523 3655 omnibus.
1547 3599 1663 3653 Non
1688 3615 1805 3654 sum

239 3686 404 3745 ausus
446 3688 667 3744 dicere:
701 3687 759 3743 Si
797 3687 940 3757 quod
983 3696 1136 3757 potes
1168 3686 1360 3756 adiuva
1403 3701 1512 3753 me,
1555 3686 1807 3756 quoniam

241 3781 355 3835 seio
382 3781 559 3835 omnia
602 3790 654 3834 te
693 3794 881 3850 posse;
927 3777 1259 3833 solummodo
1298 3776 1625 3831 voluntatem
1660 3784 1806 3830 tuam

242 3873 480 3942 requiro,
504 3872 549 3925 si
579 3872 678 3937 vis,
702 3881 845 3941 potes
870 3886 949 3924 me
969 3868 1241 3923 mundare.
1274 3867 1342 3923 Et
1380 3869 1655 3923 extendens
1693 3884 1808 3923 ma-

244 3978 389 4027 num,
434 3961 595 4032 tetigit
638 3959 987 4015 eum‘dicens.
1030 3957 1285 4013 Extendit
1320 3973 1539 4013 manum
1581 3959 1650 4012 ad
1686 3972 1809 4012 eum

240 4066 402 4121 quem
431 4052 736 4106 sacerdotes
760 4064 865 4105 non
892 4050 1249 4119 dignahantur
1272 4050 1556 4118 attingere,
1593 4064 1689 4104 seu
1719 4064 1812 4103 ex-

247 4145 416 4199 tendit
452 4158 689 4206 manum,
721 4151 781 4197 ut
823 4142 1132 4198 ostenderet
1170 4156 1333 4209 supra
1377 4140 1546 4211 legem
1572 4156 1692 4196 esse
1719 4140 1809 4209 qui

244 4242 573 4309 prmeeperat
603 4233 893 4303 leprosum,
922 4233 1048 4303 quia
1080 4247 1186 4287 non
1216 4230 1317 4286 fuit
1343 4247 1473 4286 ausa
1500 4240 1814 4302 exspectare

246 4340 462 4404 silanum
500 4325 690 4396 ipsius,
734 4325 829 4379 sed
870 4325 1055 4381 statim
1092 4332 1152 4380 ut
1181 4325 1316 4380 vidit
1353 4340 1570 4380 manum
1609 4326 1812 4393 venire,

242 4414 432 4495 etl‘ugit
456 4415 571 4486 ipsa
597 4416 764 4485 lepra.
797 4413 947 4469 Volo.
977 4415 1058 4470 Ad
1082 4415 1256 4486 ipsum
1284 4416 1505 4471 verbum
1529 4417 1672 4486 quod
1694 4431 1816 4486 pre-

246 4516 400 4561 catus
425 4505 600 4559 luerat
628 4504 868 4575 leprosus
894 4505 1099 4572 dicens,
1140 4505 1188 4560 si
1220 4506 1315 4571 vis,
1344 4509 1676 4577 respondens
1708 4506 1815 4561 Do-

249 4599 430 4654 minus
457 4598 590 4654 dixit
622 4616 636 4652 :
675 4597 823 4652 Volo.
852 4596 937 4653 Ad
963 4599 1064 4654 hoc
1092 4599 1236 4668 quod
1269 4599 1500 4665 dixerat,
1535 4610 1699 4669 potes,
1728 4615 1817 4654 re-

251 4692 503 4761 spondit:
537 4691 815 4746 Hundare.
855 4691 971 4747 Non
1000 4702 1084 4748 est
1110 4692 1463 4763 jungendum,
1491 4701 1553 4748 ut
1578 4692 1820 4747 dicamus

252 4781 387 4855 uolo,
417 4781 689 4848 mundare,
716 4781 812 4837 sed
835 4783 1067 4851 primum
1091 4782 1373 4847 dicendum
1400 4781 1532 4847 volo,
1559 4791 1615 4837 et
1637 4791 1821 4852 postea

254 4873 564 4943 imperando
599 4871 1019 4945 subiungendum
1040 4857 1130 4929 cst
1153 4874 1425 4929 mundare.
1465 4874 1582 4930 Non
1616 4883 1701 4930 est
1734 4874 1824 4930 hic

254 4963 514 5019 mundare
552 4963 849 5019 inﬁnitivus
889 4960 1101 5029 modus,
1133 4964 1226 5019 sed
1272 4964 1637 5034 imperativus.
1683 4965 1818 5032 Quia

252 5054 530 5125 perspexit
553 5052 808 5109 Dominus
836 5053 891 5108 in
913 5052 1005 5107 illo
1032 5061 1087 5107 et
1110 5052 1269 5108 ﬁdem
1292 5062 1345 5107 et
1369 5053 1746 5118 humilitatem,
1769 5062 1824 5108 et

253 5132 379 5199 ideo
420 5144 488 5199 ad
526 5143 692 5199 verba
729 5144 807 5199 sic
837 5154 1224 5212 consequenter
1262 5144 1555 5214 respondit.
1599 5144 1667 5198 Et
1696 5161 1822 5197 con—

257 5235 431 5305 festim
482 5237 735 5291 mundata
779 5247 856 5290 est
902 5234 1045 5305 lepra
1089 5235 1222 5305 ejus.
1274 5235 1465 5293 Nescio
1515 5238 1656 5307 quod
1707 5236 1826 5306 plus

260 5326 442 5381 timuit
468 5326 636 5397 lepra,
666 5327 885 5382 verbum
920 5335 1013 5380 aut
1047 5335 1245 5381 tactum
1279 5327 1414 5396 ejus.
1457 5326 1512 5382 Si
1542 5327 1826 5393 tacuisset,

260 5415 411 5486 lepra
455 5406 559 5472 non
598 5416 772 5473 fuerat
814 5432 945 5471 ausa
984 5426 1295 5487 exspectare
1335 5432 1554 5471 manum
1596 5418 1827 5485 Domini,

264 5509 390 5577 quia
430 5522 534 5563 non
562 5507 739 5563 fuerat
766 5508 838 5562 ibi
867 5517 1067 5563 creata.
1116 5506 1174 5562 Si
1219 5522 1324 5561 non
1365 5508 1694 5562 extendisset
1721 5524 1831 5565 ma-

268 5617 397 5654 num
418 5610 473 5655 et
497 5601 719 5656 dixisset
746 5599 881 5665 volo,
910 5616 1012 5655 non
1041 5609 1185 5654 esset
1211 5615 1339 5653 ausa
1370 5613 1664 5655 remanere.
1696 5599 1831 5671 Quia

271 5689 359 5766 ille
384 5700 501 5745 erat
529 5692 675 5745 intus
694 5690 749 5744 in
770 5689 861 5747 illo
885 5705 1127 5758 corpore,
1152 5690 1242 5759 qui
1270 5688 1422 5756 dixit,
1449 5698 1495 5743 et
1526 5688 1667 5756 facta
1690 5701 1829 5744 sunt.

1842 4470 1895 4529 D

1893 1897 2002 1936 non
2036 1879 2268 1934 habebat
2303 1878 2479 1935 adhuc
2503 1893 2699 1949 corpus
2725 1887 2778 1932 et
2813 1878 3127 1949 sanguinem
3162 1894 3320 1934 suum
3349 1895 3465 1950 my-

1894 1973 2028 2028 stice
2070 1979 2464 2037 consecratum,
2497 1971 2639 2040 quod
2678 1970 2806 2026 fecit
2834 1985 2939 2025 una
2967 1970 3054 2025 die
3097 1979 3223 2024 ante
3262 1971 3470 2040 passio-

1879 2079 2051 2128 .nem;
2092 2071 2375 2133 propterea
2402 2061 2632 2137 \nolebat
2658 2061 2938 2121 destruere
2964 2060 3273 2132 signiﬁcans
3300 2062 3471 2116 sacri-

1885 2152 2077 2225 ﬁcium
2118 2154 2290 2207 donec
2328 2151 2537 2207 veniret
2576 2165 2791 2206 novum.
2839 2149 2906 2205 In
2952 2150 3299 2206 testimonium
3342 2148 3467 2204 illis.

1897 2245 2051 2313 Quod
2091 2258 2189 2314 pro
2214 2244 2503 2299 emundato
2542 2259 2575 2298 a
2614 2258 2701 2299 me
2737 2243 2836 2313 ipsi
2864 2242 3236 2298 holocaustum
3269 2231 3475 2297 obtule—

1898 2337 2039 2402 rint,
2084 2345 2142 2393 et
2186 2336 2408 2391 credere
2452 2335 2740 2390 noluerint.
2789 2332 2987 2406 Typice
3031 2334 3193 2389 homo
3233 2334 3336 2389 iste
3382 2333 3474 2405 qui

1896 2427 2089 2497 plenus
2111 2427 2259 2497 lepra
2287 2425 2454 2481 fuisse
2474 2425 2671 2481 dicitur
2697 2439 2866 2495 genus
2890 2424 3137 2495 designat
3158 2425 3472 2485 humanum,

1886 2518 2043 2588 quod
2076 2517 2295 2588 plenum
2316 2516 2566 2572 omnibus
2589 2516 2826 2586 peccatis
2850 2527 2969 2570 erat
2995 2523 3121 2570 ante
3148 2514 3476 2570 incarnatio-

1901 2625 2025 2667 nem
2064 2609 2300 2666 Domini.
2332 2608 2563 2665 Veniens
2601 2622 2731 2663 vero
2767 2607 3026 2663 Dominus
3066 2621 3171 2661 non
3208 2605 3379 2660 solum
3419 2605 3476 2658 in

1826 2759 1839 2768 ,
1901 2702 2099 2756 castris
2134 2699 2388 2755 Ecclesia:
2421 2713 2521 2753 nos
2558 2697 2825 2763 restituit,
2863 2696 2957 2752 sed
2999 2696 3160 2751 etiam
3190 2710 3357 2766 genus
3392 2709 3475 2749 sa-

1889 2790 2208 2860 cerdotale,
2247 2798 2568 2859 gentemque
2596 2797 2847 2844 sanctam.
2869 2795 2923 2842 et
2963 2786 3216 2857 populum
3246 2784 3479 2854 acquisi-

1906 2882 2066 2937 tionis
2088 2881 2284 2946 effecit,
2308 2888 2364 2936 et
2393 2881 2485 2951 qui
2517 2895 2733 2935 eramus
2760 2879 2917 2950 longe
2940 2894 3041 2949 pro
3064 2877 3323 2948 peccatis,
3349 2876 3480 2932 facti

1891 2987 2092 3029 .sumus
2118 2985 2305 3042 prepe.
2341 2969 2559 3025 Jussum
2589 2979 2672 3025 est
2707 2969 2862 3025 nobis
2898 2970 2966 3024 ab
3004 2967 3119 3037 ipso
3150 2975 3389 3023 turtures
3428 2977 3484 3023 et

1907 3060 2182 3117 columbas
2210 3074 2311 3115 nos
2346 3059 2520 3115 factos
2559 3059 2611 3113 in
2646 3058 3052 3114 conversatione
3087 3066 3269 3113 nostra
3299 3057 3479 3114 offerri

1908 3152 2262 3221 nosmetipsos
2293 3150 2424 3216 Deo,
2450 3158 2508 3205 ut
2542 3149 2817 3204 imitantes
2846 3148 3149 3203 castitatem
3187 3155 3476 3211 turturum,

1907 3252 1964 3297 et
2001 3242 2396 3312 simplicitatem
2437 3240 2830 3306 columbarum,
2874 3240 2991 3296 sine
3016 3239 3140 3296 felle
3172 3241 3485 3297 amaritudi—

1907 3336 1992 3390 nis
2043 3335 2315 3390 discamus
2376 3332 2607 3387 transire
2660 3331 2882 3400 laqueos
2936 3329 3095 3398 hujus
3145 3331 3367 3398 saeculi,
3424 3339 3487 3387 ut;

1909 3426 2102 3482 ﬁamus
2132 3441 2236 3482 non
2264 3425 2434 3481 solum
2469 3424 2646 3479 hostia
2674 3424 2862 3479 vivens
2889 3434 3073 3478 sancta
3106 3423 3216 3478 Deo
3241 3423 3480 3493 placens.

1907 3517 2004 3571 sed
2046 3525 2101 3571 et
2141 3514 2396 3584 templum
2443 3513 2538 3567 Dei
2607 3513 2662 3567 in
2707 3527 2814 3583 quo
2860 3511 3106 3582 dignetur
3145 3512 3386 3567 habitare
3429 3523 3487 3569 et

1911 3607 2262 3672 inambulare,
2304 3619 2584 3675 quousque
2629 3604 2887 3674 perducat
2923 3603 3014 3659 ubi
3057 3602 3174 3659 sine
3213 3602 3320 3659 ﬁne
3357 3620 3481 3659 cum

1910 3697 2025 3766 ipso
2050 3696 2308 3751 laetemur.
2868 3690 2871 3695 ’

2496 3783 2723 3841 CAPUT
2759 3782 2897 3839 XVI.

2284 3875 2358 3929 De
2383 3883 2570 3930 sanato
2594 3889 2753 3944 puero
2781 3875 3113 3929 centurionis.

1983 3964 2115 4018 Cum
2158 3973 2332 4018 autem
2373 3963 2632 4017 introisset
2671 3959 3059 4032 Capharnaum.
3111 3962 3486 4033 Capharnaum

1914 4056 2036 4111 valla
2063 4069 2255 4125 magna
2277 4063 2395 4110 erat
2421 4055 2476 4109 in
2503 4052 2721 4109 Galilaza
2747 4053 2802 4107 in
2830 4068 2934 4123 qua
2958 4051 3187 4107 Romani
3217 4053 3488 4124 principes

1913 4148 2057 4204 soliti
2101 4154 2259 4202 erant
2301 4146 2506 4202 sedere.
2555 4143 2689 4201 Cum
2739 4144 2862 4200 illuc
2904 4144 3162 4202 Dominus
3205 4148 3489 4216 appropin—

1915 4246 2167 4310 quasset,
2205 4238 2417 4292 accessit
2445 4236 2513 4290 ad
2545 4252 2664 4291 eum
2693 4237 2944 4301 centurio,
2974 4251 3080 4291 non
3112 4251 3357 4306 corpore,
3395 4238 3490 4309 sed

1918 4329 2022 4386 ﬁde
2049 4339 2104 4385 et
2136 4328 2350 4385 aﬂ‘ectu.
2387 4327 2585 4382 Narrat
2613 4328 2759 4383 enim
2787 4326 2957 4387 Lucas
2990 4327 3133 4397 quod
3172 4326 3382 4383 Iudaeos
3420 4328 3489 4382 ad

1920 4423 2095 4493 ipsum
2126 4421 2352 4484 miserit,
2382 4419 2655 4492 indignum
2684 4419 2934 4489 judicans
2955 4432 3014 4473 se
3045 4419 3349 4489 aspectibus
3372 4418 3488 4487 ejus

1921 4512 2253 4586 prazsentari.
2283 4511 2537 4571 Centurio
2562 4508 2758 4577 dictus,
2784 4525 2850 4565 eo
2877 4510 3018 4581 quod
3049 4519 3266 4566 centum
3305 4511 3491 4566 militi—
3533 4500 3543 4512 ’

1920 4605 2022 4660 bus
2054 4603 2411 4674 praaestsicut
2428 4601 2938 4673 quinquagenarius,
2961 4604 3051 4673 qui
3077 4604 3489 4675 quinquaginta,

1920 4707 1974 4752 et
2003 4695 2190 4752 decani
2224 4694 2316 4765 qui
2352 4694 2536 4749 decem
2565 4694 2824 4750 militibus
2852 4701 3107 4764 prtesunt.
3140 4693 3349 4767 Rogans
3372 4712 3491 4750 eunt

1920 4803 2019 4859 per
2044 4787 2189 4857 ipsos
2213 4784 2427 4842 Iudaeos
2452 4800 2590 4856 quos
2624 4787 2863 4849 miserat,
2895 4786 2987 4856 qui
3013 4787 3177 4842 etiam
3199 4787 3301 4842 hoc
3324 4788 3374 4843 ei
3409 4787 3492 4841 di-

1922 4884 2118 4933 xerunt
2141 4894 2153 4929 :
2177 4875 2378 4947 Dignus
2403 4885 2478 4930 est
2505 4884 2562 4929 ut
2584 4875 2680 4939 hoc
2703 4875 2751 4929 ei
2779 4885 3010 4944 praestes,
3030 4872 3153 4947 q'uia
3178 4875 3346 4947 diligit
3371 4892 3493 4948 gen-

1922 4976 2024 5022 tem
2053 4976 2282 5021 nostram
2307 4982 2326 5020 :
2355 4975 2404 5019 et
2431 4979 2746 5034 synagogam
2774 4964 2920 5019 nobis
2947 4966 3240 5034 (edi/iram.

1993 5056 2236 5119 Domine,
2260 5071 2389 5126 puer
2412 5070 2556 5108 meus
2573 5054 2717 5123 jacet
2742 5054 2796 5107 in
2819 5053 2974 5109 domo
3007 5053 3347 5125 paralyticus.
3388 5053 3486 5109 Pa-

1928 5148 2184 5218 ralyticus
2205 5146 2410 5209 Graece,
2448 5143 2636 5200 Latine
2660 5145 2950 5202 dissolutus
2967 5145 3217 5202 omnibus
3237 5148 3494 5203 membris

1929 5235 2145 5290 dicitur.
2182 5234 2303 5288 Dixi
2335 5234 2603 5303 superius,
2629 5232 2757 5303 quia
2782 5234 2935 5305 pueri
2960 5242 3190 5304 quatuor
3216 5236 3387 5291 modis
3413 5236 3494 5291 di-

1930 5338 2143 5382 cuntur.
2184 5326 2263 5382 Eo
2292 5339 2422 5397 ergo
2458 5325 2618 5381 modo
2651 5340 2759 5395 quo
2789 5326 2940 5396 pueri
2975 5325 3140 5381 David
3178 5325 3306 5381 dicti
3348 5336 3493 5389 sunt,

1928 5434 2027 5489 pro
2053 5416 2355 5473 obedientia
2383 5424 2438 5471 et
2462 5415 2551 5469 hic
2577 5431 2803 5485 puerum
2829 5432 2983 5471 suum
3010 5415 3160 5478 dicit,
3196 5414 3383 5471 nolens
3415 5415 3496 5470 di-

1928 5524 2054 5565 cere
2086 5507 2226 5578 quod
2254 5514 2401 5563 esset
2441 5521 2629 5563 servus
2672 5521 2821 5573 suus,
2868 5522 2965 5577 pro
3003 5506 3286 5563 dilectione
3327 5506 3493 5578 ipsius
3578 5514 3590 5524 '

1932 5600 2114 5671 pueri;
2144 5599 2211 5654 ad
2236 5598 2476 5653 dolorem
2503 5610 2682 5653 autem
2711 5598 3114 5668 exprimendum
3137 5598 3268 5653 dicit
3293 5597 3417 5669 quia
3440 5607 3496 5651 et

1933 5688 2259 5758 paralyticos
2283 5697 2367 5745 est
2393 5695 2448 5744 et
2460 5688 2630 5757 jacet.
2663 5688 2808 5745 Multi
2837 5687 2980 5744 enim
3008 5688 3283 5761 paralytici
3314 5687 3498 5744 ambu-
