3962 6174
526 348 672 410 ιιι-ι

1297 341 1684 415 CHRISTIANl
1721 335 2124 397 DRU’I‘IIMARI
2162 328 2609 393 CORDEIENSIS
2646 327 2947 387 MONACHI

3616 319 3750 377 13:8

514 475 659 531 *Iant.
681 472 751 528 Et
777 469 998 527 addidit.
1026 467 1091 522 Et
1120 465 1252 521 male
1275 474 1558 535 torquetur.
1588 459 1654 513 Et
1678 459 1751 512 ait
1777 456 1880 510 illis
1904 453 1937 507 J
1944 469 2082 513 esus,
2112 458 2161 515 Α
2187 466 2311 504 vum
2340 447 2591 520 populum
2614 446 2848 535 gentium
2868 442 3109 535 designat
3127 438 3455 535 crediturum
3484 434 3748 535 in-Dcnui,

527 564 777 620 videlicet
815 559 992 619 missis
1018 560 1154 630 ejus,
1190 556 1300 626 Ego
1330 554 1523 608 ueniam
1562 560 1608 604 et
1636 547 1826 602 curabo
1853 560 1989 599 eum.
2019 542 2086 597 Et

528 655 671 727 sicut
710 651 847 706 alius
885 647 1207 720 evangelista
1236 644 1427 707 refert,
1456 640 1630 694 statim
1669 636 1814 708 coepit
1856 636 1951 697 ire,
1982 647 2087 687 non

518 763 628 819 pro
653 746 761 802 ullo
792 747 952 809 dono,
982 745 1074 799 sed
1104 757 1202 814 pro
1229 740 1329 796 ﬁde
1357 748 1413 794 et
1446 736 1746 792 humilitate
1778 742 1833 788 et
1858 730 2089 801 pruden-

514 837 601 892 ‘tia
642 833 994 897 emiturionis.
1043 828 1212 893 Fide,
1253 826 1378 897 quia
1423 823 1651 880 credidit
1685 819 2039 892 paralyticum
2068 834 2099 874 a

519 923 812 982 Salvatore
860 935 1018 994 posse
1054 918 1264 980 sanari;
1313 914 1648 978 humilitate,
1700 911 1825 982 quia
1868 910 2103 980 seipsum

522 1020 746 1089 dignum
778 1030 884 1069 non
929 1011 1214 1068 mstimavit
1243 1008 1310 1064 ad
1355 1022 1478 1062 eum
1524 1004 1740 1068 venire;
1788 1001 2103 1075 prudentia,

527 1110 655 1179 quia
684 1107 881 1177 ubique
921 1104 1088 1158 Deum
1128 1116 1285 1173 posse
1306 1160 1319 1175 ,
1339 1097 1555 1170 operari
1582 1111 1702 1167 qua:
1722 1095 1882 1150 vellet
1917 1094 2102 1148 verbo.

530 1200 601 1255 Et
633 1196 944 1268 respondens
972 1194 1210 1248 centurio
1229 1191 1304 1245 ait
1333 1205 1352 1244 :
1379 1188 1627 1249 Domine,
1654 1203 1754 1240 non
1777 1202 1894 1240 sum
1918 1185 2106 1255 dignus

516 1300 589 1345 -αι
608 1295 767 1345 intres
784 1288 881 1342 sub
906 1296 1095 1340 tectum
1118 1298 1306 1338 meum.
1342 1278 1528 1335 Refert
1554 1278 1724 1333 Lucas
1750 1278 1875 1347 quia
1899 1275 2108 1332 miserit

532 1383 588 1437 in
616 1381 699 1435 via
729 1379 926 1434 missos
954 1376 1138 1433 dicens
1169 1388 1235 1429 ne
1262 1386 1322 1428 se
1363 1370 1632 1441 fatigaret,
1663 1367 1787 1439 quia
1823 1382 1929 1423 non
1961 1374 2107 1452 esset

531 1474 726 1545 dignus
753 1480 813 1526 ut
838 1469 938 1525 sub
964 1476 1163 1523 tectum
1192 1463 1309 1533 ejus
1338 1458 1597 1545 intraret.
1627 1459 1732 1545 Sed
1777 1467 1984 1514 tantum
2023 1458 2110 1545 die

534 1539 721 1613 vc'r‘uo,
746 1557 803 1603 et
827 1548 1106 1602 sanabitur
1143 1561 1277 1617 puer
1312 1560 1484 1601 meus.
1530 1543 1823 1606 Credebat,
1853 1539 2097 1611 quamvis

534 1636 768 1706 gentilis,
815 1636 956 1706 quod
1002 1636 1110 1707 ipse
1137 1645 1267 1690 esset
1310 1634 1404 1706 qui
1447 1632 1613 1699 dixit,
1658 1640 1707 1687 et
1741 1631 1881 1702 facta
1922 1638 2041 1684 sunt
2075 1642 2095 1682 :

535 1726 823 1791 mandavit,
854 1735 902 1780 et
931 1735 1104 1780 creata
1132 1733 1270 1779 sunt.

2184 551 2241 596 et
2268 539 2404 594 ﬁlios
2432 537 2658 592 Abrahae
2682 551 2777 606 per
2807 534 2963 589 ﬁdem
2998 531 3227 592 futuros,
3258 537 3314 583 et
3341 527 3523 582 locum
3548 525 3753 579 Israeli-

2187 639 2362 685 tarum
2387 628 2698 696 adepturum
2728 625 2781 679 in
2807 637 2972 693 regno
2993 621 3108 676 Dei.
3139 619 3340 675 Servus
3361 632 3496 672 vero
3524 630 3630 686 pro
3659 631 3757 682 quo

2186 717 2524 787 deprecatur,
2557 713 2700 768 illius
2736 710 2915 781 populi
2953 719 3157 779 partem
3195 706 3438 776 designat
3475 704 3569 773 qui
3610 704 3757 755 lanis

2185 814 2571 863 convertuntur
2598 803 2665 857 ad
2692 803 2880 864 Deum,
2907 808 2962 854 et
2988 798 3139 867 quasi
3166 796 3306 851 servi
3328 809 3451 849 esse
3481 793 3757 849 dicuntur.

2187 896 2278 968 qui
2314 894 2513 949 diutius
2547 894 2599 947 in
2629 891 2846 947 servitio
2890 884 3200 960 [idolorum]
3230 885 3604 945 demorantur,
3639 880 3757 950 quia

2188 983 2393 1040 similes
2416 985 2566 1043 ﬁunt,
2605 980 2697 1050 qui
2728 978 2955 1040 faciunt,
2983 985 3039 1029 et
3065 976 3155 1046 qui
3180 973 3461 1029 conﬁdunt
3492 972 3544 1024 in
3573 971 3684 1031 eis,
3712 980 3759 1021 et

2188 1074 2279 1144 qui
2310 1081 2586 1143 peccatum
2615 1069 2775 1132 facit,
2799 1082 2994 1136 ,servus
3018 1075 3103 1120 est
3132 1064 3358 1136 peccati.
3392 1062 3460 1116 Et
3497 1062 3632 1115 dixit
3668 1059 3753 1112 Je-

2190 1182 2278 1219 sus
2320 1163 2603 1221 centurioni
2643 1178 2663 1216 :
2713 1161 2875 1225 Vade,
2923 1151 2969 1214 et
3014 1160 3146 1213 sicut
3195 1157 3458 1212 credidisti
3501 1156 3597 1225 ﬁat
3650 1154 3754 1206 tibi.

2191 1253 2520 1322 Frequenter
2558 1253 2658 1306 hoc
2701 1252 2842 1305 Deus
2880 1250 3217 1317 omnipotens
3258 1247 3324 1301 ad
3367 1246 3567 1301 multos
3604 1244 3755 1298 dixit.

2194 1342 2347 1399 Unde
2381 1342 2681 1399 ostenditur
2714 1340 3004 1395 secundum
3043 1336 3458 1405 uniuscujusque
3498 1336 3699 1395 ﬁdem,
3730 1350 3757 1385 ι

2193 1432 2305 1488 Deo
2330 1445 2448 1487 esse
2475 1439 2818 1500 accepturum
2846 1438 2903 1484 et
2937 1429 3342 1498 impetraturum
3370 1441 3490 1495 quae
3524 1426 3760 1494 petierit,

2193 1522 2239 1577 si
2273 1520 2509 1592 perfecte
2538 1520 2855 1585 crediderit,
2898 1527 2953 1574 et
2990 1519 3043 1573 in
3088 1519 3301 1573 nomine
3340 1519 3645 1573 Salvatoris
3680 1534 3763 1587 pe

2194 1613 2360 1679 tierit,
2392 1621 2448 1668 et
2472 1614 2526 1668 in
2551 1613 2781 1683 petendo
2806 1626 2911 1667 non
2952 1611 3296 1666 hmsitaverit.
3338 1610 3408 1664 Et
3444 1622 3673 1664 senatus
3695 1621 3762 1664 est

2192 1718 2321 1773 puer
2350 1704 2406 1757 in
2433 1701 2526 1757 illa
2563 1703 2713 1756 liora.
2746 1700 2823 1755 Ex
2861 1702 2963 1779 hoc
2996 1701 3248 1773 colligere
3289 1716 3596 1771 possumus,
3625 1702 3765 1770 quod

610 1813 748 1870 Nam
774 1826 821 1871 et
845 1832 940 1887 ego
964 1815 1116 1869 homo
1140 1800 1254 1869 sunt
1275 1812 1367 1868 sub
1391 1821 1656 1884 potestate,
1682 1811 1873 1867 habens
1900 1810 1994 1866 sub
2016 1824 2097 1865 me
2122 1798 2170 1859 Β
2196 1793 2421 1851 aliorum
2444 1793 2790 1887 Ρτθοθδξξιῖρδ
2810 1792 3082 1887 “illitam:
3113 1801 3168 1848 ει
3197 1791 3328 1847 ﬁdes
3352 1791 3619 1863 Ρετῖθεω·
3644 1793 3765 1846 ιιηῖ-

535 1906 743 1962 milites.
774 1907 874 1961 Dat
898 1904 1194 1976 exemplum
1221 1903 1371 1973 quasi
1394 1904 1538 1959 dicat
1565 1921 1578 1956 :
1607 1900 1666 1957 Si
1689 1916 1788 1974 ego
1816 1901 1907 1972 qui
1933 1915 2099 1971 purus

535 1986 697 2059 homo
725 2014 842 2054 sum
872 1999 1196 2053 constitutus
1220 1997 1319 2051 sub
1345 1995 1568 2050 alterius
1597 2002 1887 2066 potestate,
1913 1991 2101 2048 videli-

535 2101 623 2149 cet
649 2090 851 2146 Tiberii
880 2089 1240 2161 imperatoris,
1272 2088 1392 2144 dico
1418 2086 1673 2142 militibus
1711 2086 1844 2141 meis
1871 2083 2102 2156 juniori-

538 2187 638 2241 bus
662 2192 720 2239 ut
745 2183 939 2238 faciant
983 2181 1074 2236 illa
1114 2180 1200 2236 vel
1242 2178 1355 2246 illa,
1382 2185 1438 2234 et
1464 2176 1555 2244 ﬁt;
1597 2185 1798 2248 quanto
1825 2175 1993 2245 magis
2021 2182 2099 2239 tu,

536 2275 629 2345 qui
674 2273 837 2329 habes
880 2270 1098 2344 angelos
1136 2270 1190 2325 in
1221 2276 1502 2341 potestate,
1549 2268 1595 2324 si
1639 2267 1957 2339 praeceperis
1996 2265 2104 2321 Ra-

536 2365 710 2437 phaeli
738 2365 820 2420 vel
845 2364 960 2435 ejus
983 2362 1183 2429 ordini,
1206 2362 1383 2419 statim
1410 2360 1526 2416 ﬁetl
1553 2360 1683 2437 Dico
1710 2360 1831 2414 huic
1854 2357 2105 2415 subaudi-

540 2434 629 2511 tur
652 2456 826 2510 militi.
855 2434 1006 2509 Miles
1038 2452 1213 2509 dictus
1238 2466 1269 2505 a
1300 2451 1463 2517 mille,
1491 2434 1627 2521 quia
1644 2449 1790 2505 mille
1814 2449 2043 2520 primum
2071 2461 2104 2502 a

539 2547 766 2604 lintnulo
795 2546 847 2600 in
874 2557 1097 2599 numero
1124 2542 1352 2598 ordinati
1382 2547 1527 2606 sunt,
1570 2555 1668 2596 seu
1696 2540 1821 2609 quia
1858 2539 1924 2595 de
1957 2536 2104 2594 mille

537 2654 678 2695 unus
701 2637 1018 2708 eligebatur,
1046 2632 1262 2705 quando
1294 2633 1649 2704 eligebantur.
1694 2630 1762 2685 Et
1804 2645 1952 2686 servo
1990 2645 2104 2684 meo

539 2732 626 2801 [ac
652 2730 767 2784 hoc.
809 2726 866 2784 Id
907 2735 991 2782 est
1023 2739 1176 2796 opus.
1224 2723 1293 2779 Et
1323 2723 1487 2795 facit.‘
1517 2722 1718 2779 Servus
1756 2721 1952 2789 dictus,
1981 2720 2108 2792 quia

537 2821 771 2892 prinmm
816 2824 1061 2874 servatus
1087 2822 1172 2870 est
1215 2813 1270 2869 in
1313 2812 1472 2869 bello.
1523 2808 1708 2869 Omnis
1736 2818 1983 2867 creatura
2011 2808 2108 2865 tibi

540 2912 720 2973 obedit
757 2918 819 2966 ut
862 2908 1107 2973 Domino,
1144 2906 1347 2963 idcirco
1371 2913 1526 2977 potes
1576 2903 1753 2960 facere
1780 2917 2110 2974 quaecunque

539 3001 793 3058 volueris.
817 2999 1045 3054 Audiens
1066 3005 1236 3052 autem
1259 2996 1432 3061 Jesus,
1454 2996 1676 3050 miratus
1697 3004 1791 3049 est.
1815 2993 2110 3049 Mirandam

540 3099 596 3146 et
641 3087 953 3143 imitandam
999 3084 1158 3139 ﬁdem
1196 3082 1501 3138 videntibus
1542 3091 1598 3137 et
1640 3081 1978 3137 audientibus
2018 3081 2112 3136 de-

542 3177 877 3235 monstravit.
908 3174 1040 3229 Nam
1066 3174 1178 3245 ipse
1206 3182 1331 3229 ante
1359 3172 1475 3242 ejus
1502 3173 1660 3229 ﬁdem
1686 3182 1997 3245 agnoverat,
2018 3174 2111 3245 qui

542 3276 839 3329 creaverat.
862 3267 929 3322 Et
946 3265 1291 3335 sequentibus
1310 3279 1370 3320 se
1388 3263 1538 3319 dixit.
1569 3263 1692 3318 Non
1719 3264 1890 3318 inveni
1912 3274 2111 3321 tantam

543 3364 697 3435 ﬁdem
718 3362 771 3416 in
798 3358 991 3417 Israel.
1017 3356 1092 3413 De
1123 3354 1287 3412 Israel
1317 3354 1519 3411 carnali
1546 3346 1704 3420 dicit,
1739 3355 1831 3424 qui
1863 3354 2034 3425 legem
2060 3364 2112 3411 et

545 3453 832 3526 prophetas
859 3448 1142 3511 habebant,
1178 3454 1232 3503 et
1272 3454 1452 3502 tamen
1482 3445 1599 3517 ejus
1627 3445 1959 3501 divinitatem
2002 3462 2111 3502 non

534 3547 625 3615 sic
658 3540 1041 3613 intelligebant.
1082 3536 1214 3591 Nam
1254 3536 1533 3591 invenerat
1572 3534 1627 3589 in
1667 3533 1923 3605 apostolis
1963 3544 2018 3591 et
2057 3536 2113 3591 in

545 3630 875 3690 Natbanaele
904 3626 1199 3700 perfectam
1225 3626 1383 3682 ﬁdem
1401 3666 1417 3692 ,
1448 3624 1542 3681 sed
1570 3626 1636 3681 de
1662 3624 1861 3681 Iudaeis
1885 3626 2116 3682 carnali-

547 3727 648 3781 bus
677 3722 835 3787 dixit,
866 3720 990 3792 quia
1019 3717 1183 3774 Israel
1212 3715 1450 3788 generali
1489 3715 1703 3772 nomine
1737 3724 1847 3772 tota
1881 3732 2010 3789 gens
2035 3718 2115 3774 sic

549 3813 873 3878 vocabatur;
900 3810 1054 3881 quasi
1078 3808 1336 3866 dixisset:
1363 3814 1509 3862 totus
1526 3805 1690 3863 Israel
1710 3807 1917 3864 habens
1942 3808 2114 3879 legem

546 3913 603 3959 et
623 3900 911 3973 prophetas
936 3898 1193 3954 debuerat
1215 3896 1288 3951 ita
1314 3910 1400 3951 me
1420 3909 1764 3967 cognoscere,
1794 3904 1854 3951 ut
1873 3896 1992 3963 iste,
2020 3897 2116 3952 sed

534 4006 657 4065 [non
679 3990 836 4058 facit;
864 3997 919 4044 et
943 4004 973 4043 a
1000 3997 1111 4044 toto
1129 4002 1254 4059 pars
1274 3986 1590 4058 intelligitur
1607 4001 1706 4057 per
1722 3988 2110 4059 synecdochen,

549 4083 689 4138 sicut
716 4081 772 4136 in
805 4079 910 4135 alio
935 4079 1055 4135 loco
1085 4096 1099 4133 :
1131 4075 1328 4134 Μονιαὶ
1359 4085 1503 4142 sunt,
1543 4091 1666 4131 cum
1704 4076 1851 4132 solus
1878 4076 2116 4134 Herodes

468 4164 475 4169 ’
550 4182 797 4228 mortuus
844 4169 1024 4226 fuerit.
1078 4169 1207 4224 Dico
1258 4178 1433 4222 autem
1479 4166 1620 4224 uobis
1664 4167 1802 4239 quod
1848 4167 2001 4223 multi
2049 4168 2115 4223 ab

553 4261 761 4318 Oriente
798 4270 848 4318 et
891 4257 1165 4316 Occidente
1200 4258 1420 4314 uenient.
1462 4257 1566 4313 Per
1594 4257 1727 4313 istas
1764 4260 1898 4314 duas
1936 4267 2118 4328 partes

553 4355 672 4410 alia:
713 4353 877 4410 etiam
917 4349 1300 4422 intelliguntur,
1347 4348 1554 4405 scilicet
1585 4350 2009 4405 totus'mundus.
2050 4350 2119 4405 Et

555 4443 816 4499 accedunt
842 4440 947 4496 ﬁde
973 4439 1042 4496 ad
1075 4439 1274 4507 Deum,
1304 4447 1360 4495 et
1391 4439 1717 4509 recipientur
1751 4440 1806 4494 in
1845 4439 1990 4495 illum
2026 4455 2119 4512 pa-

2195 1895 2390 1951 temur,
2410 1899 2600 1940 omnes
2624 1883 2931 1950 Christiani,
2959 1884 3120 1938 istum
3153 1884 3522 1939 centurionem
3553 1884 3610 1937 in
3643 1898 3765 1951 prua

2197 1977 2396 2043 dentia,
2430 1976 2485 2031 in
2516 1975 2619 2030 ﬁde
2649 1984 2703 2030 et
2728 1971 3047 2030 humilitate.
3094 1974 3415 2029 Studeamus
3466 1974 3766 2029 secundum

2198 2071 2366 2127 Deum
2399 2068 2687 2140 prudentes
2715 2065 2849 2132 fore,
2885 2065 3011 2136 quia
3040 2066 3178 2121 Deus
3216 2064 3339 2119 inde
3378 2063 3518 2119 dixit
3546 2082 3562 2118 :
3596 2062 3769 2117 Estot:

2200 2158 2475 2231 prudentes
2497 2167 2552 2213 ut
2577 2154 2855 2228 serpentes.
2888 2156 2996 2212 Pro
3015 2154 3224 2224 justitia
3252 2169 3422 2225 usque
3443 2155 3514 2209 ad
3544 2165 3765 2208 mortem

2199 2264 2520 2322 pugnemus,
2559 2248 2735 2319 parati
2763 2247 2924 2302 etiam
2953 2247 3098 2301 omni
3131 2245 3371 2318 poscenti
3402 2260 3501 2299 nos
3542 2245 3615 2297 ad
3657 2259 3714 2298 re
3743 2268 3766 2283 ι

2200 2341 2430 2397 dendam
2458 2340 2717 2394 rationem
2742 2338 2808 2393 de
2835 2353 2898 2393 ea
2927 2352 3045 2408 qua:
3071 2337 3123 2402 in
3151 2336 3305 2391 nobis
3327 2344 3411 2392 est
3440 2350 3557 2404 spe.
3589 2334 3764 2388 Fidem

2202 2444 2414 2501 quoque
2454 2438 2656 2485 certam
2699 2436 2754 2484 et
2800 2438 3004 2483 rectam
3049 2426 3340 2481 habeamus
3385 2425 3439 2479 in
3481 2425 3679 2486 Deum,
3718 2432 3765 2475 ct

2203 2522 2453 2577 omnibus
2489 2521 2893 2591 quibuseunque
2933 2518 3300 2590 promisimus,
3335 2517 3440 2572 nisi
3468 2525 3683 2570 tantum
3722 2516 3764 2569 ia

2204 2622 2465 2685 quantum
2488 2613 2703 2667 deviant
2737 2626 2767 2665 a
2796 2611 2889 2666 Dei
2914 2610 3209 2665 voluntate.
3235 2608 3608 2664 Humilitatem
3639 2617 3693 2659 et
3722 2608 3764 2659 in

2205 2706 2385 2761 animo
2418 2714 2473 2761 et
2505 2705 2558 2759 in
2586 2717 2807 2775 corpore
2847 2703 3158 2766 habeamus,
3187 2702 3314 2772 quia
3356 2701 3498 2754 Dens
3525 2700 3770 2752 omnilats

2205 2796 2527 2853 Christianis
2555 2812 2587 2851 a
2612 2812 2670 2853 se
2697 2795 2952 2867 prtecepit
2978 2795 3109 2851 disci
3140 2793 3499 2850 humilitatem
3531 2804 3591 2846 et
3631 2808 3769 2846 atauo

2208 2888 2564 2944 suetudinem.

2787 2976 3013 3033 CAPUT
3049 2975 3209 3031 XVII.

2747 3066 2821 3123 De
2865 3064 3018 3122 socru
3076 3065 3239 3121 Petri.

2137 3142 2183 3206 (ἶ
2283 3162 2353 3217 Et
2388 3177 2505 3216 cum
2536 3159 2750 3216 uenisset
2787 3158 2941 3213 Iesus
2974 3159 3029 3212 in
3062 3140 3268 3212 domum
3307 3153 3467 3218 Petri,
3516 3152 3650 3209 cidit
3692 3171 3768 3209 se.

2210 3270 2357 3310 crum
2385 3251 2531 3307 Petri
2547 3252 2805 3322 jacentem
2830 3260 2876 3304 et
2908 3249 3304 3319 febricitantem.
3335 3248 3539 3302 Socrus
3584 3248 3771 3302 dicitur

2209 3344 2357 3401 Petri
2408 3343 2620 3408 mulier,
2657 3342 2809 3412 cujus
2845 3340 3008 3395 ﬁliam
3040 3340 3269 3395 habebat
3325 3340 3514 3394 beatus
3564 3337 3765 3392 Ριξιιηιι,⁸

2209 3437 2363 3492 Alius
2389 3435 2725 3506 Evangelista
2748 3434 2879 3488 dicit
2904 3432 3041 3504 quod
3068 3441 3374 3502 rogaverunt
3407 3416 3558 3483 illum
3582 3449 3677 3499 pro
3696 3447 3763 3481 ca.

2212 3529 2284 3584 Et
2311 3538 2456 3583 stans
2492 3542 2645 3597 super
2664 3524 2810 3579 illam
2837 3524 3101 3594 imperarit
3145 3522 3297 3593 febri,
3332 3531 3378 3575 et
3416 3522 3619 3574 dimisit
3647 3537 3763 3573 eam.

2211 3618 2514 3690 Aliqume
2569 3623 2845 3686 exspectat
2896 3613 3154 3668 Dominus
3207 3626 3391 3683 preces
3451 3611 3765 3681 rogantium.

2211 3709 2511 3780 Aliquando
2531 3707 2671 3762 ultro
2693 3715 2846 3762 curat
2868 3713 3068 3776 aegroto
3088 3703 3292 3767 volens,
3316 3712 3376 3756 ut
3398 3702 3640 3770 majores
3665 3717 3769 3768 gra~

2213 3803 2315 3857 tias
2340 3800 2452 3855 Deo
2480 3798 2735 3863 referant,
2758 3812 2856 3867 pro
2884 3810 3116 3865 quorum
3153 3792 3400 3864 precibus
3431 3791 3587 3855 facit,
3618 3802 3673 3845 et
3696 3790 3772 3843 ad-

2214 3891 2320 3946 huc
2355 3888 2515 3944 hodie
2536 3902 2598 3943 ea
2635 3900 2753 3957 qua:
2778 3883 2930 3939 nobis
2966 3883 3129 3938 habet
3156 3882 3413 3951 disposita
3461 3897 3544 3947 re,
3588 3880 3700 3933 vult
3723 3891 3773 3931 se

2213 3996 2312 4054 pro
2332 3978 2417 4036 his
2440 3978 2621 4051 rogari
2650 3993 2681 4032 a
2707 3976 2880 4031 nobis.
2918 3973 2985 4028 Et
3015 3974 3177 4045 tetigit
3212 3988 3423 4026 ηιιιηωη
3451 3972 3594 4041 ejus,
3631 3981 3678 4024 et
3704 3970 3775 4021 di—

2214 4072 2355 4127 misit
2380 4087 2495 4137 eam
2521 4068 2700 4139 febris.
2740 4067 2874 4133 Quia
2904 4066 3008 4120 duo
3038 4064 3283 4135 discipuli
3337 4062 3420 4119 sui
3460 4063 3650 4118 dilecti
3687 4074 3775 4131 pro

2215 4178 2281 4219 ea
2314 4162 2612 4233 rogabant,
2662 4165 2719 4213 et
2760 4157 2926 4212 verbo
2962 4155 3163 4212 febrem
3208 4152 3410 4225 fugarit
3462 4160 3520 4206 et
3564 4165 3774 4207 manuni

2217 4250 2455 4323 surgenti
2483 4247 2742 4320 porrexit.
2774 4245 2839 4300 Et
2862 4246 3084 4330 surre..rit
3117 4253 3166 4299 et
3197 4242 3530 4324 ministrabat
3552 4245 3647 4297 eis.
3675 4240 3773 4294 Na-

2218 4318 2391 4401 turale
2432 4318 2516 4397 est
2547 4339 2793 4395 omnibus
2820 4318 3403 4392 febricitantibus‘cum
3443 4335 3641 4391 omissi
3674 4335 3778 4389 fuc-

2217 4436 2328 4491 rint
2354 4450 2382 4489 a
2406 4432 2574 4496 febre,
2601 4429 2858 4498 majorem
2895 4428 3193 4484 molestiam
3229 4426 3567 4482 inﬁrmitatis
3605 4437 3663 4482 et
3687 4426 3777 4479 las-

555 4531 792 4587 radisum
835 4529 928 4585 ubi
964 4528 1236 4584 Abraham
1279 4538 1383 4593 est,
1426 4538 1484 4584 et
1520 4528 1688 4593 Isaac,
1732 4537 1787 4584 et
1829 4528 2014 4596 Iacob,
2063 4541 2116 4587 et
2141 4519 2194 4579 D
2218 4520 2466 4603 si'tudinis
2513 4521 2735 4585 sentire,
2778 4527 2833 4573 et
2883 4519 3035 4589 quasi
3070 4517 3310 4574 semivivi
3346 4518 3557 4588 jacere.
3592 4518 3700 4573 Sed
3727 4525 3780 4569 ut

554 4622 714 4679 beata
735 4621 846 4675 vita
873 4618 1136 4677 fruentur.
1164 4616 1293 4672 Filii
1308 4608 1482 4672 autem
1504 4620 1647 4689 regni
1666 4619 1823 4690 hujus
1846 4622 2119 4692 ejicientur

503 4761 506 4764 .
555 4711 612 4767 in
635 4711 868 4765 tenebras
888 4708 1187 4773 exteriores,
1216 4704 1271 4761 id
1292 4713 1377 4761 est
1404 4704 1590 4772 iudici,
1628 4707 1722 4776 qui
1764 4708 1836 4763 ibi
1873 4710 1984 4764 nati
2013 4708 2120 4765 fue-

558 4808 687 4889 rant.
706 4806 761 4854 et
785 4799 955 4870 legem
976 4803 1316 4866 acceperunt,
1357 4803 1412 4850 et
1450 4794 1521 4851 de
1544 4795 1973 4866 patriarcharum
2002 4815 2121 4870 pro-

558 4881 714 4962 genie
735 4898 878 4956 sunt,
910 4887 1193 4943 mittentur
1217 4888 1272 4943 in
1296 4881 1550 4942 tenebras
1571 4887 1885 4953 exteriores,
1917 4889 2016 4945 hoc
2041 4898 2124 4945 est

560 4984 614 5040 in
645 4986 946 5050 infernum,
982 4981 1072 5037 ubi
1109 4989 1377 5051 perpetuae
1413 4978 1644 5033 tenebrae
1666 4987 1809 5033 sunt.
1838 4979 2125 5035 Interiores

560 5080 704 5139 enim
753 5077 1004 5140 tenebrat,
1048 5073 1262 5129 caecitas
1300 5071 1518 5137 mentis,
1558 5085 1664 5138 qua
1709 5070 1901 5126 melius
1940 5071 2121 5127 videre

561 5170 834 5227 debemus.
879 5165 986 5222 Sed
1012 5162 1104 5233 qui
1138 5163 1305 5217 Deum
1339 5176 1446 5215 non
1470 5159 1773 5231 cognoscit,
1805 5159 1966 5214 habet
1993 5159 2124 5215 istas

562 5259 813 5320 tenebras
841 5256 895 5311 in
928 5253 1218 5327 praesenti:
1250 5252 1494 5307 mittetur
1529 5266 1627 5322 pro
1655 5251 1771 5307 istis
1806 5251 1859 5305 in
1897 5252 2123 5306 exterio-

563 5334 672 5415 res,
697 5348 787 5405 ubi
834 5344 1161 5403 cruciabitur
1186 5342 1346 5398 simul
1386 5357 1508 5397 cum
1551 5356 1775 5411 corpore
1820 5349 1875 5397 et
1918 5346 2118 5396 anima.

564 5442 649 5497 lbi
673 5441 771 5496 erit
798 5441 948 5510 [lctus
971 5447 1019 5492 et
1043 5435 1238 5492 stridor
1255 5434 1507 5488 dentium.
1538 5433 1595 5487 ln
1621 5431 1745 5487 ﬁetu
1773 5432 2045 5487 oculorum
2070 5442 2126 5487 et

566 5531 806 5588 dentium
830 5528 1079 5594 stridore,
1110 5525 1289 5583 carnis
1320 5531 1375 5579 et
1400 5523 1599 5583 ossium
1637 5524 1960 5579 resurrectio
1989 5523 2126 5578 desi-

568 5632 780 5690 gnatur,
810 5629 866 5676 et
890 5635 1015 5675 vera
1046 5620 1160 5675 hare
1189 5599 1570 5675 crueiabuntur
1594 5630 1776 5685 poena,
1800 5629 1907 5668 non
1936 5614 2124 5684 imagi-

574 5711 753 5774 naria,
789 5718 843 5763 et
876 5708 1027 5777 quasi
1056 5724 1152 5778 per
1173 5706 1457 5765 somnium.
1494 5704 1597 5765 Iste
1626 5704 1867 5762 centurio
1895 5704 2122 5777 primiti-

2215 4616 2605 4677 ostenderetur,
2639 4613 2762 4681 quia
2806 4609 2963 4665 aliter
3003 4609 3092 4665 ille
3134 4609 3378 4672 sanabat,
3404 4608 3569 4664 aliter
3595 4607 3777 4663 medici

2217 4708 2436 4773 terreni,
2463 4720 2647 4763 omnes
2667 4717 3009 4774 quoscunque
3031 4702 3257 4757 sanabat
3281 4700 3335 4754 in
3350 4709 3634 4754 momento
3656 4708 3780 4753 tem-

2216 4798 2362 4872 poris
2384 4795 2625 4859 sanabat,
2659 4794 2730 4849 ita
2764 4801 2824 4848 ut
2861 4807 2962 4847 nec
2987 4790 3269 4862 vestigium
3308 4790 3607 4861 praeteritae
3639 4786 3780 4842 inﬁr-

2218 4887 2422 4944 mitatis
2466 4892 2789 4941 remaneret.
2814 4882 2967 4940 Unde
2997 4890 3053 4938 et
3090 4884 3189 4937 ista
3216 4896 3337 4937 eum
3366 4881 3633 4944 sumsit,
3682 4888 3781 4933 sta-

2219 4975 2317 5029 tim
2346 4975 2512 5043 coepit
2559 4971 2867 5027 ministrare
2901 4968 3147 5033 Domino,
3200 4965 3467 5036 signiﬁcat
3508 4966 3779 5021 hominem

2221 5078 2532 5136 oppressum
2569 5062 2637 5116 ab
2662 5060 2840 5129 aliquo
2862 5067 3105 5129 peccato,
3130 5056 3357 5119 luxuria,
3382 5070 3479 5110 seu
3511 5055 3740 5109 avaritia
3764 5071 3779 5106 :

2221 5169 2319 5224 pro
2346 5168 2450 5222 quo
2480 5153 2524 5208 si
2552 5150 2824 5206 oraverint
2879 5148 3005 5203 boni
3044 5147 3223 5211 amici,
3267 5144 3551 5200 sanabitur
3576 5146 3651 5199 ab
3676 5146 3782 5212 ipsa

2222 5255 2391 5317 febre,
2421 5252 2473 5306 in
2499 5258 2706 5303 tantum
2736 5255 2795 5300 ut
2816 5245 3041 5300 Domino
3078 5245 3361 5307 ministret,
3390 5241 3486 5312 qni
3515 5250 3651 5296 ante
3679 5240 3785 5294 dia-

2222 5345 2347 5419 bolo
2375 5341 2718 5403 ministrabat
2754 5337 2998 5392 faciendo
3024 5324 3349 5390 voluntatem
3379 5333 3520 5402 ejus.

2222 5412 2393 5491 autem
2422 5433 2561 5504 [acto
2606 5429 2900 5485 obtulerunt
2924 5428 2973 5483 ei
2998 5426 3186 5481 multos
3227 5425 3488 5479 dwmouia
3511 5409 3781 5479 habentes.

2222 5525 2356 5594 Quia
2399 5524 2680 5580 sabbatum
2731 5521 2848 5591 ipsa
2883 5519 2969 5575 die
3015 5516 3208 5581 fuerat,
3233 5530 3339 5569 non
3399 5511 3624 5568 fuerunt
3670 5510 3784 5565 ausi

2220 5624 2345 5671 ante
2370 5628 2646 5684 vesperam
2676 5619 2893 5681 propter
2917 5609 3199 5666 sabbatum
3228 5606 3489 5662 adlucere
3516 5604 3785 5665 inﬁrmos,

2219 5706 2452 5763 maxime
2477 5705 2831 5763 dmmoniacos
2861 5720 2874 5756 :
2907 5715 3040 5772 quos
3079 5713 3184 5754 non
3211 5703 3465 5769 ’potcrant
3498 5694 3667 5749 aliter
3690 5694 3789 5748 ai-
