3962 6174
258 320 394 383 iseo
746 351 753 359 -
1399 321 1756 388 Exposmo
1791 328 1856 382 IN
1895 321 2324 385 ΜΑτΤηΑευΜ.
3335 303 3469 372 ἱόδο

254 442 472 504 ducere,
503 440 605 495 nisi
631 440 842 512 ligatos,
874 451 928 498 et
970 459 1091 498 cum
1140 444 1213 498 vi.
1271 443 1472 514 Typice
1522 443 1800 514 ﬁguratur,
1833 451 1878 505 Α
1903 441 2025 510 quia
2047 440 2176 494 dicit
2198 450 2426 493 mortuos
2445 457 2585 503 suos,
2611 449 2786 510 potcSt
2811 439 2926 496 ﬁeri
2945 447 3002 492 ut
3023 436 3120 508 ipsi
3144 451 3264 490 eum
3289 434 3484 488 animo

254 531 396 597 quod
423 531 638 600 quando
667 534 1011 588 oecubiturus
1045 543 1182 597 erat,
1204 533 1294 602 qui
1327 548 1486 587 verus
1513 533 1592 588 sol
1613 532 1808 588 eratin
1905 531 2200 585 occiderint
2226 545 2322 599 per
2345 529 2544 584 malum
2566 531 2886 600 exemplum.
2936 529 3039 596 Qui
3080 525 3237 581 alicui
3270 523 3468 577 malum

253 635 437 685 cruce,
452 629 735 676 sanaturus
752 633 894 677 esset
919 638 1129 678 omnem
1147 621 1422 677 mundum.
1441 620 1614 676 Lucas
1637 622 1702 675 de
1725 621 1810 675 his
1907 619 2206 690 exemplum
2227 621 2293 674 de
2315 629 2533 688 peccato
2560 619 2823 674 criminali
2853 619 3076 688 przebet,
3100 615 3298 672 occulit
3321 628 3466 674 ettln.

254 708 401 769 dicit,
433 708 573 776 quod
593 708 916 764 conﬁtentur
942 708 1089 762 illum
1119 709 1411 773 Christum,
1447 708 1528 762 vel
1558 709 1811 763 tentando
1908 709 1953 766 si
1983 725 2185 778 sequax
2216 709 2358 764 illius
2380 709 2559 764 fuerit.

253 797 393 849 sicut
417 806 540 852 ante
564 798 818 868 magister
841 797 1028 852 eorum
1067 798 1266 853 fecerat
1291 798 1474 852 dicens
1503 817 1515 851 :
1552 798 1612 852 Si
1641 797 1809 852 Filius

253 885 351 939 Dei
397 903 470 940 es.
525 886 622 940 Vel
669 887 941 957 signorum
1001 887 1368 957 magnitudine
1422 888 1814 956 cognoscebant

255 977 422 1030 illum.
457 977 729 1046 Sequitur.
758 974 826 1031 Ut
854 977 1222 1046 adimpleretur
1245 977 1382 1047 quod
1409 978 1604 1030 dictum
1629 989 1701 1030 est
1724 993 1814 1040 per

255 1065 452 1119 Isaiam
497 1067 818 1137 prophetam.
850 1069 968 1138 Ipse
999 1069 1325 1137 inﬁrmitates
1363 1079 1567 1122 nostras
1597 1071 1809 1138 accepit,

252 1166 300 1207 et
350 1157 711 1224 a'grotationes
751 1159 994 1226 portarit.
1019 1157 1094 1212 De
1123 1159 1362 1227 utrisque
1417 1143 1815 1211 infirmitatibus

254 1242 422 1312 accipi
449 1244 610 1307 valet,
644 1254 699 1299 et
726 1245 791 1299 de
821 1246 903 1299 his
929 1246 992 1300 de
1015 1247 1208 1314 quibus
1234 1262 1372 1300 nunc
1394 1246 1525 1299 dixit
1558 1245 1814 1299 liberasse

253 1333 400 1386 illum
431 1334 569 1398 illos,
601 1343 656 1388 et
701 1334 766 1388 de
808 1335 1203 1391 inﬁrmitatibus
1253 1340 1572 1401 animarum,
1602 1335 1667 1390 de
1697 1335 1816 1404 qui-

257 1426 353 1481 bus
375 1424 522 1478 omni
549 1425 634 1478 die
657 1424 820 1479 multa
851 1425 1016 1479 millia
1046 1425 1257 1480 liberat.

820 1514 1045 1570 CAPUT
1077 1514 1256 1569 XVIII.

468 1604 541 1658 De
567 1605 768 1674 repulso
791 1607 984 1672 scriba,
1010 1616 1057 1661 et
1085 1608 1328 1677 pauperie
1358 1607 1586 1662 Domini.

298 1691 486 1748 i'idens
507 1706 679 1748 autem
703 1696 880 1750 turbas
902 1696 1092 1751 multas
1115 1699 1308 1751 circum
1326 1715 1379 1752 se
1391 1698 1551 1768 jussit
1576 1701 1651 1754 ire
1670 1711 1816 1756 trans

252 1785 464 1852 fretum.
493 1788 762 1856 Superius
811 1789 919 1843 dixi
972 1789 1254 1844 Dominum
1291 1791 1360 1845 ob
1410 1792 1685 1846 turbarum
1735 1791 1811 1845 af-
1841 1777 1886 1836 Β

257 1879 528 1932 ﬂuentiam
563 1880 660 1932 tria
692 1879 792 1933 sibi
825 1879 1024 1949 refugia
1049 1880 1290 1949 elegisse.
1316 1881 1661 1936 Pinnaculum
1685 1892 1813 1936 tem-

250 1971 348 2039 pli,
377 1977 431 2021 et
459 1969 628 2022 lacum
659 1969 817 2023 istum
863 1979 917 2023 et
960 1979 1193 2024 montem
1240 1970 1472 2025 'l‘habor.
1523 1969 1655 2024 Cum
1688 1972 1814 2026 vidit

248 2059 664 2123 multitudinem,
701 2060 861 2129 jussit
884 2061 960 2114 ire
984 2071 1130 2114 trans
1162 2060 1369 2129 fretum.
1403 2061 1619 2116 Fretum
1650 2077 1680 2115 a
1710 2061 1814 2116 fer—

257 2151 426 2203 veudo
446 2151 680 2214 dictum,
725 2153 975 2220 quoniam
1007 2153 1245 2223 quotidie
1281 2154 1532 2208 videbant
1569 2154 1721 2224 signa
1759 2155 1812 2209 in

255 2248 397 2291 ωτι-ιι
423 2254 516 2307 per
542 2255 660 2308 qua:
681 2249 926 2308 poterant
960 2257 1269 2312 agnoscere,
1303 2244 1441 2312 quod
1465 2245 1576 2313 ipse
1602 2253 1814 2300 creator

255 2338 519 2382 terrarum
570 2340 624 2384 et
671 2331 944 2384 hominum
978 2341 1164 2387 esset:
1199 2333 1466 2399 malebat,
1513 2343 1571 2388 ut
1615 2335 1818 2390 scirent

251 2421 415 2473 etiam
455 2421 628 2490 ipsum
663 2422 827 2477 Deum
879 2425 1044 2488 maris
1069 2434 1125 2479 ct
1161 2427 1399 2480 omnium
1425 2435 1812 2482 creaturarum.

259 2508 370 2560 Non
394 2510 542 2578 juxta
571 2527 805 2582 paganos
825 2513 986 2568 alium
1019 2514 1184 2568 Deum
1211 2515 1331 2570 etnli
1362 2525 1416 2570 et
1439 2524 1625 2581 teme,
1649 2517 1813 2572 alium

259 2599 440 2661 maris,
495 2601 587 2654 sed
615 2601 784 2670 ipsum
817 2619 978 2656 unum
1009 2618 1105 2672 per
1130 2621 1288 2674 quem
1319 2606 1499 2659 omnia
1524 2605 1662 2662 facta
1690 2616 1815 2662 sunt

259 2690 483 2743 visibilia
526 2701 578 2745 et
622 2693 925 2747 invisibilia.
970 2694 1036 2748 Et
1071 2696 1316 2750 accedens
1347 2714 1480 2751 unus
1511 2699 1702 2762 scriba,
1741 2701 1819 2752 ait

257 2779 352 2832 illi.
401 2779 593 2834 Scriba
641 2783 740 2836 iste
783 2783 1047 2838 litteratus
1073 2785 1258 2850 etiam,
1294 2796 1356 2840 ut
1393 2788 1581 2842 Gmee
1623 2789 1818 2843 dicitur

255 2871 624 2939 grammaticus
669 2881 816 2933 erat,
870 2883 925 2926 et
966 2873 1077 2928 visa
1107 2875 1380 2945 signorum
1431 2878 1814 2947 magnitudine,

258 2960 506 3028 cupiebat
529 2958 807 3014 Dominum
835 2963 1234 3032 scquiquaestus
1257 2981 1438 3028 causa,
1469 2967 1610 3021 sicut
1642 2978 1696 3022 et
1727 2970 1814 3022 Si-

259 3067 379 3102 mon
424 3049 626 3119 Magus.
670 3050 904 3120 Apparet
934 3053 1033 3107 hoc
1063 3053 1115 3106 in
1149 3055 1260 3108 suis
1287 3055 1484 3120 verbis,
1524 3058 1613 3126 qui
1642 3074 1812 3126 neque

2496 798 2720 855 CAPUT
2757 797 2896 852 XlX.

2369 890 2440 944 De
2467 901 2762 960 tempestate
2785 890 2838 942 in
2866 891 3018 942 mari.

1981 980 2296 1034 Ascendentc
2316 997 2373 1033 eo
2401 983 2451 1032 in
2483 979 2793 1043 naviculam,
2823 979 2983 1032 secuti
3025 987 3147 1032 sunt
3171 965 3287 1031 eum
3315 975 3470 1028 disci-

1910 1072 2017 1139 puli
2063 1069 2194 1138 ejns.
2249 1069 2304 1123 ln
2335 1069 2418 1122 his
2455 1069 2672 1122 lacubus
2720 1083 2825 1121 non
2853 1067 3027 1121 solent
3071 1080 3274 1134 magna:
3307 1075 3470 1118 naves

1913 1160 2028 1213 ﬁeri
2055 1171 2270 1229 propter
2316 1160 2544 1228 impetus
2594 1159 2944 1226 tempestatis,
2995 1158 3088 1212 sed
3134 1158 3384 1214 minores.
3418 1163 3472 1208 et

1912 1250 2001 1302 vix
2027 1249 2302 1303 duodecim
2335 1249 2576 1303 homines
2605 1249 2776 1302 solent
2807 1250 3066 1318 recipere,
3089 1249 3158 1302 ob
3186 1247 3284 1302 hoc
3313 1245 3468 1306 dixit,

1913 1349 1959 1391 et
1985 1339 2146 1390 secuti
2181 1349 2298 1390 sunt
2338 1355 2454 1390 eum
2478 1337 2717 1407 discipuli
2749 1339 2884 1407 ejus.
2924 1337 3058 1390 Nam
3089 1336 3257 1390 turba:
3283 1350 3472 1402 seque-

1915 1438 2118 1492 rentur,
2146 1428 2188 1482 si
2215 1443 2378 1482 naves
2401 1429 2728 1483 habuissent.
2768 1428 2872 1483 Sed
2903 1445 2932 1481 a
2967 1427 3097 1483 foris
3123 1436 3384 1481 steterunt
3415 1433 3471 1477 et

1915 1519 2229 1573 miraculum
2269 1519 2336 1573 de
2361 1518 2514 1588 longe
2556 1518 2818 1583 viderunt,
2855 1529 2912 1573 et
2939 1525 3304 1586 cognoverunt
3328 1513 3470 1585 quod

1914 1617 2100 1664 nonut
2127 1609 2340 1679 quidam
2367 1610 2500 1663 dixit
2521 1610 2587 1665 de
2607 1609 2917 1674 Octaviano,

2099 1709 2314 1760 Divisum
2334 1711 2584 1770 imperium
2609 1723 2714 1759 cum
2739 1710 2860 1760 Jove
2883 1710 3037 1760 Cmsar
3057 1709 3227 1766 habet.

1913 1791 2006 1848 sed
2034 1791 2225 1848 ccelum
2253 1807 2374 1846 cum
2403 1801 2545 1845 terra
2563 1831 2578 1854 ,
2617 1799 2672 1846 et
2704 1807 2852 1845 mare
2881 1799 2936 1845 et
2961 1791 3140 1844 omnia
3171 1806 3288 1860 quze
3317 1789 3368 1843 in
3394 1788 3472 1843 eis

1911 1892 2068 1938 erant
2103 1883 2156 1936 in
2187 1865 2448 1952 potestate
2490 1881 2740 1936 habebat.
2785 1882 2851 1936 Et
2897 1899 3010 1936 ecce
3045 1892 3212 1935 motus
3256 1896 3473 1949 magnus

1911 1974 2079 2044 factus
2099 1983 2171 2026 est
2196 1973 2251 2026 in
2270 1973 2424 2025 mari.
2456 1971 2580 2026 Plus
2605 1972 2777 2026 solent
2814 1981 3156 2042 tempestates
3194 1987 3386 2026 nocere
3417 1971 3469 2024 iu

1913 2064 1998 2119 his
2026 2063 2228 2132 stagnis
2255 2078 2413 2131 quam
2439 2063 2491 2116 in
2516 2060 2855 2125 ﬂuminibus;
2880 2062 3001 2131 quia
3033 2077 3182 2130 aqua:
3219 2076 3337 2130 qua:
3363 2075 3472 2114 non

1912 2161 2170 2208 corruunt
2219 2154 2266 2208 si
2299 2153 2564 2207 modicam
2612 2153 3024 2207 commotionem
3077 2150 3378 2212 habuerint,
3411 2163 3476 2202 co

1913 2244 1973 2298 ﬁt
2001 2244 2261 2300 valentior
2283 2251 2461 2297 motus
2483 2242 2557 2296 ita
2589 2250 2648 2296 ut
2670 2241 2771 2296 nisi
2798 2241 2904 2296 cito
2932 2240 2998 2295 ad
3025 2240 3194 2309 ripam
3220 2238 3472 2309 fugerint,

1912 2332 2300 2404 periclitentur.
2355 2333 2441 2387 Ita
2487 2343 2540 2386 ut
2590 2330 2828 2386 navicula
2878 2331 3163 2396 operiretur
3211 2330 3474 2402 ﬂuctibus.

1913 2425 2176 2494 Coopcrta
2215 2433 2332 2482 erat
2377 2425 2451 2479 ita
2495 2432 2554 2478 ut
2598 2439 2702 2477 non
2731 2421 3000 2477 videretur
3042 2422 3110 2476 ab
3160 2421 3244 2476 his
3288 2421 3378 2490 qui
3415 2421 3476 2475 in

1915 2523 2058 2569 terra
2087 2515 2322 2577 stabant,
2354 2522 2573 2584 propter
2597 2513 2734 2567 altas
2761 2513 2932 2566 undas
2949 2510 3102 2581 juxta
3124 2527 3201 2566 se.
3219 2511 3337 2581 Ipse
3358 2527 3474 2564 vero

1912 2605 2218 2660 dormiebat.
2275 2605 2512 2674 Utraque
2549 2612 2740 2658 natura
2771 2605 2822 2658 in
2859 2604 2959 2658 hoc
2993 2601 3250 2656 miraculo
3278 2601 3480 2655 iudiea-

1917 2706 2023 2763 tur,
2062 2708 2118 2752 et
2139 2697 2234 2752 Dei
2262 2706 2318 2750 et
2342 2696 2572 2752 hominis
2600 2714 2614 2750 :
2648 2697 2763 2763 Dei,
2803 2696 2894 2767 qui
2921 2695 3054 2750 mari
3080 2703 3135 2749 et
3163 2694 3334 2749 ventis
3378 2694 3476 2746 im-

1913 2795 2103 2859 perat;
2135 2787 2386 2850 hominis,
2418 2786 2509 2855 qui
2535 2787 2769 2841 dormire
2805 2795 3072 2839 narratur.
3097 2782 3260 2838 Jonas
3290 2781 3482 2836 intelli-

1915 2893 2046 2948 gens
2083 2893 2181 2947 pro
2209 2892 2267 2932 se
2296 2892 2444 2930 mare
2469 2885 2814 2938 commotum,
2868 2874 3215 2928 descenderat
3243 2872 3308 2926 ad
3335 2871 3486 2924 inte--

1918 2967 2061 3021 riora
2093 2967 2245 3022 navis
2276 2967 2528 3028 dormire,
2557 2973 2617 3019 ut
2641 2981 2763 3020 cum
2787 2980 2894 3019 non
2922 2964 3127 3018 videret
3155 2957 3275 3016 eum
3308 2975 3485 3024 mare,

1919 3057 2282 3127 requiesceret
2309 3057 2361 3110 in
2387 3055 2673 3124 repetendo
2701 3055 2845 3109 illum
2883 3070 2978 3124 per
3021 3053 3194 3124 fugam
3226 3051 3338 3106 Dei.
3378 3052 3481 3105 iste

261 3140 422 3192 Deum
449 3154 619 3209 neque
665 3140 966 3206 Dominum,
1012 3143 1105 3197 sed
1133 3145 1445 3214 magistrum
1473 3155 1648 3212 vocat,
1677 3149 1819 3203 :esti-
1847 3133 1892 3194 Ε
1923 3149 2186 3205 secundus
2231 3147 2394 3202 Jonas
2419 3147 2693 3201 descendit
2726 3144 2974 3206 dormire,
3007 3153 3065 3198 ut
3110 3151 3289 3214 posset
3332 3157 3482 3195 mare

259 3245 414 3282 ouans
445 3244 568 3282 eum
606 3230 833 3285 similem
871 3229 987 3286 fore
1013 3232 1132 3286 aliis
1161 3233 1484 3290 hominibus.
1516 3237 1584 3290 Et
1613 3239 1738 3292 dicit
1769 3239 1816 3293 ei

256 3318 410 3373 Jcsus
437 3333 455 3370 :
489 3318 677 3389 Vulpes
706 3320 881 3390 foveas
907 3321 1125 3386 habent,
1159 3333 1208 3377 et
1239 3323 1467 3380 volucres
1495 3327 1608 3382 cwli
1643 3330 1810 3383 nidos.

257 3411 334 3464 Ac
363 3410 408 3463 si
432 3409 481 3464 ei
510 3410 653 3464 dicat
683 3427 696 3462 :
721 3410 860 3477 Quid
903 3427 989 3466 me
1017 3414 1098 3467 vis
1123 3415 1272 3484 sequi
1302 3415 1434 3471 lucri
1463 3433 1644 3485 causa,
1693 3436 1816 3475 cum

261 3514 418 3559 tantre
447 3506 778 3577 paupertatis
807 3507 930 3572 sim,
960 3515 1019 3560 ut
1045 3509 1186 3576 quod
1225 3509 1405 3564 bestire
1427 3526 1604 3580 parva:
1641 3522 1694 3567 et
1719 3530 1816 3569 vo-

259 3599 432 3649 lucres
454 3595 574 3650 εωιί
602 3595 820 3662 habent,
849 3597 903 3650 in
929 3597 1144 3667 proprio
1170 3613 1421 3665 caream;
1451 3601 1698 3656 videlicet
1719 3619 1818 3658 nec

259 3687 348 3740 ubi
373 3686 565 3739 lectum
598 3685 808 3749 faciam,
838 3687 938 3740 nisi
971 3687 1025 3741 in
1051 3686 1274 3741 aliorum
1305 3690 1668 3745 mansionibus
1694 3692 1818 3746 hos-

259 3775 674 3845 pitando,,victu
701 3786 753 3830 et
776 3777 970 3831 vestitu
1003 3786 1283 3832 contentus
1310 3778 1433 3835 sim?
1457 3779 1609 3835 Alius
1639 3789 1814 3836 autem

258 3868 322 3920 de
352 3865 623 3934 discipulis
663 3865 777 3934 ejus
806 3867 881 3921 ait
910 3867 982 3921 illi
1010 3885 1022 3920 :
1055 3867 1288 3932 Domine,
1323 3871 1555 3940 permitte
1591 3873 1814 3942 primum

259 3955 333 4007 ire
352 3965 398 4007 et
429 3954 640 4024 sepelire
666 3965 863 4025 patrem
893 3973 1080 4010 meum.
1118 3957 1222 4012 Iste
1257 3967 1311 4012 et
1350 3959 1540 4014 melius
1568 3962 1814 4030 credidit,

257 4052 312 4096 ct
342 4042 548 4098 meliori
574 4041 855 4098 devotione
881 4045 1222 4114 sequebatur,
1252 4049 1343 4116 qui
1371 4049 1526 4114 dixit,
1574 4050 1814 4109 Domine.

259 4132 323 4186 Et
351 4132 448 4187 iste
478 4131 682 4187 meliori
713 4133 984 4190 voluntate
1006 4145 1144 4200 erat,
1173 4137 1263 4206 qui
1287 4147 1553 4193 mortuum
1572 4142 1818 4210 quamvis

258 4222 625 4278 biothanatum
659 4225 885 4294 sepelire
920 4228 1196 4297 gestiebat.
1238 4229 1324 4282 Ait
1374 4229 1452 4283 illi
1487 4229 1642 4286 Iesus
1671 4246 1690 4285 :
1723 4233 1818 4290 Se-

256 4331 411 4383 quere
445 4331 545 4380 me,
591 4326 638 4368 et
685 4317 883 4370 dimitte
915 4329 1144 4373 mortuos
1171 4320 1382 4390 sepelire
1415 4333 1644 4378 mortuos
1671 4341 1815 4380 suos.

260 4405 476 4460 Duobus
523 4407 694 4462 modis
742 4416 983 4464 mortuus
1033 4410 1227 4464 dicitur
1263 4411 1543 4468 :Mortuus
1571 4430 1813 4485 corpore,

260 4503 500 4552 mortuus
525 4498 723 4550 anima.
774 4498 880 4554 Sed
903 4515 980 4554 va:
1007 4501 1090 4554 his
1114 4501 1202 4568 qui
1232 4511 1457 4572 utroque
1500 4505 1656 4560 modo
1683 4522 1821 4561 mor-

261 4588 337 4643 tui
387 4597 528 4653 sunt,
579 4589 705 4657 quia
747 4589 1119 4659 irreparabiles
1148 4600 1292 4646 suntt
1334 4591 1468 4647 Nam
1504 4595 1595 4663 qui
1640 4596 1818 4652 anima

257 4679 430 4736 solum
473 4678 667 4734 mortui
706 4689 852 4746 sunt,
881 4691 1103 4752 possunt
1141 4682 1188 4737 si
1226 4682 1498 4750 festinent,
1525 4686 1698 4741 adhuc
1737 4703 1819 4741 re-

257 4769 530 4833 suscitari,
552 4769 597 4824 si
622 4771 934 4840 promittant
954 4787 1018 4826 ex
1047 4780 1156 4826 toto
1181 4773 1342 4828 corde
1367 4776 1814 4832 emendationem.

259 4859 336 4915 De
375 4859 569 4914 talibus
616 4859 866 4915 Salomon
897 4879 910 4913 :
941 4860 1127 4916 Helius
1175 4872 1252 4916 est
1301 4865 1444 4918 canis
1494 4866 1637 4918 vivus
1674 4865 1818 4920 leone

252 4958 480 5005 mortuo.
512 4948 644 5004 Nam
681 4951 746 5004 de
774 4951 998 5005 mortuis
1043 4952 1373 5007 solummodo
1416 4969 1639 5022 corpore
1683 4957 1816 5010 scri-

261 5047 410 5100 ptum
439 5047 522 5095 est
556 5057 570 5093 :
597 5039 746 5094 Beati
784 5041 992 5104 mortui,
1036 5041 1125 5110 qui
1158 5041 1213 5094 in
1245 5041 1467 5096 Domino
1500 5044 1813 5098 moriuntur.

254 5121 349 5182 ille
373 5143 500 5199 ergo
545 5129 611 5183 ad
640 5145 798 5200 quem
827 5129 1187 5198 sepeliendum
1231 5130 1520 5200 discipulus
1551 5131 1629 5186 ire
1673 5133 1818 5188 vole-

256 5225 369 5279 Dat,
411 5218 582 5273 anima
612 5229 666 5273 et
695 5235 917 5288 corpore
944 5228 1183 5280 mortuus
1207 5229 1344 5284 erat,
1375 5220 1528 5275 etilli
1553 5223 1642 5291 qui
1662 5220 1815 5289 juxta

256 5323 382 5363 eum
422 5319 576 5364 erant
602 5310 775 5364 anima
808 5309 999 5363 mortui
1023 5317 1195 5363 erant.
1235 5309 1302 5367 Et
1340 5319 1550 5378 poterat
1575 5313 1812 5377 evenire,

257 5407 318 5450 ut
340 5397 387 5452 si
402 5398 698 5470 discipulus
729 5403 794 5453 ad
819 5408 1056 5455 mortuos
1085 5399 1137 5453 in
1175 5401 1352 5455 anima
1380 5400 1574 5466 abiret,
1619 5411 1673 5461 et
1701 5402 1813 5471 ipse

258 5488 438 5544 animo
481 5500 798 5556 moreretur,
845 5491 969 5561 quia
1017 5507 1137 5546 eum
1187 5499 1372 5545 sancto
1420 5501 1636 5549 sanctus
1678 5493 1822 5550 solet.

258 5581 379 5649 quis
406 5581 539 5645 ﬁeri,
567 5590 765 5637 etcum
792 5599 1042 5654 perverso
1068 5584 1316 5653 perverti.
1346 5583 1563 5639 Dimitte
1587 5594 1647 5638 ut
1670 5601 1812 5640 mor-

260 5674 337 5730 tui
367 5675 544 5732 anima
595 5675 852 5744 sepeliant
886 5685 1151 5734 mortuum
1189 5692 1413 5747 corpore
1439 5685 1496 5733 ct
1517 5669 1714 5735 anima.
1746 5678 1816 5733 Et

1921 3253 2145 3308 arguere
2172 3237 2458 3307 discipulos
2495 3251 2593 3306 pro
2623 3235 2831 3290 modica
2876 3235 2997 3290 ﬁde.
3043 3233 3186 3289 Mare
3230 3235 3297 3288 de
3345 3232 3480 3286 Iona

1917 3327 2068 3396 quasi
2111 3327 2359 3382 dicebat:
2392 3326 2448 3380 In
2491 3325 2591 3380 ista
2635 3325 2756 3379 navi
2801 3332 2884 3380 est
2927 3339 3084 3394 quem
3122 3339 3220 3392 ego
3272 3340 3474 3393 qmero.

1915 3417 2060 3471 Istud
2083 3432 2230 3472 mare
2259 3416 2412 3487 quasi
2448 3416 2626 3470 aiebat
2656 3433 2669 3468 :
2700 3402 3014 3470 llle'dormit
3043 3413 3095 3469 in
3122 3431 3227 3484 quo
3253 3430 3347 3469 vos
3378 3416 3482 3468 ha-

1915 3506 2053 3560 betis
2085 3507 2353 3560 fiduciam.
2385 3505 2499 3559 Non
2526 3506 2742 3560 creditis
2779 3507 2902 3574 quia
2942 3504 3120 3576 vigilet
3161 3505 3438 3559 divinitate
3464 3506 3483 3530 ‘

1915 3607 2199 3668 propterea
2240 3598 2510 3652 mittemus
2549 3613 2641 3652 vos
2670 3598 2722 3651 in
2751 3598 3015 3651 timorem.
3067 3595 3125 3650 Si
3151 3597 3228 3650 sic
3257 3595 3417 3664 perfe.
3447 3581 3489 3641 ιί

1915 3688 2144 3741 fuissent
2188 3688 2326 3741 sicut
2355 3697 2538 3756 postea
2571 3687 2807 3751 fuerunt,
2837 3687 3100 3741 dixissent
3133 3704 3145 3738 :
3185 3687 3298 3740 Non
3325 3687 3479 3740 timeo

1916 3794 2054 3842 mus,
2076 3779 2200 3847 quia
2242 3794 2345 3832 non
2372 3777 2580 3833 audetis
2619 3791 2858 3848 mergere
2883 3776 3163 3830 Dominum
3185 3786 3239 3830 et
3267 3785 3480 3831 creato-

1916 3886 2026 3925 rem
2050 3881 2304 3925 vestrum.
2330 3869 2639 3924 Dormiebat
2660 3881 2902 3936 corpore,
2923 3866 3015 3920 sed
3041 3866 3344 3920 concitabat
3368 3882 3481 3918 ma-

1915 3977 1975 4016 re
1998 3970 2053 4015 et
2081 3971 2297 4026 ventos,
2339 3967 2394 4016 et
2420 3958 2708 4030 discipulos
2735 3959 2786 4011 in
2817 3959 3062 4012 timorem
3106 3957 3370 4011 mittebat.
3409 3955 3476 4009 I-It

1915 4062 2240 4105 accesserunt
2281 4061 2329 4104 et
2375 4051 2752 4104 suscitaverunt
2779 4064 2896 4102 eum
2925 4048 3170 4102 dicentes.
3220 4046 3500 4104 'l'urbavrt.

1913 4140 2096 4207 Jonas,
2137 4142 2232 4197 sed
2257 4142 2494 4205 invitus;
2539 4140 2768 4195 turbavit
2815 4140 2938 4204 iste,
2972 4138 3085 4218 .sed
3124 4138 3501 4196 voluntarius...

1915 4234 2210 4289 Voluerunt
2243 4233 2426 4302 fugere
2447 4241 2622 4285 nautae
2646 4245 2766 4284 cum
2793 4227 2949 4292 Jona,
2979 4229 3073 4284 sed
3106 4244 3210 4283 non
3235 4229 3498 4298 permisit‘

1916 4338 2086 4387 mare,
2115 4321 2269 4391 quasi
2299 4321 2484 4376 dicens
2516 4337 2528 4372 :
2558 4318 2780 4375 Reddite
2823 4334 2919 4388 per
2958 4317 3156 4388 fugam,
3186 4327 3244 4372 ut
3268 4310 3479 4372 mittam

1920 4415 2067 4468 illum
2098 4413 2151 4467 in
2191 4428 2484 4478 carcerem,
2534 4419 2590 4466 et
2637 4411 2711 4466 ite
2743 4426 2865 4465 cum
2903 4425 3053 4484 pace.
3099 4409 3360 4465 Volebam
3391 4410 3486 4465 isti

1919 4504 2139 4574 fugere,
2191 4513 2248 4557 et
2291 4503 2442 4572 quasi
2497 4501 2702 4556 diceret
2751 4515 2945 4556 mare:
2982 4500 3095 4556 Nisi
3142 4500 3486 4556 credideritis

1917 4593 2057 4664 quod
2083 4593 2223 4647 Deus
2254 4601 2436 4647 uoster
2459 4591 2548 4656 sit,
2578 4606 2686 4646 non
2711 4589 2991 4662 eﬂ'ugietis.
3025 4589 3388 4647 Recurreth
3409 4591 3504 4649 ad.

1915 4686 2020 4740 hoc
2045 4684 2188 4754 quod
2223 4683 2421 4739 assueti
2465 4692 2643 4747 erant,
2689 4683 2757 4738 ad
2788 4697 2982 4753 corpus
3013 4683 3154 4751 quod
3186 4683 3435 4740 videbant
3458 4699 3496 4745 ς,

1915 4791 2020 4830 non
2053 4775 2270 4829 fuerunt
2310 4773 2532 4844 perfecti
2565 4773 2635 4828 ‘ut
2674 4772 2912 4828 dicereut
2943 4773 3083 4840 :Qui
3127 4775 3331 4828 creavit
3357 4788 3500 4838 vos,,

1917 4867 2126 4936 vigilat;
2171 4865 2259 4941 hic
2310 4865 2717 4927 nobiscum‘est,
2765 4863 2855 4933 qui
2899 4863 3125 4930 dormit;
3178 4864 3246 4919 de
3290 4875 3476 4920 sancta

1917 4956 2080 5010 Maria
2120 4965 2276 5010 natus
2300 4963 2426 5009 est»:
2457 4970 2561 5008 non
2590 4962 2765 5008 tamen
2792 4953 3005 5007 audetis
3031 4954 3179 5008 illum
3201 4968 3494 5023 inergerc-

1915 5045 2152 5112 Domine,
2181 5045 2324 5100 salva
2358 5062 2472 5110 nos,
2500 5046 2746 5114 perimus.
2779 5044 2892 5099 Non
2919 5045 3120 5109 sobrie,
3165 5045 3258 5100 sed
3285 5045 3482 5098 immo—y

1914 5135 2099 5192 derate
2145 5137 2284 5192 sicut
2311 5152 2434 5190 cum
2475 5135 2665 5190 timore
2703 5136 3096 5192 suscitaveruut
3137 5150 3258 5189 eum
3296 5135 3492 5189 dicem.

1915 5237 2004 5282 tes
2029 5244 2042 5279 :
2075 5225 2231 5281 Salva
2260 5242 2372 5288 nos,
2398 5226 2642 5294 perimus.
2689 5224 2755 5278 Et
2780 5223 2943 5279 Jonas
2987 5211 3108 5281 euut
3137 5224 3372 5279 surrexit
3409 5223 3486 5278 li-.

1914 5317 2121 5372 beravit
2159 5317 2350 5371 socios.
2397 5315 2501 5370 Sed
2550 5317 2649 5370 iste
2682 5332 2779 5386 per
2822 5317 3135 5386 potentiam,
3184 5313 3346 5370 Jonas
3379 5331 3487 5385 pcr-

1915 5421 2064 5462 suam
2109 5404 2475 5472 dejectionem.
2508 5404 2574 5458 Et
2610 5405 2742 5459 dixit
2781 5408 2899 5460 eis:
2934 5406 3072 5471 Quid
3121 5407 3288 5460 timidi
3325 5407 3471 5472 estis,

1913 5497 2128 5552 modica:
2152 5497 2312 5564 fidei?
2346 5495 2561 5556 Modica:
2590 5497 2709 5551 ﬁdei
2729 5499 3072 5568 est,_qui-non
3101 5509 3181 5553 est
3203 5500 3491 5570 perfectus.

1912 5587 1966 5640 in
1995 5585 2277 5649 charitate,
2312 5585 2395 5639 vel
2441 5586 2660 5641 modica:
2707 5586 2827 5641 ﬁdei
2869 5602 2987 5642 esse
3017 5590 3242 5658 apostoli
3285 5590 3470 5645 dicun-

1912 5689 2020 5744 tur,
2049 5678 2423 5748 quipncsentc
2461 5676 2714 5735 Creatore
2758 5680 3034 5740 timebant.
3087 5680 3229 5738 Iunt:
3255 5699 3483 5748 sui-oens.-
