3962 6174
513 311 642 370 1551

1305 306 1690 363 CllRlSTIANl
1727 306 2134 388 DRUTllMARl
2172 305 2611 364 COBBEIENSIS
2649 305 2946 361 MONACHI

3620 307 3742 360 13δέ

498 422 766 494 imperavit
795 421 955 474 ventis
976 428 1022 474 et
1049 420 1204 482 mari,
1227 428 1274 471 et
1298 419 1439 488 facta
1465 430 1538 474 est
1575 420 1922 490 tranquillitas
1952 437 2062 474 ma-
2091 432 2141 488 Α
2168 420 2218 472 in
2250 419 2499 487 abyssum
2542 419 2699 481 irent,
2729 418 2961 471 scientes
2991 416 3278 484 aliquando
3320 427 3565 471 tuturum
3609 417 3742 485 judi-

498 530 621 586 gna.
651 513 796 568 Dixit
821 513 954 566 mari
983 526 997 564 :
1029 510 1180 577 Tace,
1228 521 1282 566 et
1310 522 1486 577 vento,
1513 513 1816 568 Obmutesce
1834 532 1852 579 ;
1881 525 1936 568 et
1964 531 2068 569 non

497 605 766 675 precando
793 604 930 658 sicut
969 604 1180 674 pagani,
1217 605 1308 675 qui
1339 613 1558 660 ventum
1582 607 1826 670 adorant,
1851 607 1942 660 sed
1969 607 2070 659 im-

502 695 741 765 perando
760 693 921 764 jussit
943 695 1238 764 quiescere.
1266 696 1331 749 Et
1356 697 1478 750 inde
1498 698 1743 766 sequitur
1769 715 1780 750 :
1815 696 1951 776 Quia
1977 699 2074 750 ho-

500 787 661 838 mines
696 785 873 837 mirati
914 795 1054 839 sunt.
1101 786 1240 840 Ante
1275 788 1490 856 quidem
1525 789 1727 843 factum
1770 788 1962 854 fuerat,
2011 800 2069 846 ut

500 875 654 927 multi
692 883 1061 944 tempestatem
1094 877 1272 944 passi,
1304 877 1548 932 oratione
1574 878 1934 946 repellerent:
1966 881 2067 933 im-

499 963 648 1031 perio
688 963 863 1018 nullus
907 973 1031 1019 ante
1077 967 1270 1034 ipsum.
1322 966 1387 1019 Et
1425 967 1565 1036 facta
1601 979 1674 1022 est
1719 970 2068 1041 tranquillitas

498 1068 709 1122 magna.
758 1053 840 1106 Ad
872 1053 970 1107 hoc
1002 1054 1142 1122 quod
1173 1069 1333 1123 supra
1369 1056 1596 1110 dixerat.
1643 1067 1812 1112 motus
1852 1076 2068 1128 magnus

501 1141 669 1210 [actus
696 1153 801 1208 est;
843 1145 909 1196 ad
940 1145 1038 1197 hoc
1067 1145 1257 1200 iterum
1289 1147 1502 1208 dicitur,
1546 1149 1684 1217 facta
1712 1160 1785 1202 est
1813 1151 2070 1220 tranquil-

499 1233 620 1286 litas
643 1251 849 1304 magna.
881 1233 981 1301 Qui
1003 1235 1166 1305 jussit
1197 1235 1310 1290 lieri
1339 1245 1539 1291 motum
1567 1255 1846 1309 magnum,
1876 1241 2066 1309 princi-

497 1325 576 1394 pit
607 1325 720 1380 fieri
739 1341 986 1398 magnam
1020 1329 1494 1398 tranquillitatem;
1527 1339 1582 1384 et
1617 1333 1793 1386 omnis
1818 1332 2071 1388 creatura

498 1419 772 1487 cognoscit
799 1434 954 1474 suum
977 1430 1298 1476 creatorem.
1347 1422 1602 1478 Homines
1622 1425 1713 1494 qui
1737 1425 1915 1480 mirati
1944 1434 2070 1483 sunt

500 1515 676 1560 nauta:
699 1507 1088 1579 intelliguntur.
1115 1510 1208 1564 Vel
1233 1511 1276 1564 si
1299 1512 1570 1582 apostolos
1589 1513 1720 1568 velis
1747 1514 2065 1586 intelligere,

499 1598 621 1666 quia
653 1595 946 1653 timuerunt
977 1611 1239 1670 praesente
1271 1602 1524 1668 Domino,
1551 1604 1671 1660 ideo
1703 1605 1947 1660 homines
1975 1622 2070 1676 ap—

498 1689 794 1759 pellantur-
839 1689 1023 1756 Qualis
1071 1703 1144 1747 est
1178 1693 1299 1754 ,hicl
1351 1693 1583 1750 Subaudi
1615 1712 1775 1766 quam
1819 1713 2065 1767 magnus,

2172 507 2336 569 cium,
2373 509 2583 576 quando
2613 523 2708 576 per
2732 507 3016 560 adventum
3055 506 3268 561 Domini
3307 508 3556 563 mittendi
3598 520 3744 563 cram

2171 598 2222 651 in
2247 597 2500 668 abyssum
2524 597 2871 662 infernalem;
2901 597 3329 666 deprecabantur
3358 614 3425 652 ne
3450 599 3564 652 cito
3599 599 3748 655 ﬁeret

2168 689 2248 742 eis
2289 689 2401 757 ipsa
2435 687 2726 748 damnatio.
2761 687 2871 741 sive
2899 687 2948 740 in
2973 687 3246 757 abyssum,
3290 687 3342 741 in
3376 703 3574 757 aquam
3623 704 3744 758 pm-

2168 776 2404 830 fundam.
2455 777 2520 830 Et
2563 777 2796 830 exauditi
2832 784 2955 830 sunt
3002 776 3069 830 ad
3107 790 3293 830 eorum
3340 778 3747 834 condemnatio-

2168 882 2312 931 nem,
2357 868 2480 936 quia
2509 868 2650 936 quod
2683 868 2941 921 timebant
2981 868 3161 921 evenit
3205 867 3328 922 illis.
3372 869 3572 924 Dicunt
3607 873 3746 926 enim

2167 958 2331 1027 aliqui
2379 960 2657 1013 doctorum
2684 959 2824 1028 quod
2868 959 3236 1028 unusquisque
3279 961 3503 1031 angelus
3550 962 3744 1027 malus,

2167 1051 2256 1118 qui
2288 1050 2338 1102 in
2367 1065 2557 1120 aquam
2599 1050 2812 1115 cecidit,
2851 1050 2902 1102 in
2933 1064 3070 1118 aqua
3093 1060 3271 1118 potest
3308 1067 3544 1117 nocere,
3575 1063 3636 1107 et
3660 1055 3743 1122 qui

2170 1142 2222 1195 in
2263 1151 2486 1207 terram,
2538 1143 2590 1196 in
2640 1150 2784 1197 terra
2835 1143 2998 1196 habet
3049 1153 3403 1212 potestatem;
3461 1147 3579 1200 sive
3631 1148 3744 1200 ilco

2167 1234 2403 1288 exauditi
2459 1243 2616 1298 sunt,
2654 1242 2711 1287 ut
2748 1248 2844 1304 per
2889 1242 3090 1288 mortes
3118 1251 3406 1303 porcorum
3455 1238 3744 1316 crederem

2169 1323 2496 1378 habitatores
2539 1324 2640 1379 loci
2672 1325 2836 1388 illius,
2886 1325 3026 1378 sicut
3050 1334 3104 1379 et
3131 1326 3327 1380 factum
3361 1336 3463 1382 est.
3519 1329 3744 1398 Dignum

2169 1415 2270 1469 sibi
2303 1416 2660 1470 habitaculum
2686 1417 3024 1480 invenerunt,
3061 1417 3185 1485 quia
3209 1418 3409 1472 nullum
3439 1434 3608 1488 pecus
3630 1437 3745 1475 sor-

2169 1509 2344 1563 didius
2368 1510 2496 1564 vivit
2526 1525 2686 1579 quam
2728 1525 2938 1579 porcus,
2990 1518 3045 1565 et
3073 1511 3314 1566 diabolus
3343 1514 3399 1566 in
3430 1513 3513 1567 eis
3551 1514 3744 1580 solitus

2168 1606 2251 1653 est
2279 1600 2618 1664 conversari,
2652 1588 2932 1669 qui'more
2975 1617 3261 1672 porcorum
3314 1605 3500 1660 vivere
3549 1607 3745 1673 solent,

2170 1688 2294 1758 quia
2341 1689 2406 1743 de
2454 1697 2640 1745 ventre
2689 1705 2902 1760 semper
2944 1692 3217 1763 cogitant,
3251 1705 3299 1746 et
3331 1709 3558 1764 quorum
3612 1696 3749 1756 Dens

500 1778 592 1847 qui
625 1779 848 1848 imperat
893 1779 1291 1836 insensibilibus
1319 1783 1600 1848 creaturis,
1644 1793 1698 1838 et
1717 1785 1972 1840 obediunt
1994 1788 2065 1840 ei.
2096 1780 2142 1839 Β
2171 1791 2341 1835 venter
2387 1792 2482 1846 est,
2531 1793 2587 1838 et
2621 1798 2832 1854 semper
2877 1785 2930 1838 in
2971 1801 3128 1841 οωηο
3175 1787 3398 1842 luxuria:
3433 1793 3749 1846 conversari

500 1866 672 1923 Lacus
706 1869 818 1935 ille,
869 1869 1015 1924 istud
1061 1869 1312 1924 saeculum
1357 1872 1655 1942 signiﬁcat;
1695 1875 1848 1929 navis
1888 1875 2072 1931 Eccle-

497 1958 654 2012 siam.
687 1959 804 2028 lpse
839 1969 923 2014 est
964 1961 1017 2016 in
1053 1961 1292 2016 Ecclesia
1328 1978 1423 2016 sua
1453 1979 1664 2034 semper
1703 1978 1964 2034 prccsens.
1995 1967 2071 2022 si-

495 2057 586 2103 cut
614 2050 752 2104 dixit
783 2069 795 2103 :
826 2050 939 2121 Ego
979 2053 1239 2106 vobiscum
1267 2070 1410 2116 sum,
1451 2072 1610 2126 usque
1637 2056 1712 2116 ad
1739 2074 2073 2111 consumma-

494 2141 686 2192 tionem
712 2141 909 2194 δίει-ιιιὶ.
942 2139 1046 2196 Sed
1075 2141 1364 2212 aliquando
1398 2145 1471 2198 ita
1497 2147 1741 2215 permisit
1768 2146 1928 2218 afﬂigi
1953 2162 2070 2214 eos,

494 2229 584 2298 qui
617 2229 671 2283 in
707 2229 946 2286 Ecclesia
988 2240 1144 2286 erant
1173 2248 1201 2286 a
1229 2236 1694 2302 persecutiombus
1720 2238 2069 2306 perfidorum,

496 2325 554 2369 ut
583 2316 822 2372 dicerent
850 2319 904 2372 hi
951 2320 1041 2388 qui
1079 2319 1131 2374 in
1162 2336 1223 2375 ea
1248 2330 1441 2376 erant:
1479 2321 1737 2394 Exsurge,
1779 2342 1940 2396 quare
1984 2327 2072 2379 ob—

495 2405 711 2471 dormis.
743 2407 996 2474 Domine;
1041 2428 1278 2483 exsurge,
1323 2429 1386 2467 ne
1423 2413 1639 2483 repellas
1673 2415 1727 2469 in
1767 2417 1945 2485 ﬁnem,
1979 2417 2073 2471 sed

498 2496 826 2562 exsurrexit,
850 2505 906 2550 et
935 2497 1062 2552 fecit
1096 2500 1351 2554 Ecclesia:
1376 2517 1484 2556 sua:
1514 2517 1761 2573 magnam
1790 2519 1994 2573 pacem.

1097 2589 1323 2644 CAPUT
1360 2591 1476 2648 XX.

832 2677 909 2730 De
933 2679 1129 2734 sanatis
1153 2682 1355 2737 duobus
1384 2685 1733 2740 dwmoniosis.

569 2765 634 2820 Et
659 2784 775 2821 cum
801 2771 1016 2825 venisset
1051 2781 1194 2826 trans
1220 2773 1441 2843 fretum,
1486 2777 1540 2830 in
1569 2778 1824 2848 regionem
1853 2777 2072 2835 Gerase-

497 2873 700 2912 norum.
742 2857 945 2915 Gerasa
990 2863 1120 2918 urbs
1155 2873 1236 2919 est
1275 2866 1530 2935 praeclara
1578 2869 1634 2922 in
1679 2869 1876 2924 Arabia
1919 2880 2070 2926 trans

493 2947 802 3015 Jordanem,
832 2967 950 3020 qua:
985 2952 1086 3007 fuit
1111 2955 1164 3009 in
1193 2957 1336 3010 tribu
1379 2956 1644 3022 Manasse,
1697 2975 1802 3014 non
1853 2960 2009 3032 longe
2037 2977 2070 3016 a

495 3048 686 3108 stagno
717 3042 1049 3111 Tyberiadis.
1085 3045 1375 3100 Occurrunt
1401 3049 1447 3101 ei
1473 3049 1577 3102 duo
1603 3051 1843 3105 habentes
1873 3053 2070 3106 dwmo-

497 3130 605 3192 nia,
626 3130 688 3182 de
713 3135 1057 3186 monumentis
1087 3146 1348 3199 exeuntes,
1385 3139 1508 3191 stt-vi
1557 3139 1729 3192 nimis.
1761 3139 2065 3196 Secundum
2095 3133 2140 3195 C

495 3218 775 3273 historiam
815 3221 892 3274 sic
920 3221 1041 3288 fuit,
1084 3227 1373 3278 secundum
1407 3227 1713 3298 allegoriam
1742 3232 1962 3300 populos
1997 3233 2071 3287 si-

497 3306 771 3379 gniﬁcant,
818 3311 908 3379 qui
933 3312 1008 3382 .in
1057 3316 1293 3382 peccatis
1321 3315 1484 3370 dediti
1523 3326 1712 3372 erant:
1738 3327 1792 3374 et
1826 3321 1880 3374 in
1925 3338 2068 3377 mor-

499 3400 603 3454 tuis
664 3403 949 3470 operibus,
1002 3406 1105 3462 hoc
1155 3418 1237 3462 est
1277 3409 1331 3462 in
1372 3412 1608 3479 peccatis
1643 3411 2065 3490 delectabantur.

499 3491 567 3546 Et
605 3491 900 3549 clamabant
928 3496 1152 3552 dicentes
1180 3516 1198 3552 :
1234 3499 1373 3566 Quid
1403 3501 1547 3555 nobis
1574 3512 1620 3556 et
1659 3503 1772 3569 tibi,
1801 3503 1906 3560 Fili
1935 3506 2072 3560 Dei?

494 3585 679 3644 venisti
713 3595 834 3639 ante
859 3597 1057 3659 tempus
1088 3599 1327 3662 torquere
1370 3610 1482 3647 nos.
1516 3594 1623 3648 Ista
1651 3596 1918 3652 confessio
1961 3614 2069 3653 non

497 3685 580 3732 cst
600 3678 913 3744 voluntatis,
965 3683 1058 3736 sed
1084 3685 1454 3752 necessitatis;
1477 3695 1531 3743 et
1552 3699 1759 3746 tentant
1777 3701 1835 3746 ut
1861 3695 2072 3762 possint

497 3767 654 3832 scire,
701 3769 745 3824 si
777 3772 889 3839 ipse
924 3783 1066 3827 esset
1095 3773 1361 3831 Christus.
1399 3780 1661 3836 Volebant
1690 3784 1832 3837 enim
1875 3785 2068 3855 conjici

497 3874 618 3914 cum
662 3877 758 3930 per
787 3863 1060 3933 signorum
1101 3870 1540 3938 magnitudinem.
1593 3874 1659 3928 Et
1701 3876 1840 3930 sicut
1885 3879 2069 3934 dicunt

496 3950 658 4020 aliqui
687 3952 986 4020 doctorum,
1019 3973 1125 4030 non
1157 3959 1275 4013 ideo
1303 3961 1543 4017 diabolus
1583 3967 1850 4032 persuasit
1871 3967 2068 4026 .ludmis

497 4039 769 4096 Christum
807 4046 1140 4118 crucifigere,
1183 4051 1334 4119 quasi
1365 4068 1487 4107 eum
1530 4057 1760 4110 nesciret
1793 4057 2068 4115 Christum

496 4144 635 4196 esse,
671 4135 762 4199 sed
793 4136 1001 4204 quia-se
1027 4154 1129 4193 non
1159 4143 1402 4208 praavidit
1431 4153 1606 4199 morte
1645 4145 1785 4202 illius
1809 4150 2068 4206 damnan-

497 4221 650 4278 dum.
675 4223 826 4291 Quod
865 4237 1044 4284 autem
1093 4231 1296 4298 dicunt,
1340 4236 1523 4289 venisti
1561 4247 1678 4291 ante
1719 4248 1917 4310 tempus
1954 4253 2066 4296 tor-

495 4329 651 4382 quere
677 4332 792 4378 nos,
817 4318 992 4372 sciunt
1015 4336 1112 4389 pro
1135 4333 1304 4388 certo,
1333 4326 1456 4402 quia
1485 4326 1540 4380 in
1559 4328 1642 4386 die
1662 4328 1850 4398 judicii
1871 4335 2064 4389 arctio-

499 4403 650 4459 ribus
693 4414 817 4461 sunt
862 4411 1264 4480 constringendi
1317 4418 1598 4473 tormentis
1625 4459 1639 4482 ,
1684 4429 1738 4474 et
1783 4431 2065 4493 propterea

497 4497 650 4564 quasi
680 4498 820 4552 servi
859 4498 1063 4570 fugitivi
1104 4503 1168 4557 de
1207 4505 1520 4562 verberibus
1567 4510 1780 4566 solliciti
1826 4523 1972 4578 sunt,
2012 4526 2068 4571 et

497 4583 596 4656 pro
635 4589 719 4641 his
752 4590 1126 4658 deprecantur.
1162 4593 1292 4648 Erat
1329 4607 1502 4651 autem
1532 4616 1636 4653 non
1677 4602 1828 4673 longe
1850 4606 1926 4658 'ab
1957 4607 2064 4662 illis

499 4692 624 4744 great
671 4695 946 4746 porcorum
991 4681 1271 4736 multorum
1321 4701 1553 4754 pascens.
1611 4689 1726 4744 Non
1766 4703 1922 4747 erant
1963 4695 2082 4764 ipsi

499 4767 647 4835 porci
676 4768 742 4822 de
764 4767 1065 4824 Iudaeorum
1087 4774 1314 4842 populis,
1348 4777 1440 4830 sed
1481 4777 1546 4832 de
1580 4779 1911 4852 alienigenis,
1937 4787 2064 4855 quia

499 4859 668 4914 Judtei
719 4849 1162 4920 abominabautur
1189 4882 1281 4922 eos
1310 4884 1416 4922 non
1457 4870 1627 4924 solum
1655 4874 1846 4939 edere,
1892 4878 1984 4932 sed
2013 4888 2069 4932 et

412 4984 429 4994 -
499 4963 736 5023 tangere,
781 4957 921 5012 sicut
947 4957 1000 5011 in
1031 4957 1452 5017 Machabaaorum
1483 4964 1617 5018 libro
1654 4965 1897 5036 legimus,
1942 4970 2060 5037 quia

500 5044 722 5112 proinde
750 5047 1009 5103 cecidisse
1035 5051 1416 5117 permiserunt,
1451 5069 1516 5108 eo
1541 5056 1680 5122 quod
1710 5057 1920 5110 suillam
1947 5074 2068 5112 car-

498 5151 621 5190 nem
670 5139 964 5194 noluissent
1009 5140 1189 5206 edere,
1230 5153 1283 5198 et
1308 5145 1430 5212 quia
1459 5146 1516 5198 in
1546 5146 1638 5201 Dei
1667 5147 1930 5202 sacriﬁcio
1954 5165 2062 5204 non

497 5226 877 5296 offerebantur,
916 5234 1182 5302 petierunt
1209 5238 1443 5304 permitti
1477 5239 1578 5294 sibi
1609 5241 1830 5296 introire
1867 5242 2067 5298 daemo-

498 5333 594 5372 nes
621 5319 673 5372 in
703 5336 910 5390 porcos.
955 5323 1020 5374 Et
1066 5324 1187 5391 quia
1221 5325 1293 5378 illi
1340 5325 1562 5382 Romani
1594 5330 1682 5398 qui
1730 5331 1802 5385 ibi
1855 5332 2066 5386 habita-

501 5408 632 5461 bant
656 5425 776 5463 cum
816 5412 1028 5480 regibus
1065 5415 1397 5482 prmsulibus,
1431 5434 1534 5472 non
1581 5431 1827 5488 poterant
1851 5425 2066 5479 eosdem

502 5511 694 5566 porcos
737 5501 934 5554 habere
974 5519 1094 5556 cum
1125 5503 1428 5560 Judzeorum
1468 5511 1770 5576 pecoribus,
1817 5526 1970 5568 erant
2012 5517 2063 5570 in

501 5601 610 5641 uno
631 5587 746 5643 loco
772 5591 904 5644 tanti
925 5596 1250 5663 congregati.
1289 5595 1554 5652 Da—‘mones
1590 5611 1760 5654 autem
1793 5605 2060 5672 rogabant.

497 5675 672 5734 Lucas
700 5680 825 5735 dicit
853 5683 973 5749 quia
1007 5685 1260 5753 rogabant
1286 5704 1427 5755 cum,
1467 5706 1529 5744 nc
1552 5692 1835 5762 imperaret
1867 5696 1968 5752 illis
2007 5709 2062 5751 ut

2171 1871 2370 1925 volunt.
2411 1871 2479 1925 Et
2503 1891 2617 1928 ecce
2644 1875 2831 1944 impetu
2853 1876 2979 1930 abiit
3002 1887 3139 1932 totus
3165 1895 3291 1948 grex
3319 1897 3411 1949 per
3434 1899 3671 1952 pneceps
3694 1885 3748 1936 in

2170 1977 2333 2015 mare.
2366 1960 2515 2028 Quod
2544 1963 2803 2018 timebant
2837 1965 3107 2021 daemones
3135 1969 3316 2022 evenit
3341 1969 3467 2024 illis.
3500 1969 3749 2027 Pastores

2171 2061 2345 2106 autem
2399 2054 2664 2123 fugerunt,
2701 2065 2748 2108 et
2799 2057 3054 2112 venientes
3102 2060 3157 2112 in
3185 2060 3442 2120 civitatem
3479 2065 3750 2118 nuntiare-

2172 2153 2290 2196 runt
2319 2146 2513 2199 omnia.
2547 2145 2614 2199 Et
2651 2163 2764 2200 ecce
2792 2156 2902 2200 tota
2945 2149 3125 2204 civitas
3169 2151 3299 2204 exiit
3350 2151 3562 2205 obviam
3601 2153 3745 2207 Iesu.

2171 2233 2393 2304 Propter
2418 2237 2640 2292 istorum
2683 2237 2909 2292 salutem
2950 2237 3066 2294 leve
3097 2240 3247 2294 duxit
3283 2241 3547 2296 Dominus
3580 2245 3744 2298 occidi

2170 2341 2382 2395 porcos,
2409 2327 2664 2396 quoniam
2692 2327 2835 2381 nulla
2852 2337 3099 2382 creatura
3129 2331 3227 2384 sub
3246 2330 3359 2385 sole
3396 2332 3616 2386 charior
3640 2333 3743 2388 Deo

2171 2431 2333 2484 quam
2367 2416 2572 2481 anima,
2609 2425 2663 2470 et
2688 2427 2883 2472 cuncta
2914 2433 3032 2486 qua:
3056 2419 3216 2474 habet
3240 2420 3403 2476 homo
3427 2422 3585 2476 debet
3617 2424 3744 2478 dare

2169 2520 2268 2574 pro
2292 2506 2471 2560 anima
2503 2522 2618 2560 sua.
2648 2506 2717 2560 Et
2757 2508 2864 2562 viso
2892 2525 2952 2562 eo
2979 2509 3228 2579 rogabant
3256 2521 3313 2586 ut
3340 2513 3586 2566 transiret
3616 2531 3653 2566 α
3682 2514 3744 2582 ﬁ—

2170 2594 2320 2648 nibus
2359 2612 2558 2648 corum.
2589 2595 2702 2650 Non
2735 2597 2799 2652 de
2833 2599 2957 2654 odio
2990 2600 3384 2668 precabantur,
3414 2601 3508 2655 sed
3540 2602 3608 2657 de
3651 2603 3746 2657 bus

2168 2686 2412 2751 militate,
2457 2688 2787 2744 aestimantes
2811 2705 2868 2745 se
2890 2684 3141 2762 indignos
3167 2708 3286 2748 esse
3313 2695 3602 2763 przesentia
3635 2694 3745 2762 ejus

2168 2775 2310 2846 quod
2331 2777 2456 2846 quia
2486 2777 2555 2832 ob
2604 2778 2706 2833 hoc
2735 2781 2937 2850 precati
2978 2791 3120 2849 sunt,
3171 2784 3419 2853 apparuit
3455 2784 3511 2838 in
3562 2801 3744 2841 rever-

2169 2867 2318 2921 sione
2364 2865 2501 2935 cjus,
2540 2870 2808 2937 quomodo
2842 2886 2948 2924 non
2989 2871 3161 2926 solum
3199 2885 3460 2929 venerunt
3498 2876 3573 2930 ad
3599 2892 3742 2942 eum,

2169 2959 2262 3013 sed
2285 2967 2339 3015 et
2359 2960 2565 3015 vicinos
2593 2976 2718 3016 suos
2753 2963 3119 3019 invitaverunt
3143 2967 3211 3022 ad
3237 2982 3361 3022 eum
3392 2968 3601 3024 venire.

2744 3049 2970 3109 CAPUT
3027 3055 3166 3111 XXI.

2637 3143 2709 3196 De
2731 3143 3019 3215 paralytico
3047 3157 3253 3201 sanato.

2240 3230 2310 3285 Et
2329 3233 2610 3287 ascendens
2631 3235 2683 3288 in
2706 3235 3000 3289 naviculam
3027 3237 3399 3307 transfretarit.
3425 3239 3498 3294 De
3523 3242 3742 3312 regione

2169 3320 2563 3380 Gerasenorum
2602 3326 2792 3380 iterum
2825 3329 3019 3383 transit
3048 3338 3298 3400 stagnum
3319 3371 3335 3395 ,
3370 3341 3426 3385 et
3451 3336 3741 3388 revertitur

2169 3412 2223 3466 in
2247 3411 2543 3468 Galilzeam.
2581 3415 2649 3468 Et
2679 3418 2812 3470 venit
2841 3418 2895 3471 in
2921 3419 3182 3473 civitatem
3207 3437 3378 3474 suam.
3415 3421 3622 3477 Civitas
3648 3439 3736 3477 sua

2173 3503 2374 3559 dicitur
2399 3504 2685 3571 Nazaretb,
2711 3523 2817 3562 non
2847 3510 2915 3564 ob
2950 3509 3109 3564 aliam
3139 3527 3354 3567 causam
3377 3515 3480 3568 nisi
3509 3516 3642 3585 quia
3671 3516 3735 3570 ibi

2169 3595 2406 3650 nutritus
2449 3596 2642 3651 fuerat.
2672 3597 2931 3655 Dominus
2965 3609 3021 3655 et
3058 3601 3306 3658 Salvator
3353 3614 3540 3660 noster
3561 3621 3738 3661 exem-

2168 3683 2313 3752 plum
2342 3686 2572 3755 praebuit
2593 3689 3049 3757 praedicatoribus,
3082 3700 3141 3746 ut
3163 3693 3311 3748 omni
3340 3694 3596 3749 instantia
3623 3712 3739 3751 ver-

2168 3777 2294 3832 bum
2329 3778 2450 3831 vita:
2486 3779 2698 3847 populis
2735 3768 3135 3838 annuntiarent.
3171 3783 3325 3840 Unde
3364 3788 3592 3840 nuncin
3635 3787 3738 3841 Ge-

2168 3881 2311 3932 rasa,
2364 3883 2508 3924 nunc
2543 3869 2598 3922 in
2641 3856 2927 3938 Naaaretli,
2981 3889 3124 3929 nunc
3153 3875 3208 3928 in
3246 3874 3648 3945 Caplzarnaum,
3690 3889 3742 3932 ct

2169 3965 2346 4012 tamen
2373 3975 2648 4030 nunquam
2679 3978 2840 4020 ocsus
2864 3965 3003 4037 (sic).
3032 3966 3100 4020 Et
3130 3985 3244 4023 ecce
3268 3971 3557 4039 offerebant
3584 3975 3635 4026 ei
3656 3991 3743 4043 pa-

2167 4051 2460 4122 ralyticum.
2513 4055 2665 4112 Alius
2691 4060 3017 4128 evangelista
3041 4062 3170 4117 dicit
3195 4063 3296 4118 hoc
3318 4075 3530 4133 gestum
3561 4068 3616 4120 in
3645 4066 3741 4120 Ca-

2167 4143 2487 4211 pharnaum.
2519 4146 2662 4202 Nihil
2689 4157 2864 4204 tamen
2885 4151 3064 4206 obstat
3097 4153 3168 4206 ita
3195 4153 3439 4226 intelligi.
3471 4158 3599 4225 quia
3621 4173 3738 4212 cum

2169 4235 2427 4292 Dominus
2465 4242 2712 4295 ascendit
2737 4243 2802 4297 de
2829 4242 2986 4311 freto,
3017 4247 3214 4301 transit
3241 4263 3337 4317 per
3364 4248 3660 4313 Nazaretb,
3690 4261 3742 4305 et

2166 4326 2315 4380 venit
2341 4327 2394 4380 in
2417 4328 2812 4400 Capharnaum,
2841 4343 2895 4389 et
2919 4337 3168 4392 convenit
3195 4339 3261 4393 ad
3287 4355 3410 4393 eum
3454 4341 3738 4397 innumera

2168 4417 2452 4475 multitudo
2477 4423 2678 4492 populi,
2717 4424 2788 4478 ita
2815 4435 2876 4480 ut
2913 4442 3010 4496 per
3041 4430 3236 4485 ostium
3275 4431 3377 4486 iste
3407 4433 3740 4505 paralyticos

2171 4522 2278 4561 non
2302 4512 2560 4578 potuisset
2587 4514 2793 4580 inferri,
2826 4517 2918 4571 sed
2944 4520 3141 4574 nudato
3167 4529 3306 4576 tecto
3326 4539 3355 4577 a
3385 4525 3583 4594 tegulis
3612 4527 3740 4581 sub-

2171 4598 2434 4655 miserunt
2453 4602 2600 4657 illum
2626 4615 2750 4660 ante
2781 4606 2980 4662 Iesum.
3015 4609 3344 4682 Paralyticus
3370 4616 3456 4668 vel
3481 4617 3740 4687 paralysis

2170 4688 2413 4745 Grmcum
2471 4709 2663 4749 nomen
2716 4706 2827 4761 est,
2884 4707 2938 4752 et
2977 4702 3173 4756 dicitur
3223 4704 3412 4759 Latine
3465 4708 3740 4762 dissolutio

2169 4782 2535 4847 membrorum,
2587 4785 2670 4839 vel
2711 4787 2993 4843 dissolutus
3023 4792 3280 4846 membris.
3319 4793 3522 4850 Dicunt
3559 4810 3736 4851 autem

2170 4873 2384 4935 medici.
2434 4876 2558 4943 quia
2608 4894 2714 4947 prae
2743 4879 2902 4934 nimia
2947 4883 3271 4938 abundantia
3306 4888 3591 4955 sanguinis
3639 4890 3734 4944 hoc

2167 4964 2394 5016 eveniat.
2431 4964 2534 5018 Sed
2556 4983 2662 5020 non
2689 4969 2894 5024 :estimo
2923 4986 3023 5040 ego
3049 4972 3121 5026 ita
3163 4972 3296 5039 fore,
3327 4976 3454 5043 quia
3483 4977 3588 5032 ista
3619 4994 3740 5048 pas—

2167 5056 2266 5121 sio,
2290 5058 2374 5110 vix
2403 5068 2527 5113 ante
2547 5061 3023 5131 quadragenarium
3046 5081 3242 5119 annum
3281 5068 3557 5124 hominem
3591 5070 3770 5125 debi-‘

2166 5148 2302 5212 litat,
2341 5158 2396 5202 ct
2425 5152 2624 5207 scimus
2649 5153 2771 5221 quia
2797 5162 2921 5209 tunc
2935 5153 3047 5222 jam
3079 5158 3262 5226 incipit
3282 5175 3504 5231 sangms
3525 5166 3581 5215 in
3605 5177 3741 5214 σηο-

2167 5253 2379 5306 quoque
2405 5240 2616 5294 homine
2657 5242 2920 5307 imminui,
2948 5253 3001 5298 et
3023 5245 3111 5298 illa
3140 5263 3264 5316 pars
3287 5263 3405 5317 qua:
3435 5265 3466 5302 a
3497 5251 3739 5320 paralysi

2168 5330 2493 5396 debilitatur,
2525 5333 2677 5401 quasi
2711 5343 2920 5388 mortua
2966 5337 3213 5404 habetur,
3257 5350 3388 5410 puto
3428 5357 3564 5412 ergo
3610 5345 3738 5410 quia

2168 5425 2385 5491 sanguis
2431 5425 2499 5478 ibi
2529 5425 2806 5479 emoritur.
2843 5426 2898 5480 Si
2939 5429 3081 5483 enim
3108 5446 3206 5500 pro
3239 5433 3569 5488 abundantia
3613 5452 3740 5489 san-

2165 5515 2343 5582 guinis
2394 5516 2495 5568 hoc
2541 5516 2812 5581 eveniret,
2848 5518 3136 5587 juvenibus
3178 5521 3231 5574 in
3274 5524 3469 5591 quibus
3509 5527 3740 5595 sanguis

2165 5606 2437 5659 crescitet
2462 5605 2660 5669 fervet,
2696 5609 2953 5661 eveniret.
2989 5608 3139 5665 Nunc
3165 5627 3294 5665 vero
3319 5630 3531 5684 semper
3561 5617 3621 5669 iu
3649 5632 3734 5668 se-

2167 5678 2322 5753 nibus
2351 5697 2436 5762 fit;
2473 5707 2526 5753 et
2550 5699 2594 5753 si
2618 5699 2834 5769 sanguis
2872 5701 3188 5767 abundaret,
3219 5705 3466 5776 profecto
3483 5706 3732 5761 viverent
