3962 6174
263 280 398 338 1357

1377 281 1734 341 EXPOSI'I‘IO
1768 281 1835 338 IN
1877 280 2291 339 MATTH.‘EUM

3330 273 3470 334 1338

261 358 506 465 discipuli
537 394 756 467 perfecti
792 403 979 462 erant,
1029 395 1121 465 qui
1175 394 1455 450 audieram
1500 394 1812 473 magistrum
1840 402 1888 461 Α
1913 403 2094 463 postea
2142 411 2361 459 cruces,
2394 405 2449 451 et
2486 402 2772 461 tormenta,
2816 395 3041 450 verbera
3076 391 3469 452 sustinuerunt.

260 501 415 541 suum
466 486 712 543 laudasse
750 488 1020 543 Christum
1066 485 1373 556 frequenter
1405 494 1461 540 et
1491 486 1820 555 vituperasse

262 575 560 633 Pharisaeos
576 579 762 634 dicens
779 580 1039 650 genimina
1062 579 1388 649 viperarum;
1412 586 1467 632 et
1486 586 1663 632 tamen
1686 591 1821 631 con-

254 662 614 736 jungebantur
637 682 760 722 cum
788 667 894 722 illis
918 668 972 722 in
1000 666 1381 736 discipulorum
1412 665 1619 720 Domini
1643 679 1823 735 repre-

259 754 534 813 hensione.
588 756 646 814 Si
692 767 869 814 autem
922 757 1181 814 Pharisaii
1228 756 1491 811 vidissent
1537 752 1822 810 Dominu’m

219 876 231 886 ι
260 849 375 916 ipso
403 855 641 919 tempore
674 849 1038 903 comedentem
1059 889 1073 914 ,
1116 848 1383 919 quomodo
1431 844 1677 916 discipuli
1706 844 1822 914 ejus

260 935 443 1005 utique
481 938 949 1005 reprehendissent
990 953 1110 992 eum
1135 976 1151 1002 ,
1203 936 1328 1007 quia
1354 934 1518 993 etiam
1565 933 1824 988 sanitates

260 1025 535 1080 hominum
561 1027 614 1080 in
639 1027 833 1081 malam
862 1036 1069 1096 partem
1104 1026 1435 1081 conabantur
1475 1021 1824 1078 convertere?

260 1112 375 1167 Non
404 1123 561 1168 erant
605 1125 783 1170 autem
814 1115 925 1185 ipsa
943 1114 1145 1183 jejunia
1172 1121 1439 1183 praecepta
1467 1113 1522 1167 in
1541 1110 1658 1182 lege
1678 1150 1695 1176 ,
1725 1110 1821 1165 sed

262 1203 362 1272 ipsi
388 1204 645 1260 Pharisaei
674 1206 1079 1269 adinvenerant,
1106 1204 1199 1275 qui
1235 1210 1287 1259 et
1316 1203 1448 1257 alias
1488 1201 1824 1271 superstitio—

262 1310 356 1349 nes
386 1294 721 1350 invenerunt.
746 1295 1006 1350 Similiter
1033 1280 1294 1360 saducmi,
1332 1301 1391 1348 ut
1408 1292 1671 1362 Iosephus
1701 1306 1825 1344 nar—
1861 1303 1875 1317 '

260 1394 364 1439 rat.
394 1384 462 1438 Et
486 1386 558 1438 ait
598 1384 709 1440 illis
737 1386 890 1440 Iesus
909 1398 930 1437 :
962 1384 1215 1457 Nunquid
1250 1393 1462 1455 possunt
1512 1382 1611 1451 ﬁlii
1649 1380 1825 1453 sponsi

259 1477 455 1547 lugere,
502 1477 736 1545 quandiu
784 1494 901 1531 cum
936 1476 1043 1531 illis
1087 1488 1162 1532 est
1197 1493 1417 1548 sponsus
1435 1476 1689 1546 ?vLugere
1725 1489 1826 1545 pro

254 1564 501 1635 jejunare
529 1567 764 1637 ponitur,
794 1567 921 1637 quia
941 1565 1204 1637 jejunium
1231 1567 1300 1621 ad
1332 1566 1531 1621 luctum
1568 1566 1822 1635 pertinet.

260 1657 362 1710 Dat
385 1656 787 1712 similitudinem
812 1656 879 1710 de
906 1671 1101 1726 sponso
1131 1664 1184 1710 et
1206 1671 1435 1726 sponsa,
1452 1655 1592 1724 quod
1614 1654 1825 1725 quando

260 1735 672 1817 conjungantur,
724 1754 888 1817 agunt
929 1746 1044 1802 dies
1088 1746 1306 1810 lmtitim,
1356 1754 1412 1799 et
1439 1744 1554 1799 vult
1589 1745 1821 1814 seipsum
1851 1739 1899 1800 B

260 1835 479 1906 intelligi
511 1835 859 1905 spiritualiter
881 1850 1157 1905 sponsum,
1181 1842 1236 1889 et
1261 1833 1551 1889 Ecclesiam
1575 1846 1824 1903 sponsam

259 1940 433 1979 suam.
465 1924 753 1983 Thalamus
787 1923 963 1994 hujus.
986 1924 1166 1994 sponsi
1194 1934 1380 1980 uterus
1418 1930 1617 1978 sanetae
1645 1920 1826 1976 Mariae

257 2016 504 2083 exstitit,
553 2016 608 2070 in
660 2031 766 2085 quo
819 2015 959 2071 Deus
1024 2015 1185 2070 homo
1243 2013 1361 2069 ﬁeri
1416 2014 1663 2084 dignatus
1704 2020 1827 2077 est,

259 2108 473 2175 quando
501 2108 603 2163 ista
631 2107 971 2177 loquebatur,
1012 2114 1137 2162 tunc
1170 2107 1283 2178 ipsa
1317 2107 1478 2162 ﬁebat
1521 2103 1827 2173 conjunctio

261 2197 517 2267 quoniam
554 2213 652 2268 per
683 2212 836 2253 suam
884 2197 1317 2267 praedicationem
1357 2196 1643 2267 colligebat
1680 2209 1829 2249 eam-

257 2284 380 2339 dem
404 2300 654 2356 sponsam
673 2300 844 2340 suam.
873 2284 1078 2340 Idcirco
1105 2284 1255 2351 dicit,
1279 2302 1383 2339 non
1410 2292 1624 2355 possunt
1655 2281 1830 2353 lugere

256 2377 361 2446 ﬁlii
384 2379 580 2448 sponsi,
630 2377 877 2432 videlicet
917 2378 1164 2467 apostoli,
1214 2378 1340 2467 qui?
1363 2391 1461 2448 per
1481 2375 1829 2447 Evangelium

261 2468 332 2521 ab
362 2467 477 2536 ipso
506 2475 662 2522 erant
696 2468 881 2536 geniti.
927 2465 1135 2522 Venient
1168 2464 1341 2521 autem
1378 2468 1488 2521 dies
1530 2482 1648 2520 cum
1681 2464 1832 2534 aufe-

262 2568 407 2611 retur
432 2559 496 2612 ab
523 2543 597 2613 eis
618 2575 855 2629 sponsus,
884 2569 931 2613 et
952 2567 1072 2614 tunc
1094 2558 1429 2629 jejunabunt.
1456 2558 1587 2612 Illud
1622 2565 1832 2628 tempus

259 2651 515 2718 ostendit,
546 2667 651 2722 quo
678 2652 791 2720 ipse
820 2652 875 2706 in
901 2652 1098 2707 coelum
1139 2650 1404 2716 ascendit,
1434 2650 1561 2719 quia
1583 2648 1830 2724 quamvis

257 2756 476 2810 semper
499 2757 619 2798 cum
673 2741 777 2796 illis
803 2748 947 2795 esset
980 2739 1358 2810 spiritualiter,
1415 2747 1592 2793 tamen
1635 2752 1830 2807 corpo-

260 2831 361 2884 rali
400 2831 685 2900 praesentia
733 2830 802 2884 ab
848 2829 927 2884 eis
970 2830 1214 2885 recessit.
1252 2827 1422 2882 Nemo
1471 2837 1643 2881 autem
1696 2842 1834 2880 com-

258 2923 542 2976 missuram
556 2921 715 2990 panni
745 2919 889 2974 rudis
912 2918 1066 2972 mittit
1087 2919 1141 2971 in
1165 2918 1518 2972 vestimentum
1538 2926 1698 2970 vetus.
1723 2915 1831 2971 Per

258 3026 479 3067 omnem
511 3018 712 3064 textum
738 3007 1011 3080 Evangelii
1036 3007 1220 3076 ﬁgurae
1246 3005 1540 3061 dictionum
1565 3013 1707 3068 sunt,
1737 3003 1832 3059 sed

1917 487 2009 558 qui
2033 496 2158 541 ante
2184 500 2367 541 vocem
2392 486 2578 542 duram
2600 502 2706 540 non
2744 492 2988 554 poterant
3015 483 3298 541 sustinere.

2468 574 2691 631 CAPUT
2736 573 2918 629 XXIII.

2329 664 2409 719 De
2428 664 2539 734 ﬁlia
2561 664 2701 719 Jairi
2729 666 3050 720 resuscitata.

1988 754 2117 811 Herc
2156 755 2248 810 illa
2293 755 2527 827 loquente
2553 756 2622 809 ad
2659 773 2765 819 eos,
2797 772 2913 809 ecce
2954 756 3186 826 princeps
3225 770 3360 807 unus
3385 768 3474 806 ac-

1917 847 2085 900 cessit.
2119 845 2392 917 Loquente
2429 845 2652 899 Domino
2679 845 2851 899 turbis
2888 844 3111 899 salutem
3150 844 3471 904 animarum,

1919 934 2064 988 venit
2091 934 2301 1003 quidam
2326 934 2573 1004 princeps
2598 932 2920 988 Judamrum.
2971 931 3071 999 Qui
3094 932 3219 1001 quia
3256 931 3472 1000 sapiens
3558 946 3583 971 ο

1919 1034 2035 1080 erat
2077 1026 2130 1079 in
2162 1025 2276 1096 lege
2300 1035 2354 1080 et
2382 1026 2868 1097 arehisynagogus,
2900 1025 2953 1079 id
2989 1033 3071 1079 est
3097 1024 3343 1094 princeps
3385 1038 3477 1093 sy-

1920 1131 2158 1187 nagogrc,
2204 1115 2523 1181 vocabatur,
2550 1117 2677 1185 quia
2725 1117 2779 1170 in
2824 1129 3009 1170 eorum
3051 1111 3481 1185 congregationi-

1921 1208 2021 1263 bus
2060 1217 2277 1277 propter
2323 1208 2567 1276 peritiam
2609 1222 2762 1262 suam
2809 1206 3065 1277 magister
3091 1212 3228 1269 erat,
3266 1212 3321 1258 et
3352 1202 3478 1273 quia

1922 1297 2116 1352 nobilis
2140 1304 2257 1351 erat
2286 1313 2300 1350 :
2331 1298 2493 1351 etiam
2536 1311 2731 1351 nomen
2772 1296 3038 1350 indicatur
3072 1294 3139 1369 ab
3167 1293 3288 1348 aliis
3317 1307 3479 1346 evan—

1923 1388 2127 1460 gelistis
2155 1389 2392 1444 dicentes
2421 1405 2435 1442 :
2468 1386 2567 1441 Cui
2594 1403 2777 1455 nomen
2798 1396 2907 1441 erat
2929 1386 3130 1440 Jairus.

1993 1481 2064 1535 Et
2087 1480 2322 1536 adoravit
2350 1497 2466 1535 eum
2487 1479 2661 1534 dicens
2682 1497 2701 1536 :
2724 1475 2867 1532 Filia
2890 1494 3002 1531 mea
3043 1476 3196 1531 modo
3236 1475 3483 1545 defuncta

1924 1582 2019 1627 est.
2066 1572 2182 1627 Non
2216 1581 2334 1627 erat
2361 1573 2534 1628 adhuc
2571 1581 2783 1627 mortua
2810 1572 3022 1641 quando
3052 1579 3204 1640 pater
3232 1569 3482 1631 accessit.

1926 1667 2022 1722 sed
2049 1666 2103 1721 in
2128 1666 2213 1721 via
2243 1666 2346 1721 hoc
2371 1667 2421 1722 ei
2459 1666 2760 1722 nuntiatum
2789 1674 2889 1721 est.
2922 1664 3027 1720 Sed
3058 1663 3334 1719 Matthazus
3363 1662 3486 1717 bre-

1924 1756 2076 1811 vitati
2104 1756 2343 1821 studens,
2375 1756 2449 1810 ita
2473 1744 2678 1811 uariat.
2709 1755 2962 1824 Quamvis
3003 1769 3132 1825 ergo
3156 1752 3371 1808 Iudaeus
3397 1766 3485 1807 es-

1924 1856 2025 1913 set,
2054 1864 2159 1905 non
2181 1847 2313 1903 dixit
2334 1856 2393 1903 ut
2424 1848 2668 1904 centurio
2687 1848 2842 1913 dixit,
2872 1846 2971 1901 Dic
2998 1856 3045 1901 et
3075 1845 3165 1915 [iet
3187 1858 3207 1898 :
3234 1845 3326 1900 sed
3346 1844 3485 1907 veni,

1924 1939 2150 1994 credens
2174 1953 2295 1993 eum
2326 1938 2500 1993 solum
2541 1939 2681 1994 sicut
2706 1938 3020 2009 prophetam
3067 1936 3203 2001 fore,
3228 1935 3354 1990 licet
3380 1949 3486 1989 non

1924 2031 2186 2088 crederet.
2213 2030 2461 2086 Attamen
2489 2039 2608 2087 erat
2634 2030 2795 2085 nimis
2816 2029 3005 2093 malus,
3029 2026 3094 2082 ad
3122 2025 3272 2095 cujus
3298 2038 3489 2096 preces

1926 2122 2114 2178 annuit
2158 2121 2416 2177 Dominus
2457 2135 2619 2193 agere
2645 2129 2707 2176 ut
2735 2121 3030 2191 petebatur.
3079 2117 3183 2173 Sed
3212 2116 3344 2180 veni,
3387 2117 3490 2169 im-

1924 2228 2056 2284 pone
2080 2227 2292 2265 manum
2323 2220 2465 2265 tuam
2488 2220 2537 2266 et
2564 2212 2710 2266 vivet.
2751 2210 2886 2279 Quia
2921 2211 3066 2265 enim
3105 2224 3211 2264 non
3253 2207 3490 2263 habebat

1927 2302 2084 2357 aliam
2122 2301 2284 2357 ﬁliam
2329 2302 2411 2358 vel
2449 2301 2639 2368 ﬁlium,
2677 2311 2959 2373 propterea
2995 2292 3176 2357 ienere
3208 2298 3485 2369 diligebat,

1927 2400 1983 2447 et
2006 2393 2204 2449 idcirco
2232 2401 2290 2448 et
2322 2393 2434 2464 ipse
2457 2394 2607 2448 venit
2638 2403 2693 2448 et
2717 2394 2784 2447 ad
2829 2392 2990 2463 pedes
3015 2391 3238 2454 corruit,
3280 2398 3336 2444 et
3366 2403 3490 2445 cum

1929 2485 2187 2555 magistro
2216 2484 2284 2539 ad
2308 2499 2425 2539 eam
2457 2485 2654 2540 reverti
2681 2483 2911 2548 volebat,
2934 2483 3072 2537 sicut
3102 2480 3295 2557 mulier
3319 2479 3495 2534 Suna—

1928 2576 2076 2630 mitis
2102 2591 2221 2646 quas
2246 2591 2353 2631 non
2390 2575 2592 2631 dimisit
2616 2573 2863 2629 Elisxeum
2904 2585 3183 2643 quousque
3222 2569 3288 2625 ad
3318 2568 3486 2623 ﬁlium

1930 2672 2198 2722 mortuum
2246 2664 2569 2735 perveniret.
2608 2663 2673 2717 Et
2716 2679 2931 2732 surgens
2972 2660 3127 2715 Iesus
3179 2657 3488 2729 sequebatur

1929 2774 2068 2823 eum,
2113 2768 2159 2812 et
2198 2756 2438 2827 discipuli
2464 2756 2597 2826 ejus.
2631 2755 2928 2810 Notandum
2976 2751 3117 2823 quod
3160 2749 3405 2820 discipuli
3436 2751 3490 2803 in

1930 2848 2177 2904 omnibus
2200 2847 2409 2902 Domini
2435 2846 2590 2902 factis
2618 2852 2984 2901 memorantur
3007 2844 3195 2901 adesse
3215 2842 3394 2898 electi.
3423 2842 3493 2895 Et

1932 2940 2091 3011 digne
2126 2939 2263 2993 tales
2307 2936 2480 2993 effecti
2536 2945 2679 3004 sunt,
2712 2937 2836 3008 quia
2880 2937 3151 3007 inspector
3191 2934 3368 2990 cordis
3414 2934 3500 2991 in-

1935 3029 2111 3101 spexit
2138 3044 2352 3084 arcana.

257 3110 485 3173 propter
534 3100 807 3156 fastidium
848 3108 903 3154 et
944 3099 1303 3170 prolixitatem
1352 3096 1476 3152 libri
1519 3094 1834 3165 frequenter
1858 3080 1904 3144 C
1936 3080 1991 3101 Ἴ
2005 3080 2573 3174 ἐξέηξᾱιξξξῂθωηί
2602 3080 2827 3180 tenam,
2855 3126 3057 3187 septem
3087 3115 3345 3172 miracula
3375 3131 3497 3171 ηπ,

259 3193 583 3249 omittimus.
617 3190 722 3245 Per
759 3191 1125 3259 metaphoram
1149 3197 1204 3243 et
1224 3187 1341 3257 ejus
1369 3188 1606 3257 speciem
1633 3186 1834 3258 allego-

261 3284 361 3338 ria:
403 3292 459 3339 et
500 3281 767 3353 parabolae
797 3281 925 3335 facit
953 3280 1426 3352 comparationem,
1473 3280 1540 3335 de
1586 3277 1831 3335 inferiori

263 3377 336 3433 ad
358 3376 708 3446 superiorem,
754 3372 823 3428 de
845 3372 1120 3431 inanimali
1144 3356 1213 3427 ad
1245 3371 1491 3436 animale,
1525 3371 1671 3441 quod
1698 3371 1838 3426 sicut

267 3467 324 3522 in
366 3466 698 3522 vestimentis
751 3464 1107 3519 resarcieudis
1151 3463 1199 3518 si
1236 3464 1495 3533 petatium
1537 3477 1732 3516 novum
1781 3461 1837 3516 in

264 3557 590 3613 vestimento
616 3556 783 3612 veteri
825 3558 1138 3621 consuatur‘,
1181 3555 1310 3610 illud
1340 3553 1483 3625 quod
1515 3567 1711 3607 novum
1752 3561 1838 3607 est

266 3646 447 3701 aufert
472 3648 538 3702 de
572 3646 739 3701 veteri
762 3644 1022 3716 quidquid
1052 3645 1155 3700 sibi
1177 3642 1420 3714 junctum
1453 3643 1641 3705 fuerit;
1662 3650 1718 3697 et
1745 3657 1841 3712 pe-

261 3737 356 3808 jus
379 3739 752 3794 vestimentum
779 3740 854 3794 lit.
883 3740 961 3795 Ita
984 3738 1114 3793 dicit
1151 3736 1408 3791 Dominus
1430 3735 1545 3790 ﬁeri
1565 3733 1840 3804 discipulis

272 3836 387 3889 suis
411 3835 533 3903 quia
561 3835 733 3890 adhuc
752 3842 906 3889 erant
922 3842 1131 3889 veteres
1153 3845 1253 3901 pro
1277 3830 1520 3886 doctrina
1538 3829 1839 3884 Pharisaeo-

273 3940 393 3979 rum
422 3940 525 3994 qua
551 3926 738 3981 imbuti
762 3925 997 3989 fuerant,
1035 3923 1079 3978 si
1107 3923 1480 3978 austeritatem
1508 3937 1616 3977 suae
1644 3920 1841 3990 praedi-

272 4017 503 4079 cationis
529 4018 708 4072 subito
748 4017 1077 4087 imponeret,
1111 4015 1273 4071 etiam
1309 4014 1509 4085 aliquid
1554 4013 1671 4069 ﬁeri
1699 4012 1843 4083 quod

278 4109 478 4164 habere
503 4108 823 4164 videbantur
844 4109 1174 4173 amitterent,
1206 4107 1349 4163 sicut
1370 4107 1707 4177 septuaginta
1734 4106 1843 4161 dis-

274 4197 438 4267 cipuli
479 4197 721 4252 fecerunt
746 4213 845 4268 pro
873 4213 938 4254 eo
966 4198 1109 4269 quod
1148 4198 1321 4268 ipsum
1358 4197 1580 4251 verbum
1627 4211 1732 4251 non
1762 4196 1843 4250 in-

277 4289 617 4355 tellexerunt,
640 4290 890 4345 abierunt
916 4297 1234 4362 retrorsum,
1264 4297 1319 4343 et
1337 4288 1449 4359 jam
1475 4302 1595 4343 cum
1619 4286 1711 4342 illo
1733 4302 1840 4342 non

1936 3219 2128 3267 rantur
2150 3222 2269 3264 esse
2296 3224 2326 3263 a
2356 3207 2583 3263 Domino
2608 3215 2826 3278 peracta
2854 3221 3014 3262 nunc.
3044 3206 3102 3260 In
3130 3214 3320 3261 octavo
3367 3206 3498 3261 sub-

1937 3302 2143 3357 intrare
2165 3301 2335 3357 voluit
2355 3300 2460 3355 ﬁlia
2490 3298 2919 3371 archisynagogi,
2968 3297 3064 3353 sed
3090 3296 3350 3366 surripuit
3375 3311 3497 3365 mu-

1936 3391 2037 3448 lier
2078 3401 2334 3447 cmatosa.
2386 3390 2585 3462 Typice
2642 3389 3097 3460 archisynagogus
3145 3386 3248 3441 iste
3294 3384 3506 3458 Moyses

1937 3484 2267 3553 intelligitur,
2313 3482 2437 3550 quia
2475 3479 2672 3536 dicitur
2699 3478 2900 3543 Jairus,
2947 3478 3001 3533 id
3037 3486 3121 3532 est
3148 3477 3498 3540 illuminatus,

1937 3574 2062 3643 quia
2092 3587 2122 3625 a
2166 3570 2277 3625 Deo
2305 3570 2633 3625 illuminatus
2673 3576 2756 3624 est
2798 3568 2999 3623 lumine
3027 3566 3150 3621 ﬁdei
3189 3574 3244 3621 et
3274 3565 3500 3621 scientia

1936 3663 2089 3734 legis.
2118 3662 2221 3729 Qui
2257 3660 2416 3715 habet
2454 3660 2668 3715 unicam
2713 3660 2896 3723 ﬁliam,
2949 3660 3002 3715 id
3040 3667 3124 3713 est
3148 3673 3496 3729 synagogam,

1937 3768 2097 3822 quam
2117 3752 2276 3806 unico
2296 3765 2479 3806 amore
2500 3749 2708 3816 dilexit,
2731 3758 2785 3805 et
2808 3764 2906 3820 pro
2921 3763 2985 3805 ea
3004 3749 3170 3803 Deum
3192 3746 3507 3816 frequenter

1936 3844 2199 3900 exoravit.
2232 3843 2295 3898 Et
2318 3843 2384 3898 ad
2412 3841 2575 3912 pedes
2594 3840 2712 3910 ejus
2731 3841 2945 3905 cadere,
2973 3849 3057 3895 est
3080 3838 3507 3894 incarnationem

1937 3936 2054 4006 ejus
2081 3933 2349 3989 venerari.
2378 3932 2512 4000 Quia
2543 3932 2687 3986 enim
2731 3939 2893 4003 caput
2924 3929 3126 3986 Christi
3156 3930 3317 3994 Deus,
3342 3928 3509 3997 pedes

1938 4027 2055 4097 ejus
2100 4026 2399 4082 incarnatio
2439 4022 2555 4093 ejus
2592 4039 2699 4078 non
2740 4021 3180 4078 inconvenienter
3223 4019 3504 4089 accipitur.

1940 4119 2006 4175 Et
2045 4118 2148 4173 hoc
2172 4124 2257 4172 est
2299 4116 2365 4171 ad
2392 4115 2556 4186 pedes
2579 4115 2792 4179 cadere,
2838 4127 2962 4168 eum
2988 4127 3149 4181 super
3175 4126 3365 4166 omnes
3387 4110 3504 4165 sin-

1939 4210 2198 4283 gulariter
2236 4223 2487 4282 magnum
2526 4207 2705 4262 fateri.
2743 4204 2888 4259 Filia
2925 4221 3038 4259 mea
3074 4202 3225 4258 modo
3257 4201 3507 4271 defuncta

1938 4313 2034 4358 est.
2059 4302 2193 4368 Quia
2216 4300 2492 4372 paululum
2520 4307 2647 4355 ante
2670 4298 2958 4354 adventum
2983 4293 3357 4365 Redemptoris
3392 4307 3508 4350 om-

275 4383 642 4438 ambulabant.
690 4381 872 4454 Neque
909 4383 1121 4436 mittunt
1162 4382 1336 4436 vinum
1373 4397 1561 4435 novum
1601 4379 1656 4435 in
1697 4390 1837 4434 utres

1939 4407 2061 4448 nem
2086 4392 2351 4463 justitiam
2385 4391 2517 4462 legis
2550 4390 2752 4445 amisit.
2779 4388 3004 4459 Surgcns
3028 4389 3344 4457 sequebatur
3365 4401 3506 4439 eum.

276 4483 485 4527 ueteres.
537 4472 732 4527 Vinum
774 4487 971 4528 novum
999 4471 1307 4542 praedicatio
1352 4470 1651 4543 Evangelii,
1691 4480 1840 4527 utres

277 4573 507 4629 veteres,
540 4564 828 4635 apostolos.
860 4564 974 4619 Non
998 4563 1168 4619 solum
1191 4571 1338 4618 utres
1364 4571 1575 4618 veteres
1604 4571 1841 4618 mustum

280 4656 583 4725 disrumpit,
623 4656 718 4711 sed
759 4664 814 4711 et
836 4671 1027 4725 magna
1056 4663 1114 4710 et
1155 4654 1316 4711 fortia
1353 4654 1569 4710 vascula
1598 4655 1664 4711 de
1684 4653 1844 4726 lignis

281 4754 516 4802 mustum
544 4746 846 4817 disrumpit.
870 4746 936 4801 Et
964 4745 1214 4801 similiter
1236 4743 1547 4815 praedicatio
1572 4741 1845 4816 Evangelii

282 4851 392 4889 non
426 4836 563 4891 bene
603 4835 872 4892 intellecta
912 4836 1064 4891 ruina
1092 4834 1233 4890 facta
1257 4843 1343 4891 est
1366 4834 1568 4889 multis.
1599 4833 1846 4906 Alioquin

285 4938 588 4997 rampentnr
623 4937 782 4992 utres,
831 4936 880 4980 et
920 4928 1096 4980 vinum
1127 4926 1456 4996 eﬁ‘undetur,
1499 4935 1548 4981 et
1590 4935 1729 4979 utres
1757 4941 1849 4995 pe-

286 5027 456 5082 reunt,
487 5017 539 5072 id
578 5025 680 5082 est,
719 5016 1122 5097 dissipabuntur
1153 5016 1315 5071 corda
1360 5031 1570 5083 eorum,
1616 5022 1672 5071 et
1700 5030 1849 5071 rece-

289 5108 484 5165 dent.a
514 5107 637 5175 ﬁde,
678 5119 735 5164 et
767 5116 927 5163 erunt
961 5108 1177 5179 perditi.
1226 5106 1328 5164 Sed
1365 5108 1541 5163 uinum
1575 5125 1760 5163 novum
1794 5109 1849 5165 in

288 5208 431 5252 utres
482 5215 635 5254 novos
682 5199 913 5253 mittunt.
979 5196 1115 5253 Cum
1168 5195 1367 5252 fuerint
1412 5199 1537 5252 novi
1580 5197 1707 5254 iacti
1752 5213 1851 5268 per

290 5303 466 5343 meam
498 5289 818 5355 doctrinam,
852 5287 1151 5344 conﬁrmati
1176 5303 1272 5359 per
1296 5287 1631 5357 passionem,
1679 5305 1854 5345 resur-

291 5383 585 5439 rectionem
629 5390 685 5437 et
729 5381 1118 5446 ascensionem,
1167 5395 1264 5451 per
1305 5381 1590 5436 adventum
1623 5381 1854 5451 Spiritus

294 5476 488 5548 sancti,
524 5484 647 5531 tunc
673 5476 1033 5531 observabant
1078 5475 1257 5529 omnia
1287 5476 1415 5530 dura
1444 5483 1501 5530 et
1534 5490 1753 5547 aspera,
1803 5484 1857 5531 et

295 5568 455 5622 ambo
501 5567 981 5631 conservabnntur,
1029 5574 1083 5621 et
1128 5563 1374 5634 discipuli
1422 5572 1478 5619 et
1526 5564 1852 5635 praedicatio,

297 5674 416 5728 qua:
455 5656 511 5713 in
554 5656 635 5713 eis
683 5654 946 5714 seminata
990 5665 1085 5713 est.
1130 5655 1195 5711 Et
1237 5655 1314 5711 sic
1338 5653 1535 5711 factum
1583 5664 1686 5722 cst,
1729 5655 1854 5726 quia

1939 4484 2074 4552 Quia
2105 4499 2227 4539 cum
2267 4482 2405 4537 vidit
2431 4482 2575 4537 Deus
2602 4481 2875 4551 deperisse
2917 4478 3131 4535 Judaaos
3162 4492 3194 4532 a
3219 4493 3347 4533 vera
3373 4476 3511 4540 vita,

1938 4574 2086 4631 venit
2127 4574 2381 4628 reducere
2402 4586 2513 4627 eos.
2555 4569 2873 4643 Sequebatur
2907 4585 3026 4623 eum
3065 4567 3317 4638 quoniam
3362 4566 3505 4621 sicut

1940 4666 2148 4738 Moyses
2171 4664 2423 4744 praedixit
2448 4664 2515 4719 de
2537 4663 2650 4729 illo,
2695 4662 2773 4718 sic
2813 4677 2912 4732 per
2943 4661 3124 4716 omnia
3170 4660 3297 4716 fecit
3321 4657 3508 4714 Domi-

1941 4772 2063 4812 nus.
2088 4754 2159 4809 Et
2179 4770 2295 4808 ecce
2321 4752 2510 4807 mulier
2533 4768 2650 4823 qua:
2676 4751 2946 4821 sanguinis
2964 4750 3167 4819 ﬂuxum
3194 4749 3509 4820 patiebatur.
3555 4780 3563 4793 ο

1948 4844 2137 4901 Mulier
2165 4843 2267 4898 ista
2292 4841 2557 4913 signiﬁcat
2595 4839 2890 4894 Ecclesium
2915 4853 2982 4893 ex
3011 4838 3258 4908 gentibus
3286 4850 3512 4904 congre-

1949 4940 2148 5007 gatam;
2175 4941 2230 4987 et
2249 4932 2390 4987 sicut
2412 4930 2516 4985 ista
2535 4928 2749 4984 exclusa
2772 4937 2890 4982 erat
2909 4942 2939 4981 a
2957 4926 3203 4981 domibus
3220 4934 3317 4979 eta
3338 4922 3512 4978 turbis

1951 5022 2237 5079 duodecim
2290 5019 2449 5075 annis
2491 5026 2714 5089 propter
2752 5016 3026 5088 sanguinis
3081 5011 3471 5070 immunditiam
3495 5049 3513 5076 ,

1951 5113 2093 5169 unde
2133 5121 2189 5167 et
2225 5118 2513 5181 propterea
2560 5109 2617 5164 in
2656 5107 2742 5162 via
2781 5109 2928 5163 venit
2969 5107 3037 5162 ad
3083 5104 3402 5168 Dominum,
3435 5101 3519 5157 sic

1952 5203 2165 5276 gentilis
2197 5200 2422 5271 populus
2453 5197 2701 5255 exclusus
2733 5207 2851 5254 erat
2877 5213 2907 5252 a
2936 5204 3079 5252 ccetu
3107 5193 3362 5257 ﬁdelium,
3395 5189 3517 5262 pol-

1951 5295 2094 5348 lntus
2129 5290 2366 5362 ingenito
2409 5288 2705 5343 carnalium
2732 5285 2897 5343 ﬂuxu.
2932 5284 3038 5340 Sed
3074 5299 3196 5339 cum
3220 5280 3385 5337 verbo
3418 5278 3526 5338 Dei

1954 5393 2198 5441 cerneret
2244 5382 2455 5438 salvare
2498 5378 2756 5442 Iudaeam,
2805 5377 2984 5450 rapuit
3022 5374 3124 5434 sibi
3163 5372 3407 5429 saltitem.
3446 5369 3518 5426 Et

1956 5472 2361 5544 archisynagogi
2388 5471 2494 5526 ﬁlia
2515 5471 2795 5527 duodecim
2816 5469 2970 5525 annis
2994 5475 3112 5524 erat
3136 5484 3150 5521 :
3183 5473 3237 5521 et
3260 5464 3361 5519 ista
3383 5462 3518 5517 duo-

1955 5564 2128 5621 decim
2172 5578 2340 5617 annos
2381 5561 2615 5616 habebat
2659 5561 2712 5615 in
2765 5560 3097 5625 inﬁrmitate,
3143 5557 3267 5628 quia
3304 5555 3518 5626 quando

1956 5655 2047 5711 illa
2075 5653 2239 5723 carpit
2286 5652 2578 5710 secundum
2602 5651 2769 5708 Deum
2794 5651 2942 5708 nasci
2968 5652 3023 5708 in
3049 5648 3392 5725 patriarchis,
3416 5645 3520 5703 ista
