3962 6174
490 294 627 375 isse

1254 290 1638 349 CllRlSTlANl
1674 284 2080 346 DRUTHMARI
2117 282 2559 353 CORBEIENSIS
2591 269 2907 350 MONACHIE.

3560 261 3699 319 15ἆῦ

485 410 649 479 coepit
671 409 909 481 elongari
953 424 984 462 a
1020 406 1130 462 Deo
1163 415 1219 461 et
1262 404 1521 460 inﬁrmari
1569 411 1765 459 mente.
1809 401 2031 456 Accessit
2058 403 2111 463 Α
2133 415 2493 470 manantem,
2516 413 2650 481 Quia
2668 412 2824 467 unica
2845 417 2965 465 erat
2978 405 3118 477 ραιιιί
3137 413 3193 460 ει
3212 400 3391 464 matri,
3411 394 3703 469 plorabant

485 509 642 553 retro.
662 498 795 566 Quia
817 514 939 554 cum
955 497 1204 553 Christus
1226 494 1482 555 ascendit,
1500 502 1624 548 tunc
1638 501 1827 563 gentes
1851 504 2030 559 cmpe-

487 598 612 643 runt
638 590 875 644 credere.
902 588 1173 644 Accedere
1192 597 1358 650 retro,
1381 593 1465 641 est
1495 585 1640 642 illum
1662 583 1812 652 sequi
1834 590 1890 636 et
1914 581 2034 634 imi-

485 680 611 743 tari,
626 680 749 748 quia
772 680 884 749 ipse
909 680 1044 734 dixit
1067 696 1081 730 :
1105 677 1295 748 Siquis
1316 677 1441 732 mihi
1460 675 1739 737 ministrat,
1754 689 1833 726 me
1852 688 2035 742 sequa-

485 779 571 822 tur
622 770 687 823 Et
713 769 840 825 alibi
867 787 881 824 :
918 769 1040 824 Post
1065 769 1343 822 Dominum
1365 753 1533 820 Deum
1554 775 1699 818 tuum
1722 760 2031 816 ambulabis.

556 859 623 912 Et
651 861 812 930 tetigit
837 859 1093 928 ﬁmbriam
1122 857 1401 912 vestimenti
1428 855 1560 925 ejus.
1592 853 1833 908 Jusserat
1854 842 2037 906 Domi?

487 962 589 1003 nus
612 947 667 1002 in
691 948 999 1002 summitate
1027 947 1220 1001 tunica:
1249 944 1364 999 ﬁeri
1394 943 1648 1006 ﬁmbrias,
1670 950 1728 994 ut
1757 940 1895 995 sicut
1919 947 2036 994 erat

484 1037 734 1103 discretio
749 1037 1085 1094 circumcisio
1100 1037 1152 1090 in
1166 1035 1501 1105 corporibus,
1515 1033 1595 1088 sic
1613 1041 1667 1085 et
1686 1033 1740 1085 in
1752 1031 2038 1086 vestimen-

486 1129 572 1183 tis.
601 1126 769 1185 Judaei
808 1129 1190 1183 adinvenerunt
1228 1135 1289 1181 ut
1328 1132 1584 1194 ponerent
1627 1124 1696 1179 ibi
1737 1123 1938 1193 Spinas,
1978 1130 2038 1176 ut

484 1221 697 1289 quando
720 1227 1103 1290 pungerentur,
1131 1218 1536 1272 retraherentur
1557 1215 1625 1270 ad
1649 1214 1817 1286 legem
1840 1212 1955 1276 Dei',
1983 1222 2037 1285 et

487 1309 639 1364 ﬁeret
675 1310 975 1364 recordatio
1010 1309 1140 1378 legis
1178 1300 1296 1362 Dei.’
1327 1307 1432 1362 Sed
1465 1306 1568 1361 ista
1595 1321 1700 1361 non
1732 1305 1933 1359 invenit
1962 1305 2036 1359 ibi

485 1401 829 1472 spinas,t]uia
860 1402 1114 1456 Dominus
1142 1399 1437 1470 superﬂuas
1462 1396 1881 1452 abominationes
1898 1396 2037 1450 Pha-

438 1500 439 1503 ‘
484 1490 1125 1545 risreorumabominatus
1159 1495 1215 1543 et
1248 1488 1545 1542 detestatus
1579 1495 1681 1540 est.
1730 1484 1840 1541 Nec
1874 1498 2036 1540 causa

483 1590 566 1635 est
604 1588 817 1649 tangere
847 1580 1216 1634 vestimentum
1244 1578 1385 1648 quod
1409 1592 1627 1632 carnem
1663 1575 1871 1631 Domini
1894 1584 2040 1646 tege-

484 1668 609 1732 bat,
642 1667 734 1722 sed
779 1667 904 1722 illud
947 1667 1087 1737 quod
1140 1666 1269 1722 foris
1308 1667 1659 1737 prominebat.
1711 1666 1832 1721 Alio
1881 1666 2039 1721 modo

2133 505 2348 560 familiae
2374 519 2531 574 quam
2563 509 2907 573 speraverant
2931 500 3131 555 habere
3152 495 3427 577 dominam
3460 497 3587 560 post
3608 489 3704 542 do-

2131 595 2399 649 minorum
2427 594 2754 648 abscessum.
2789 590 3069 661 Synagoga
3097 585 3273 640 adhuc
3285 583 3433 653 jacet
3462 588 3702 639 mortua,

2131 697 2186 742 et
2206 688 2338 741 liunt
2358 688 2408 740 in
2428 687 2585 740 demo
2602 685 2719 755 ejus
2737 681 2995 737 tumultus
3013 678 3316 732 Iudaeorum
3331 681 3389 727 et
3407 669 3705 725 tibicines:

2131 758 2371 851 planctus
2399 794 2533 849 quos
2557 786 2720 848 agunt
2749 776 3007 831 inutiliter
3032 774 3085 827 in
3107 770 3365 826 sabbatis.
3396 765 3540 833 Quia
3571 779 3711 817 non-

2132 872 2259 926 dum
2280 871 2422 925 venit
2442 869 2598 924 Iesus
2620 867 2688 922 ad
2703 882 2813 921 eos.
2842 865 3090 919 Dicebat:
3120 858 3381 915 Recedite.
3406 855 3549 923 Quia
3574 868 3705 907 cum

2131 960 2337 1014 venerit
2362 960 2428 1013 ad
2447 972 2565 1012 eam
2587 943 2841 1011 Dominus
2861 954 3034 1013 Jesus,
3055 950 3305 1006 recedent
3330 944 3595 1001 tumultus
3618 944 3709 997 do-

2133 1052 2318 1106 ctrinae
2330 1065 2534 1114 eorum,
2552 1056 2607 1103 et
2624 1048 2873 1118 planctus
2897 1040 3311 1099 irrationabiles.
3332 1037 3459 1091 Non
3472 1046 3710 1090 estmor-

2135 1150 2230 1193 tua
2256 1138 2450 1209 puella,
2477 1138 2567 1192 sed
2590 1138 2800 1191 dormit.
2827 1134 2937 1189 illis
2958 1140 3165 1188 mortua
3192 1138 3332 1193 erat,
3353 1126 3450 1183 sed
3471 1124 3708 1180 dormie-

2088 1238 2113 1249 "
2135 1220 2243 1292 ΒΜ,
2260 1228 2382 1297 quia
2406 1237 2513 1282 tam
2529 1228 2638 1282 cito
2656 1241 2777 1282 eam
2795 1224 3032 1281 excitare
3045 1228 3273 1291 poterat.
3294 1216 3451 1275 Unde
3472 1231 3596 1270 mos
3611 1214 3706 1267 ob-

2137 1319 2295 1373 tinuit
2318 1318 2457 1387 apud
2477 1316 2810 1372 Christianos
2838 1323 2899 1369 ut
2925 1311 3121 1381 mortui
3141 1323 3327 1363 eorum
3354 1307 3445 1375 qui
3480 1306 3535 1359 in
3568 1305 3707 1358 bona

2136 1405 2468 1462 confessione
2489 1405 2869 1467 discesserunt,
2897 1416 3002 1459 non
3029 1399 3247 1462 mortui,
3263 1396 3359 1452 sed
3374 1393 3709 1450 dormientes

2135 1484 2418 1562 vocentur,
2442 1504 2499 1551 et
2514 1503 2860 1550 monumenta
2883 1507 3070 1549 eorum
3096 1505 3203 1545 non
3224 1493 3599 1545 monumenta,
3614 1481 3711 1537 sed

2136 1593 2451 1662 κοιμητήρια,
2484 1586 2537 1641 id
2557 1593 2642 1641 est
2663 1583 2997 1648 dormitoria,
3025 1580 3209 1637 Graece
3229 1583 3512 1632 vocentur.
3539 1572 3712 1642 Syna-

2116 1692 2271 1750 ~goga
2300 1693 2513 1748 quoque
2544 1675 2851 1732 Iudaeorum
2881 1674 3032 1729 vobis
3076 1679 3287 1726 mortua
3329 1668 3577 1730 videtur,
3618 1666 3713 1719 sed

484 1759 748 1815 ﬁmbriam
770 1760 1071 1816 vestimenti
1102 1759 1218 1830 ejus
1247 1768 1462 1831 tangere
1488 1767 1572 1815 es:
1617 1760 2039 1815 incarnationem
2067 1743 2112 1802 Β
2140 1743 2280 1825 hens
2303 1743 2793 1824 éam—resuscitabit
2807 1782 2902 1837 per
2916 1775 3081 1821 testes
3105 1778 3233 1819 suos
3251 1761 3437 1817 ﬁdeles
3460 1759 3650 1813 Enoch
3660 1765 3713 1810 el

482 1847 872 1918 ejuscredere.
910 1850 1120 1904 Dicebat
1140 1853 1276 1906 enim
1300 1853 1437 1906 intra
1463 1867 1517 1908 se
1543 1867 1561 1905 :
1601 1851 1657 1910 Si
1684 1856 1895 1922 tetigero
1922 1865 2041 1908 tan-

481 1952 589 1995 tum
633 1944 982 1997 vestimentum
1029 1945 1160 2015 ejus,
1196 1944 1339 2000 salva
1389 1962 1496 2001 ero.
1542 1947 1598 2001 Si
1638 1942 2041 2003 credidero‘in-

482 2032 845 2087 carnalionem
875 2032 1019 2101 ejus,
1050 2035 1194 2089 salva
1224 2050 1336 2090 ero.
1369 2035 1432 2091 Et
1452 2036 1800 2107 primordium
1825 2044 1909 2092 est
1937 2037 2041 2091 ini-

483 2121 612 2175 tium
643 2107 926 2178 immuniae
953 2126 1293 2195 cogitationis
1332 2141 1399 2182 ex
1423 2142 1530 2196 quo
1558 2136 1836 2197 peccatum
1864 2128 2045 2205 nasci;

483 2220 589 2274 tur.
620 2212 760 2267 Fons
780 2215 1055 2285 sanguinis
1078 2225 1197 2271 erat
1217 2218 1367 2289 origo
1389 2218 1705 2287 peccati._Et
1732 2221 1845 2289 ipsa
1868 2220 2042 2290 fuerat

482 2304 646 2358 multa
674 2322 913 2376 perpessa
937 2325 968 2361 α
990 2308 1224 2379 pluribus
1252 2311 1488 2365 medicis.
1520 2311 1655 2378 Quia
1690 2311 1843 2367 multi
1869 2312 2043 2383 philo—

481 2386 634 2464 soplii
667 2394 882 2450 fuerunt
906 2397 997 2470 qui
1018 2398 1084 2453 de
1110 2399 1393 2456 virtutibus
1407 2401 1599 2456 animae
1618 2402 2041 2471 disputaverunt,

481 2495 536 2539 et
563 2486 629 2540 de
650 2486 814 2552 vitiis,
842 2487 934 2542 sed
960 2476 1134 2543 tamen
1157 2490 1223 2543 ad
1244 2505 1422 2546 veram
1447 2491 1763 2547 medicinam
1791 2491 2041 2563 gentilem

482 2566 734 2647 populum
763 2593 863 2632 non
887 2579 1242 2635 adduxerunt.
1277 2581 1344 2636 Et
1368 2584 1423 2638 in
1452 2585 1577 2654 ipsis
1603 2596 1898 2657 erogauerat
1930 2602 2042 2640 om-

484 2684 599 2721 nem
630 2669 972 2729 substantiam
1003 2688 1172 2727 suam.
1213 2673 1344 2739 Quia
1374 2688 1584 2729 omnem
1621 2674 1858 2731 laborem
1885 2691 2039 2731 suum

485 2761 738 2831 expendit
774 2761 1044 2832 gentilitas
1076 2763 1127 2817 in
1153 2764 1316 2819 variis
1340 2752 1674 2834 poematibus
1701 2766 2045 2837 philosopho-

483 2866 639 2905 rum-
673 2851 738 2905 Ὰι
786 2850 940 2907 Iesus
988 2870 1287 2922 conversus,
1326 2866 1371 2910 et
1403 2856 1576 2912 uidens
1607 2874 1721 2912 eam
1746 2857 1899 2912 dixit.
1940 2857 2046 2913 Alii

484 2944 824 3014 evangelista:
851 2944 1089 3001 referunt
1124 2948 1266 3018 quod
1298 2948 1495 3004 dixerit
1525 2960 1541 3003 :‘
1579 2948 1708 3016 Quis
1735 2967 1815 3006 me
1839 2951 2048 3022 tetigit!

492 3033 557 3086 Et
588 3034 719 3087 dixit
752 3032 939 3088 Petrus
962 3050 981 3088 :
1010 3035 1322 3108 Prwceptor,
1367 3040 1533 3093 turba:
1562 3051 1610 3093 te
1637 3041 1977 3111 comprimunt
2000 3050 2047 3094 et

487 3124 717 3192 afﬂigunt
748 3133 793 3177 et
827 3134 884 3177 tu
919 3126 1050 3178 dicis
1128 3090 1260 3191 Quis
2074 3090 2117 3153 Ο

486 3227 745 3281 corporeo
775 3221 917 3265 tactu
937 3251 952 3275 ,
984 3213 1070 3265 illa
1099 3214 1270 3283 tetigit
1296 3214 1427 3277 ﬁde,
1455 3216 1547 3285 qui
1569 3217 1646 3271 sic
1667 3218 1837 3287 tangit
1869 3218 2049 3272 Domi-

491 3317 642 3365 num,
673 3310 910 3355 meretur
935 3302 1134 3356 sanari.
1177 3302 1316 3373 Ergo
1354 3304 1592 3360 Ecclesia
1628 3319 1695 3360 ex
1720 3307 1968 3377 gentibus
1994 3316 2050 3361 et

492 3390 665 3460 tetigit
695 3390 799 3445 ﬁde
825 3391 1128 3457 Dominum,
1156 3393 1280 3462 quia
1307 3393 1543 3464 perfecto
1565 3395 1724 3452 corde
1743 3395 1967 3450 credidit
1994 3396 2049 3450 in

490 3495 633 3544 cum,
662 3481 802 3536 unde
823 3481 975 3536 alteri
997 3499 1115 3555 qua:
1140 3499 1237 3539 nec
1261 3485 1385 3538 dum
1408 3493 1552 3540 recte
1572 3484 1821 3540 credebat
1844 3486 2052 3541 diceba-

490 3581 598 3627 tur.
630 3572 755 3627 Noli
780 3590 857 3628 me
877 3584 1100 3646 tangere,
1122 3577 1246 3646 quia
1269 3592 1373 3632 non
1394 3576 1627 3646 perfecte
1652 3578 1705 3633 in
1727 3578 1831 3635 ﬁde
1852 3580 2042 3652 tangis.

491 3664 558 3717 At
586 3663 677 3718 illa
700 3666 852 3730 venit,
874 3675 920 3719 et
948 3667 1166 3738 procidit
1192 3678 1312 3722 ante
1332 3684 1482 3732 eum;
1512 3678 1560 3723 et
1581 3668 1642 3723 ob
1665 3686 1821 3741 quam
1840 3685 2054 3723 causam

491 3754 713 3824 tetigerit
738 3771 853 3831 eum
881 3755 1114 3825 confessa
1140 3767 1250 3835 est,
1274 3758 1705 3828 quemadmodum
1732 3761 1908 3829 ﬂuxus
1931 3776 2055 3814 san-

492 3846 663 3914 guinis
683 3847 795 3916 ejus
819 3849 1011 3901 steterit
1039 3850 1304 3902 eantinuo.
1334 3849 1559 3919 Pr0pter
1578 3850 1802 3905 salutem
1831 3851 2056 3906 aliorum

494 3937 597 3991 ista
624 3937 881 3993 Dominus
910 3946 1018 3992 tam
1046 3939 1329 4007 diligenter
1354 3940 1679 4009 requirebat,
1705 3950 1764 3994 ut
1791 3940 1881 3995 alii
1909 3941 2058 3996 simi-

496 4027 620 4083 liter
649 4030 926 4085 studerent
969 4031 1120 4083 bona:
1156 4029 1275 4083 ﬁdei
1300 4044 1439 4095 esse,
1466 4038 1522 4084 et
1548 4029 1818 4085 diceretur
1839 4029 1905 4083 de
1931 4030 2010 4084 eis
2040 4048 2053 4084 :

499 4115 661 4179 Filia,
693 4118 821 4186 ﬁdes
844 4112 933 4172 tua
961 4128 1008 4172 te
1036 4119 1233 4173 salvam
1262 4118 1404 4188 fecit,
1443 4119 1497 4173 in
1526 4132 1590 4174 eo
1618 4118 1760 4188 quod
1776 4118 2060 4183 credidisti

497 4210 645 4265 salva
677 4209 819 4265 facta
847 4226 925 4266 es.
949 4210 1184 4266 Vocatur
1210 4221 1390 4267 autem
1420 4212 1523 4267 ista
1560 4211 1752 4265 mulier
1777 4210 2058 4276 aimatosa,

496 4300 685 4357 Graeco
709 4302 942 4368 nomine,
963 4303 1183 4358 veniens
1202 4303 1270 4357 ab
1289 4310 1409 4358 actu
1426 4317 1617 4357 nomen
1637 4302 1771 4373 ejus.
1789 4301 2060 4371 Siquidem

500 4393 715 4462 sanguis
740 4390 923 4448 Grece
948 4394 1087 4447 aima
1112 4394 1321 4455 dicitur,
1348 4401 1403 4448 et
1422 4394 1544 4459 inde
1573 4392 1827 4447 aimatosa
1855 4392 2082 4461 deriva:

501 4486 691 4549 tivum,
717 4486 767 4539 id
792 4494 896 4550 est,
936 4486 1292 4556 sanguinaria.
1316 4486 1373 4540 In
1399 4494 1590 4541 octavo
1614 4501 1742 4540 vero
1765 4486 1880 4541 loco
1900 4501 2058 4541 sana-

502 4584 592 4629 tur
606 4584 821 4644 propter
835 4584 1081 4630 octavum
1099 4576 1237 4631 diem
1262 4578 1692 4642 resurrectionis,
1706 4592 1864 4647 quam
1887 4578 2063 4633 omnis

503 4663 745 4717 Ecclesia
772 4664 1008 4733 gentium
1035 4675 1336 4718 veneratur.
1372 4663 1439 4718 Et
1460 4665 1604 4719 salva
1620 4667 1762 4736 [aeta
1784 4678 1857 4721 est
1881 4666 2066 4720 mulier

504 4769 571 4807 ea:
599 4752 689 4806 illa
716 4753 865 4806 hora.
898 4752 1211 4823 Quicunque
1235 4755 1370 4809 bona
1393 4754 1496 4809 ﬁde
1516 4756 1780 4810 studuerit
1802 4772 1921 4812 esse
1939 4772 2064 4827 erga

509 4843 920 4917 Deum,etlilius
941 4843 1036 4899 Dei
1063 4844 1187 4910 erit,
1211 4853 1265 4899 et
1280 4845 1569 4900 secundum
1597 4844 1752 4899 ﬁdem
1781 4847 1948 4917 ipsius
1976 4847 2069 4903 ﬁet

506 4935 578 4990 ei.
608 4914 843 4989 Ecclesia
870 4948 1080 5004 quoque
1100 4951 1168 4989 ex
1191 4936 1435 5005 gentibus
1459 4950 1527 4990 ex
1551 4949 1658 5004 quo
1683 4935 1737 4989 in
1766 4914 1932 4990 Deum
1959 4952 2075 4993 cre‘

510 5025 666 5089 didit,
694 5024 887 5079 salvari
913 5027 1092 5095 erepit,
1121 5034 1176 5081 et
1204 5034 1380 5081 mente
1404 5034 1460 5081 et
1482 5041 1726 5096 corpore.
1757 5024 1823 5080 Et
1850 5043 1965 5081 cum
1992 5045 2074 5082 ue-

510 5117 665 5169 rtisset
690 5114 845 5171 Iesus
868 5108 920 5170 in
955 5123 1164 5171 domum
1194 5117 1471 5188 principis,
1508 5126 1554 5171 et
1584 5115 1787 5170 ridisset
1816 5116 2066 5171 tibicines.

512 5206 784 5264 Tibicines
810 5209 1105 5265 derivatum
1135 5217 1218 5262 est
1238 5225 1268 5262 a
1290 5209 1441 5273 tibia,
1464 5217 1519 5264 et
1545 5208 1670 5262 tibia
1695 5208 1836 5262 dicta
1864 5223 1895 5262 a
1928 5207 2070 5262 tibiis

514 5296 854 5354 liinnulorum
876 5337 894 5363 ,
923 5298 990 5353 de
1016 5296 1210 5369 quibus
1249 5299 1409 5369 empti
1438 5306 1561 5352 sunt
1599 5298 1828 5369 primum
1862 5297 1978 5353 ﬁeri
2016 5298 2071 5352 in

504 5386 1207 5462 phrygial,modoverojetde
1226 5389 1449 5459 gruibus
1475 5388 1625 5453 ﬁunt,
1653 5397 1707 5443 et
1729 5389 1794 5443 de
1823 5388 2069 5445 matellis.

518 5479 918 5535 Adhibebamur
930 5489 1106 5536 autem
1119 5479 1411 5549 antiquitus
1425 5476 1698 5532 funeribus
1717 5487 2070 5543 mortuorum,

520 5584 661 5625 nunc
686 5570 965 5630 itineribus
1000 5570 1295 5641 principum
1328 5586 1342 5621 ς
1384 5582 1548 5622 sonus
1578 5577 1756 5621 autem
1779 5569 1870 5636 qui
1913 5568 1973 5622 ﬁt
2003 5569 2073 5623 ab

474 5696 479 5697 κ
525 5654 668 5725 ipso,
691 5657 883 5717 tibicen
912 5660 1126 5725 dicitur,
1156 5658 1307 5730 quasi
1333 5658 1472 5714 tibia:
1496 5666 1704 5714 cantus.
1729 5659 1945 5715 Turbam
1975 5670 2067 5722 tu-

2140 1861 2328 1915 Eliam.
2373 1860 2441 1914 Et
2462 1859 2766 1931 {deridebant
2790 1875 2926 1913 eum.
2953 1857 3085 1925 Quia
3114 1854 3407 1926 potentiam
3436 1850 3713 1920 loquentis

2139 1953 2364 2008 necdum
2392 1951 2805 2023 cognoscebant.
2838 1951 2905 2005 Et
2929 1967 3045 2004 cum
3069 1950 3231 2018 ejecta
3255 1954 3386 2000 esset
3416 1941 3594 2002 turba,
3625 1941 3711 1992 ia-

2137 2044 2290 2097 travit
2312 2052 2361 2096 et
2385 2042 2547 2096 tenuit
2571 2057 2783 2095 manum
2804 2041 2939 2112 ejus.
2982 2040 3117 2106 Quia
3146 2035 3307 2092 verba
3332 2033 3547 2088 Domini
3583 2031 3713 2084 irri-

2138 2131 2271 2191 dere
2317 2150 2481 2205 quam
2510 2135 2733 2190 credere
2780 2133 3113 2198 maluerunt,
3156 2128 3468 2211 ejiciuntur,
3513 2133 3570 2177 et
3604 2138 3714 2176 non

2137 2236 2411 2282 merentur
2461 2225 2872 2281 resuscitantem
2923 2223 3127 2277 videre.
3166 2219 3449 2289 Synagoga
3496 2229 3716 2288 quoque

2138 2317 2243 2373 nisi
2267 2331 2298 2370 a
2323 2331 2381 2372 se
2400 2315 2652 2386 habuerit
2678 2313 3047 2369 multitudines
3071 2325 3192 2381 qute
3217 2311 3543 2362 intrinsecus
3563 2303 3714 2374 jacet

2141 2418 2383 2473 mortua,
2418 2422 2522 2463 non
2552 2413 2810 2476 resurget.
2844 2403 2913 2457 Et
2946 2402 3159 2457 intrauit
3180 2441 3195 2464 ,
3224 2408 3275 2454 et
3304 2397 3462 2452 tenuit
3486 2410 3715 2448 manum

2138 2500 2271 2570 ejus,
2323 2486 2373 2553 εἰ
2407 2496 2633 2552 surrexit
2672 2492 2868 2566 puella.
2919 2492 3035 2547 Nisi
3078 2489 3311 2546 tenuerit
3333 2486 3615 2547 Dominus,
3654 2491 3719 2536 et.

2139 2588 2479 2645 mundaverit
2511 2601 2704 2641 manus
2725 2582 3028 2639 Iudaeorum
3056 2621 3072 2644 ,
3107 2595 3229 2650 qua.
3258 2577 3507 2647 sanguine
3529 2573 3724 2645 plent:

2140 2690 2284 2746 sunt,
2329 2680 2611 2750 Synagoga
2641 2692 2751 2749 non
2801 2682 3005 2745 surget.
3047 2671 3114 2726 Et
3161 2670 3291 2725 exiit
3320 2668 3456 2737 fama
3492 2666 3611 2719 hcc
3659 2666 3720 2717 in

2143 2774 2434 2828 universam
2471 2778 2664 2823 terram
2701 2766 2872 2821 illam.
2905 2765 2960 2820 ln
2992 2763 3113 2818 aliis
3141 2759 3484 2832 evangelistis
3515 2757 3722 2812 dicitur

2143 2864 2284 2935 quod
2321 2859 2636 2933 prmeeperit
2664 2873 2753 2914 ne
2796 2857 2883 2912 cui
2929 2856 3187 2911 dioerent.
3236 2848 3554 2918 Exemplum
3604 2845 3724 2900 suis

2146 2946 2418 3026 praebens,
2451 2951 2498 3007 si
2534 2949 2662 3020 quid
2701 2948 2828 3004 boni
2868 2946 3098 3007 faciunt,
3134 2959 3242 2999 non
3280 2949 3471 2997 curent
3507 2936 3721 3001 hoc‘ad

2148 3044 2394 3099 favorem
2414 3040 2706 3114 praedicare
2732 3038 2786 3092 in
2819 3036 3060 3108 pupulis,
3095 3042 3315 3105 propter
3342 3028 3719 3087 cenodosiam.

2148 3137 2351 3191 Dicitur
2378 3146 2591 3204 quoque
2620 3132 2673 3186 in
2701 3130 2805 3186 alio
2831 3129 3158 3199 evangelista
3175 3167 3188 3187 ,
3215 3125 3356 3197 quod
3387 3124 3615 3195 jusserit
3644 3120 3721 3175 illi

2150 3224 2265 3278 dari
2308 3218 2954 3286 manducare,'videlicet
2994 3218 3063 3271 ad
3102 3212 3574 3272 demonstrandam
3602 3209 3725 3281 ejus

2149 3315 2433 3369 sanitatem
2464 3321 2520 3367 et
2542 3310 3010 3367 resurrectionem.

2219 3403 2353 3457 Tres
2377 3410 2620 3457 mortuos
2648 3399 3009 3477 resuscitatos
3026 3397 3081 3451 in
3110 3393 3395 3466 Evangelio
3418 3407 3452 3446 a
3480 3391 3725 3455 Domino

2150 3491 2375 3564 legimus
2401 3532 2417 3558 ,
2454 3493 2550 3548 sed
2592 3507 2707 3548 non
2729 3486 2807 3544 ab
2836 3505 2895 3543 re
2924 3497 3008 3543 est
3040 3487 3183 3556 quod
3223 3502 3329 3540 non
3362 3482 3598 3553 amplius
3642 3481 3721 3534 vel

2152 3585 2330 3639 minus
2364 3598 2525 3654 quam
2568 3584 2634 3638 de
2673 3581 2800 3637 solis
2833 3581 3007 3635 tribus
3033 3579 3107 3633 ibi
3153 3584 3425 3631 narratur.
3468 3574 3726 3643 Legimus

2153 3676 2296 3730 enim
2326 3676 2378 3731 in
2404 3675 2525 3730 aliis
2544 3674 2712 3737 libris,
2740 3672 2881 3742 quod
2907 3670 3091 3741 plures
3119 3667 3479 3729 resuscitavit,
3512 3674 3570 3720 et
3602 3680 3721 3719 cre-

2155 3766 2332 3822 dimus
2355 3765 2481 3833 quia
2510 3764 2581 3818 ita
2609 3771 2710 3819 est.
2758 3761 2865 3817 Sed
2891 3770 3070 3815 tamen
3098 3774 3203 3813 non
3228 3757 3435 3829 placuit
3457 3754 3728 3825 evangeli-

2156 3856 2255 3911 stis
2297 3855 2362 3909 de
2400 3854 2642 3924 pluribus
2681 3864 2940 3915 narrare,
2987 3848 3269 3905 ordinante
3298 3847 3503 3918 Spiritu
3538 3856 3729 3900 sancto

2157 3946 2248 4016 qui
2291 3945 2465 4000 in~eis
2497 3943 2708 4000 locutus
2749 3952 2833 4000 est
2853 3984 2867 4007 ,
2897 3951 3118 4014 propter
3150 3940 3391 4011 mysterii
3418 3953 3733 3994 sacramen-

2156 4045 2292 4092 tum.
2325 4035 2490 4104 lgitur
2535 4034 2881 4090 tresmortui
2919 4034 2971 4088 in
3012 4046 3238 4102 corpore
3280 4027 3593 4101 signiﬁcant
3624 4037 3734 4081 tres

2158 4133 2398 4194 mortuos
2429 4123 2483 4177 in
2516 4123 2725 4185 anima,
2753 4122 2879 4191 quia
2905 4121 3086 4176 anima
3116 4113 3236 4189 quas
3260 4125 3451 4188 peccat
3477 4117 3734 4178 moritur,

2153 4213 2305 4295 juxta
2319 4213 2591 4289 propheta:
2606 4212 2827 4267 dictum.
2843 4211 3030 4264 Anima
3045 4225 3162 4279 qua:
3172 4208 3478 4279 peccaverit,
3492 4207 3617 4275 ipsa
3630 4223 3735 4258 mo-

2161 4307 2357 4369 rietur;
2386 4314 2498 4360 tres
2520 4320 2648 4374 ergo
2673 4303 2869 4359 mortui
2904 4302 3008 4369 tria
3055 4316 3255 4371 genera
3285 4298 3570 4353 hominum
3609 4312 3729 4368 pec.

2163 4402 2574 4454 catorumsunt.
2603 4395 2699 4450 Est
2717 4396 2965 4464 peccatur
2989 4394 3080 4463 qui
3106 4385 3296 4462 peccat
3314 4388 3592 4445 criminali
3616 4404 3739 4459 νοε-

2161 4496 2303 4553 cato,
2330 4494 2386 4541 et
2407 4486 2635 4540 moritur
2661 4484 2715 4539 in
2746 4492 3035 4554 conspectu
3070 4481 3282 4537 Domini
3309 4479 3490 4535 anima
3510 4477 3659 4547 ejus,
3684 4485 3740 4532 et

2161 4579 2285 4650 quia
2316 4594 2420 4634 non
2458 4577 2630 4633 habet
2674 4576 2730 4631 in
2773 4573 3160 4631 consuetudine
3198 4574 3373 4644 ipsum
3417 4572 3737 4642 peceatum.

2159 4678 2378 4727 'veretur
2406 4670 2543 4724 iram
2572 4668 2666 4724 Dei
2695 4708 2711 4735 ,
2750 4676 2805 4724 et
2841 4668 2997 4722 timet
3031 4666 3268 4722 futuram
3308 4662 3731 4719 discussiouem.

2160 4759 2327 4817 Istum
2367 4758 2635 4830 signiﬁcat
2662 4757 2772 4812 ﬁlia
2819 4756 3266 4828 arcbisynagogi,
3306 4770 3428 4826 qua
3466 4754 3653 4808 adhuc
3686 4753 3739 4806 iu

2164 4852 2323 4907 domo
2349 4856 2488 4914 erat,
2514 4847 2728 4920 quando
2755 4863 2785 4902 a
2812 4847 3041 4920 Domino
3067 4846 3386 4902 resuscitata
3400 4852 3506 4898 est.
3532 4841 3737 4897 Simili-

2172 4950 2257 4995 ter
2297 4948 2353 4994 et
2382 4940 2484 5017 iste
2522 4913 2772 5009 peccator
2807 4913 2859 4993 in
2888 4936 3048 4993 cubili
3075 4935 3255 4991 cordis
3289 4934 3374 4987 sui
3401 4932 3535 5002 tegit
3564 4931 3742 4985 adhuc

2164 5041 2450 5101 peceatum
2475 5045 2629 5086 suum
2647 5068 2663 5093 ,
2697 5037 2750 5083 et
2790 5043 2897 5083 non
2918 5034 3001 5084 est
3024 5026 3207 5082 multis
3239 5023 3515 5095 cognitum
3547 5021 3626 5076 de
3656 5034 3746 5084 eo,

2169 5129 2448 5193 propterea
2476 5119 2630 5191 quasi
2658 5119 2828 5175 levior
2870 5126 2954 5173 est
2976 5106 3095 5187 ejus
3136 5112 3504 5175 resuscitatio,
3531 5111 3672 5181 quia
3701 5108 3745 5163 si

2172 5214 2434 5283 peccavit,
2460 5228 2565 5269 non
2590 5213 2657 5268 ad
2682 5212 2879 5267 multos
2914 5209 3214 5280 exemplum
3246 5206 3446 5261 malum
3489 5202 3745 5273 protulit,

2173 5319 2345 5373 neque
2366 5302 2706 5373 frequentare
2729 5300 2951 5356 studuit.
2982 5298 3132 5353 Alius
3170 5304 3415 5351 mortuus
3448 5309 3483 5347 a
3518 5291 3751 5347 Domino

2173 5394 2524 5448 resuscitatus
2545 5400 2627 5448 est
2644 5391 2783 5445 ﬁlius
2801 5391 2995 5455 vidum,
3017 5399 3073 5444 et
3098 5402 3203 5442 non
3223 5385 3337 5454 jam
3363 5385 3419 5438 in
3444 5384 3633 5444 domo,
3654 5380 3756 5437 sed

2175 5481 2231 5535 in
2259 5482 2430 5551 platea
2456 5490 2513 5536 et
2552 5488 2705 5550 porta
2746 5480 2980 5534 civitatis
3007 5494 3039 5533 a
3075 5476 3300 5533 Domino
3326 5474 3453 5528 vita:
3487 5473 3756 5527 reductus

2173 5580 2276 5626 est.
2315 5572 2380 5625 Et
2424 5572 2524 5627 iste
2562 5570 2829 5642 signiﬁcat
2870 5570 3138 5635 hominem
3180 5572 3531 5638 peccatorum
3558 5561 3751 5617 lethali

2175 5660 2402 5716 crimine
2435 5660 2737 5729 frequenter
2757 5659 2990 5713 animam
3023 5672 3177 5712 suam
3203 5659 3567 5720 occidentem,
3592 5662 3652 5706 et
3683 5651 3755 5703 sd
