3962 6174
411 260 547 312 i345

1175 246 1559 307 cumsuam
1593 229 1998 300 onum-stam
2035 238 2478 297 CORBEIENSIS
2513 235 2810 295 MONAClll

3484 226 3630 282 ιδιι

410 386 440 422 a
470 368 695 432 diabolis
719 366 980 433 idolisquc
1017 371 1062 416 ct
1086 361 1318 431 jaccntes
1347 359 1478 412 sicut
1506 373 1620 410 oues
1643 370 1743 407 non
1769 351 1958 405 haben-
1989 350 2039 410 Α
2063 349 2224 403 etiam
2246 356 2486 418 augetur.
2530 346 2680 430 Unde
2705 354 2760 399 et
2778 344 2974 397 libram
2993 339 3272 433 duodecim
3299 338 3634 433 illlgils‘gu‘l-

411 470 484 511 tes
510 468 786 529 pastorem.
826 453 1074 508 Jaeentes
1105 451 1233 504 dicit
1263 450 1314 502 in
1345 447 1580 517 peccatis
1613 441 1856 514 quamvis
1877 456 1966 494 es-

2068 449 2212 492 stare
2231 437 2488 492 fecerunt.
2519 428 2802 490 Duodecim
2821 446 3031 502 quoque
3057 431 3208 500 signa
3231 428 3556 499 principalia
3581 428 3634 480 in

413 515 533 602 seni
565 560 712 599 oves.
762 543 827 597 Et
851 543 941 596 hic
976 557 1008 596 a
1051 549 1163 594 toto
1186 554 1311 608 pars
1338 515 1671 605 intelligitur,
1699 531 1824 602 quia
1862 546 1969 584 non
2034 525 2230 596 .astris
2251 524 2577 580 extulerunt.
2610 523 2714 575 'l'er
2739 522 2882 575 enim
2933 518 3178 587 quaterni
3223 517 3510 571 duodecim
3546 515 3638 608 ria-

413 653 601 691 omnes
630 635 794 688 futuri
821 642 977 689 erant
1049 642 1201 686 oves.

416 737 527 781 tum
554 726 886 783 demonstrat
914 739 1036 778 cum
1073 721 1202 776 dicit
1231 738 1243 772 :
1281 735 1384 772 non
1418 717 1658 770 habentes
1692 724 1972 783 pastorem,

416 817 540 885 quia
582 817 722 870 Deus
745 820 1074 884 przeceperat
1110 820 1168 865 ut
1201 809 1537 868 sacerdotes,
1573 805 1743 875 legem
1771 819 1977 856 annun-

383 950 386 954 .
419 908 617 960 tiarent
644 904 854 974 populo,
889 914 942 958 et
968 901 1218 971 praeirent
1243 914 1335 953 eos
1362 894 1604 964 exemplo
1631 894 1753 948 boni
1776 892 1973 962 operis.

419 999 568 1065 Quod
589 997 758 1050 adhuc
771 996 963 1049 debent
988 992 1233 1048 similiter
1252 990 1427 1044 facere
1456 1002 1607 1056 reges
1619 995 1673 1040 et
1690 999 1877 1039 omnes
1899 999 1980 1038 sa-

420 1091 684 1152 cerdotes,
716 1097 822 1142 tam
836 1085 1066 1156 episcopi
1104 1099 1260 1152 quam
1285 1090 1337 1135 et
1361 1077 1678 1150 presbyteri,
1707 1075 1832 1146 quia
1857 1089 1980 1144 pro-

419 1186 601 1246 pterea
622 1176 760 1230 Deus
780 1191 872 1229 eos
890 1173 1095 1244 pepulis
1115 1169 1371 1240 przefeeit.
1391 1169 1500 1222 Rex
1523 1169 1664 1222 enim
1693 1182 1722 1219 a
1751 1165 1981 1235 regendo

421 1265 635 1319 dicitur.
665 1263 721 1317 Si
746 1264 879 1318 bene
904 1278 1007 1316 non
1025 1261 1160 1330 regit
1179 1268 1232 1314 et
1253 1258 1507 1321 defendit,
1533 1271 1636 1311 non
1659 1271 1750 1310 rex
1777 1255 1870 1310 sed
1897 1262 1982 1324 ty-

423 1369 623 1408 rannus
642 1361 880 1408 vocatur.
899 1351 1048 1419 Quod
1065 1350 1312 1405 Salomon
1330 1348 1568 1403 eruditus
1580 1363 1606 1399 a
1623 1356 1773 1416 patre
1797 1345 1848 1399 in
1857 1345 1985 1399 telli-

423 1461 574 1516 gens,
597 1444 768 1499 adhuc
787 1444 939 1513 petiit
959 1444 1125 1496 Deum
1148 1456 1343 1512 augere
1356 1440 1454 1495 sibi
1479 1439 1792 1507 sapientiam
1815 1437 1879 1490 ad
1895 1451 1985 1506 gu-

426 1532 756 1587 bernandum
801 1533 1071 1604 populum.
1112 1521 1358 1602 Episcopi
1403 1545 1615 1599 quoque
1656 1528 1986 1597 inspectores

425 1623 614 1678 Grateo
631 1623 844 1677 nomine
863 1631 1138 1686 vocantur,
1169 1622 1278 1677 sive
1299 1622 1816 1693 superintendentes,
1843 1619 1987 1674 scili-

1318 625 1702 697 Negligeutiam
1728 622 1974 678 sacerdo-
2071 618 2240 680 ciunt,
2263 625 2318 670 et
2340 625 2422 670 ter
2447 614 2692 684 quaterni
2741 611 2807 665 ad
2850 610 3246 681 pnedicaudum
3295 616 3427 662 sunt
3484 605 3642 660 missi

2072 707 2313 778 apostoli,
2350 716 2408 761 ut
2433 721 2531 776 per
2557 706 2834 759 universas
2855 701 3104 772 quadrati
3133 699 3280 752 orbis
3308 698 3522 768 plagas,
3547 697 3646 749 ba-

2075 798 2338 866 ptizarent
2365 805 2550 865 gentes
2575 793 2640 847 In
2670 795 2873 846 nomine
2915 790 3112 852 Patris,
3141 801 3185 844 et
3216 789 3368 852 Filii,
3389 801 3442 841 et
3469 788 3646 857 Spiri-

2075 895 2158 938 tus
2187 885 2373 938 sancti.
2425 882 2480 936 In
2507 899 2613 951 quo
2635 882 2797 936 etiam
2820 888 3157 935 sacramento
3200 879 3291 933 ﬁlii
3340 879 3513 932 lsrael
3565 878 3648 931 sic

2077 975 2175 1028 visi
2207 971 2741 1035 suntcastrametari,
2771 979 2830 1023 ut
2859 985 2923 1024 ex
2948 970 3091 1022 omni
3126 976 3275 1037 parte
3310 979 3424 1022 tres
3472 968 3647 1021 tribus

2078 1073 2280 1120 essent.
2311 1063 2376 1117 Et
2401 1061 2698 1117 Jerusalem
2729 1059 2964 1115 caelestis
2991 1060 3268 1114 duodecim
3312 1069 3505 1128 portas
3543 1059 3644 1111 ha—

2079 1158 2207 1213 bere
2229 1156 2564 1216 describitur,
2591 1163 2701 1208 tres
2728 1154 2796 1207 ab
2822 1153 3061 1214 Oriente,
3088 1161 3199 1205 tres
3231 1151 3300 1205 ab
3329 1149 3645 1206 Occidente.

2082 1256 2193 1304 tres
2226 1265 2256 1303 a
2296 1249 2534 1313 meridie,
2563 1256 2617 1302 et
2643 1255 2754 1302 tres
2787 1248 2856 1301 ab
2878 1247 3160 1316 Aquilone.
3193 1245 3248 1299 ln
3277 1261 3387 1314 quo
3415 1245 3654 1314 ﬁgurali‘

2083 1349 2166 1395 ter
2201 1339 2499 1393 ostenditur
2525 1339 2791 1408 quomodo
2825 1338 2890 1392 de
2918 1337 3168 1391 omnibus
3193 1337 3444 1406 gentibus
3467 1352 3662 1404 egres-

2084 1446 2210 1485 sura
2240 1438 2322 1485 est
2347 1429 2609 1493 Ecclesia,
2641 1438 2695 1483 et
2729 1429 2840 1499 jam
2865 1428 3135 1482 ordinatio
3177 1427 3542 1495 apostolorum
3593 1429 3650 1480 in

2085 1518 2397 1574 duodecimo
2423 1517 2538 1572 loco
2571 1518 2862 1588 signorum,
2893 1516 3094 1584 quibus
3131 1516 3275 1570 dedit
3320 1524 3657 1584 potestatem

2085 1617 2144 1662 ut
2173 1615 2421 1662 curarent
2442 1607 2724 1676 languores
2751 1615 2806 1661 et
2833 1607 3177 1661 inﬁrmitates
3205 1622 3517 1677 corporum.
3543 1607 3656 1663 Sed

427 1721 511 1766 cet
535 1713 584 1765 in
608 1712 952 1768 similitudine
969 1721 1240 1782 pastorum
1262 1711 1674 1780 circumspicere
1686 1709 1896 1773 debent,
1921 1725 1986 1765 ne

2099 1712 2275 1766 magna
2318 1696 2568 1750 distantia
2610 1705 2692 1782 est
2733 1696 2873 1750 inter
2903 1696 3118 1750 dantem
3163 1706 3220 1750 et
3269 1698 3654 1765 accipientem.

428 1804 493 1858 de
507 1804 682 1873 aliqua
695 1812 843 1872 parte
861 1803 1045 1857 nociva
1062 1803 1231 1857 bestia
1257 1818 1409 1856 suum
1425 1817 1638 1872 gregem
1663 1799 1991 1855 contaminet

429 1893 512 1947 vel
534 1895 832 1948 conturbet.
857 1893 1060 1963 Legant
1083 1891 1414 1946 Ezechielem
1437 1890 1528 1960 qui
1548 1897 1792 1958 pastores
1809 1888 1992 1944 dicun-

431 1995 538 2048 tur,
562 1983 781 2037 audiaut
808 1991 984 2037 tamen
1010 1983 1353 2036 nihilominus
1367 1981 1493 2052 quid
1514 1981 1601 2035 hic
1625 1980 1880 2035 Dominus
1901 1979 1995 2034 ad-

426 2072 628 2143 jungat.
638 2073 780 2126 Tunc
791 2072 916 2126 dicit
927 2072 1192 2142 discipulis
1205 2073 1346 2142 suis}
1364 2071 1548 2126 Messis
1566 2073 1748 2136 multa,
1771 2071 1994 2140 operarii

432 2176 604 2219 autem
623 2166 793 2235 pauci.
821 2165 1128 2234 Metaphora
1153 2173 1234 2219 est
1253 2165 1364 2230 hic,
1379 2172 1431 2219 et
1454 2163 1658 2233 species
1673 2161 1995 2230 metaphora;

433 2253 707 2323 allegoria,
731 2268 829 2323 per
858 2268 1086 2307 messem
1127 2252 1374 2322 pepulnm
1415 2253 1598 2307 volens
1632 2249 1873 2320 intelligi,
1900 2263 1997 2318 per

433 2344 712 2413 operarios
731 2342 1302 2413 prmdieatores.'l‘otus
1320 2343 1546 2397 mundus
1573 2349 1689 2395 erat
1711 2341 1763 2395 in
1787 2354 1992 2402 errore,

435 2435 650 2503 quando
665 2434 888 2503 apostoli
911 2443 1186 2504 cmperunt
1209 2433 1521 2504 prtedicare.
1545 2431 1655 2486 Nisi
1680 2446 1805 2485 vero
1826 2430 1997 2484 virtus

391 2533 400 2543 '
438 2524 613 2583 divina
635 2522 838 2588 fuisset,
867 2524 1132 2593 quomodo
1153 2539 1250 2592 per
1277 2523 1554 2577 duodecim
1581 2521 1825 2574 homines
1853 2526 1997 2574 totus

439 2614 664 2668 mundus
693 2614 992 2684 reliquisset
1018 2629 1232 2669 errores
1261 2614 1422 2674 suos?
1471 2613 1673 2684 [legate
1712 2612 1996 2666 Dominum

438 2706 630 2761 messis
672 2715 730 2760 ut
766 2707 943 2777 ejiciat
971 2707 1244 2776 Operarios
1272 2705 1325 2760 in
1360 2720 1586 2760 messem
1618 2719 1792 2759 suam.
1836 2702 1998 2757 istam

439 2812 666 2851 messem
697 2799 1014 2867 patriarcha:
1052 2805 1106 2850 et
1129 2797 1401 2867 propheta:
1437 2796 1864 2858 seminaverunt,
1905 2792 2027 2858 sed,

440 2889 666 2957 apostoli
690 2897 1064 2944 maturuerunt
1084 2903 1201 2943 eam
1219 2903 1313 2958 per
1325 2903 1450 2942 suas
1460 2885 1884 2956 praedicationes.
1907 2882 2002 2938 Pa-

444 2978 690 3031 triarcbaa
727 2988 781 3031 et
810 2980 1084 3048 propheta:
1125 2979 1522 3033 seminaverunt
1550 2977 1604 3030 in
1635 2975 1906 3047 lacrymis,
1945 2981 2001 3029 et

2091 1762 2223 1852 Quia
2250 1786 2506 1840 Dominus
2535 1785 2626 1854 qui
2647 1762 2818 1839 'dahat
2863 1784 3074 1839 dicebat
3102 1803 3114 1838 :
3151 1785 3264 1838 Tibi
3291 1762 3432 1846 dico,
3461 1803 3618 1855 surge
3637 1803 3662 1850 ;

2093 1877 2165 1931 illi
2195 1877 2440 1932 dicebant
2471 1895 2485 1931 :
2517 1876 2583 1931 In
2612 1878 2816 1930 nomine
2849 1877 2976 1930 Jesu
3003 1893 3174 1946 surge.
3204 1877 3491 1932 Duodecim
3527 1896 3664 1946 apo-

2089 1966 2337 2023 stolorum
2379 1963 2737 2022 nomina/nuc
2781 1977 2917 2020 sunt.
2963 1966 3244 2037 Catalogns
3285 1968 3666 2036 apostolorum

2095 2059 2418 2115 describitur
2447 2065 2508 2112 ut
2534 2057 2709 2111 nullus
2742 2058 2839 2112 sub
2875 2057 3090 2112 nomine
3124 2073 3309 2112 eorum
3338 2067 3526 2126 posset
3556 2058 3664 2110 ali—

2094 2165 2250 2222 quem
2283 2150 2548 2220 decipere,
2575 2157 2634 2203 ut
2667 2149 2899 2220 dignitas
2923 2158 2980 2203 et
2999 2149 3293 2202 auctoritas
3313 2150 3670 2203 commende-

2095 2251 2202 2296 tur.
2228 2241 2439 2294 Primus
2467 2238 2647 2294 Simon
2670 2239 2760 2310 qui
2781 2240 2970 2293 dicitur
2997 2237 3186 2293 Petrus
3206 2251 3252 2292 et
3281 2239 3520 2292 Andreas
3550 2240 3670 2308 fra-

2094 2341 2174 2386 ter
2205 2332 2336 2402 ejus.
2381 2329 2563 2385 Simon
2593 2337 2770 2384 autem
2798 2339 2921 2384 ante
2940 2329 3273 2384 vocationem
3299 2327 3518 2383 vocatas
3548 2341 3674 2394 est,

2095 2424 2236 2493 quod
2274 2424 2656 2492 interpretatur
2693 2421 2946 2476 obediens.
2976 2423 3108 2477 Cum
3149 2438 3178 2475 a
3231 2422 3387 2476 fratre
3427 2423 3670 2476 Andron

2097 2514 2361 2568 adductus
2390 2522 2475 2568 est
2508 2513 2574 2567 ad
2610 2512 2912 2573 Dominum,
2950 2513 3140 2567 Petrus
3163 2514 3211 2567 ei
3245 2529 3430 2567 nomen
3479 2514 3675 2581 impo-

2097 2602 2258 2657 situm
2299 2609 2384 2655 est
2411 2616 2442 2656 a
2480 2597 2727 2666 Domino,
2759 2617 2790 2655 a
2819 2601 3074 2656 firmitate
3102 2601 3244 2663 ﬁdei.
3277 2602 3413 2655 idem
3440 2612 3532 2655 est
3560 2602 3674 2654 Ce-

2096 2693 2245 2763 phas.
2279 2691 2384 2746 Sed
2414 2691 2606 2746 Petrus
2638 2691 2823 2747 Graece
2849 2704 2904 2747 et
2934 2690 3154 2757 Latine,
3181 2691 3387 2761 Cephas
3414 2690 3671 2762 Syr-iace.

2098 2781 2284 2837 Grtece
2313 2782 2472 2836 etiam
2498 2782 2706 2848 Cephas
2747 2789 2908 2851 caput
2953 2781 3166 2846 dicitur,
3201 2797 3266 2835 eo
3313 2782 3456 2850 quod
3503 2791 3682 2850 caput

2104 2874 2352 2928 Ecclesia:
2385 2872 2454 2928 sit
2483 2875 2827 2927 constitutus.
2861 2871 3038 2926 Nostis
3063 2881 3239 2925 autem
3282 2882 3334 2926 et
3355 2872 3536 2926 locum
3569 2889 3673 2925 na-
3713 2891 3716 2893 λ

2100 2963 2344 3028 tivitatis,
2372 2964 2426 3018 et
2452 2963 2676 3018 virtutes
2700 2960 2818 3030 ejus
2837 2977 2952 3029 qure
2978 2961 3029 3015 in
3055 2960 3338 3030 Evangelia
3358 2971 3414 3014 et
3439 2962 3678 3016 Actibus

441 3065 530 3117 isti
563 3075 898 3119 messuerunt
935 3066 987 3118 in
1033 3067 1225 3135 gaudio
1248 3106 1263 3130 ,
1293 3066 1545 3135 quoniam
1588 3065 1707 3119 istis
1731 3065 1840 3135 jam
1882 3071 2002 3119 erat

2101 3055 2459 3124 apostolorum
2487 3063 2793 3108 narrantur.
2824 3053 3060 3108 Primum
3087 3054 3138 3106 in
3161 3053 3496 3124 Cappadocia
3530 3071 3678 3124 pra:-

446 3164 630 3224 aperta
654 3155 817 3225 janua
841 3156 990 3225 regni
1012 3155 1291 3220 caelorum,
1315 3170 1432 3224 qua:
1458 3156 1561 3210 illis
1585 3155 1765 3210 clausa
1799 3155 1919 3210 fuit.

993 3281 1220 3342 CAPUT
1258 3285 1446 3341 XXVI.

541 3397 617 3453 De
649 3397 924 3456 duodecim
946 3397 1192 3469 apostolis
1221 3397 1291 3452 ad
1317 3395 1708 3470 prwdicaudum
1731 3396 1921 3450 missis.

518 3509 584 3563 Et
611 3512 903 3565 convocatis
938 3510 1209 3565 duodecim
1253 3509 1521 3581 discipulis
1557 3509 1696 3576 suis,
1727 3511 1865 3564 dedit
1899 3509 2004 3565 illis

431 3610 745 3673 potestatem
767 3603 1041 3672 spirituum
1067 3601 1472 3661 immundorum.
1502 3600 1760 3656 Referunt
1779 3616 2007 3672 evange-

449 3690 584 3745 lista:
607 3690 749 3759 quod
779 3691 1070 3745 ascendens
1104 3690 1157 3744 in
1193 3699 1430 3745 montem
1452 3692 1664 3746 vocavit
1694 3693 1760 3747 ad
1784 3708 1842 3747 se
1871 3707 2006 3762 quos

450 3778 638 3843 voluit,
671 3779 770 3832 hoc
791 3787 875 3832 est
892 3779 1056 3849 elegit
1072 3793 1166 3833 eos
1189 3795 1254 3834 ex
1285 3779 1527 3850 pluribus
1546 3779 1602 3835 et
1619 3781 1888 3836 ordinavit
1914 3796 2007 3837 eos

449 3867 735 3936 apostolos.
751 3866 994 3923 Breviter
1004 3869 1343 3939 evangelista
1356 3869 1869 3938 comprehenderunt
1880 3871 2004 3936 ho'c,

449 3956 542 4009 sed
577 3964 779 4026 septem
805 3957 1029 4027 gradus,
1061 3973 1197 4028 quos
1233 3966 1468 4013 rectores
1496 3958 1749 4013 Ecclesiae
1786 3959 2004 4026 habent,

450 4047 521 4102 ibi
553 4055 676 4101 tunc
701 4056 1036 4118 acceperunt.
1063 4047 1196 4102 Nam
1227 4048 1531 4104 immundos
1556 4049 1774 4120 spiritus
1791 4046 2003 4116 ejicere,

346 4146 353 4153 '
449 4139 836 4193 exorcistarum
886 4147 1005 4204 est;
1059 4139 1286 4198 virtutes
1337 4139 1716 4194 discretionum
1764 4140 2004 4204 habere,

449 4229 792 4284 ostiariornm
819 4238 933 4294 est;
966 4227 1206 4284 inﬁrmos
1233 4244 1443 4295 curare,
1471 4229 1818 4284 diaconorum
1839 4239 1924 4285 est
1951 4237 2006 4284 et

450 4320 898 4392 presbyterorum.
926 4321 1001 4374 De
1023 4320 1213 4391 quibus
1240 4321 1546 4391 praecipitur
1569 4329 1630 4375 ut
1656 4321 2005 4376 introducan-

453 4388 539 4462 tur
552 4388 623 4463 ad
640 4410 897 4474 inﬁrmos,
917 4418 971 4463 et
991 4388 1192 4480 ungunt
1212 4388 1321 4465 eos.
1343 4388 1577 4480 Apostoli
1599 4418 1776 4465 autem
1796 4411 2005 4479 Graece,
2029 4388 2083 4449 Ῑ)

453 4500 639 4553 Latine
674 4501 824 4554 missi
859 4499 1124 4561 dicuntur,
1172 4500 1313 4554 unde
1345 4501 1618 4554 derivatur
1661 4500 2001 4569 apostolicus.

452 4588 560 4642 Nec
601 4589 846 4656 equidem
893 4596 1100 4658 poterat
1137 4602 1231 4643 eos
1268 4589 1516 4643 ordinare
1549 4589 1847 4659 episcopos,
1892 4591 2006 4646 sive

453 4675 739 4750 apoStolos,
772 4679 874 4733 nisi
902 4678 1034 4732 alios
1070 4687 1195 4733 ante
1230 4678 1424 4748 gradus
1462 4680 1776 4735 concederet
1812 4690 1867 4736 et
1906 4695 2005 4751 pro

454 4778 556 4830 isto
589 4774 732 4828 facto
760 4771 982 4842 apostoli
1030 4781 1155 4826 sunt
1196 4771 1473 4838 nominati.
1527 4770 1813 4826 Sciendum
1855 4789 2006 4840 vero,

454 4867 578 4936 quia
601 4867 646 4920 is
669 4866 756 4936 qui
786 4865 1012 4934 primum
1053 4862 1181 4918 fecit
1206 4863 1417 4934 Moysen
1445 4862 1759 4932 apostolum,
1797 4866 2010 4933 quando

455 4957 601 5012 misit
626 4971 749 5010 eum
781 4954 850 5008 ad
882 4952 1250 5008 liberationem
1282 4952 1508 5007 ﬁliorum
1535 4952 1716 5016 Israel,
1745 4953 1858 5022 ipse
1886 4953 2013 5010 fecit

452 5057 506 5100 et
545 5047 642 5100 hos
671 5043 958 5115 apostolos,
1004 5052 1058 5097 et
1083 5043 1173 5112 qui
1203 5051 1327 5097 tunc
1356 5042 1586 5113 elegerat
1612 5043 1890 5098 duodecim
1920 5045 2015 5098 tri-

457 5139 574 5200 bus,
608 5137 718 5205 ipse
738 5135 905 5189 voluit
931 5135 1125 5188 habere
1147 5134 1422 5188 duodecim
1447 5133 1750 5204 discipulos,
1779 5142 1837 5189 ut
1861 5137 2014 5192 daret

458 5228 678 5298 intelligi
713 5227 835 5296 quia
861 5227 1029 5296 ipsius
1062 5240 1234 5279 annus
1277 5233 1532 5280 constans
1561 5225 1838 5283 duodecim
1868 5243 2014 5283 men-

459 5319 629 5382 sibus,
657 5334 723 5372 ac
749 5318 862 5373 dies
891 5332 1013 5374 cum
1040 5316 1317 5372 duodecim
1345 5315 1493 5369 boris
1529 5314 1773 5369 similiter
1802 5323 1857 5371 et
1883 5331 2011 5372 nox.

460 5407 596 5472 Quin
627 5409 786 5462 etiam
825 5408 925 5462 iste
954 5421 1207 5462 numerus
1239 5405 1379 5474 apud
1416 5404 1777 5461 arithmeticos
1805 5405 2016 5462 celeber

463 5502 708 5567 habetur,
722 5503 845 5571 quia
863 5509 1117 5555 etomnes
1137 5497 1400 5568 perfectos
1426 5505 1482 5551 et
1508 5505 1744 5552 sacratos
1764 5512 2016 5553 numeros

465 5592 515 5645 in
540 5605 596 5646 se
617 5591 797 5659 habet,
813 5599 868 5646 et
887 5591 1148 5648 resolutus
1174 5606 1276 5648 non
1299 5589 1468 5646 solum
1491 5604 1596 5647 non
1620 5589 1898 5659 minuitur,
1919 5590 2014 5647 sed

2101 3145 2328 3210 dicavit;
2353 3145 2545 3199 deinde
2569 3145 2668 3198 sub
2696 3142 2914 3199 Claudio
2944 3143 3148 3197 italiam
3178 3144 3350 3208 venit,
3379 3151 3436 3198 et
3470 3146 3677 3214 viginti

2101 3237 2338 3306 quinque
2383 3235 2540 3291 annis
2585 3234 2954 3305 pontiﬁcatum
3009 3235 3060 3289 in
3111 3233 3281 3288 Roma
3331 3234 3523 3296 tenuit,
3558 3253 3684 3289 twn

2102 3337 2280 3383 tamen
2309 3327 2392 3383 vel
2417 3328 2658 3398 quinque
2683 3327 2843 3398 pedes
2873 3329 2938 3383 de
2987 3334 3128 3382 terra
3183 3326 3253 3382 ibi
3297 3326 3346 3380 in
3392 3336 3684 3395 potestte

2101 3417 2307 3472 habuit.
2335 3415 2635 3488 Trigesimo
2661 3427 2814 3472 sexto
2850 3431 2993 3471 anno
3042 3425 3164 3486 post
3209 3417 3514 3485 passionem
3565 3418 3680 3472 Do-

2103 3504 2234 3558 mini
2259 3506 2508 3560 deorsum
2536 3505 2827 3561 cruciﬁxus
2856 3505 3109 3576 migravit
3130 3506 3195 3560 ad
3225 3506 3531 3560 Dominum.
3582 3507 3684 3562 Se-

2103 3595 2284 3664 pultus
2303 3603 2387 3650 est
2412 3594 2480 3650 ad
2505 3594 2833 3652 Orientalem
2861 3597 3071 3668 plagam
3104 3612 3260 3652 secus
3283 3598 3428 3651 viam
3457 3599 3684 3653 Trium-

2102 3684 2468 3756 pbalem,qu:e
2495 3686 2600 3741 alio
2624 3688 2842 3743 nomine
2865 3689 3060 3765 dicitur
3076 3687 3540 3753 Catacumbas,de
3571 3706 3688 3760 quo

2104 3776 2221 3831 loco
2248 3793 2372 3834 cum
2395 3793 2427 3831 a
2467 3777 2667 3834 Graecis
2701 3795 2927 3850 corpora
2971 3780 3290 3835 tollerentur
3332 3791 3517 3845 nocte,
3561 3798 3685 3836 sne-

2103 3867 2270 3922 currit
2293 3867 2468 3920 omnis
2494 3868 2720 3936 populus
2753 3869 3028 3922 Romanus
3065 3877 3119 3923 et
3146 3869 3686 3938 comprehenderunt

2103 3973 2224 4024 eos;
2250 3959 2676 4029 sepelieruntque
2698 3961 2751 4015 in
2776 3960 2879 4015 alio
2901 3959 3018 4016 loco
3039 3961 3172 4016 citra
3187 3971 3393 4031 partem
3409 3961 3690 4029 Tiberim,

2105 4048 2161 4104 in
2194 4049 2312 4104 loco
2352 4049 2445 4119 qui
2476 4049 2747 4121 Lavigana
2770 4051 2986 4116 dicitur,
3015 4059 3069 4106 et
3103 4050 3326 4106 Paulum
3361 4051 3417 4105 in
3448 4053 3542 4106 via
3575 4053 3686 4106 ιιο-

2105 4139 2294 4212 stensi.
2329 4140 2572 4196 Andreas
2593 4140 2839 4196 Graacum
2863 4157 3057 4196 nomen
3081 4149 3182 4207 est,
3205 4151 3261 4196 et
3292 4141 3690 4211 interpretatur

2105 4231 2268 4286 uirilis
2290 4241 2388 4297 est,
2412 4232 2464 4286 id
2487 4239 2570 4287 est
2591 4247 2622 4286 a
2646 4232 2920 4297 virilitate,
2950 4247 3051 4303 apo
3087 4240 3176 4287 tou
3206 4232 3421 4297 andros,
3453 4237 3565 4289 ἀπὸ
3593 4245 3688 4298 λινοῦ

2107 4323 2300 4401 ἀνδρὸς.
2332 4324 2428 4379 Vir
2453 4323 2639 4380 Graece
2667 4333 2722 4378 et
2747 4324 2942 4378 andros
2970 4332 3026 4379 et
3047 4339 3176 4378 aner
3199 4325 3420 4387 dicitur,
3451 4341 3568 4394 quo
3599 4341 3689 4380 re-

2108 4414 2346 4472 ctissime
2368 4422 2590 4468 vocatus
2611 4421 2694 4468 est
2715 4412 2979 4468 Andreas.
3011 4413 3111 4481 Qui
3139 4422 3260 4483 post
3295 4413 3689 4484 discipulatum

2109 4503 2279 4559 sancti
2333 4501 2555 4558 Joannis
2614 4503 2824 4557 Domini
2873 4503 3097 4572 vestigia
3159 4501 3388 4556 viriliter
3410 4513 3506 4557 est
3534 4521 3691 4560 seen-

2108 4603 2196 4650 tus
2213 4635 2227 4659 ,
2251 4602 2306 4648 et
2330 4593 2556 4646 viriliter
2578 4607 2793 4647 crucem
2815 4591 3074 4654 ascendit,
3089 4591 3228 4646 sicut
3253 4591 3387 4646 liber
3410 4596 3692 4661 passionis

2107 4683 2222 4752 ejus
2243 4683 2499 4738 ostendit.
2521 4681 2837 4737 Prtedicavit
2875 4682 2928 4735 in
2970 4681 3192 4747 Achaia,
3215 4682 3424 4737 occisus
3473 4683 3531 4738 in
3590 4683 3690 4738 Pa-

2109 4783 2259 4837 tras,
2291 4773 2380 4828 ubi
2409 4779 2464 4826 et
2515 4771 2754 4841 sepultus
2791 4771 2910 4836 luit,
2938 4772 3033 4826 sed
3057 4771 3406 4827 Constantino
3430 4774 3687 4829 deferen-

2109 4873 2182 4928 te,
2214 4864 2266 4918 in
2293 4861 2754 4932 Constantinopoli
2783 4859 2949 4930 jacet.
2988 4862 3248 4920 Hebraice
3286 4879 3416 4919 vero
3456 4865 3690 4920 decem

2108 4957 2307 5012 dicitur
2351 4955 2611 5018 Andreas,
2641 4955 2754 5009 sive
2787 4955 3114 5025 respondens.

2179 5047 2410 5102 Iacobus
2428 5044 2664 5100 Zebedtci
2694 5055 2741 5098 et
2773 5045 3006 5100 Joannes
3053 5046 3218 5115 frater
3261 5046 3395 5116 ejus.
3439 5047 3488 5101 Α
3529 5057 3690 5120 patre

2114 5137 2548 5208 cognominatus.
2576 5135 2963 5204 interpretatur
2983 5135 3370 5206 supplantator,
3398 5139 3530 5207 quia
3558 5155 3687 5195 cum

2115 5228 2182 5283 ad
2211 5227 2551 5283 Latinitatem
2579 5225 2725 5280 venit
2750 5226 2865 5295 ejus
2890 5240 3103 5289 nomen,
3123 5227 3357 5282 additum
3379 5237 3465 5282 est
3487 5229 3548 5283 in
3578 5229 3694 5285 ﬁne

2116 5321 2261 5406 sicut,
2291 5319 2424 5375 solet
2450 5317 2564 5373 ﬁeri
2591 5317 2645 5371 in
2673 5316 2919 5372 barbaris
2955 5316 3276 5381 nominibus,
3309 5333 3432 5373 cum
3480 5319 3538 5374 in
3588 5336 3690 5375 no-

2117 5421 2286 5468 stram
2309 5411 2545 5480 linguam
2575 5407 2816 5463 veniunt.
2847 5406 2987 5461 Misit
3017 5407 3316 5476 epistolam,
3345 5423 3463 5478 qua
3495 5409 3686 5464 Cano-

2118 5501 2239 5556 nica
2272 5499 2468 5568 dicitur
2507 5497 2572 5552 ad
2617 5497 2886 5566 dispersos
2923 5511 3021 5566 pro
3072 5496 3272 5552 Christi
3313 5498 3548 5552 nomine.
3599 5497 3694 5552 Ah

2119 5588 2326 5663 llerodc
2351 5587 2620 5646 tetrarcha
2640 5585 2870 5652 occisus,
2887 5585 3128 5656 sepultus
3146 5594 3228 5642 est
3245 5586 3300 5644 in
3317 5586 3514 5644 Achaia
3537 5585 3685 5642 lar-
