3962 6174
248 340 389 400 15ίὸ

1307 318 1312 326 ’
1378 342 1738 405 nxrosmo
1774 344 1840 402 ιη
1878 344 2311 404 narra-nun.

3335 344 3475 402 15M

245 461 470 515 marica.
485 456 719 516 Joannes
744 461 1126 532 interpretatur
1150 461 1323 533 gratia
1345 461 1439 518 Dei
1465 478 1585 532 qua:
1604 464 1816 533 requie-
1841 466 1893 527 Α
1917 476 2017 532 pro
2044 462 2345 532 perditione
2369 462 2631 534 magistri.
2666 463 2913 526 Scarioth
2934 470 2990 520 et
3015 460 3258 521 Issacbar
3280 478 3475 516 merces

244 548 326 601 vit
349 548 401 602 in
431 564 497 603 eo
520 549 802 620 plusquam
848 551 901 604 in
938 551 1147 605 exteris
1192 550 1468 620 apostolis.
1501 550 1817 605 Praedicavit

244 640 298 694 in
333 641 560 706 Graecia,
590 650 650 697 ut
682 643 823 699 sicut
850 644 961 714 ipse
990 644 1286 716 sapientior
1322 645 1535 701 caeteris
1578 643 1702 709 fuit,
1736 645 1817 700 sic

241 733 551 788 mitteretur
577 735 643 789 ad
671 736 1048 805 sapientiorem
1070 744 1304 808 gentem.
1331 736 1443 791 Sub
1472 736 1702 810 Trajano
1731 751 1817 790 re-

241 823 448 893 quievit
474 825 526 879 in
555 825 788 896 Epheso,
816 828 909 883 sed
937 844 1079 883 nunc
1105 843 1301 898 corpus
1326 828 1444 898 ejus
1475 843 1582 884 non
1610 828 1817 884 inveni-

242 921 334 971 tur
384 915 438 970 in
481 925 651 985 terra,
697 928 753 974 et
787 920 1034 989 apertum
1081 929 1166 975 est
1216 920 1557 991 sarcofagum
1608 922 1663 976 in
1709 937 1816 992 quo

234 1002 426 1075 jacuit,
457 1007 551 1062 sed
578 1023 807 1064 vacuum
837 1020 938 1066 est.
963 1010 1215 1083 ignorant
1238 1022 1419 1067 autem
1465 1012 1596 1082 quid
1645 1014 1713 1068 de
1749 1029 1815 1071 eo

240 1096 311 1150 sit
359 1095 581 1164 factum,
624 1100 748 1168 quia
796 1102 866 1155 ab
899 1102 1118 1157 homine
1154 1118 1258 1157 non
1293 1101 1394 1157 fuit
1419 1104 1677 1158 ablatum.
1708 1104 1817 1158 νο-

240 1186 346 1239 cati
378 1196 505 1240 sunt
530 1188 762 1258 denique
784 1191 943 1245 ambo
967 1191 1053 1245 isti
1086 1190 1280 1247 fratres
1319 1192 1612 1264 Banarges,
1639 1193 1691 1248 id
1730 1203 1815 1248 est

241 1275 334 1329 lilii
367 1278 608 1332 tonitrui.
639 1278 771 1346 Quia
801 1279 943 1335 illam
971 1297 1157 1336 vocem
1182 1282 1235 1337 in
1264 1294 1446 1350 monte
1477 1285 1690 1354 utrique
1718 1301 1813 1339 au»—

240 1367 476 1432 dierunt,
511 1369 598 1424 hic
618 1382 703 1424 est
732 1371 875 1426 ﬁlius
901 1388 1075 1429 meus.

310 1455 586 1530 Philippus
613 1471 663 1515 et
709 1460 1148 1519 Bartholomwus.
1174 1463 1452 1537 Philippus
1474 1483 1531 1520 os
1551 1465 1813 1537 lampadis

238 1545 626 1619 interpretatur
648 1591 663 1615 ,
694 1559 749 1605 et
789 1561 972 1617 recte,
1022 1554 1147 1624 quia
1182 1556 1375 1609 ’statim
1421 1566 1481 1613 ut
1526 1556 1811 1611 Dominum

137 1695 147 1710 ι
236 1638 478 1709 agnovit,
502 1654 601 1694 suo
624 1639 779 1695 fratri
804 1643 1125 1698 annuntiare
1148 1647 1356 1701 curavit
1384 1647 1569 1702 dicens
1597 1665 1610 1701 :
1644 1648 1811 1713 Quem

236 1731 446 1800 scripsit
474 1729 682 1802 Moyses
714 1732 1003 1789 invenimus
1030 1733 1300 1790 Messium.
1349 1735 1405 1792 In
1433 1736 1642 1792 Galicia
1671 1752 1810 1807 pra:-

1918 550 2365 623 interpretantur.
2393 552 2502 607 Hos
2532 554 2801 609 duodecim
2829 557 2966 610 misit
2991 554 3145 609 Jesus
3169 553 3475 623 prwcipiens

1914 644 1990 698 eis
2017 652 2064 697 et
2096 644 2292 697 dicens.
2326 641 2435 698 llos
2476 644 2753 700 duodecim
2796 645 3065 701 ordinavit
3105 643 3396 715 apostolos,
3420 651 3477 699 et

1914 733 2061 788 misit
2084 732 2341 787 Dominus
2367 741 2491 789 ante
2517 733 2706 788 faciem
2729 750 2880 789 suam
2908 736 2963 789 in
2985 750 3198 790 omnem
3224 735 3398 793 locum
3418 735 3476 790 in

1915 838 2022 901 quo
2042 833 2161 880 erat
2187 825 2301 895 ipse
2330 833 2606 880 venturus.
2629 825 2773 879 Misit
2796 841 2923 881 vero
2943 842 3064 882 cum
3083 828 3161 883 eis
3185 836 3240 882 et
3260 837 3477 897 septua-

1913 917 2059 988 ginta
2087 918 2253 983 alios,
2284 933 2389 972 non
2422 926 2600 973 tamen
2644 919 2912 974 ordinavit
2958 920 3012 973 in
3062 918 3238 989 aliquo
3284 919 3481 989 gradu,

1914 1008 2018 1063 nisi
2042 1017 2245 1063 tantum
2267 1017 2586 1076 potestatem
2615 1009 2696 1064 eis
2721 1009 2869 1063 dedit
2892 1008 3111 1063 curandi
3144 1010 3402 1072 inﬁrmos,
3420 1019 3476 1064 et

1912 1099 2159 1170 ejicieudi
2194 1101 2464 1155 daemones
2515 1102 2753 1172 quandiu
2797 1101 3042 1171 discipuli
3091 1101 3232 1157 illius
3275 1112 3473 1156 essent.

1913 1192 2116 1247 Tamen
2143 1201 2327 1260 postea
2352 1183 2750 1261 dereliquerunt
2771 1207 2914 1258 eum,
2929 1191 3089 1246 etiam
3112 1207 3232 1247 cum
3257 1192 3346 1247 illo
3367 1208 3473 1245 non

1912 1280 2274 1335 ambulabant.
2316 1281 2382 1334 Et
2427 1279 2592 1335 Judas
2619 1282 2892 1350 apostolus
2919 1280 3050 1346 fuit,
3079 1288 3136 1335 et
3160 1280 3388 1334 virtutes
3423 1283 3476 1335 in

1909 1372 2128 1427 nomine
2151 1369 2268 1440 ejus
2296 1371 2443 1437 fecit,
2476 1372 2600 1442 quia
2623 1372 2701 1427 sic
2729 1372 2978 1427 dixerunt
3014 1373 3229 1443 quando
3271 1373 3475 1428 reversi

1910 1472 2038 1517 sunt
2069 1480 2083 1516 :
2120 1461 2363 1527 Domine,
2399 1464 2556 1516 etiam
2582 1463 2638 1518 in
2667 1464 2874 1517 nomine
2902 1473 2991 1516 tuo
3020 1464 3277 1519 dmnonia
3308 1463 3477 1533 subji-

1910 1553 2123 1607 ciuntur
2152 1553 2321 1608 nobis.
2353 1552 2435 1608 Ob
2469 1554 2573 1609 hoc
2600 1554 2688 1622 qui
2719 1554 2898 1625 recipit
2917 1554 3120 1624 justum
3165 1555 3220 1607 in
3274 1556 3480 1609 nomine

1900 1646 2058 1716 justi,
2085 1645 2372 1699 mercedem
2385 1645 2519 1715 justi
2546 1645 2780 1716 accipiet.
2806 1645 3123 1715 Quicunque
3158 1645 3318 1700 alicui
3343 1648 3479 1709 bene

1909 1736 2058 1803 facit,
2082 1736 2207 1808 quia
2233 1751 2449 1793 servum
2475 1737 2569 1792 Dei
2617 1736 2766 1791 illum
2796 1736 3046 1801 aestimat,
3080 1735 3238 1791 talem
3273 1750 3479 1792 merce-

237 1818 459 1886 dlcavit,
490 1820 545 1875 in
567 1820 819 1894 Gerapoli
843 1825 978 1880 urbe
1006 1824 1287 1897 lapidatus
1311 1836 1367 1882 et
1390 1828 1700 1892 cruciﬁxus,
1734 1828 1807 1884 ibi
1836 1834 1883 1895 B
1910 1826 2031 1882 dem
2061 1844 2093 1881 a
2120 1828 2346 1884 Domino
2373 1828 2615 1899 recipiet,
2631 1826 2786 1898 quasi
2815 1826 2904 1882 ille
2936 1827 3058 1882 talis
3079 1825 3242 1882 fuerit
3264 1826 3475 1897 qualem

236 1918 292 1968 et
311 1912 554 1983 sepultus
576 1922 676 1969 est.
700 1914 826 1969 Fuit
852 1927 1030 1972 autem
1060 1929 1116 1973 et
1141 1916 1278 1973 alius
1312 1917 1589 1990 Philippus
1631 1919 1811 1974 diaco-

238 2017 354 2069 nus,
386 2003 479 2075 qui
525 2005 835 2075 praedicavit
876 2008 932 2063 in
980 2007 1244 2076 Samaria,
1289 2010 1380 2066 ubi
1424 2021 1611 2082 postea
1665 2013 1812 2069 venit

234 2093 427 2153 beatus
453 2096 646 2154 Petrus
684 2106 739 2154 et
776 2098 1013 2156 Joannes
1042 2101 1109 2156 ad
1151 2101 1547 2161 conﬁrmandos
1573 2118 1668 2160 eos
1718 2105 1810 2176 qui

235 2185 597 2261 crediderant.
626 2188 683 2244 Si
706 2191 848 2245 enim
875 2191 1152 2263 Philippus
1181 2193 1455 2264 apostolus
1481 2193 1692 2263 fuisset,
1715 2211 1811 2265 po-

236 2278 432 2333 tuisset
460 2280 672 2335 tradere
709 2270 969 2349 Spiritum
1017 2291 1284 2337 sanctum.
1337 2284 1491 2352 Quod
1533 2286 1659 2356 quia
1700 2302 1808 2342 non

234 2369 430 2439 potuit,
447 2378 670 2441 apparet
694 2372 820 2441 quia
840 2388 946 2428 non
970 2371 1073 2428 fuit
1093 2364 1809 2444 apostolus.Bariholoma:us

235 2459 623 2529 interpretatur
644 2461 789 2531 ﬁlius
824 2464 1184 2534 suspendentis
1210 2482 1395 2537 aquas,
1427 2482 1525 2537 pro
1566 2480 1632 2522 eo
1680 2466 1806 2538 quia

235 2550 302 2605 ad
331 2552 764 2628 praedicationem
790 2570 941 2609 suam
957 2558 1117 2611 corda
1142 2555 1473 2613 audientium
1493 2558 1561 2613 ad
1576 2573 1808 2629 superna

232 2643 498 2736 accendit.
517 2644 670 2700 ludis
694 2645 1030 2716 pranlicavit,
1063 2647 1116 2702 in
1148 2647 1356 2702 Albana
1381 2648 1513 2704 urbe
1540 2663 1570 2703 a
1598 2647 1806 2706 Barba-
1830 2726 1852 2736 α

233 2730 311 2790 ris
345 2734 503 2790 vivus
531 2736 843 2793 excoriatus
869 2745 953 2793 est
981 2749 1035 2794 et
1064 2738 1136 2794 ibi
1161 2738 1425 2809 sepultus.

302 2823 528 2879 Thomas
573 2826 769 2881 dicitur
810 2828 1026 2897 abyssns
1073 2845 1092 2883 :
1132 2839 1487 2899 cognomento
1526 2829 1803 2901 Didymus,

230 2916 373 2985 quod
402 2915 589 2972 Graece
618 2919 865 2988 geminus
895 2920 1108 2974 dicitur.
1139 2919 1368 2986 Quidam
1396 2920 1580 2976 volunt
1626 2922 1807 2978 dicere

230 3005 443 3073 similis,
475 3008 617 3077 quod
643 3008 835 3064 similis
870 3008 1087 3065 Christo
1130 3008 1314 3075 fuerit,
1341 3024 1447 3065 non
1497 3019 1576 3065 est
1626 3018 1806 3068 tamen

230 3113 439 3161 verum,
469 3098 563 3153 sed
584 3098 675 3168 qui
700 3099 947 3169 geminus
976 3100 1239 3164 nascitur,
1262 3114 1474 3169 semper
1506 3100 1698 3162 similis
1722 3111 1806 3157 est

1908 1918 2156 1984 credidit,
2185 1918 2311 1988 quia
2338 1933 2438 1989 pro
2464 1918 2682 1973 nomine
2708 1916 2802 1973 Dei
2838 1917 2985 1973 fecit.
3020 1916 3088 1971 Et
3116 1918 3249 1972 dixit
3284 1918 3390 1973 eis:
3408 1917 3478 1972 In

1908 2011 2042 2067 viam
2064 2013 2292 2083 gentium
2322 2029 2386 2067 ne
2412 2010 2665 2066 abieritis.
2698 2008 2777 2066 Ne
2820 2010 3253 2065 scandalizentur
3308 2008 3476 2065 Judaei

1906 2102 1954 2158 si
2013 2102 2262 2174 gentibus
2301 2102 2688 2174 praedicaretur
2733 2110 2859 2156 ante
2902 2101 3047 2171 ipsos
3086 2118 3100 2154 :
3140 2101 3394 2172 prreeepit
3420 2110 3480 2155 ut

1907 2201 2033 2248 ante
2056 2191 2313 2248 offerrent
2335 2192 2415 2248 eis
2440 2191 2664 2249 verbum
2691 2191 2952 2257 divinum,
2980 2199 3037 2247 et
3072 2191 3176 2248 hoc
3217 2200 3343 2246 ante
3390 2206 3478 2248 re—

1905 2286 2316 2341 surrectionem.
2340 2283 2470 2340 Post
2503 2285 2735 2356 denique
2775 2300 2896 2342 cum
2933 2286 3246 2358 repulerunt
3271 2295 3324 2342 et
3350 2302 3475 2342 cru~

1904 2374 2192 2431 ciﬁxerunt
2232 2390 2378 2442 eum,
2414 2376 2565 2432 dixit‘
2592 2392 2606 2430 :
2657 2374 2762 2442 Ite,
2793 2382 2973 2431 docete
2999 2393 3176 2431 omnes
3205 2386 3396 2448 gentes,
3424 2384 3486 2430 σι’

1903 2467 1959 2522 in
1983 2467 2213 2521 civitates
2228 2465 2691 2523 Samaritanorum
2710 2484 2775 2523 ne
2787 2469 3126 2524 intraveritis.
3152 2467 3476 2526 Samaritani

1904 2557 2227 2614 videbantur
2266 2573 2367 2614 nec
2408 2555 2577 2614 Judaei
2621 2573 2759 2623 esse,
2788 2572 2891 2614 nec
2922 2566 3127 2631 gentes.
3159 2557 3328 2615 Judaei
3370 2576 3476 2615 non

1905 2657 2081 2714 erant,
2108 2649 2235 2719 quia
2263 2649 2329 2704 de
2352 2649 2605 2721 progenie
2630 2648 2902 2705 Abraham
2920 2664 3034 2704 non
3069 2658 3244 2704 erant.
3276 2649 3478 2706 Gentes

1904 2739 2226 2795 videbantur
2253 2754 2360 2794 non
2386 2753 2525 2806 esse,
2543 2741 2667 2810 quia
2695 2740 3001 2796 circumcisi
3024 2749 3202 2807 erant,
3227 2740 3481 2797 etJudai—

1906 2842 2025 2884 eam
2055 2827 2228 2900 legem
2265 2828 2566 2894 habebant;
2618 2828 2688 2884 ob
2739 2828 2843 2884 hoc
2887 2828 3193 2898 specialiter
3223 2831 3480 2900 praecepit

1904 2919 1986 2977 eis
2010 2938 2024 2974 :
2054 2918 2138 2975 Ite
2158 2922 2333 2991 potius
2363 2920 2432 2974 ad
2460 2936 2575 2974 oves
2600 2920 2831 2990 perditas
2870 2921 3056 2975 domus
3101 2919 3291 2975 Israel.
3340 2920 3479 2977 Oves

1907 3009 2245 3081 appellantur
2271 3008 2564 3066 secundum
2588 3008 2928 3083 Psalmistam
2954 3008 3099 3075 :Qui
3124 3011 3257 3081 regis
3285 3009 3476 3077 Israel,

1905 3101 2130 3168 intende,
2153 3100 2244 3172 qui
2271 3100 2486 3155 deducis
2524 3109 2774 3170 tanquam
2818 3115 2935 3156 oves
2975 3098 3201 3171 Ioseph:
3235 3099 3481 3156 Perditus

232 3187 305 3244 illi
327 3203 449 3244 cum
472 3205 578 3260 quo
598 3168 854 3246 nascitur.
870 3191 1187 3247 Prmdicavit
1211 3168 1422 3260 Persis;
1455 3194 1510 3249 in
1530 3193 1804 3251 Calamina
1832 3168 1880 3235 (ἶ
1914 3207 2009 3247 eas
2040 3168 2175 3248 oves.
2197 3190 2348 3256 dicit,
2378 3168 2703 3246 subauditur
2735 3204 2767 3243 a
2820 3188 3033 3245 diabolo
3081 3168 3180 3260 pro
3220 3190 3477 3260 peccatis.

231 3294 353 3334 cum
375 3279 580 3336 lanceis
606 3282 837 3347 occisus,
863 3290 918 3337 et
944 3282 1017 3337 ibi
1043 3284 1286 3354 sepultus
1307 3293 1411 3341 est.

302 3370 588 3428 Mammas
607 3373 936 3445 publicanus.
954 3374 1236 3431 Matthtcus
1258 3376 1311 3430 in
1340 3375 1567 3433 Hebraeo
1584 3377 1808 3432 donatus

233 3462 450 3519 dicitur.
504 3464 688 3535 Digne,
744 3465 835 3535 qui
886 3466 1044 3522 datus
1083 3464 1186 3521 fuit
1238 3468 1308 3523 ad
1358 3469 1808 3524 conscribendum

233 3552 600 3625 Evangelium.
615 3552 718 3609 Alii
734 3555 1077 3626 evangelista
1103 3554 1409 3611 Mattltamm
1430 3557 1662 3626 primum
1683 3567 1809 3612 ante

233 3644 495 3699 Thomam
526 3653 843 3715 posuerunt,
872 3654 929 3699 et
955 3643 1227 3716 publicani
1277 3660 1471 3700 nomen
1519 3645 1807 3712 siluerunt,

233 3736 348 3806 ipse
401 3737 615 3807 quidem
666 3751 727 3799 se
769 3734 1213 3807 pracposwravit,
1259 3735 1704 3806 et,puhlicanum
1748 3750 1809 3790 se

233 3826 400 3882 fuisse
429 3825 709 3882 confessus
747 3835 831 3882 est
852 3827 1006 3898 juxta
1038 3825 1167 3883 illud
1205 3825 1466 3897 sapientis
1494 3840 1510 3880 :
1528 3826 1709 3897 justus
1752 3825 1808 3880 in

233 3918 517 3989 primordio
538 3927 812 3972 accusator
823 3926 899 3972 est
918 3918 1023 3971 sui.
1040 3915 1162 3987 Fuit
1183 3926 1362 3972 autem
1392 3916 1457 3972 de
1479 3916 1621 3971 tribu
1652 3915 1803 3982 Levi,

235 4011 377 4065 unde
406 4006 528 4064 Levi
559 4023 853 4080 cognomen
884 4008 1109 4064 sortitus
1144 4017 1248 4064 est.
1276 4006 1515 4073 Primum
1543 4007 1597 4063 in
1625 4005 1806 4063 Judaea

236 4099 583 4171 Evangelium
602 4115 761 4158 suum
785 4099 1051 4155 Hebraice
1072 4099 1318 4169 scripsit;
1341 4108 1464 4171 post
1486 4100 1539 4153 in
1562 4098 1808 4154 Macedo-

235 4193 327 4249 nia
346 4192 675 4263 praedicavit,
706 4192 761 4247 in
783 4180 1001 4247 Persida
1032 4185 1366 4257 iutérfcctus,
1398 4191 1475 4265 ibi
1494 4189 1804 4259 requiescit.

304 4282 536 4341 Iacobus
573 4283 797 4355 Alpluei.
842 4282 1097 4354 Alphaaus
1142 4282 1340 4338 dicitur
1389 4297 1420 4336 a
1466 4289 1649 4370 patre,
1682 4288 1803 4370 eta

235 4381 388 4446 patre
433 4370 537 4427 hoc
583 4386 778 4427 nomen
828 4370 1051 4426 sortitus
1110 4378 1213 4425 est.
1262 4370 1359 4426 Est
1406 4379 1586 4423 autem
1627 4368 1675 4424 is
1711 4368 1804 4439 qui

235 4462 408 4517 frater
454 4461 670 4517 Domini
730 4460 906 4516 dictus
962 4468 1081 4525 est,
1118 4460 1209 4530 qui
1254 4459 1662 4531 cognominatus
1722 4467 1807 4515 est

234 4553 422 4608 Justus
470 4566 490 4606 :
542 4560 691 4608 ortus
736 4552 802 4607 de
857 4552 999 4606 tribu
1028 4550 1166 4606 Juda
1207 4550 1385 4607 dictus
1423 4549 1592 4606 frater
1630 4551 1806 4606 Domi-

236 4646 313 4709 ni,
344 4644 470 4715 quia
510 4658 676 4715 nepos
706 4642 807 4698 fuit
846 4651 1047 4698 sancta:
1076 4642 1257 4697 Maria:
1277 4657 1344 4697 ex
1366 4657 1553 4698 sorore
1580 4657 1697 4697 sua.
1728 4642 1804 4698 De

238 4733 436 4805 templo
456 4733 843 4807 praecipitatus,
864 4742 919 4789 et
941 4742 1101 4789 conto
1124 4746 1410 4804 percussus
1434 4743 1679 4803 mortuus
1698 4742 1801 4801 est,

234 4825 417 4896 ibique
451 4825 710 4895 sepultus.

304 4918 333 4970 J
346 4917 477 4970 udas
503 4917 658 4972 istius
684 4913 871 4971 Jacobi
887 4915 1053 4970 frater
1065 4915 1326 4984 confessor
1347 4916 1731 4988 interpretatur
1750 4925 1806 4972 et

234 5000 339 5058 fuit
365 5000 976 5067 trinomiusﬂhaddwus
1006 5010 1059 5054 et
1086 5000 1280 5055 Lebeus
1307 5010 1529 5057 vocatus
1558 5019 1571 5056 :
1600 5002 1809 5071 ipseest

235 5106 397 5163 quem
422 5092 488 5146 ad
502 5089 772 5163 Abgarum
794 5106 973 5162 regem
994 5093 1215 5146 missum
1236 5092 1598 5151 ecclesiastica
1618 5103 1807 5149 narrat

235 5181 459 5236 historia
492 5199 505 5235 :
545 5181 598 5235 in
626 5180 813 5236 Nirata
840 5180 973 5235 urbe
998 5181 1208 5236 occisus
1243 5189 1298 5235 et
1353 5182 1591 5252 sepultus
1636 5182 1803 5252 jacet.

309 5270 490 5327 Simon
540 5271 833 5327 Cananreus
878 5286 908 5325 a
937 5270 1057 5326 loco
1083 5272 1162 5325 sic
1194 5279 1434 5336 vocatus,
1456 5272 1548 5341 qui
1574 5271 1679 5329 alio
1704 5289 1803 5327 no-

236 5364 382 5419 mine
425 5361 626 5418 Zelotcs
670 5361 1003 5431 dicitur,qui
1044 5360 1187 5416 Cana
1213 5362 1799 5433 zelus,interpretatur,

236 5454 328 5509 ubi
360 5452 617 5508 Dominus
644 5453 709 5508 de
745 5467 883 5522 aqua
919 5451 1101 5505 vinum
1129 5450 1275 5506 fecit.

314 5543 480 5599 Iudas
513 5543 755 5598 Scarioth
792 5543 871 5598 de‘
888 5541 1029 5598 tribu
1060 5542 1326 5606 lssachar,
1351 5556 1381 5596 a
1414 5541 1532 5597 loco
1557 5540 1803 5599 Scarioth

237 5649 483 5704 vocatus,
514 5636 599 5692 vel
633 5637 701 5693 ab
729 5639 842 5707 ipsa
888 5636 1029 5691 tribu
1077 5650 1142 5690 ex
1177 5649 1282 5706 qua
1317 5641 1470 5688 ortus
1490 5616 1603 5696 est.
1624 5631 1804 5689 futuro

242 5731 497 5787 vaticinia
523 5730 601 5787 sic
634 5737 874 5798 vocatus,
895 5728 985 5800 qui
1014 5726 1316 5785 mercedem
1344 5731 1462 5781 erat
1485 5732 1803 5796 accepturus
1834 5794 1839 5801 ί

1907 3284 2111 3340 Euntes
2131 3293 2305 3339 autem
2326 3283 2611 3354 prwdicate
2626 3281 3025 3352 dicentes,quod
3050 3282 3479 3353 appropinquabit

1906 3394 2123 3450 regnum
2149 3377 2416 3432 caelorum.
2448 3375 2560 3432 Hoc
2603 3375 2718 3447 ipse
2756 3374 3009 3446 primitus
3051 3374 3395 3445 praedicavit,
3426 3385 3483 3430 et

1907 3469 2012 3526 hoc
2038 3477 2167 3524 ante
2192 3469 2372 3523 omnia
2398 3476 2455 3523 et
2501 3481 2664 3537 super
2703 3466 2885 3521 omnia
2930 3466 3328 3536 prccdicandum
3374 3477 3477 3528 est,

1906 3556 2031 3625 quia
2069 3556 2248 3620 aditus
2276 3556 2367 3625 qui
2406 3555 2565 3610 nobis
2589 3555 2912 3610 interclusus
2937 3554 3115 3609 fuerat
3142 3569 3239 3625 per
3280 3546 3492 3620 Adam,

1906 3653 2126 3715 apertus
2149 3653 2268 3700 est:
2300 3645 2557 3700 festinent
2581 3659 2770 3701 omnes
2791 3644 2997 3716 ingredi
3028 3645 3080 3699 in
3111 3645 3276 3700 vitam
3317 3657 3480 3700 aezer-

1906 3749 2033 3790 nam
2067 3750 2166 3806 per
2187 3736 2329 3791 bona
2357 3750 2541 3806 opera.
2570 3735 2638 3790 Et
2666 3744 2725 3791 ut
2756 3735 2910 3792 vobis
2937 3734 3209 3802 credatur,
3238 3736 3477 3805 inﬁrmos

1905 3817 2103 3880 curate.
2138 3825 2385 3882 lnlirmos
2409 3834 2733 3896 etacorpore
2773 3834 2830 3880 et
2867 3824 3069 3880 animo.
3118 3824 3186 3879 Et
3234 3835 3470 3880 mortuos

1904 3917 2171 3972 suscitatc.
2200 3915 2269 3970 Et
2297 3914 2539 3987 mortuos
2584 3915 2639 3971 in
2687 3915 2890 3982 anima,
2938 3916 3065 3985 quia
3115 3930 3237 3971 cum
3289 3924 3480 3985 peccat

1906 4005 2089 4063 anima
2114 4005 2459 4085 moritur..Et
2489 4008 2716 4075 corpore
2758 4014 3024 4072 mortuos,
3065 4014 3126 4061 ut
3167 4019 3266 4076 per
3306 4022 3473 4061 unum

1904 4107 2176 4154 mortuum
2214 4112 2443 4169 corpore
2462 4137 2477 4163 ,
2508 4098 2835 4155 reviviseant
2865 4098 2918 4153 in
2962 4098 3143 4154 anima
3172 4098 3348 4154 multi.
3378 4098 3470 4154 Le-

1904 4199 2085 4255 prosos
2111 4184 2378 4238 mandate.
2417 4182 2568 4238 Sicut
2586 4192 2713 4239 sunt
2744 4183 2941 4254 leprosi
2968 4199 3219 4255 corpore,
3250 4184 3329 4241 sic
3350 4176 3483 4241 sunt

1905 4264 1967 4329 el
1981 4273 2160 4329 anima
2189 4272 2385 4345 leprosi
2415 4273 2580 4329 variis
2624 4274 2862 4343 peccatis
2907 4274 3152 4330 involuti.
3200 4274 3269 4331 Et
3314 4277 3475 4333 simili

1886 4366 2066 4425 ‘modo
2095 4368 2301 4427 horridi
2328 4369 2380 4424 in
2404 4376 2694 4438 conspectu
2722 4368 2850 4434 Dei,
2871 4367 3011 4423 sicut
3038 4368 3141 4424 iste
3169 4368 3225 4424 in
3252 4383 3478 4440 conspe-

1905 4460 1997 4508 ctu
2028 4448 2326 4508 hominum.
2366 4450 2643 4507 Daemones
2667 4451 2859 4522 ejicite.
2906 4450 2975 4506 Et
3000 4451 3066 4508 de
3090 4452 3171 4507 eis
3198 4452 3251 4507 in
3274 4453 3477 4522 quibus

1908 4551 2095 4614 aperto
2136 4544 2482 4599 nominantur
2511 4552 2567 4598 et
2592 4543 2788 4613 quibus
2822 4543 3035 4599 occulte
3079 4544 3262 4601 animo
3287 4546 3487 4616 praesi-

1905 4637 2052 4693 dent.
2083 4634 2363 4692 Daemones
2390 4636 2517 4692 dicti
2544 4636 2731 4692 Graece
2762 4636 2913 4706 quasi
2942 4637 3141 4703 deinoi,
3188 4637 3240 4693 id
3270 4648 3354 4695 est
3378 4654 3476 4711 pe-

1905 4727 1996 4782 riti
2019 4742 2083 4783 ac
2104 4740 2281 4781 rerum
2310 4726 2426 4781 scii.
2456 4725 2756 4783 Praesciunt
2777 4727 2921 4786 enim
2949 4727 3127 4783 futura
3163 4728 3326 4783 multa
3348 4746 3474 4801 par-

1905 4819 2005 4874 tim
2045 4818 2339 4874 subtilioris
2385 4834 2578 4875 sensus
2611 4819 2887 4883 acumine,
2914 4821 3110 4890 partim
3142 4822 3473 4892 experientia

1907 4907 2233 4979 longissimaa
2268 4907 2413 4971 vitaz,
2445 4908 2641 4978 partim
2691 4924 2788 4978 per
2834 4907 2930 4963 Dei
2967 4909 3201 4977 jussum,
3236 4910 3473 4981 angelica

1905 4996 2263 5062 revelationc,
2313 5011 2595 5066 corporum
2653 5010 2933 5051 aereon
2995 5006 3187 5052 natura
3238 4999 3472 5069 vigente.

1906 5085 2082 5143 Gratis
2105 5088 2395 5157 accepistis,
2421 5086 2583 5157 gratis
2607 5086 2747 5142 date.
2776 5086 2906 5143 Sine
2937 5089 3113 5158 pretio
3143 5104 3173 5142 a
3204 5103 3291 5144 me
3320 5088 3474 5144 acce-

1905 5178 2081 5249 pistis,
2112 5179 2229 5234 sine
2273 5178 2450 5248 pretio
2496 5184 2713 5232 terreno
2758 5169 3051 5250 inipendite
3075 5181 3246 5249 ipsam
3268 5181 3472 5236 doctri-

1905 5284 2051 5333 nam,
2076 5270 2142 5322 ne
2170 5283 2268 5339 pro
2292 5266 2406 5322 sola
2453 5268 2747 5337 cupiditate
2784 5277 2975 5339 putent
3015 5284 3112 5326 vos
3156 5271 3469 5340 praedicare.

1910 5359 2086 5415 Nolite
2104 5358 2368 5430 possidere
2388 5374 2594 5421 aurum,
2620 5375 2781 5430 neque
2811 5370 3103 5431 argentum.
3127 5360 3184 5415 In
3208 5360 3315 5418 ﬁne
3343 5362 3477 5418 dicit

1905 5464 2077 5520 quare
2099 5463 2206 5505 non
2225 5447 2297 5503 sit
2318 5448 2700 5515 necessarium,
2723 5449 2941 5507 dicens:
2966 5450 3167 5522 Dignus
3188 5462 3261 5506 est
3288 5468 3474 5523 opera-

1907 5558 2016 5596 rius
2047 5540 2159 5595 cibo
2184 5554 2303 5604 suo,
2330 5532 2578 5605 videlicet
2605 5538 2672 5593 ab
2698 5539 2782 5594 his
2808 5540 3056 5610 accipere
3095 5541 3288 5611 quibus
3332 5556 3470 5611 prae-

1907 5632 2049 5688 dicat
2077 5630 2278 5685 victum
2311 5637 2366 5684 et
2393 5630 2663 5687 vestitum.
2695 5614 2875 5695 Neque
2913 5632 3188 5701 pecuniam
3227 5632 3285 5687 in
3324 5633 3472 5687 sortis

1909 5722 2109 5781 vestris.
2139 5719 2531 5791 Quod'duobus
2556 5721 2730 5779 modis
2759 5719 2977 5795 intelligi
3005 5722 3183 5782 debet.
3211 5730 3270 5779 ut
3296 5738 3472 5796 neque
