3962 6174
472 306 576 361 5-51

1209 301 1598 361 cumsuam
1632 282 2040 358 DRUTHMARI
2080 294 2523 355 con‘namxszs
2563 298 2864 355 nossem

3543 299 3688 352 1318

434 430 535 490 pro
561 422 880 474 ornamento
898 416 1091 469 aurum
1112 421 1169 468 et
1192 426 1432 483 gemmas
1452 413 1508 467 in
1529 413 1681 467 zonis
1703 414 1815 468 suis
1840 428 2006 482 pone—
2031 414 2081 475 Α
2105 413 2248 467 enim
2290 413 2550 482 propheta
2596 428 2759 466 unum
2782 406 3006 466 verbum
3038 412 3207 468 iratus
3236 412 3373 471 dixit
3398 414 3616 482 pueris.
3643 426 3699 467 ct

435 515 577 573 rent,
589 520 763 576 neque
779 504 1006 559 sacellos
1025 518 1149 559 cum
1173 503 1412 557 denariis
1432 502 1498 557 ad
1520 518 1685 557 zonas
1702 502 2001 573 alligarent.

438 597 692 662 Pecunia,
731 596 1079 659 denarios.de
1099 611 1206 651 aere
1229 596 1380 661 dicit,
1407 596 1548 651 unde
1587 605 1727 651 tunc,
1763 595 2007 666 negotia—

438 690 616 746 batur.
647 688 801 744 Unde
830 687 1022 742 Petrus
1054 702 1178 742 cum
1209 685 1415 741 Joanne
1443 686 1577 742 dixit
1603 686 1685 740 ad‘
1707 684 1956 740 claudum
1991 700 2005 736 :
2054 728 2055 733 η

437 778 734 850 Argentum
759 786 817 833 et
844 792 1034 832 aurum
1063 792 1169 831 non
1190 784 1275 831 est
1295 791 1524 830 mecum.
1558 777 1681 829 Non
1726 791 1905 846 peram
1950 776 2012 829 in

440 870 545 924 via.
578 868 716 924 Pera
743 867 1032 939 pastoralis
1057 875 1140 923 est
1169 865 1413 921 sacculus
1442 866 1509 920 ad
1540 866 1863 936 portandum
1913 879 2011 934 pa-

442 974 588 1013 nem.
616 957 768 1014 Unde
789 957 857 1012 de
883 958 1049 1011 David
1080 957 1277 1012 dicitur
1305 974 1316 1009 :
1347 955 1492 1010 Tulit
1536 970 1723 1025 peram
1765 963 2012 1024 pastora—

442 1048 571 1113 lem,
600 1064 761 1118 quam
795 1061 1009 1115 semper
1045 1062 1228 1102 secum
1251 1047 1452 1101 habere
1483 1054 1858 1101 consueverat.
1907 1043 2015 1099 Ne-

441 1156 541 1211 que
567 1141 701 1195 duas
739 1140 963 1193 tunicas.
1000 1138 1172 1194 Unam
1213 1140 1447 1194 tunicam
1473 1138 1605 1193 dicit
1632 1139 1774 1193 sicut
1802 1138 2014 1193 incede-

444 1228 539 1283 bat
570 1229 817 1294 vestitus,
847 1243 914 1283 ne
940 1242 1007 1283 ex
1035 1228 1156 1283 aliis
1180 1227 1498 1293 vcstiti,alia
1520 1228 1621 1282 sibi
1658 1226 1837 1283 futuro
1870 1236 2015 1282 metu

448 1329 751 1385 servarent,
775 1336 897 1375 cum
941 1336 1008 1374 ex
1056 1320 1142 1374 illa
1190 1327 1454 1391 potestate
1497 1329 1717 1390 possent
1750 1321 2014 1390 accipere.

448 1409 633 1481 Neque
662 1410 1036 1465 caleeamenta.
1069 1410 1134 1464 Et
1168 1404 1379 1465 Marcus
1423 1410 1553 1465 dicit
1600 1411 1743 1480 quod
1786 1409 2019 1464 calceari

447 1515 544 1555 eos
584 1499 845 1555 sandaliis
879 1501 1220 1570 praeceperit.
1265 1499 1323 1553 In
1358 1499 1737 1554 calceamentis
1765 1498 2021 1569 spiritua-

447 1590 578 1645 lium
604 1599 689 1645 est
714 1590 1115 1661 intelligendum
1132 1632 1145 1651 ,
1177 1599 1237 1644 ut
1262 1591 1488 1645 verbum
1516 1589 1884 1660 evangelicum
1911 1603 2019 1664 non

2104 501 2458 572 quadraginta
2486 501 2593 556 duo
2618 516 2685 556 ex
2712 502 2791 557 eis
2815 502 3087 572 perierunt
3141 502 3199 557 Si
3216 500 3429 557 bonum
3461 503 3701 558 verbum

2106 588 2615 654 dixisset,similiter
2637 584 2789 643 foret.
2821 577 2889 643 Et
2914 591 2959 643 si
2988 590 3194 661 quidem
3213 589 3375 659 fuerit
3398 594 3595 644 domus
3621 592 3707 644 di-

2106 695 2207 751 gna
2229 679 2388 732 veniet
2407 694 2514 748 pax
2534 689 2701 732 vestra
2718 696 2873 748 super
2897 696 3028 733 eam.
3055 680 3164 736 [loc
3185 692 3269 737 est
3288 684 3331 736 si
3361 683 3712 738 habitatores

2109 769 2199 838 qui
2242 769 2295 823 in
2323 770 2481 824 domo
2510 769 2752 824 habitant
2777 771 2918 841 digni
2946 770 3168 837 fuerint,
3190 790 3290 843 per
3323 777 3709 831 continentem

2108 862 2197 916 hic
2212 861 2353 930 quod
2379 863 2684 915 continetur
2707 863 3015 929 ostendens,
3046 867 3223 921 veniet
3251 883 3419 937 super
3435 884 3534 924 eos
3557 869 3710 939 quod

2112 951 2467 1021 imprccatum
2506 950 2698 1006 fuerat.
2733 951 2793 1007 Si
2835 965 3008 1007 autem
3040 972 3141 1008 non
3169 957 3328 1026 fuerit
3370 959 3565 1029 digna,
3595 976 3711 1029 pax

2111 1051 2277 1096 vestra
2303 1042 2372 1095 ad
2401 1059 2488 1096 vos
2514 1052 2816 1097 revertetur.
2848 1044 2983 1111 Quia
3032 1047 3076 1100 si
3125 1047 3170 1101 is
3216 1050 3304 1105 cui
3354 1050 3705 1121 imprecator

2112 1132 2313 1187 bonum
2337 1143 2430 1188 aut
2456 1151 2554 1205 pro
2583 1150 2689 1204 quo
2720 1144 2993 1205 operatur,
3021 1155 3127 1194 non
3159 1139 3323 1196 fuerit
3361 1143 3571 1214 dignus
3614 1161 3707 1198 ac—

2114 1223 2322 1294 cipere,
2349 1224 2547 1280 dicenti
2575 1225 2663 1279 vel
2685 1225 2905 1280 facienti
2933 1228 3128 1282 bonum
3180 1246 3388 1287 merces
3434 1235 3707 1287 manebit.

2117 1315 2187 1370 Et
2220 1318 2509 1387 quicunque
2530 1334 2630 1371 non
2657 1320 2936 1388 receperint
2964 1336 3072 1384 vos,
3101 1338 3260 1392 neque
3285 1324 3559 1377 audierint
3590 1342 3710 1379 ser-

2116 1424 2294 1463 mones
2322 1419 2541 1476 vestros,
2571 1422 2815 1466 exeuntes
2845 1414 3071 1467 excutite
3095 1411 3349 1483 pulverem
3389 1415 3460 1467 de
3485 1417 3716 1483 pedibus

2119 1500 2299 1554 vestris
2335 1502 2393 1555 in
2424 1503 2777 1555 testimonium
2804 1502 2930 1557 illis.
2962 1502 3143 1558 Pulvis
3169 1504 3446 1559 excutitur
3476 1505 3530 1558 in
3556 1507 3716 1559 testi-

2121 1590 2588 1646 moniumdaboris
2612 1591 2716 1656 sui,
2744 1594 2888 1663 quod
2938 1594 3247 1663 prmdicatio
3291 1594 3597 1664 apostolica
3645 1596 3717 1650 ad

446 1680 801 1745 occultarent,
833 1695 934 1736 nec
975 1681 1138 1734 etiam
1166 1680 1220 1734 in
1246 1679 1475 1734 terrenis
1502 1677 1800 1734 commodis
1828 1676 2023 1731 innite—
2122 1697 2217 1739 eos
2242 1686 2570 1753 pervenerit,
2596 1694 2650 1741 ει
2679 1700 2779 1741 nec
2809 1687 2876 1742 ad
2912 1688 3110 1742 ﬁmum
3136 1687 3350 1758 quidem
3394 1690 3718 1744 “comp-ia

450 1780 663 1836 rentur,
688 1771 774 1826 vel
798 1770 1075 1827 fuscarent
1098 1786 1199 1840 pro
1222 1770 1454 1825 terrenis
1479 1767 1641 1824 rebus
1678 1765 2026 1837 praedicatio-

2139 1776 2452 1845 acceperint,
2503 1784 2558 1831 et
2607 1777 2951 1848 Evangelium
3002 1778 3322 1849 spreverint.
3372 1777 3539 1831 Amen
3591 1780 3719 1831 dico

451 1875 577 1917 nem
602 1860 986 1931 evangelicam.
1025 1859 1205 1931 Neque
1248 1859 1468 1930 virgam.
1523 1858 1593 1913 Et
1640 1856 1850 1911 Marcus
1896 1854 2032 1910 dicit

452 1951 660 2021 virgam
687 1951 1026 2021 portandum.
1054 1950 1162 2005 Sed
1186 1949 1467 2004 Matthmus
1499 1947 1630 2003 dicit
1653 1947 1720 2002 de
1748 1947 1898 2018 virga
1942 1943 2035 2001 sil-

452 2040 621 2095 vestri
647 2048 702 2096 et
735 2055 1019 2110 corporea.
1044 2038 1256 2093 Marcus
1308 2052 1407 2108 per
1463 2038 1665 2108 virgam
1715 2045 2034 2106 potestatem

460 2130 785 2201 evangelica:
804 2130 1204 2199 praedicationis
1227 2129 1345 2184 vult
1383 2129 1630 2200 intelligi.
1673 2128 1730 2183 In
1764 2129 1915 2199 virga
1940 2142 2037 2197 po»

461 2229 641 2277 testas
664 2221 1063 2291 padicationis
1090 2220 1427 2291 intelligitur,
1453 2230 1515 2275 ut
1545 2221 1636 2289 qui
1684 2219 1918 2275 voluerit
1957 2219 2026 2272 vi-

452 2326 582 2367 vere
608 2311 699 2367 de
739 2310 1030 2382 Evangelio
1052 2311 1189 2381 quia
1220 2311 1366 2366 illum
1394 2311 1698 2375 annuntiat,
1726 2308 1916 2374 faciat,
1944 2309 2035 2379 qui

456 2401 711 2464 noluerit,
741 2402 812 2457 sit
842 2403 894 2457 in
917 2403 1035 2473 ejus
1060 2410 1345 2473 potestate.
1370 2401 1525 2458 Unde
1543 2411 1599 2456 et
1620 2400 1816 2455 Paulus
1840 2419 1853 2454 :
1879 2400 2034 2455 Nun—

457 2492 585 2565 quid
638 2509 745 2546 non
786 2492 1032 2547 habemus
1076 2502 1381 2563 potestatem
1423 2491 1488 2545 de
1519 2489 1801 2560 Evangelia
1829 2490 2039 2543 uiuere?

460 2585 551 2651 sed
580 2601 684 2639 non
707 2600 887 2641 sumus
917 2585 997 2639 usi
1027 2585 1126 2640 hac
1148 2593 1418 2655 potestate.
1450 2582 1588 2638 Sunt
1609 2584 1752 2637 enim
1787 2581 2033 2652 quaedam

459 2691 582 2748 qua:
613 2675 754 2731 Deus
788 2675 1066 2745 prtecepit,
1095 2690 1215 2744 qua:
1248 2674 1340 2746 qui
1383 2674 1681 2739 dimiserit,
1713 2681 1895 2728 reatus
1923 2688 2038 2743 pm-

462 2781 587 2821 nanl
615 2766 887 2831 exsolvet;
927 2767 1169 2835 quaedam
1193 2780 1323 2821 vero
1347 2780 1467 2835 quae
1507 2764 1794 2829 concessit,
1826 2776 1955 2834 'qulu
1982 2769 2040 2818 et

463 2857 737 2912 dimittere
762 2871 1049 2926 possumus
1072 2856 1325 2913 etfacere
1353 2857 1500 2911 licet.
1527 2854 1727 2927 Dignus
1754 2866 1827 2910 est
1857 2869 2039 2926 opera-

464 2947 574 3001 rius
602 2947 714 3001 cibo
745 2964 862 3002 suo.
903 2947 1018 3004 Hoc
1042 2948 1098 3002 in
1132 2947 1250 3004 loco
1293 2947 1492 3002 Paulus
1525 2946 1749 3017 accipit,
1781 2945 1923 3015 quod
1952 2944 2038 2999 di-

466 3035 545 3095 xit
574 3051 588 3088 :
622 3033 709 3090 Sic
738 3037 993 3093 Dominus
1020 3037 1280 3091 ordinavit
1298 3076 1314 3102 ,
1338 3046 1396 3091 ut
1433 3036 1523 3107 qui
1560 3035 1903 3107 anngelium
1943 3050 2043 3089 an-

466 3124 730 3186 nuntiant,
764 3124 827 3177 de
858 3123 1141 3192 Evangelia
1171 3126 1362 3179 vivant.

549 3213 612 3267 In
644 3229 1006 3283 quamcunque
1036 3223 1212 3268 autem
1254 3215 1513 3270 ciuitatem
1551 3223 1643 3268 aut
1664 3215 1736 3269 in
1776 3214 2049 3270 castellum

469 3302 791 3359 intraveritis
809 3342 826 3368 ,
854 3303 1169 3372 interrogate
1193 3303 1308 3373 quis
1341 3304 1396 3357 in
1432 3319 1496 3357 ea
1526 3302 1715 3373 dignus
1759 3303 1862 3368 sit,
1883 3312 1930 3356 et
1976 3302 2048 3357 ibi

472 3404 697 3448 manete.
736 3392 964 3449 Mundus
993 3392 1247 3449 Dominus
1276 3395 1501 3459 mundos
1526 3395 1641 3449 vult
1664 3394 1862 3451 habere
1885 3395 2049 3450 disci-

481 3484 661 3555 pulos,
687 3485 812 3553 quia
842 3499 967 3539 cum
990 3492 1178 3539 sancto
1203 3493 1423 3540 sanctus
1449 3484 1588 3540 ellici
1613 3493 1813 3555 potest,
1833 3493 1890 3540 et
1926 3499 2050 3540 cum

475 3587 733 3644 perverso
773 3589 1085 3644 perversos.
1112 3574 1223 3630 Nec
1258 3574 1373 3630 vult
1406 3576 1473 3631 de
1526 3576 1685 3631 domo
1733 3575 1790 3630 in
1835 3575 2053 3631 domum

480 3667 741 3737 hospitari
787 3666 1220 3737 praedicatorem,
1264 3683 1336 3723 ne
1372 3679 1719 3737 corrumpant
1745 3668 1916 3726 bonos
1942 3684 2056 3746 mo-

481 3775 572 3816 res
590 3757 866 3829 colloquia
893 3758 1054 3814 mala.
1078 3757 1349 3813 latrantes
1373 3768 1548 3813 autem
1572 3758 1628 3812 in
1652 3758 1887 3824 domum,
1909 3750 2056 3813 salu-

482 3861 588 3906 tate
612 3867 728 3905 eam
757 3850 1006 3905 dicentes.
1038 3850 1142 3904 Per
1171 3849 1389 3905 domum
1431 3846 1764 3904 habitatores
1801 3848 2056 3903 debemus

484 3941 807 4013 intelligere,
838 3941 982 4011 quod
1008 3955 1138 3996 non.
1160 3940 1333 3996 solum
1371 3939 1594 4010 hospiti,
1623 3938 1716 4010 qui
1747 3938 1889 3993 fama
1916 3940 2057 4025 bona

487 4049 518 4088 a
547 4034 704 4100 nobis
736 4032 974 4103 eligitur,
999 4031 1318 4089 benedicere
1365 4031 1675 4097 debeamus,
1721 4030 1863 4084 unde
1912 4039 2059 4085 retro

490 4125 724 4201 dixerat.
752 4124 868 4195 quis
893 4124 950 4177 in
976 4140 1038 4178 ea
1064 4123 1255 4193 dignus
1293 4123 1380 4185 sit,
1412 4122 1464 4177 id
1499 4121 2059 4188 cst,.benedictionem

489 4216 735 4286 accipere
763 4214 848 4269 vel
889 4216 1053 4271 verba
1094 4216 1220 4270 vitae
1246 4215 1477 4272 uberius
1523 4215 1732 4286 audire,
1760 4215 1857 4270 sed
1894 4214 2061 4270 etiam

487 4306 741 4363 omnibus
783 4306 1096 4361 hominibus
1127 4320 1315 4376 pacem
1348 4306 1604 4362 debemus
1642 4304 1947 4375 imprecari.
1993 4303 2062 4359 Et

489 4398 605 4466 ipse
618 4397 867 4451 insinuat
889 4397 1018 4465 quid
1037 4398 1218 4453 dicere
1240 4397 1547 4463 debeamus,
1574 4396 1765 4467 inquit.
1790 4395 1910 4451 Pan;
1941 4396 2062 4451 huic

2129 1869 2290 1935 vobis,
2318 1869 2641 1925 tolerabilius
2670 1873 2765 1925 erit
2793 1882 2945 1924 terra:
2976 1862 3324 1925 Sodomorum
3357 1872 3411 1925 in
3446 1871 3529 1924 die
3548 1871 3720 1940 judi-

2131 1958 2222 2022 eii,
2253 1975 2411 2029 quam
2442 1958 2517 2027 illi
2537 1961 2753 2014 civitati.
2778 1959 2859 2015 0b
2880 1960 2983 2014 hoc
3005 1961 3129 2030 quia
3161 1960 3235 2015 illi
3265 1977 3372 2014 non
3402 1961 3727 2016 habuerunt

2132 2049 2201 2104 ad
2222 2064 2279 2104 se
2310 2049 2504 2129 missos
2526 2050 2923 2120 praedicatores.
2952 2050 3048 2106 Hic
3071 2060 3296 2121 apparet
3322 2053 3468 2121 quod
3496 2053 3725 2107 diversa

2135 2148 2402 2193 tormenta
2431 2149 2557 2194 sunt
2584 2140 2725 2195 inter
2750 2150 3062 2210 peccatores
3086 2142 3139 2195 in
3170 2140 3398 2197 inferno.

2673 2228 2899 2287 CAPUT
2937 2231 3146 2286 XXVII.

2449 2321 2526 2377 De
2551 2324 2992 2393 persecutionibus
3012 2323 3387 2394 apostolorum.

2206 2412 2343 2467 Ecce
2365 2429 2458 2484 ego
2485 2414 2632 2467 mitto
2666 2430 2750 2467 vos
2776 2415 2907 2467 sicut
2948 2432 3062 2468 ores
3113 2415 3171 2468 in
3213 2415 3374 2468 medio
3427 2416 3725 2486 luporum.

2135 2506 2311 2577 Lupus
2335 2506 2567 2576 appellat
2597 2506 2818 2562 Scribas
2850 2496 2913 2562 ei
2933 2506 3256 2564 Pharismos.
3282 2506 3344 2560 In
3370 2509 3567 2572 medio,
3606 2526 3724 2565 non

2134 2594 2378 2659 loco,sed
2404 2597 2687 2665 odio,quia
2715 2611 2836 2651 cum
2864 2596 3133 2667 incipietis
3155 2612 3407 2667 apparere
3422 2599 3727 2667 sapientes

2134 2695 2189 2741 et
2236 2680 2381 2750 boni,
2426 2687 2610 2741 odient
2652 2701 2748 2742 vos
2791 2687 2947 2742 sicuti
2990 2702 3073 2741 me
3114 2688 3336 2742 faciunt.
3369 2687 3554 2741 Estote
3600 2705 3724 2759 ergo

2136 2776 2416 2847 prudentes
2447 2777 2581 2831 sicut
2613 2786 2873 2840 serpentes
2890 2818 2905 2842 ,
2928 2788 2974 2833 et
3000 2778 3257 2849 simplices
3278 2780 3412 2832 sicut
3438 2780 3722 2834 columba.

2135 2868 2243 2924 Per
2268 2867 2605 2938 prudentiam
2637 2878 2869 2923 vestram
2908 2870 3142 2925 devitatc
3180 2871 3485 2925 doctrinam
3532 2884 3721 2923 eorum

2137 2958 2371 3023 malam;
2407 2973 2504 3028 per
2526 2958 2920 3029 simplicitatem
2948 2959 3206 3014 columbae
3252 2960 3488 3015 devitate
3533 2975 3722 3015 eorum

2146 3053 2285 3108 mala
2310 3066 2491 3121 opera.
2518 3051 2688 3105 liabet
2712 3066 2932 3121 serpens
2960 3052 3099 3107 banc
3126 3053 3406 3118 astutiam,
3447 3060 3511 3106 ut
3560 3068 3728 3109 omne

2148 3161 2303 3201 suum
2330 3160 2526 3216 corpus
2554 3144 2771 3214 obiiciat
2809 3146 3262 3214 percussiouibus,
3304 3157 3364 3201 ut
3402 3156 3572 3217 caput
3616 3147 3724 3202 sal-

2146 3252 2272 3290 vum
2297 3235 2479 3315 faciat.
2523 3235 2602 3290 Ita
2650 3245 2705 3291 et
2745 3252 2844 3292 nos
2889 3234 3069 3292 facere
3111 3237 3388 3293 debemus.
3421 3237 3603 3310 Caput
3631 3254 3725 3293 no-

2148 3331 2319 3377 strum
2346 3320 2592 3376 Christus
2622 3330 2725 3377 est.
2760 3321 2955 3377 Totum
2981 3337 3178 3393 corpus
3208 3322 3339 3378 dare
3380 3338 3480 3393 pro
3509 3323 3723 3380 Christo

2148 3412 2425 3479 debemus,
2457 3423 2518 3469 ut
2546 3430 2650 3469 non
2682 3430 2805 3470 cum
2835 3431 3109 3488 negemus.
3157 3413 3265 3471 Per
3320 3416 3725 3486 simplicitatem

2149 3503 2427 3570 columbae,
2469 3505 2582 3560 sive
2611 3504 2846 3575 Spiritus
2873 3506 3043 3562 sancti
3069 3507 3160 3577 qui
3188 3522 3285 3577 per
3306 3522 3426 3562 eam
3447 3507 3725 3578 signiﬁca-

2152 3606 2240 3651 tus
2273 3603 2377 3659 est,
2407 3597 2719 3651 studeamus
2747 3612 2869 3652 cum
2907 3598 3159 3653 omnibus
3192 3598 3501 3653 hominibus
3534 3613 3724 3667 paceni

2152 3687 2370 3743 habere.
2398 3688 2584 3742 Cavete
2625 3696 2799 3742 autem
2848 3689 2912 3743 ab
2943 3689 3259 3744 hominibus.
3292 3689 3518 3756 Cavete,
3544 3692 3728 3746 obser-

2151 3787 2292 3844 vate,
2317 3780 2599 3834 custodite.
2636 3778 2864 3834 Tradent
2903 3779 3040 3837 enim
3080 3798 3166 3836 vos
3205 3782 3260 3836 in
3288 3782 3551 3837 conciliis.
3600 3783 3727 3838 Tm»

2154 3869 2303 3934 dent,
2327 3868 2378 3924 id
2404 3879 2489 3924 est
2516 3870 2582 3924 ad
2609 3869 2962 3926 occidendum
2994 3872 3243 3941 prodent,
3258 3873 3384 3942 quia
3408 3873 3465 3928 in
3502 3890 3597 3928 me
3615 3891 3730 3929 cre-

2155 3958 2297 4016 ditis.
2329 3960 2403 4013 Et
2419 3961 2473 4014 in
2501 3960 2777 4032 synagogis
2799 3961 2908 4015 suis
2947 3961 3284 4032 ﬂagellabant
3330 3979 3442 4017 eos.
3488 3961 3615 4019 Hoc
3661 3963 3733 4017 ita

2156 4046 2320 4104 fuisse
2349 4046 2485 4105 liber
2500 4048 2668 4105 Actus
2695 4049 3059 4119 apostolorum
3085 4051 3443 4118 testatur,ubi
3466 4053 3729 4125 scriptum

2155 4147 2260 4203 est,
2292 4139 2435 4208 quod
2479 4140 2632 4195 caesis
2677 4141 2935 4211 apostolis
2985 4142 3437 4197 denuntiaverunt
3484 4157 3562 4199 ne
3600 4143 3733 4197 ultra

2158 4229 2506 4299 loquerentur
2531 4230 2583 4283 in
2614 4232 2832 4284 nomine
2858 4228 3007 4286 Jesu.
3046 4230 3115 4284 Et
3143 4231 3212 4284 ad
3240 4248 3381 4302 reges
3409 4241 3460 4286 et
3484 4231 3735 4302 praesides

2159 4319 2440 4373 ducemini.
2474 4319 2737 4376 Praesides
2761 4322 3093 4375 vocabantur
3119 4335 3149 4375 a
3187 4321 3551 4391 praesidendo.
3598 4321 3735 4377 Con-

2163 4410 2330 4476 sules,
2359 4410 2449 4479 qui
2470 4411 2823 4481 providebant
2851 4410 3175 4481 provinciis,
3206 4413 3347 4482 quod
3375 4411 3479 4466 fuit
3510 4412 3735 4473 Pilatus.

490 4464 690 4541 domui.
711 4486 778 4539 Et
795 4500 863 4540 ex
884 4464 1280 4556 isto-praecepto
1300 4486 1511 4542 Domini
1535 4496 1591 4542 et
1607 4464 1671 4541 es
1698 4487 2037 4543 Ilomanorun

2163 4464 2218 4558 ει
2243 4464 2542 4557 oblitisin
2569 4464 2771 4556 Judiea.
2819 4464 3736 4573 usumsegnnjan

489 4585 761 4647 praecepto
781 4576 1019 4632 salutare
1044 4578 1301 4633 debemus
1325 4578 1684 4643 Christianos,
1707 4581 1832 4649 quia
1859 4581 1938 4635 sic
1964 4578 2037 4633 fui

2162 4608 2298 4664 quos
2339 4590 2463 4647 libri
2515 4591 2827 4662 passionum
2869 4607 3055 4647 eorum
3104 4601 3555 4648 commemorant.
3607 4593 3738 4649 Ante

494 4664 828 4755 φιιειιεωάρ
851 4665 992 4755 apud
1012 4665 1267 4755 antiquos
1296 4677 1527 4722 nostros
1549 4667 1702 4735 Quod
1732 4667 1992 4723 Hebraice
2009 4677 2065 4722 et
2161 4692 2297 4755 qttos
2318 4683 2550 4752 apostoli
2577 4683 2723 4738 ducti
2749 4690 2893 4748 sunt,
2926 4682 3089 4753 aliqui
3114 4680 3396 4754 ﬂagellati,
3429 4684 3607 4753 aliqui
3648 4699 3736 4739 oc—

497 4754 717 4846 Syriaca
748 4753 1065 4846 salamalecll
1111 4754 1310 4810 dicitur
1352 4773 1366 4808 :
1411 4755 1599 4811 Graece
1640 4756 1843 4821 chaire,
1873 4756 2064 4811 Letine
2160 4753 2282 4832 έίεί,
2313 4774 2467 4842 Quod
2495 4783 2672 4829 “mm
2703 4774 2959 4845 pmsides
2991 4784 3119 4829 an“,
3336 4775 3539 4845 posuit,
3568 4775 3741 4831 θείω,

497 4862 611 4901 ulle.
636 4844 829 4902 Sedex
859 4845 1001 4901 mala
1028 4846 1417 4903 consuetudine
1455 4857 1510 4902 et
1548 4847 1791 4903 doctrina
1831 4846 2065 4903 adolevit
2168 4867 2295 4922 dum
2323 4865 2467 4934 quod
2500 4844 2748 4920 εοηευιεε
2774 4864 2863 4934 φη
2911 4844 3619 4935 ριιογίηοίίδήριὲέεξάθδωι
3655 4881 3741 4920 ει.

500 4938 641 5008 apud
667 4938 1014 5029 palatinas"!
1041 4941 1219 4996 nullus
1250 4953 1555 5010 comparem
1583 4954 1739 4994 suum
1761 4939 2067 5029 obviam"!
2175 4958 2510 5014 cellentiores
2560 4967 2715 5013 erant
2764 4958 2950 5014 multis
2997 4958 3210 5029 regibus
3255 4966 3309 5012 et
3364 4956 3645 5013 habebant
3690 4958 3739 5013 in

504 5028 844 5097 imprecetur.
867 5028 1070 5099 Legam
1089 5029 1281 5084 librum
1302 5029 1529 5100 Regum,
1555 5029 1627 5083 ibi
1668 5029 1936 5084 invenient
1966 5028 2037 5084 He

2176 5047 2474 5103 ministerio
2501 5056 2732 5117 quatuor
2757 5056 2848 5101 aut
2869 5028 3107 5117 quinque
3126 5046 3430 5116 provincias
3455 5062 3589 5102 cum
3615 5047 3742 5112 regi-

507 5118 683 5174 llraaos
709 5131 867 5187 reges
893 5118 968 5173 ita
994 5117 1208 5172 fecisse.
1238 5118 1305 5172 Et
1331 5119 1557 5174 Romani
1588 5118 1870 5184 similiter,
1902 5118 1976 5174 ita
2013 5136 2037 5173 ll

2175 5138 2298 5200 bus,
2328 5146 2386 5190 ut
2413 5136 2644 5208 Cyrinus
2673 5137 2859 5193 habuit
2887 5137 3116 5208 Syriam.
3162 5135 3229 5191 In
3256 5138 3616 5192 testimonium
3646 5137 3743 5191 illis

509 5202 618 5265 l’lon
647 5209 817 5265 solum
843 5209 1088 5264 homines
1116 5209 1256 5263 inter
1281 5225 1358 5275 se,
1380 5211 1477 5266 sed
1506 5226 1603 5280 per
1631 5225 1759 5265 aves
1784 5211 1948 5265 etiam
1975 5211 2074 5265 im-

2176 5238 2225 5282 et
2250 5227 2501 5299 gentibus.
2536 5227 2686 5294 Quod
2715 5228 2770 5281 in
2799 5236 3005 5281 tantum
3034 5227 3333 5293 illgessistis
3372 5227 3455 5281 eis
3480 5228 3741 5299 prmities-

514 5311 789 5372 peratores
813 5301 1091 5357 salutatos.
1118 5301 1270 5358 Unde
1297 5311 1381 5358 est
1408 5302 1539 5357 illud
1565 5303 1779 5373 psittaci
1806 5322 1818 5356 :

2181 5320 2378 5374 tionem
2403 5317 2786 5388 evangelieam,
2825 5327 2885 5372 ut
2937 5334 3042 5373 non
3088 5319 3261 5377 solum
3313 5335 3416 5372 non
3477 5319 3743 5373 audirent.

2146 5400 2152 5406 ’
2183 5409 2314 5464 Cum
2353 5420 2529 5463 autem
2581 5410 2783 5463 tradent
2824 5427 2912 5463 vos
2939 5409 3095 5463 nolite
3116 5413 3344 5479 cogitare
3367 5411 3637 5478 quomodo
3664 5419 3744 5461 est

2182 5501 2307 5571 quid
2354 5499 2658 5570 loquamini.
2697 5496 2822 5553 Sola
2870 5498 3117 5553 voluntas
3149 5507 3329 5553 vestra
3387 5508 3538 5551 recta
3589 5500 3748 5559 siuet

520 5597 660 5665 Quid
687 5608 904 5654 noceret
937 5600 1140 5655 homini
1180 5600 1391 5670 quando
1415 5598 1636 5654 obviant
1664 5598 1886 5654 forsitan
1912 5582 2125 5655 electo,
2187 5594 2357 5664 ipsam
2387 5590 2575 5646 οσθηε
2623 5592 2760 5654 Deo;
2817 5589 3050 5660 Spiritus
3097 5598 3315 5644 sanctus
3361 5589 3616 5658 loquetur
3659 5603 3747 5657 pm

526 5674 644 5754 Dei,
673 5689 718 5743 si
748 5677 951 5744 dicercl
974 5690 1062 5745 ille
1089 5690 1165 5744 illi
1193 5708 1207 5744 :
1238 5689 1420 5746 Salvet
1462 5696 1515 5743 te
1561 5688 1835 5745 Dominus.
1880 5687 2086 5745 Eliseus
2190 5686 2358 5750 vobis,
2383 5684 2473 5754 qui
2510 5683 2562 5738 ill
2592 5683 2742 5739 vobis
2771 5681 3051 5737 habitabit.
3074 5680 3308 5735 Dabitur
3332 5682 3470 5734 enim
3516 5680 3657 5734 vobis
3699 5679 3748 5729 iu

760 5434 800 5484 Δ
825 5436 960 5484 vobis
982 5435 1182 5484 aliorum
1210 5436 1397 5483 nomina
1418 5435 1618 5496 discam,

699 5491 803 5547 Hoc
820 5497 967 5547 didici
992 5510 1079 5559 per
1094 5510 1174 5547 me
1204 5497 1416 5547 :{Jhaire
1438 5497 1601 5548 Cesar.
