3962 6174
251 339 388 395 1549

1358 338 1718 396 excosmo
1752 322 1828 396 tN’
1857 340 2289 398 manusua.

3324 334 3461 389 1350

243 453 338 507 illa
381 451 513 506 liora
542 450 671 522 quid
703 448 1005 521 loquamini.
1034 448 1201 506 Novit
1229 452 1372 507 enim
1403 451 1637 521 Spiritus
1682 467 1805 507 san—
1829 458 1881 516 Α
1902 426 2211 524 coopertum
2233 454 2448 510 dicitur.
2506 454 2658 521 Quod
2682 456 2800 510 dico
2827 452 2968 510 vobis
3005 400 3059 509 in
3101 454 3339 515 tenebris,
3378 454 3462 504 di"

243 550 364 596 etus
388 540 516 610 quid
540 541 734 610 cuique
765 541 1125 596 necessarium
1150 541 1231 596 vel
1260 550 1613 612 opportunum
1639 543 1710 596 sit
1734 542 1807 595 ad

242 630 586 702 loquendum.
621 630 742 683 Non
766 630 899 684 enim
922 646 1009 684 vos
1028 631 1148 684 estis
1171 631 1259 701 qui
1282 631 1568 701 loquimini,
1585 631 1674 685 sed
1700 631 1805 701 spi-

244 720 378 772 ritus
404 716 581 772 Patris
603 720 755 772 vestri
782 719 868 788 qui
902 717 1131 790 loquitur
1150 721 1205 773 in
1224 720 1385 775 vobis.
1421 719 1675 787 Quamvis
1708 735 1806 789 per

245 805 476 861 ﬁstulam
510 807 688 861 cordis
716 807 881 860 vestri
924 822 1026 860 vox
1064 807 1331 871 audiatur,
1364 817 1544 861 tamen
1583 807 1804 876 spiritus

244 897 348 951 erit
376 897 430 951 in
456 896 607 950 vobis
635 895 752 951 fons
774 897 1045 960 bonitatis,
1088 899 1179 966 qui
1221 898 1370 952 dabit
1416 898 1803 953 incrementum

243 996 297 1042 et
323 987 606 1040 audaciam
630 985 933 1041 locutionis.
966 986 1156 1041 Tradet
1190 998 1361 1041 autem
1396 987 1560 1057 frater
1587 987 1805 1056 fratrem

241 1080 297 1132 in
324 1088 562 1131 mortem.
597 1077 710 1132 Hoc
734 1077 1041 1148 frequenter
1068 1079 1265 1132 factum
1287 1088 1372 1133 est
1397 1078 1451 1132 in
1476 1078 1805 1149 persecutio-

241 1169 426 1233 nibus,
442 1169 581 1238 quod
606 1167 772 1223 frater
790 1183 1029 1239 paganus
1049 1168 1408 1223 Christianum
1440 1168 1656 1224 fratrem
1682 1183 1805 1237 pro-

242 1260 379 1315 didit
404 1260 749 1323 admortem.
784 1256 849 1311 Et
878 1270 1024 1328 pater
1045 1257 1233 1327 ﬁlium.
1270 1257 1384 1313 Non
1429 1258 1600 1314 solum
1642 1259 1804 1313 tradi-

242 1350 321 1404 dit
341 1349 408 1401 ad
434 1360 681 1412 mortem,
700 1348 806 1403 sed
828 1349 989 1403 etiam
1018 1349 1168 1403 multi
1189 1350 1518 1405 occiderunt.
1551 1349 1615 1404 Et
1638 1350 1808 1403 insur-

240 1451 355 1509 gcnt
386 1440 483 1508 ﬁlii
512 1441 565 1492 in
601 1451 856 1508 parentes,
886 1448 933 1492 et
971 1449 1133 1493 morte
1168 1456 1254 1493 eos
1288 1440 1525 1510 ofﬁcient.
1575 1438 1654 1492 De
1702 1439 1804 1492 hoc

241 1531 384 1584 milia
427 1530 651 1599 qumstio
688 1538 790 1594 est,
829 1528 921 1598 qui
966 1530 1099 1583 satis
1145 1529 1403 1584 habemus
1433 1528 1696 1597 exempla.
1733 1527 1803 1581 Et

239 1625 382 1679 eritis
411 1623 647 1677 omnibus
688 1622 806 1676 odio
860 1614 1069 1691 propter
1121 1638 1303 1675 nomen
1350 1638 1540 1675 meum.
1585 1619 1803 1675 Beatum

239 1717 442 1779 odium,
497 1715 642 1785 quod
690 1728 791 1783 pro
837 1712 1113 1767 Salvatore
1165 1710 1412 1775 infertur,
1464 1712 1565 1766 hoc
1617 1725 1803 1765 omnes

239 1807 530 1864 Christiani
595 1806 791 1862 debent
854 1814 1062 1875 optare.
1125 1802 1277 1872 Quod
1335 1811 1512 1857 autem
1578 1803 1709 1857 dicit
1780 1819 1793 1854 :

132 1933 145 1945 ο
238 1899 404 1955 Erilis
442 1899 560 1954 odio
596 1897 865 1961 omnibus,
905 1896 1223 1951 subauditur
1254 1896 1430 1951 malis.
1488 1894 1626 1950 Nam
1675 1894 1799 1950 boni

244 2009 350 2047 non
412 1990 590 2046 solum
648 2005 755 2045 non
814 1990 1030 2052 odient,
1069 1988 1160 2043 sed
1220 1989 1379 2042 etiam
1432 1987 1686 2042 amabunt
1744 1995 1803 2039 ut

236 2081 456 2137 fratres.
517 2079 621 2146 Qui
677 2089 850 2133 autem
892 2078 1283 2147 perseveraverit
1329 2093 1490 2147 usque
1532 2076 1588 2130 in
1622 2076 1800 2144 ﬁnem,

236 2172 323 2226 hic
387 2169 562 2226 salvus
617 2170 735 2227 erit.
789 2167 931 2222 Nihil
992 2167 1210 2236 prodest
1255 2166 1391 2219 bene
1441 2164 1703 2234 incipere.
1755 2164 1801 2219 si

235 2279 345 2318 non
389 2277 558 2331 usque
600 2261 671 2335 in,
701 2259 858 2313 linem
901 2256 1324 2327 perseveraverit
1374 2256 1431 2310 in
1471 2265 1615 2310 recta
1650 2254 1797 2309 ﬁde:

235 2354 322 2409 vel
349 2354 401 2407 in
431 2353 570 2408 bono
594 2364 780 2421 opere,
803 2349 927 2417 quia
955 2348 1156 2418 lignum
1193 2348 1247 2401 in
1276 2362 1435 2417 quam
1460 2353 1665 2417 partem
1708 2360 1802 2399 cc-

233 2443 429 2498 ciderit
460 2442 533 2497 ibi
554 2440 811 2497 manebit.
843 2437 943 2492 Hic
971 2452 1263 2508 pronomen
1303 2446 1387 2492 est
1423 2436 1477 2490 in
1521 2436 1626 2490 isto
1662 2434 1799 2499 loco,

235 2554 344 2594 non
375 2538 704 2599 adverbium,
739 2542 794 2590 et
822 2534 985 2589 habet
1012 2549 1229 2589 sensum
1248 2534 1403 2603 quasi
1426 2530 1531 2586 ille.
1554 2528 1683 2585 Cum
1709 2547 1804 2584 au-

233 2639 339 2685 tem
358 2638 720 2700 persequentur
749 2644 835 2681 vos
865 2627 920 2680 in
945 2627 1152 2682 civitate
1181 2626 1300 2686 ista,
1345 2624 1506 2695 fugite
1528 2623 1583 2676 in
1621 2621 1799 2677 aliam.

233 2719 313 2774 De
339 2719 586 2790 prmsenti
613 2718 865 2773 missione
890 2716 1226 2786 loquebatur,
1250 2724 1309 2771 ut
1328 2715 1373 2769 si
1396 2729 1490 2769 eos
1520 2728 1806 2784 perseque-

230 2820 443 2876 rentur,
486 2812 890 2863 reverterentur
914 2808 981 2862 ad
1013 2822 1158 2869 cum,
1206 2803 1333 2874 quia
1378 2803 1591 2859 nolebat
1631 2803 1803 2859 occidi

229 2902 408 2957 donec
431 2900 545 2968 ipse
572 2898 775 2968 primus
812 2912 909 2968 pro
944 2896 1194 2951 omnibus
1243 2906 1563 2951 moreretur.
1617 2895 1684 2949 Et
1728 2902 1805 2948 ta-

230 3009 359 3051 men
389 2990 637 3063 generale
663 2998 744 3044 est
776 2988 985 3044 Domini
1029 2996 1373 3058 prmceptum.
1428 2988 1531 3055 Qui
1575 2987 1806 3042 noluerit

228 3080 600 3140 consummari
628 3080 792 3134 vitam
822 3094 974 3133 suam
1002 3093 1098 3149 per
1128 3078 1442 3148 martyrium
1465 3118 1481 3142 ,
1510 3077 1600 3132 det
1629 3076 1802 3132 locum

1903 542 1999 596 cite
2022 543 2077 596 in
2100 542 2324 609 lumine;
2365 545 2507 614 quod
2541 546 2765 602 audistis
2807 548 2859 601 in
2898 546 3172 617 mysterio,
3225 544 3462 614 apertius

1901 634 2215 702 praedicate;
2239 635 2378 704 quod
2415 650 2509 691 vos
2537 636 2724 690 erudio
2762 637 2813 690 in
2851 637 3070 706 parvulo
3100 636 3219 690 loco
3242 634 3460 699 Judsem,

1903 723 1959 777 in
1992 731 2104 778 toto
2132 724 2330 778 mundo
2360 724 2555 779 dicite:
2586 726 2723 796 quod
2762 727 2817 779 in
2856 743 2982 780 aure
3021 726 3231 787 auditis,
3272 726 3463 797 prtedi-

1902 822 2015 867 cate
2044 829 2199 882 super
2228 823 2379 867 tecta.
2429 814 2486 868 In
2523 829 2725 869 morem
2749 816 3036 885 provincia:
3078 816 3328 886 loquitur,
3369 814 3462 869 ubi

1903 902 2043 957 soliti
2080 912 2235 957 erant
2260 918 2419 973 supra
2445 904 2632 960 domos
2661 912 2863 960 stantes
2908 906 3195 975 praulicare
3224 914 3278 959 et
3302 907 3457 960 desu-

1902 1010 1999 1065 per
2052 995 2244 1064 templo
2287 996 2411 1064 quia
2459 996 2614 1065 plana
2659 1005 2813 1051 erant
2857 1012 3041 1053 eorum
3091 1007 3248 1052 tecta.
3309 997 3461 1065 Quod

1900 1083 2132 1140 Jacobus
2159 1085 2407 1148 faciebat,
2446 1086 2658 1154 quando
2687 1085 2810 1140 inde
2852 1086 3216 1155 praecipitatus
3255 1095 3355 1140 est.
3392 1084 3460 1139 Et

1903 1173 2060 1227 nolite
2085 1175 2264 1227 timere
2283 1190 2370 1228 eos
2396 1174 2485 1244 qui
2517 1190 2701 1244 corpus
2739 1175 2993 1236 occidunt,
3026 1176 3255 1228 animam
3284 1185 3457 1228 autem

1904 1281 2006 1318 non
2028 1277 2248 1335 possunt
2266 1266 2515 1319 occidere.
2566 1264 2741 1320 Nolite
2779 1267 2969 1320 timere
3014 1281 3207 1336 corpus
3253 1267 3461 1319 tradere

1901 1369 2000 1424 pro
2022 1353 2265 1421 Christo;
2296 1356 2420 1426 quia
2453 1358 2697 1423 quamvis
2729 1357 2931 1427 possint
2951 1356 3212 1424 dissipare
3234 1371 3458 1425 comas;

1905 1452 2078 1498 tamen
2123 1459 2222 1498 nec
2255 1446 2446 1499 anima:
2490 1456 2713 1514 possunt
2752 1446 2965 1501 auferre
3013 1462 3163 1501 suam
3215 1447 3461 1517 gloriam,

1902 1552 2003 1589 nec
2029 1536 2095 1590 de
2119 1551 2340 1606 corpore
2372 1544 2595 1606 possunt
2629 1535 2827 1601 facere,
2870 1545 2933 1591 ut
2973 1551 3079 1590 non
3122 1546 3366 1604 resurgat
3408 1536 3465 1589 in

1902 1627 2089 1696 gloria,
2105 1643 2424 1697 quocunque
2442 1628 2599 1683 modo
2613 1643 2735 1681 eum
2753 1626 3087 1681 incenderint
3100 1626 3181 1679 vel
3204 1627 3255 1679 in
3279 1640 3466 1695 quam-

1903 1730 2111 1791 cunque
2147 1736 2340 1791 aquam
2381 1720 2722 1790 projecerint.
2779 1719 2880 1775 Sed
2918 1720 3089 1789 potius
3122 1736 3238 1773 eum
3294 1720 3465 1773 timete

1899 1808 1987 1880 qui
2010 1818 2174 1879 potest
2202 1818 2251 1863 et
2285 1809 2512 1862 animum
2545 1818 2594 1862 et
2634 1825 2820 1878 corpus
2841 1807 3052 1877 perdere
3080 1807 3134 1860 in
3160 1808 3461 1877 gehennam.

1900 1899 1992 1955 Ille
2014 1901 2278 1956 timendus
2298 1908 2400 1965 est,
2429 1900 2518 1970 qui
2550 1901 2603 1954 in
2630 1900 2732 1955 hoc
2759 1898 2953 1954 sacculo
2972 1907 3147 1967 potest
3165 1913 3323 1968 agere
3345 1912 3465 1966 qua:

1899 1991 2128 2046 voluerit
2159 1991 2223 2046 de
2249 1992 2425 2045 anima
2453 2000 2508 2046 et
2536 2006 2781 2060 corpore,
2822 1999 2877 2045 et
2912 1990 3069 2045 modo
3113 1990 3342 2044 animam
3372 1989 3468 2043 ie:-

1900 2064 2117 2137 mittere
2158 2082 2210 2135 in
2249 2096 2434 2150 plenas
2462 2064 2709 2144 aeternas,
2737 2089 2791 2134 et
2815 2088 2937 2149 post
2961 2080 3103 2135 diem
3120 2078 3307 2148 judicii
3340 2080 3463 2134 mil-

1902 2178 2016 2225 tere
2058 2186 2253 2241 corpus
2293 2188 2415 2227 cum
2460 2171 2637 2225 anima
2677 2170 2733 2225 in
2767 2171 2967 2226 eisdem
3016 2164 3314 2227 tormentis.
3365 2170 3470 2226 Per

1901 2262 2196 2331 gehennam
2240 2262 2508 2316 infernum
2554 2262 2739 2317 volens
2781 2261 3022 2333 intelligi.
3072 2261 3195 2315 Fuit
3239 2261 3468 2330 denique

1899 2354 2054 2410 vallis
2072 2353 2226 2423 juxta
2254 2354 2605 2419 Hierusalem,
2631 2370 2748 2423 quae
2779 2354 2919 2408 dicta
2942 2351 3043 2406 fuit
3061 2350 3376 2414 Gehennon,
3412 2351 3466 2405 id

1900 2454 1984 2502 est
2002 2445 2157 2501 vallis
2177 2446 2384 2510 Ennon,
2424 2446 2549 2515 quia
2589 2446 2851 2500 Hebraico
2887 2458 3135 2499 sermone
3158 2442 3310 2496 vallis
3335 2441 3469 2495 dici-

1881 2545 1990 2598 ,lur
2013 2552 2201 2598 canon,
2234 2538 2508 2607 proprium
2553 2552 2746 2591 nomen
2788 2536 3131 2605 possessoris.
3184 2533 3306 2587 Fuit
3340 2548 3467 2588 vero

1902 2629 2101 2698 irrigua
2125 2627 2192 2683 de
2218 2627 2363 2682 Siloa
2395 2635 2654 2688 torrente.
2682 2637 2736 2683 et
2766 2641 3063 2682 nemorosa.
3105 2625 3463 2694 Quandocun-

1900 2733 2003 2788 que
2031 2728 2212 2773 autem
2235 2719 2461 2789 pupulas
2481 2719 2645 2774 Israel
2676 2719 3045 2774 revertebatur
3066 2735 3095 2772 a
3119 2719 3323 2774 cultura
3346 2718 3468 2783 Dei,

1901 2808 1973 2864 ibi
2000 2809 2139 2863 idola
2164 2808 2510 2863 immolabant
2542 2816 2595 2861 ct
2631 2808 2960 2862 divinahant.
3020 2807 3087 2862 Et
3130 2816 3257 2862 tunc
3296 2807 3466 2862 comi-

1900 2906 2057 2952 natus
2083 2908 2168 2953 est
2193 2897 2453 2952 Dominus
2482 2898 2656 2952 locum
2697 2897 2868 2966 ipsum
2915 2896 3255 2966 impleturum
3306 2895 3466 2951 cada-

1900 2986 2116 3040 veribus
2151 2997 2508 3050 mortuorum,
2540 2996 2599 3040 ut
2646 3000 2751 3040 non
2789 2994 3011 3039 vocetur
3055 2984 3270 3056 Tophet,
3301 2985 3352 3040 id
3389 2992 3473 3039 est

1902 3076 2145 3146 pulchra,
2166 3077 2257 3132 sed
2282 3076 2647 3141 Poliandrum,
2670 3077 2722 3129 id
2750 3086 2833 3131 est
2859 3075 3090 3131 tumulus
3116 3084 3469 3129 mortuorum.

225 3173 586 3248 persecutori,
616 3182 671 3227 et
698 3180 785 3227 eat
824 3171 916 3225 ubi
954 3171 1123 3240 possit
1168 3171 1401 3240 quietius
1434 3170 1545 3255 Deo
1580 3171 1797 3225 servire.
1829 3150 1874 3212 Ο
1904 3164 2017 3219 Hoc
2039 3181 2134 3236 per
2160 3165 2445 3220 Jeremiam
2470 3174 2553 3220 est
2576 3166 2837 3220 Dominus
2858 3165 3234 3229 comminatus,
3261 3173 3313 3220 et
3338 3171 3473 3219 tem-

230 3267 620 3322 Verumtamen
645 3271 846 3333 quanto
866 3263 1163 3317 crudeliora
1199 3262 1513 3317 sustinuerit
1546 3279 1644 3333 pro
1674 3262 1801 3329 Deo,

230 3364 391 3409 tanto
414 3353 616 3408 beatior
638 3350 742 3408 erit
764 3354 819 3408 in
843 3361 1045 3408 aeterno
1073 3367 1256 3424 regno.
1314 3352 1479 3407 Amen
1506 3353 1621 3406 dico
1643 3352 1803 3419 vobis,

232 3464 342 3502 non
367 3446 784 3501 consummabilis
808 3445 1038 3499 civitates
1073 3443 1241 3499 Israel
1273 3443 1436 3498 donec
1465 3444 1607 3514 ﬁlius
1640 3446 1807 3500 homi-

235 3536 322 3589 nis
352 3536 536 3588 veniat.
593 3534 668 3588 De
705 3534 808 3588 hoc
847 3532 996 3598 dicit,
1024 3533 1147 3602 quia
1185 3532 1298 3602 ipse
1321 3541 1438 3589 erat
1460 3543 1718 3588 venturus
1740 3534 1808 3589 ad

234 3624 655 3696 pnedicandum,
693 3637 801 3692 quo
820 3637 913 3679 eos
933 3631 1060 3677 tunc
1085 3621 1350 3676 mittebat.
1406 3621 1528 3676 Non
1557 3633 1631 3676 est
1659 3622 1811 3677 disci-

234 3715 393 3786 pulus
446 3731 601 3785 super
646 3715 972 3785 magistrum.
1033 3712 1146 3768 Hoc
1196 3720 1316 3777 est,
1368 3712 1534 3767 nolite
1570 3727 1810 3782 quaerere

237 3806 482 3877 grandia.
525 3805 606 3860 Me
628 3812 1055 3875 persequuntur,
1100 3803 1191 3873 qui
1238 3803 1494 3871 magister
1538 3811 1714 3857 vester
1756 3809 1813 3858 et

237 3894 498 3950 Dominus
518 3910 635 3949 sum
660 3912 673 3948 :
696 3904 896 3965 quanto
932 3893 1103 3964 magis
1130 3909 1224 3949 vos
1265 3893 1357 3963 qui
1404 3892 1647 3962 discipuli
1681 3893 1813 3948 estis

235 3994 296 4039 et
322 3993 569 4039 creatura
599 3997 735 4037 mea.
789 3982 985 4053 Suﬂicit
1015 3979 1292 4052 discipulo,
1337 3992 1391 4035 ut
1437 3984 1503 4035 sit
1539 3982 1671 4035 sicut
1699 3997 1813 4035 ma-

237 4077 402 4146 gister
439 4074 572 4144 ejus.
610 4073 770 4128 .Tunc
804 4074 899 4128 erit
936 4072 1191 4143 perfectus
1231 4071 1536 4141 discipulus,
1570 4072 1619 4125 si
1648 4072 1815 4141 magi-

240 4178 410 4222 strum
464 4165 683 4237 potuerit
721 4167 1061 4237 thuiparare.
1109 4162 1167 4219 Si
1199 4164 1628 4235 patremfamilias
1665 4163 1815 4218 Beel-

243 4260 404 4313 zebub
443 4268 770 4323 vocaverunt,
812 4267 1005 4329 quanto
1036 4259 1198 4328 magis
1227 4258 1532 4312 domesticos
1555 4273 1698 4312 suos.
1752 4256 1814 4312 Si

242 4353 372 4405 mihi
400 4353 488 4422 qui
514 4352 663 4421 quasi
688 4351 1063 4421 paterfamilias
1092 4350 1229 4404 vobis
1247 4365 1471 4420 primum
1496 4388 1512 4414 ,
1536 4347 1776 4401 dixerunt
1793 4361 1812 4399 :

242 4438 317 4493 In
346 4438 629 4492 Beelzebub
654 4438 793 4508 ejirit
834 4438 1113 4503 dwnwnia,
1149 4447 1341 4508 quanto
1375 4437 1539 4507 magis
1565 4435 1703 4491 vobis
1730 4454 1816 4505 pe-

237 4528 365 4598 jora
416 4528 626 4584 dicent!
678 4525 1072 4597 Paterfamilias
1116 4535 1297 4580 autem
1338 4527 1588 4595 antiquus
1626 4525 1819 4593 geniti-

244 4634 347 4674 vus
391 4627 479 4673 est
519 4618 846 4673 descendens
883 4633 915 4671 a
952 4617 1174 4680 Graeco,
1219 4623 1274 4669 et
1314 4613 1693 4685 paterfamilias
1731 4614 1820 4670 ille

245 4718 491 4773 vocatur,
538 4710 627 4778 qui
679 4724 788 4771 sua:
841 4708 1054 4763 familia:
1101 4707 1179 4762 sic
1221 4715 1417 4776 praeest
1456 4706 1599 4761 sicut
1641 4715 1813 4775 pater.

246 4800 368 4868 Quo
396 4801 608 4855 nomine
641 4798 895 4854 Dominus
932 4807 1079 4853 recte
1122 4806 1362 4863 vocatur,
1407 4796 1505 4866 qui
1543 4796 1817 4866 discipulis

247 4892 425 4947 dixit:
464 4890 560 4945 Vos
591 4891 744 4943 amici
790 4890 888 4943 mei
930 4890 1072 4944 estis.
1127 4889 1193 4943 Et
1232 4888 1484 4958 praecepit
1513 4896 1570 4943 ut
1608 4898 1815 4957 patrem

249 4985 423 5053 ipsum
475 4982 803 5037 invocarent.
855 4981 1186 5035 Domesticos
1241 4979 1509 5050 apostolos
1565 4980 1815 5048 appellat,

246 5073 376 5140 quia
411 5072 594 5141 ciper
637 5071 792 5124 fidem
834 5079 889 5123 et
920 5069 1281 5138 operationem
1327 5069 1600 5124 domestici
1640 5077 1815 5123 erant.

252 5161 678 5235 Niltil'opertum
730 5160 866 5230 quod
912 5176 1013 5212 non
1064 5159 1369 5212 revelabitur
1399 5199 1413 5224 ,
1458 5168 1508 5211 et
1559 5158 1817 5212 occultum

247 5254 390 5323 quod
436 5270 539 5307 non
588 5253 797 5306 scietur.
848 5251 923 5306 De
956 5236 1132 5303 futuro
1154 5250 1355 5319 judicio
1382 5249 1636 5304 Dominus
1666 5249 1814 5313 dicit,

249 5341 397 5411 ‘quod
430 5340 486 5395 in
517 5340 703 5394 ultimo
738 5340 984 5394 examine
1027 5337 1443 5408 uniuscujusque
1483 5337 1727 5393 voluntas
1763 5346 1820 5392 et

251 5448 390 5503 opus
416 5432 753 5487 manifestum
795 5432 986 5486 debeat
1015 5445 1151 5486 esse.
1211 5430 1289 5485 Ac
1322 5430 1368 5484 si
1413 5430 1636 5485 dixisset
1667 5449 1680 5484 :
1712 5431 1817 5485 V'e-

251 5526 369 5579 niet
397 5534 601 5595 tempus
633 5525 685 5578 in
722 5539 827 5593 quo
856 5534 909 5578 et
928 5532 1105 5581 vestra
1132 5524 1323 5588 virtus,
1349 5532 1605 5578 eteorum
1634 5524 1819 5593 nequi-

255 5615 336 5671 tia
362 5615 830 5680 dcmonstrabitur,
867 5625 921 5671 et
970 5614 1236 5685 recipietis
1282 5630 1375 5669 vos
1424 5616 1560 5685 bona
1602 5631 1699 5689 pro
1730 5616 1821 5669 be-

255 5711 516 5781 nefactis,
562 5719 615 5767 et
657 5710 757 5783 ipsi
798 5710 936 5765 mala
983 5725 1082 5780 pro
1123 5707 1295 5763 malis.
1344 5706 1598 5776 Operttnn
1641 5718 1817 5763 autem

1841 4486 1894 4547 D

1903 3258 2126 3330 poribus
2152 3257 2520 3313 Chaldazorum
2550 3257 2870 3326 completum
2908 3265 3009 3312 est.
3070 3256 3271 3311 Futura
3311 3256 3473 3324 igitur

1905 3349 2161 3421 supplicia
2200 3347 2359 3417 bujus
2395 3347 2496 3403 loci
2526 3345 2785 3403 vocabulo
2821 3348 3159 3402 denotamur.
3201 3345 3471 3415 Duplicem

1905 3451 2086 3497 autem
2133 3454 2252 3495 esse
2298 3440 2615 3509 gehennam,
2665 3438 2719 3492 in
2764 3437 2957 3507 quibus
2999 3445 3309 3508 peccatores
3346 3452 3473 3491 cru-

1906 3528 2082 3585 ciandi
2111 3537 2258 3592 sunt,
2294 3526 2542 3581 videlicet
2566 3527 2790 3581 nimium
2833 3526 3105 3597 frigorem,
3150 3536 3205 3580 et
3250 3526 3475 3581 nimium

1907 3617 2141 3672 calorem
2167 3614 2267 3671 Job
2288 3614 2551 3684 designat,
2578 3616 2668 3685 qui
2695 3616 2824 3671 dicit
2853 3632 2867 3671 :
2892 3615 2973 3670 Ad
3002 3615 3219 3669 nimium
3248 3614 3474 3670 calorem

1908 3715 2175 3761 transeunt
2199 3705 2264 3759 ab
2287 3706 2435 3777 aquis
2463 3705 2678 3759 nivium.

1979 3794 2169 3852 Nonne
2187 3795 2292 3851 duo
2322 3787 2553 3867 passeres
2578 3812 2694 3850 asse
2718 3806 2953 3851 veneunt.
2995 3796 3279 3851 Passerum
3305 3794 3476 3850 multa

1909 3898 2034 3945 sunt
2078 3904 2274 3969 genera
2318 3889 2447 3944 :alii
2490 3890 2725 3960 gaudent
2769 3889 2838 3943 ad
2875 3888 3137 3944 foramina
3187 3888 3476 3959 parietum,

1909 3981 2002 4037 alii
2028 3981 2194 4037 valles
2218 3981 2459 4037 roscidas
2487 3981 2784 4050 requirunt,
2815 3981 3053 4036 nonnulli
3085 3989 3293 4036 montes
3316 3995 3478 4051 appe-

1910 4082 2031 4129 tunt
2071 4068 2403 4143 squalentes.
2442 4072 2626 4127 Dictus
2666 4081 2752 4126 est
2788 4079 2967 4126 autem
3005 4087 3190 4142 passer
3228 4087 3260 4126 a
3296 4072 3479 4143 parvi-

1912 4173 2042 4220 tate.
2104 4163 2436 4221 labebantur
2488 4178 2617 4219 vero
2668 4162 2975 4233 frequenter
3027 4163 3080 4217 in
3141 4163 3308 4217 veteri
3362 4163 3480 4233 lege

1911 4255 2091 4334 oll'erri
2120 4265 2335 4324 propter
2361 4253 2618 4325 quasdam
2644 4253 3046 4325 observationes
3077 4251 3189 4307 sive
3207 4254 3481 4323 purgatio-

1913 4363 2030 4404 nes.
2085 4348 2187 4402 Dat
2221 4361 2351 4418 ergo
2389 4346 2787 4401 similitudinem
2811 4360 2908 4415 per
2939 4343 3305 4414 metaphoram
3326 4344 3392 4399 dc
3419 4359 3480 4399 re

1919 4438 2155 4494 inferiori
2170 4439 2237 4492 ad
2256 4438 2608 4508 superiorem,
2620 4444 2769 4491 etest
2780 4437 2987 4505 species
3005 4434 3275 4505 parabolae
3298 4449 3478 4511 rerum

1909 4524 2113 4601 genere
2132 4527 2467 4583 dissimilium
2488 4526 2757 4581 hortantis
2780 4534 2833 4579 et
2856 4526 3290 4591 demonstrantis,
3318 4539 3479 4595 quam

1921 4618 2303 4690 providentiam
2331 4617 2509 4674 divina
2532 4618 2705 4689 pietas
2724 4633 2848 4690 erga
2860 4634 3040 4689 genus
3065 4620 3356 4674 humanum
3386 4620 3484 4674 ha-

1920 4710 2060 4764 beat.
2111 4708 2191 4763 Ac
2218 4708 2267 4763 si
2289 4706 2436 4762 dicat
2451 4715 2635 4777 aperte
2663 4724 2675 4760 :
2710 4706 2768 4762 Si
2791 4722 2952 4777 parva
2976 4708 3227 4763 animalia
3252 4716 3307 4763 et
3332 4709 3480 4771 vilia,

1916 4819 2035 4874 quae
2066 4803 2155 4859 hic
2179 4802 2371 4858 videtis
2394 4802 2625 4857 vendere
2656 4816 2778 4856 cum
2816 4816 2925 4856 uno
2962 4815 3101 4865 asse,
3143 4801 3359 4873 absque,
3387 4801 3481 4855 Dei

1916 4897 2188 4956 voluntate
2219 4898 2273 4951 in
2300 4896 2516 4966 laqueos
2540 4895 2815 4949 hominum
2845 4910 2948 4949 non
2976 4895 3248 4956 decidunt,
3279 4903 3482 4962 quanto

1919 4989 2091 5058 magis
2107 5002 2202 5042 vos
2225 4986 2317 5056 qui
2342 4985 2407 5039 ad
2431 4983 2715 5054 imaginem
2746 4983 2837 5039 Dei
2866 4982 2993 5038 facti
3017 4984 3169 5045 estis,
3216 4980 3312 5035 Dei
3356 4995 3481 5050 pro-

1917 5077 2149 5131 videntia
2175 5085 2230 5130 et
2256 5074 2515 5129 tutamine
2554 5071 2912 5127 custodiminil
2946 5090 2949 5091 '
2978 5072 3053 5125 De
3094 5084 3215 5125 asse
3253 5084 3485 5136 namque

1919 5164 2063 5234 quod
2086 5172 2169 5219 est
2193 5178 2361 5234 genus
2386 5162 2654 5232 ponderis,
2677 5162 2729 5215 id
2757 5170 2840 5215 est
2880 5160 3159 5231 scrupulus
3193 5174 3351 5224 unus,
3395 5158 3480 5213 vel

1917 5270 2110 5311 nomen
2160 5254 2402 5317 numeri,
2442 5253 2655 5317 diverso
2693 5253 2850 5307 modo
2896 5259 3163 5320 exponunt
3211 5259 3476 5306 auctores.

1919 5348 2110 5404 Dicunt
2132 5347 2273 5402 enim
2304 5344 2623 5400 arithmetici
2650 5344 2862 5415 quando
2884 5352 3183 5407 numerum,
3216 5357 3334 5396 asse
3351 5342 3476 5406 duo,

1919 5448 2049 5500 tres,
2081 5448 2136 5491 et
2171 5434 2239 5488 ibi
2288 5434 2447 5490 habet
2494 5450 2708 5489 sensum
2751 5449 2935 5489 unum.
2997 5431 3192 5488 lterum
3231 5433 3286 5486 in
3338 5416 3481 5487 notis

1918 5526 2374 5582 arithmeticorum
2398 5540 2536 5588 esse,
2566 5525 2843 5579 duodecim
2874 5522 3042 5576 uncia:
3063 5523 3332 5577 dicuntur.
3379 5521 3485 5575 Po-

1920 5626 2024 5672 test
2071 5630 2199 5685 crgo
2239 5618 2477 5680 esse,’ut
2527 5614 2810 5682 aliquando
2853 5612 2999 5667 cbari
3042 5622 3222 5667 essent
3256 5612 3483 5667 nimium

1918 5717 2135 5777 propter
2162 5707 2276 5762 illas
2311 5707 2650 5776 purgationes
2686 5705 2945 5770 diversas,
2977 5720 3097 5775 qua:
3134 5704 3333 5761 flebant
3355 5719 3478 5761 cum
