3962 6174
470 341 601 398 1351

1245 331 1629 392 CIIRISTIANI
1665 325 2070 386 DRUTHMARI
2107 322 2550 384 CORBEIENSIS
2584 323 2882 383 MONACHI

3549 316 3705 376 1352

469 453 600 526 ipsis
642 451 696 507 in
737 448 932 520 templo
967 445 1200 510 Domini,
1235 455 1289 500 ct
1328 443 1609 514 aliquando
1634 442 1783 496 viles.
1824 441 2026 495 Secun-
2052 442 2104 500 Α
2128 453 2246 490 rum
2271 436 2526 490 adversus
2551 451 2765 526 socrum
2797 448 2968 488 suam.
3020 430 3218 526 Socrus
3245 440 3328 526 est
3357 441 3533 488 mater
3557 437 3702 498 Viri;

469 546 597 600 dum
634 556 761 596 vero
807 540 953 594 illum
995 551 1212 592 sensum
1257 543 1430 604 potest
1458 534 1569 587 ﬁeri
1594 548 1714 586 cum
1749 546 1888 595 asse,
1927 531 2028 583 hoc

469 644 553 688 est
578 648 698 688 cum
723 645 830 684 uno
863 628 1104 696 denaria,
1129 627 1211 682 vel
1235 641 1339 680 uno
1364 623 1610 694 scrupulo
1641 623 1706 677 dc
1743 635 1869 675 aere.
1927 619 2024 673 Se-

471 725 701 780 cundum
726 721 889 775 alium
925 734 1050 774 vero
1072 717 1391 773 intellectum
1415 723 1588 786 potest
1617 713 1753 777 ﬁeri,
1789 720 1847 765 ιιι
1879 724 2027 765 eme-

470 822 657 868 rentur
694 811 798 865 duo
842 825 962 864 cum
1003 823 1107 862 una
1144 807 1299 870 libra,
1335 806 1474 874 quod
1506 813 1590 858 est
1618 818 1757 856 asse.
1809 800 1940 866 Quia
1976 806 2031 853 et

470 901 644 955 Lucas
671 898 960 954 concordat
1003 896 1068 950 ad
1115 896 1274 950 istum
1318 893 1502 948 dicens
1540 909 1552 944 :
1586 889 1771 944 Nonne
1809 889 2031 958 quinque

470 1005 699 1060 passeres
731 995 942 1041 veneunt
972 986 1215 1055 dipondio
1239 985 1262 1038 ?
1294 983 1436 1053 quod
1458 989 1583 1035 sunt
1607 980 1723 1034 dua:
1748 979 1918 1042 librm,
1946 976 2030 1030 vel

465 1075 705 1148 ‘scrupuli
735 1077 856 1130 duo.
899 1074 965 1129 Et
1001 1089 1189 1129 sensus
1225 1072 1560 1142 evangelicus
1608 1070 1671 1124 ad
1717 1069 1819 1122 hoc
1863 1066 2030 1136 magis

472 1169 796 1222 concordare
822 1166 1052 1229 videtur,
1084 1164 1235 1233 quasi
1264 1164 1404 1218 dicat
1432 1181 1443 1216 :
1471 1161 1560 1214 llla
1587 1175 1751 1230 parva
1783 1157 2032 1212 animalia

473 1271 579 1311 tam
612 1258 770 1310 chara
795 1263 940 1318 sunt,
970 1263 1030 1308 ut
1063 1255 1167 1308 duo
1210 1269 1315 1308 una
1364 1251 1498 1307 libra
1545 1252 1862 1312 vendantur,
1907 1248 2032 1318 quia

471 1348 645 1402 nullus
671 1361 732 1400 ea
761 1355 935 1415 potest
970 1360 1184 1414 capere,
1222 1345 1322 1398 nisi
1347 1345 1687 1413 permittente
1729 1341 1857 1396 Deo.
1895 1339 2039 1407 Quid

473 1437 730 1491 dubitatis
761 1436 826 1490 de
852 1435 1023 1499 vobis,
1059 1435 1198 1504 quod
1238 1433 1432 1502 aliquis
1479 1432 1648 1502 possit
1693 1444 1887 1485 nocere
1931 1428 2033 1482 nisi

473 1538 731 1597 quantum
777 1543 808 1580 a
859 1526 970 1581 Deo
1017 1525 1335 1596 permissum
1393 1524 1520 1579 est?
1577 1521 1803 1574 Veneunt
1853 1526 2032 1573 autem

472 1619 739 1689 passivam
784 1617 943 1672 habet
985 1617 1458 1687 significationem,
1502 1622 1558 1669 et
1593 1627 1691 1683 pro
1736 1611 2036 1666 vendantur

474 1709 754 1778 accipitur,
784 1707 935 1778 cujus
962 1707 1194 1762 activum
1239 1715 1323 1762 est
1360 1706 1622 1761 venando.
1677 1703 1828 1770 Quod
1856 1710 2034 1756 autem

475 1800 604 1853 dicit
631 1814 734 1853 non
761 1799 910 1852 cadet
955 1814 1109 1867 super
1149 1807 1362 1863 terram,
1405 1798 1507 1852 hoc
1556 1805 1640 1850 est
1687 1796 1740 1849 in
1787 1794 2034 1864 laqueum
2063 1779 2111 1837 Β

474 1890 588 1943 sive
613 1889 896 1957 aucupium
923 1887 1147 1957 alicujus
1176 1887 1290 1942 sine
1316 1887 1493 1942 Patris
1520 1885 1810 1940 voluntate.
1871 1881 2038 1937 Vestri

477 1989 650 2032 autent
676 1977 852 2046 capilli
875 1978 1054 2047 capitis
1093 1977 1350 2032 numerati
1382 1987 1522 2031 sunt.
1571 1976 1740 2029 Tanta
1789 1983 1874 2029 est
1911 1987 2040 2028 cura

475 2068 641 2122 vestri
669 2083 848 2121 coram
873 2066 1000 2131 Deo,
1025 2075 1083 2120 ut
1109 2067 1270 2120 etiam
1293 2081 1570 2120 numerum
1600 2051 1912 2134 capillorum
1945 2075 2042 2116 ve-

475 2166 708 2212 strorum
735 2157 960 2211 noverit.
1011 2154 1241 2212 Scientia
1275 2155 1484 2210 numeri
1510 2154 1909 2210 demonstratur
1935 2167 2043 2216 non

476 2248 714 2317 ejusdem
770 2248 978 2304 numeri
1025 2249 1382 2304 conservatio.
1443 2247 1622 2302 Nolite
1667 2262 1786 2318 ergo
1842 2246 2042 2311 timere,

450 2337 456 2342 ’
479 2339 656 2394 multis
681 2339 974 2418 passeribus
1003 2338 1234 2394 meliores
1261 2340 1382 2394 estis
1402 2357 1513 2404 vos,
1540 2339 1643 2394 hoc
1678 2344 1762 2392 est
1799 2335 1918 2406 plus
1954 2349 2047 2389 va-

479 2429 622 2494 letis,
651 2438 700 2483 et
728 2429 848 2500 plus
871 2429 1020 2484 chari
1039 2430 1170 2486 estis
1196 2431 1324 2486 Deo.
1367 2430 1599 2485 Melioris
1622 2429 1766 2484 enim
1794 2428 1861 2482 ad
1891 2436 2045 2481 taxa-

480 2520 677 2575 tionem
715 2521 961 2590 pertinet,
996 2521 1245 2576 meliores
1290 2537 1420 2581 vero
1460 2522 1527 2576 ad
1568 2519 2044 2591 comparationem.

481 2609 665 2664 Omnis
713 2626 832 2680 ergo
879 2611 968 2680 qui
1009 2610 1338 2679 conﬁtebitur
1381 2628 1461 2666 me
1508 2627 1683 2666 coram
1733 2609 2042 2672 hominibus,

480 2704 761 2774 conﬁtebor
787 2715 835 2759 et
864 2721 955 2775 ego
986 2721 1102 2759 eum
1129 2721 1302 2759 coram
1347 2704 1506 2760 Patre
1542 2721 1655 2759 meo
1686 2704 1773 2775 qui
1814 2703 1872 2756 in
1908 2700 2045 2756 caelis

479 2804 575 2848 est.
622 2793 898 2850 Confessio
940 2795 1029 2850 hic
1061 2811 1166 2850 non
1193 2794 1364 2850 solum
1390 2809 1539 2859 voce,
1571 2795 1665 2849 sed
1695 2793 1856 2848 etiam
1888 2805 2048 2862 opere

483 2883 817 2955 intelligitur,
845 2885 970 2955 quia
996 2885 1085 2956 qui
1107 2885 1232 2940 dicit
1257 2903 1311 2940 se
1337 2902 1485 2941 nosse
1515 2884 1698 2952 Deum,
1724 2894 1769 2940 et
1800 2883 2048 2939 mandata

480 2975 594 3044 ejus
623 2992 725 3028 non
749 2975 994 3041 custodit,
1024 2975 1250 3031 mendax
1275 2986 1372 3030 est.

556 3064 659 3128 Qui
692 3075 866 3118 autem
899 3068 1158 3134 negaverit
1192 3083 1276 3120 me
1313 3062 1488 3121 coram
1515 3065 1826 3130 hominibus,
1853 3064 2049 3135 negabo
2081 3062 2088 3135 ί

482 3164 529 3207 et
559 3168 650 3222 ego
681 3170 796 3206 eum
838 3170 1015 3207 coram
1056 3153 1217 3208 Patre
1243 3171 1377 3208 meo.
1421 3156 1487 3208 Et
1512 3155 1598 3209 hic
1625 3154 1839 3224 negatio
1867 3165 1922 3209 et
1955 3168 2052 3222 per

482 3261 668 3300 vocem
697 3254 752 3300 et
775 3261 870 3314 per
887 3260 1051 3315 opera
1073 3245 1413 3315 intelligitur;
1452 3254 1507 3301 et
1541 3261 1645 3305 non
1675 3246 1845 3300 solum
1885 3261 2050 3315 nega-

485 3344 569 3388 tor
592 3327 684 3389 Dei
707 3351 817 3389 non
844 3343 1162 3407 agnoscatur
1189 3350 1218 3388 a
1243 3335 1352 3390 Deo
1380 3335 1432 3390 in
1457 3333 1562 3390 alia
1582 3335 1713 3402 vita,
1755 3334 1851 3390 sed
1886 3335 2052 3390 etiam

485 3427 735 3496 ignorans
767 3425 931 3482 Deum
961 3424 1296 3501 ignorabitur
1326 3424 1357 3480 a'
1384 3425 1514 3480 Deo.

1020 3517 1244 3574 CAPUT
1288 3517 1519 3573 XXVIII.

491 3607 644 3672 (‘uod
683 3607 934 3664 Dominus
958 3626 1058 3663 non
1084 3609 1215 3673 vestit
1238 3625 1415 3680 pacem
1441 3610 1659 3673 mittere,
1683 3607 1772 3662 sed
1801 3607 2052 3678 gladium.

560 3698 738 3753 Nolite
772 3689 1190 3771 arbitrari'quod
1227 3700 1450 3754 uenerint
1487 3716 1663 3771 pacem
1703 3701 1923 3765 mittere,
1953 3693 2055 3754 sed

487 3791 740 3861 gladium.
788 3792 1053 3848 Arhitrari
1083 3809 1182 3864 pro
1201 3795 1466 3850 aestimare
1494 3794 1574 3849 vel
1605 3803 1794 3864 putare
1819 3796 2054 3866 ponitur.

489 3881 766 3948 Quomodo
799 3884 1034 3948 esthoc,
1073 3899 1195 3939 cum
1236 3885 1289 3939 in
1328 3884 1431 3939 alio
1465 3884 1582 3939 loco
1626 3885 1879 3939 Dominus
1909 3885 2056 3940 dica-

490 3982 600 4036 tur,
622 3989 800 4042 pacem
825 3973 1057 4044 relinquo
1086 3975 1246 4040 vobis,
1279 3983 1334 4029 et
1361 3975 1448 4030 hic
1477 3975 1638 4040 dicit,
1663 3991 1766 4029 non
1807 3975 1922 4029 veni
1959 3990 2056 4045 pa-

490 4083 600 4120 cein
647 4067 893 4120 mittere?
935 4066 1040 4122 Sed
1079 4067 1354 4123 sciendum
1392 4067 1532 4138 quod
1569 4076 1653 4122 est
1677 4082 1780 4136 pax
1812 4065 1972 4132 bona,
2003 4073 2060 4121 et

489 4167 574 4213 est
618 4173 721 4228 pax
763 4158 922 4212 mala.
978 4157 1202 4224 Quando
1241 4159 1498 4214 Dominus
1535 4159 1588 4213 in
1626 4158 1777 4214 hunc
1799 4158 2058 4225 mundum

489 4249 656 4313 venit,
684 4263 868 4320 pacem
893 4249 1089 4303 malam
1117 4251 1346 4305 mundus
1366 4249 1597 4304 habebat
1617 4250 1671 4304 in
1698 4249 1860 4304 malo.
1913 4248 2058 4304 Misit

491 4341 749 4396 Dominus
778 4340 1119 4412 Evangelium
1141 4357 1318 4407 suum,
1339 4348 1392 4397 et
1413 4347 1691 4412 emperunt
1713 4355 2057 4412 cognoscere,

2129 545 2297 584 nurus
2349 544 2466 598 qum
2510 529 2680 582 lilium
2726 525 2839 595 ejus
2884 526 3062 579 habet.
3105 523 3172 577 Et
3211 525 3409 578 inimici
3446 526 3708 590 hominis,

2128 619 2395 672 domestici
2432 618 2564 688 ejus.
2619 615 2696 672 Ad
2741 616 3035 671 doctrinam
3079 615 3313 686 pertinet
3353 617 3459 670 hoc
3501 625 3710 677 totum,

2129 711 2270 778 quod
2310 720 2494 779 postea
2541 709 2736 772 evenit,
2775 717 2834 761 ut
2867 717 3022 776 pater
3066 715 3209 760 esset
3251 721 3511 776 paganus.
3563 709 3714 761 ﬁlius

2128 799 2478 863 Christianus,
2513 808 2571 854 ut
2605 799 2703 852 fuit
2743 798 2910 852 sancti
2956 796 3099 870 Celsi
3144 795 3226 850 vel
3271 797 3442 851 sancti
3488 797 3714 852 Martini

2130 901 2301 960 pater,
2333 892 2399 946 de
2424 907 2529 962 quo
2556 891 2809 960 scriptum
2835 897 2941 953 est,
2973 889 3144 958 [elices
3171 887 3287 958 ejus
3323 900 3472 948 actus
3505 891 3716 944 inride-

2131 982 2235 1036 bat.
2279 981 2536 1048 Similiter
2573 983 2638 1036 de
2673 980 2919 1035 omnibus
2955 980 3264 1048 parentibus
3301 979 3532 1049 legimus
3556 979 3714 1049 quod

2131 1073 2218 1128 alii
2249 1074 2608 1136 crediderunt,
2640 1073 2727 1126 alii
2761 1088 2886 1134 non,
2925 1080 2980 1125 et
3018 1072 3068 1125 in
3118 1072 3218 1125 hoc
3267 1069 3366 1124 fuit
3405 1075 3710 1141 separatio.

2131 1165 2464 1220 Domesticos
2513 1175 2691 1219 autem
2738 1179 2766 1217 a
2818 1165 2974 1217 domo
3019 1162 3306 1223 derivatur,
3361 1164 3573 1217 scilicet
3621 1164 3711 1232 qui

2132 1255 2288 1309 domo
2330 1262 2452 1308 sunt
2503 1253 2721 1306 assueti.
2773 1251 2876 1317 Qui
2922 1261 3064 1304 amat
3107 1262 3301 1321 patrem
3348 1262 3439 1304 aut
3491 1263 3716 1304 matrem

2131 1343 2247 1413 plus
2271 1359 2425 1414 quam
2454 1359 2554 1406 me,
2579 1359 2676 1396 non
2699 1353 2772 1395 est
2800 1357 2882 1394 me
2916 1341 3125 1410 dignus.
3190 1341 3328 1394 Ecce
3375 1341 3590 1412 gladius
3633 1358 3717 1395 se-

2133 1434 2429 1503 parationis
2459 1433 2526 1488 de
2553 1447 2659 1502 quo
2694 1433 2920 1487 dixerat.
2965 1431 3070 1486 Pro
3103 1433 3207 1487 isto
3235 1433 3427 1503 gladio,
3459 1445 3716 1502 separata

2132 1535 2258 1582 sunt
2286 1521 2450 1580 multa
2489 1525 2652 1579 millia
2691 1533 2997 1579 sanctorum
3047 1540 3076 1577 a
3122 1525 3431 1593 parentibus
3480 1526 3616 1587 suis,
3667 1535 3722 1579 et

2132 1614 2212 1669 sic
2236 1614 2431 1669 debent
2459 1615 2633 1668 adhuc
2667 1612 2843 1667 facere
2871 1627 3057 1666 omnes
3079 1612 3167 1680 qui
3204 1612 3384 1665 volunt
3410 1628 3537 1666 esse
3565 1613 3720 1675 boni,

2133 1688 2188 1760 et
2228 1705 2381 1760 beate
2413 1705 2593 1758 vivere
2631 1705 2684 1758 in
2737 1703 2839 1756 alia
2895 1703 3022 1756 vita.
3072 1702 3169 1757 llic
3217 1702 3411 1759 debent
3460 1704 3749 1757 ordinetn’

2138 1795 2336 1849 amoris
2371 1795 2601 1859 discere,
2629 1794 2769 1864 quod
2808 1808 3000 1862 sponsa
3039 1794 3090 1846 in
3119 1792 3338 1846 Cantico
3365 1792 3722 1847 Canticorum

2138 1884 2371 1956 postulat
2391 1885 2442 1938 in
2468 1899 2526 1938 se
2543 1883 2780 1939 ordinari
2806 1882 3072 1950 inquiens:
3101 1881 3358 1936 Ordinate
3387 1881 3439 1934 in
3472 1898 3561 1935 me
3590 1883 3728 1936 cha-

2139 1978 2376 2032 ritatem.
2423 1975 2564 2030 Ecce
2589 1974 2720 2030 ordo
2755 1991 2767 2027 :
2795 1987 2895 2027 nec
2919 1981 3122 2042 patrem
3158 1987 3254 2026 nec
3294 1980 3524 2025 matrem
3556 1988 3728 2042 super

2141 2067 2331 2132 Deum,
2371 2066 2464 2120 sed
2503 2065 2754 2134 primitus
2799 2063 2999 2126 Deum;
3047 2062 3235 2116 deinde
3277 2071 3554 2130 parentes,

2142 2170 2330 2212 omnes
2355 2153 2709 2209 Christianos.
2766 2152 2823 2206 Si
2863 2160 3038 2206 autem
3088 2150 3330 2205 evenerit
3369 2159 3429 2204 ut
3468 2161 3631 2219 pater
3671 2160 3730 2205 et

2144 2254 2317 2304 mater
2348 2245 2520 2300 nolint
2543 2245 2657 2299 fieri
2679 2244 2990 2308 Christiani,
3026 2241 3110 2297 vel
3139 2242 3283 2304 boni,
3319 2251 3376 2296 et
3405 2258 3512 2296 non
3545 2252 3733 2312 potest
3805 2241 3812 2250 ’

2143 2349 2434 2408 utrumque
2472 2338 2525 2392 in
2567 2336 2724 2391 simul
2775 2335 3036 2404 diligere:
3068 2349 3189 2387 ama
3233 2331 3539 2388 Creatorem
3593 2334 3730 2388 totis

2145 2432 2444 2488 visceribus
2471 2439 2526 2486 et
2555 2429 2762 2484 dimitte
2803 2428 2970 2482 malos
3008 2436 3276 2497 parentes.
3321 2425 3465 2481 Unde
3506 2437 3564 2479 ct
3617 2441 3734 2478 suo

2145 2522 2281 2578 dixit
2320 2520 2618 2591 discipulo:
2645 2519 2857 2573 Dimitte
2899 2529 3126 2572 mortuos
3175 2518 3376 2588 sepelire
3418 2527 3730 2569 mortuum.

2147 2612 2317 2683 Super
2343 2628 2452 2678 me,
2487 2612 2538 2667 id
2579 2619 2681 2675 est,
2731 2610 2823 2681 qui
2864 2609 3089 2678 alicujus
3131 2625 3363 2665 amorem
3391 2624 3509 2662 meo
3539 2610 3731 2663 amori

2144 2705 2379 2776 prmiert.
2428 2703 2550 2758 Non
2589 2713 2664 2759 est
2702 2720 2782 2758 me
2813 2703 2997 2773 dignus
3025 2717 3042 2754 :
3070 2702 3385 2757 subauditur
3405 2701 3730 2769 discipulus.

2216 2796 2285 2850 Et
2329 2796 2420 2867 qui
2461 2811 2564 2848 non
2610 2794 2797 2864 accipit
2835 2811 3037 2848 crucem
3083 2781 3234 2848 suam
3271 2804 3318 2847 et
3355 2793 3594 2863 sequitur
3625 2811 3729 2846 me.

2146 2890 2414 2959 Allegoria
2453 2897 2536 2945 est
2565 2888 2672 2953 hic,
2711 2904 2807 2959 per
2853 2904 3088 2954 crucem,
3129 2888 3602 2944 mortificationem
3651 2888 3734 2940 vi-

2152 2981 2351 3036 tiorum
2377 2980 2563 3036 Volens
2586 2979 2809 3050 intelligi
2837 2994 2937 3034 :ac
2973 2979 3018 3034 si
3046 2979 3186 3033 dicat
3217 2997 3229 3033 :
3260 2979 3359 3045 Qui
3392 2994 3495 3032 non
3530 2978 3729 3031 morti-

2153 3071 2278 3127 ficat
2313 3087 2371 3127 se
2403 3071 2530 3126 huic
2561 3069 2758 3125 saecqu
2781 3079 2835 3124 et
2865 3069 3308 3138 concupiscentiis
3342 3068 3458 3137 ejus
3497 3077 3557 3122 ct
3599 3067 3731 3120 facit

2151 3162 2401 3216 mandata
2425 3175 2563 3224 mea,
2591 3159 2713 3230 quia
2745 3160 2846 3214 hoc
2867 3169 2949 3214 est
2979 3159 3126 3229 sequi
3158 3174 3301 3223 eum,
3331 3175 3435 3214 non
3457 3167 3544 3212 est
3576 3173 3735 3211 meus

2150 3253 2342 3324 dignus
2369 3252 2678 3322 discipulus.
2745 3251 2848 3316 Qui
2885 3253 3076 3306 invenit
3119 3251 3347 3304 animam
3394 3267 3567 3310 suam,
3617 3267 3736 3318 pei—

2149 3343 2235 3398 det
2282 3344 2448 3397 illam.
2501 3344 2604 3397 Per
2657 3343 2892 3397 animam
2941 3343 3050 3396 vita
3105 3342 3336 3397 hominis
3388 3340 3730 3410 intelligitur.

2152 3434 2251 3502 Qui
2281 3433 2486 3488 invenit
2509 3435 2672 3488 vitam
2703 3451 2855 3489 suam
2889 3434 3135 3488 omnibus
3184 3433 3550 3504 voluptatibus
3598 3435 3726 3493 suis,

2151 3525 2342 3595 perdet
2381 3523 2525 3577 illam
2555 3524 2608 3579 in
2636 3523 2736 3578 alia
2766 3525 2895 3577 vita.
2945 3523 3068 3579 Sive
3099 3523 3203 3579 alio
3238 3525 3414 3577 modo.
3467 3521 3530 3577 Si
3583 3539 3732 3576 amas

2153 3613 2385 3668 animam
2417 3623 2585 3680 tuam,
2617 3615 2778 3684 perde
2822 3614 2965 3669 illam
2998 3630 3096 3684 pro
3123 3613 3356 3670 Christo.
3387 3612 3457 3666 Et
3497 3615 3593 3684 qui
3621 3631 3734 3683 per-

2153 3703 2341 3756 diderit
2365 3704 2596 3756 animam
2622 3720 2770 3757 suam
2796 3713 3002 3774 propter
3031 3721 3139 3768 me,
3173 3704 3394 3757 inveniet
3423 3720 3566 3756 eam.
3623 3703 3734 3756 Hoc

2155 3802 2376 3862 apparet
2418 3793 2470 3847 in
2523 3793 2864 3864 martyribus.
2915 3792 3050 3860 Quia
3098 3809 3202 3848 non
3254 3794 3648 3848 dubitaverunt
3683 3793 3732 3846 in

2154 3886 2403 3956 prarsenti
2434 3887 2655 3956 perdere
2676 3887 2882 3941 animas
2907 3901 3006 3956 pro
3029 3887 3263 3950 Christo,
3288 3895 3347 3940 ut
3373 3886 3538 3940 modo
3576 3887 3737 3940 habe-

2158 3987 2344 4032 rentur
2369 3978 2420 4032 in
2448 3978 2614 4049 gloria
2645 3993 2768 4034 cum
2809 3979 2924 4050 ipso
2954 3979 3080 4034 Deo.
3136 3978 3239 4044 Qui
3275 3979 3454 4048 recipit
3491 3995 3614 4041 ros,
3658 3995 3737 4031 me

2157 4067 2355 4137 recipit.
2410 4067 2544 4134 Quia
2581 4076 2910 4144 prmceperat
2943 4069 2986 4122 si
3032 4069 3324 4123 necessitas
3366 4069 3643 4133 eveniret,
3688 4077 3736 4118 ut

2155 4173 2342 4213 omnes
2388 4168 2644 4229 cognatos
2693 4173 2790 4229 pro
2831 4173 2895 4214 eo
2942 4159 3311 4223 dimitterent,
3359 4161 3739 4214 austeritatem

2156 4259 2544 4321 praeceptorum
2573 4291 2588 4317 ,
2643 4251 2962 4306 auctoritate
3018 4261 3282 4322 temperat
3330 4267 3736 4307 coitoessorum.

2161 4340 2262 4406 Qui
2290 4358 2376 4395 vos
2402 4342 2576 4412 recipit
2605 4342 2661 4396 in
2690 4335 2895 4397 honore
2924 4352 2979 4397 et
3005 4343 3057 4396 in
3098 4341 3464 4404 obauditione.
3501 4353 3563 4397 et
3599 4347 3644 4398 si
3679 4347 3742 4396 de

491 4435 616 4502 quia
649 4449 754 4486 non
781 4433 918 4488 bene
944 4433 1338 4487 concordabant
1363 4433 1429 4486 ad
1465 4432 1691 4487 invicem
1717 4447 1731 4484 :
1755 4441 1810 4487 et
1836 4432 2054 4486 missum
2083 4469 2134 4530 Β
2159 4447 2245 4486 me
2271 4447 2429 4502 quem
2451 4433 2633 4487 vident
2657 4448 2846 4502 parum
2883 4433 3110 4497 videtur,
3145 4433 3279 4487 sciat
3306 4432 3398 4503 qui
3430 4449 3510 4485 me
3536 4435 3739 4502 recipit,

493 4522 806 4595 estbellum
849 4521 1068 4584 bonum,
1107 4531 1166 4576 ut
1211 4532 1549 4592 rumperetur
1591 4537 1696 4592 pax
1736 4521 1895 4576 mala.
1940 4521 2055 4576 Tali

494 4614 652 4668 modo
678 4613 869 4668 fecisse
893 4613 1089 4682 legitur
1122 4614 1278 4672 Deus.
1319 4628 1441 4668 cum
1481 4615 1656 4669 omnis
1703 4616 1931 4670 mundus
1965 4614 2057 4684 qni

495 4712 622 4756 tmte
649 4712 822 4768 erant,
865 4711 1319 4772 congregaverunt
1365 4716 1424 4757 se
1463 4713 1521 4756 ut
1559 4703 1797 4759 facerent
1845 4705 2056 4769 turrim,

494 4809 590 4864 per
631 4809 791 4863 quam
834 4795 1041 4864 possint
1079 4793 1358 4863 explorare
1401 4793 1529 4862 quid
1566 4803 1709 4848 esset
1735 4795 1789 4848 in
1817 4795 1975 4861 cmlo,
2005 4805 2060 4850 et

495 4887 658 4941 etiam
688 4900 745 4940 se
767 4883 1050 4940 defendere
1073 4901 1104 4940 a
1131 4885 1328 4942 diluvio
1362 4885 1407 4940 si
1444 4885 1635 4939 iterum
1662 4883 1828 4952 foret;
1871 4895 1964 4940 aut
1991 4885 2060 4940 ab

496 4977 618 5046 igne
648 4977 736 5044 qui
779 4977 1032 5030 mundum
1066 4976 1228 5031 habet
1261 4976 1456 5030 delere.
1505 4973 1731 5029 Immisit
1752 4973 1804 5030 in
1829 4991 1932 5028 una
1960 4991 2059 5030 no-

496 5075 583 5119 cte
629 5066 993 5121 diversitatem
1038 5065 1360 5136 linguarum,
1402 5073 1458 5120 ct
1501 5074 1778 5133 cmperunt
1819 5081 1918 5136 pro
1960 5067 2062 5121 hac

498 5169 661 5209 causa
687 5155 1013 5219 discordare,
1041 5165 1095 5209 et
1119 5155 1437 5209 dimiserunt
1464 5153 1604 5224 quod
1625 5153 1909 5209 faciebant.
1949 5155 2062 5210 Hoc

505 5253 688 5299 tenore
717 5261 838 5300 cum
868 5245 1097 5300 mundus
1129 5245 1462 5299 concordans
1499 5252 1641 5299 esset
1679 5244 1733 5298 in
1777 5246 2063 5302 aderandis

420 5399 422 5401 ν
503 5334 681 5398 idolis,
703 5334 924 5390 immisit
953 5335 1170 5389 verbum
1197 5333 1494 5402 Evangelii,
1533 5343 1588 5388 et
1619 5345 1897 5406 coeperunt
1936 5346 2064 5391 tunc

506 5425 813 5480 discordare
839 5426 995 5488 bene,
1028 5425 1117 5495 qui
1141 5434 1264 5480 ante
1296 5426 1576 5481 unanimes
1611 5426 1664 5481 in
1710 5427 1850 5482 malo
1889 5437 2064 5482 erant.

506 5512 755 5566 Gladium
783 5521 964 5566 autem
990 5514 1120 5568 dicit
1161 5514 1552 5583 scparationem
1576 5517 1747 5582 verbi,
1772 5517 1895 5586 quia
1929 5519 2070 5574 sicut

511 5601 716 5670 gladius
743 5612 956 5672 separat
982 5605 1121 5672 quod
1148 5619 1250 5658 non
1277 5613 1450 5674 potest
1480 5606 1700 5671 reuniri,
1738 5609 1814 5662 sic
1850 5609 2069 5663 verbum

518 5691 610 5745 Dei
631 5694 896 5761 separavit
923 5694 1138 5751 fratrem
1168 5711 1198 5750 a
1226 5694 1408 5764 fratre,
1437 5704 1642 5766 patrem
1671 5713 1699 5752 a
1727 5698 1832 5755 tilio
1850 5740 1864 5767 ,
1893 5710 1949 5755 et
1977 5711 2074 5756 nu-

2160 4523 2336 4592 recipit
2362 4539 2479 4576 eum
2506 4524 2594 4593 qui
2621 4539 2700 4576 me
2729 4524 2889 4590 misit,
2918 4524 2970 4578 id
3004 4532 3086 4577 est
3117 4522 3350 4586 Patrem,
3376 4532 3433 4577 et
3461 4539 3553 4577 me
3583 4525 3639 4578 in
3668 4525 3740 4576 di-

2160 4612 2404 4676 vinitate,
2449 4621 2503 4667 et
2538 4610 2797 4682 Spiritum
2837 4622 3100 4668 sanctum.
3160 4613 3264 4679 Qui
3299 4616 3481 4678 recipit
3510 4617 3738 4684 prophe-

2161 4712 2269 4756 tam
2302 4703 2357 4756 in
2395 4704 2600 4756 nomine
2631 4704 2910 4773 prophetia,
2956 4705 3238 4758 mercedem
3283 4705 3557 4775 propheta!
3607 4707 3740 4759 aeri—

2129 4815 2133 4820 ε
2161 4793 2283 4863 piet.
2335 4793 2434 4846 Dat
2461 4793 2781 4862 exemplum,
2818 4797 2959 4864 quod
2994 4795 3133 4849 sicut
3160 4794 3234 4848 illi
3266 4795 3359 4865 qui
3402 4797 3740 4864 recipiebant

2163 4881 2483 4952 prophetas,
2539 4883 2754 4952 quando
2786 4885 3140 4939 circumibant
3184 4895 3380 4939 terram
3424 4885 3739 4941 Iudaeorum

2165 4971 2401 5026 docendo
2433 4971 2511 5043 (ut
2531 4971 2754 5041 legimus
2778 4973 2830 5026 in
2854 4973 2946 5027 lib.
2982 4973 3135 5046 Regi)
3169 4975 3310 5045 quod
3343 4984 3398 5030 et
3426 4977 3601 5032 cellas
3627 4979 3742 5031 illo-

2165 5077 2284 5116 rum
2308 5071 2362 5115 et
2385 5063 2628 5116 utensilia
2667 5062 2746 5117 eis
2772 5063 3040 5118 habebant
3080 5073 3288 5133 parata,
3337 5079 3668 5136 receperunt
3714 5085 3742 5122 a

2167 5151 2276 5206 Deo
2301 5153 2623 5217 mercedem,
2653 5153 2776 5223 quia
2807 5153 2859 5206 in
2884 5155 3098 5218 nomine
3139 5155 3344 5210 Domini
3381 5158 3636 5214 fccemut
3668 5161 3745 5214 eis

2166 5242 2440 5312 obsequia.
2484 5243 2634 5299 Unde
2662 5243 2748 5298 illa
2773 5244 2964 5299 mulier
2985 5246 3186 5316 recepit
3214 5246 3378 5300 lilium
3401 5263 3563 5302 suum
3595 5265 3746 5304 msu-

2167 5336 2418 5390 scitatum
2450 5335 2518 5388 ab
2546 5336 2679 5400 Elia,
2717 5343 2772 5390 et
2809 5336 2911 5390 alia
2946 5339 3141 5392 meruit
3180 5339 3376 5394 habere
3406 5340 3742 5406 filium‘cunt

2163 5435 2311 5483 esset
2353 5426 2567 5482 sterilis.
2628 5428 2693 5482 Et
2734 5427 2980 5482 Michazas
3025 5429 3152 5499 quia
3197 5430 3481 5508 abscondit
3525 5444 3743 5488 centum

2168 5519 2456 5588 pr0phetas
2491 5527 2546 5572 et
2592 5519 2737 5587 pavit
2767 5534 2860 5572 eos
2899 5528 3136 5589 tempore
3170 5522 3584 5588 persecutionis,
3636 5539 3744 5576 me-

2170 5609 2276 5664 ruit
2302 5610 2594 5678 prophetia}
2622 5609 2890 5680 spiritum,
2913 5619 2965 5663 et
2991 5611 3105 5680 ipse
3131 5619 3215 5665 cst
3247 5611 3598 5667 duodecimus
3625 5629 3746 5682 pro-

2174 5703 2476 5771 phetarum.
2534 5696 2662 5757 Non
2692 5703 2819 5758 dicit
2861 5712 3037 5758 autem
3077 5704 3221 5774 quod
3264 5704 3456 5760 debeat
3501 5706 3744 5772 recipere
