  <div class='ocr_page' id='page_1' title='image "/cluster/home/n/w/nwhite01/storage/ocr_20150623/106/hvd.32044054759717/682.png"; bbox 0 0 3988 6186; ppageno 0'>
   <div class='ocr_carea' id='block_1_1' title="bbox 279 341 415 396">
    <p class='ocr_par' dir='ltr' id='par_1_1' title="bbox 279 341 415 396">
     <span class='ocr_line' id='line_1_1' title="bbox 279 341 415 396; baseline -0.015 -1"><span class='ocrx_word' id='word_1_1' title='bbox 279 343 299 395; x_wconf 83' lang='lat' dir='ltr'><strong>l</strong></span> <span class='ocrx_word' id='word_1_2' title='bbox 314 341 415 396; x_wconf 75' lang='lat'><strong>353</strong></span> 
     </span>
    </p>
   </div>
   <div class='ocr_carea' id='block_1_2' title="bbox 1408 330 2353 395">
    <p class='ocr_par' dir='ltr' id='par_1_2' title="bbox 1408 330 2353 395">
     <span class='ocr_line' id='line_1_2' title="bbox 1408 330 2353 395; baseline -0.002 0"><span class='ocrx_word' id='word_1_3' title='bbox 1408 330 1774 395; x_wconf 73' lang='lat' dir='ltr'><strong>EXPOSITIO</strong></span> <span class='ocrx_word' id='word_1_4' title='bbox 1810 336 1875 393; x_wconf 81' lang='lat' dir='ltr'><strong>IN</strong></span> <span class='ocrx_word' id='word_1_5' title='bbox 1920 336 2353 395; x_wconf 67' lang='lat' dir='ltr'><strong>MATTlM-SUM.</strong></span> 
     </span>
    </p>
   </div>
   <div class='ocr_carea' id='block_1_3' title="bbox 3399 348 3529 403">
    <p class='ocr_par' dir='ltr' id='par_1_3' title="bbox 3399 348 3529 403">
     <span class='ocr_line' id='line_1_3' title="bbox 3399 348 3529 403; baseline 0.015 -2"><span class='ocrx_word' id='word_1_6' title='bbox 3399 348 3419 401; x_wconf 84' lang='lat' dir='ltr'><strong>l</strong></span> <span class='ocrx_word' id='word_1_7' title='bbox 3428 348 3498 403; x_wconf 67' lang='grc' dir='ltr'><strong>5ῗῶ</strong></span> <span class='ocrx_word' id='word_1_8' title='bbox 3508 349 3529 403; x_wconf 73' lang='grc'><strong>1</strong></span> 
     </span>
    </p>
   </div>
   <div class='ocr_carea' id='block_1_4' title="bbox 270 443 3534 522">
    <p class='ocr_par' dir='ltr' id='par_1_4' title="bbox 270 443 3534 522">
     <span class='ocr_line' id='line_1_4' title="bbox 270 443 3534 522; baseline 0 -14"><span class='ocrx_word' id='word_1_9' title='bbox 270 451 576 508; x_wconf 83' lang='lat' dir='ltr'><strong>mercedem</strong></span> <span class='ocrx_word' id='word_1_10' title='bbox 605 452 672 507; x_wconf 86' lang='lat' dir='ltr'><strong>de</strong></span> <span class='ocrx_word' id='word_1_11' title='bbox 693 451 955 522; x_wconf 97' lang='lat' dir='ltr'><strong>propheta</strong></span> <span class='ocrx_word' id='word_1_12' title='bbox 991 450 1073 505; x_wconf 87' lang='lat' dir='ltr'><strong>vel</strong></span> <span class='ocrx_word' id='word_1_13' title='bbox 1111 451 1177 505; x_wconf 93' lang='lat' dir='ltr'><strong>de</strong></span> <span class='ocrx_word' id='word_1_14' title='bbox 1211 449 1383 520; x_wconf 88' lang='lat' dir='ltr'><strong>justo;</strong></span> <span class='ocrx_word' id='word_1_15' title='bbox 1416 450 1510 505; x_wconf 88' lang='lat' dir='ltr'><strong>sed</strong></span> <span class='ocrx_word' id='word_1_16' title='bbox 1550 449 1853 505; x_wconf 79' lang='lat' dir='ltr'><strong>mercedem</strong></span> <span class='ocrx_word' id='word_1_17' title='bbox 1886 457 1933 512; x_wconf 76' lang='grc' dir='ltr'>Α</span> <span class='ocrx_word' id='word_1_18' title='bbox 1960 443 2029 497; x_wconf 87' lang='lat' dir='ltr'><strong>ab</strong></span> <span class='ocrx_word' id='word_1_19' title='bbox 2062 443 2271 499; x_wconf 87' lang='lat' dir='ltr'><strong>llerode</strong></span> <span class='ocrx_word' id='word_1_20' title='bbox 2312 448 2599 512; x_wconf 84' lang='lat' dir='ltr'><strong>tetrarcha,</strong></span> <span class='ocrx_word' id='word_1_21' title='bbox 2633 449 2795 519; x_wconf 75' lang='lat' dir='ltr'><strong>cmpit</strong></span> <span class='ocrx_word' id='word_1_22' title='bbox 2834 450 3093 505; x_wconf 86' lang='lat' dir='ltr'><strong>Dominus</strong></span> <span class='ocrx_word' id='word_1_23' title='bbox 3119 452 3434 521; x_wconf 69' lang='lat' dir='ltr'><strong>praedicare,</strong></span> <span class='ocrx_word' id='word_1_24' title='bbox 3469 470 3534 508; x_wconf 85' lang='lat' dir='ltr'><strong>ne</strong></span> 
     </span>
    </p>
   </div>
   <div class='ocr_carea' id='block_1_5' title="bbox 272 540 1851 614">
    <p class='ocr_par' dir='ltr' id='par_1_5' title="bbox 272 540 1851 614">
     <span class='ocr_line' id='line_1_5' title="bbox 272 540 1851 614; baseline -0.004 -16"><span class='ocrx_word' id='word_1_25' title='bbox 272 544 546 614; x_wconf 72' lang='lat' dir='ltr'><strong>propheta:</strong></span> <span class='ocrx_word' id='word_1_26' title='bbox 578 552 635 596; x_wconf 90' lang='lat' dir='ltr'><strong>et</strong></span> <span class='ocrx_word' id='word_1_27' title='bbox 651 541 804 611; x_wconf 87' lang='lat' dir='ltr'><strong>justi.</strong></span> <span class='ocrx_word' id='word_1_28' title='bbox 853 540 1035 595; x_wconf 83' lang='lat' dir='ltr'><strong>Talem</strong></span> <span class='ocrx_word' id='word_1_29' title='bbox 1070 541 1319 596; x_wconf 88' lang='lat' dir='ltr'><strong>videlicet</strong></span> <span class='ocrx_word' id='word_1_30' title='bbox 1355 540 1681 604; x_wconf 84' lang='lat' dir='ltr'><strong>mercedem,</strong></span> <span class='ocrx_word' id='word_1_31' title='bbox 1715 555 1851 608; x_wconf 86' lang='lat' dir='ltr'><strong>qua—</strong></span> 
     </span>
    </p>
   </div>
   <div class='ocr_carea' id='block_1_6' title="bbox 271 632 1853 703">
    <p class='ocr_par' dir='ltr' id='par_1_6' title="bbox 271 632 1853 703">
     <span class='ocr_line' id='line_1_6' title="bbox 271 632 1853 703; baseline -0.003 -18"><span class='ocrx_word' id='word_1_32' title='bbox 271 634 374 688; x_wconf 91' lang='lat' dir='ltr'><strong>lem</strong></span> <span class='ocrx_word' id='word_1_33' title='bbox 401 633 661 703; x_wconf 87' lang='lat' dir='ltr'><strong>propheta</strong></span> <span class='ocrx_word' id='word_1_34' title='bbox 688 640 743 685; x_wconf 87' lang='lat' dir='ltr'><strong>et</strong></span> <span class='ocrx_word' id='word_1_35' title='bbox 761 632 940 701; x_wconf 90' lang='lat' dir='ltr'><strong>justus</strong></span> <span class='ocrx_word' id='word_1_36' title='bbox 966 632 1236 701; x_wconf 88' lang='lat' dir='ltr'><strong>accepturi</strong></span> <span class='ocrx_word' id='word_1_37' title='bbox 1265 641 1410 694; x_wconf 90' lang='lat' dir='ltr'><strong>sunt,</strong></span> <span class='ocrx_word' id='word_1_38' title='bbox 1440 632 1601 686; x_wconf 88' lang='lat' dir='ltr'><strong>etiam</strong></span> <span class='ocrx_word' id='word_1_39' title='bbox 1624 632 1666 684; x_wconf 91' lang='lat' dir='ltr'><strong>si</strong></span> <span class='ocrx_word' id='word_1_40' title='bbox 1692 632 1853 685; x_wconf 86' lang='lat' dir='ltr'><strong>homo</strong></span> 
     </span>
    </p>
   </div>
   <div class='ocr_carea' id='block_1_7' title="bbox 271 721 1855 791">
    <p class='ocr_par' dir='ltr' id='par_1_7' title="bbox 271 721 1855 791">
     <span class='ocr_line' id='line_1_7' title="bbox 271 721 1855 791; baseline 0 -16"><span class='ocrx_word' id='word_1_41' title='bbox 271 737 376 776; x_wconf 87' lang='lat' dir='ltr'><strong>non</strong></span> <span class='ocrx_word' id='word_1_42' title='bbox 406 731 488 776; x_wconf 87' lang='lat' dir='ltr'><strong>est</strong></span> <span class='ocrx_word' id='word_1_43' title='bbox 513 722 772 791; x_wconf 75' lang='lat' dir='ltr'><strong>propheta</strong></span> <span class='ocrx_word' id='word_1_44' title='bbox 809 736 983 790; x_wconf 90' lang='lat' dir='ltr'><strong>neque</strong></span> <span class='ocrx_word' id='word_1_45' title='bbox 1016 721 1215 789; x_wconf 89' lang='lat' dir='ltr'><strong>justus,</strong></span> <span class='ocrx_word' id='word_1_46' title='bbox 1251 729 1305 777; x_wconf 87' lang='lat' dir='ltr'><strong>et</strong></span> <span class='ocrx_word' id='word_1_47' title='bbox 1342 723 1487 775; x_wconf 86' lang='lat' dir='ltr'><strong>venit</strong></span> <span class='ocrx_word' id='word_1_48' title='bbox 1536 722 1589 775; x_wconf 92' lang='lat' dir='ltr'><strong>in</strong></span> <span class='ocrx_word' id='word_1_49' title='bbox 1640 722 1855 775; x_wconf 85' lang='lat' dir='ltr'><strong>nomine</strong></span> 
     </span>
    </p>
   </div>
   <div class='ocr_carea' id='block_1_8' title="bbox 270 814 1856 882">
    <p class='ocr_par' dir='ltr' id='par_1_8' title="bbox 270 814 1856 882">
     <span class='ocr_line' id='line_1_8' title="bbox 270 814 1856 882; baseline -0.003 -14"><span class='ocrx_word' id='word_1_50' title='bbox 270 814 481 868; x_wconf 84' lang='lat' dir='ltr'><strong>Domini</strong></span> <span class='ocrx_word' id='word_1_51' title='bbox 537 815 606 868; x_wconf 88' lang='lat' dir='ltr'><strong>ad</strong></span> <span class='ocrx_word' id='word_1_52' title='bbox 654 828 752 868; x_wconf 87' lang='lat' dir='ltr'><strong>nos</strong></span> <span class='ocrx_word' id='word_1_53' title='bbox 784 852 797 877; x_wconf 91' lang='lat'><strong>,</strong></span> <span class='ocrx_word' id='word_1_54' title='bbox 839 821 893 867; x_wconf 88' lang='lat' dir='ltr'><strong>et</strong></span> <span class='ocrx_word' id='word_1_55' title='bbox 939 828 1038 868; x_wconf 89' lang='lat' dir='ltr'><strong>nos</strong></span> <span class='ocrx_word' id='word_1_56' title='bbox 1074 814 1344 868; x_wconf 89' lang='lat' dir='ltr'><strong>credimus</strong></span> <span class='ocrx_word' id='word_1_57' title='bbox 1380 814 1521 882; x_wconf 72' lang='lat' dir='ltr'><strong>quod</strong></span> <span class='ocrx_word' id='word_1_58' title='bbox 1560 814 1631 866; x_wconf 87' lang='lat' dir='ltr'><strong>ita</strong></span> <span class='ocrx_word' id='word_1_59' title='bbox 1670 814 1760 876; x_wconf 89' lang='lat' dir='ltr'><strong>sit,</strong></span> <span class='ocrx_word' id='word_1_60' title='bbox 1801 821 1856 865; x_wconf 88' lang='lat' dir='ltr'><strong>et</strong></span> 
     </span>
    </p>
   </div>
   <div class='ocr_carea' id='block_1_9' title="bbox 269 902 1856 973">
    <p class='ocr_par' dir='ltr' id='par_1_9' title="bbox 269 902 1856 973">
     <span class='ocr_line' id='line_1_9' title="bbox 269 902 1856 973; baseline -0.002 -15"><span class='ocrx_word' id='word_1_61' title='bbox 269 905 462 958; x_wconf 85' lang='lat' dir='ltr'><strong>damus</strong></span> <span class='ocrx_word' id='word_1_62' title='bbox 510 903 560 957; x_wconf 90' lang='lat' dir='ltr'><strong>ei</strong></span> <span class='ocrx_word' id='word_1_63' title='bbox 610 904 913 958; x_wconf 81' lang='lat' dir='ltr'><strong>necessaria</strong></span> <span class='ocrx_word' id='word_1_64' title='bbox 961 912 1181 973; x_wconf 78' lang='lat' dir='ltr'><strong>propt-r</strong></span> <span class='ocrx_word' id='word_1_65' title='bbox 1228 918 1421 957; x_wconf 88' lang='lat' dir='ltr'><strong>nomen</strong></span> <span class='ocrx_word' id='word_1_66' title='bbox 1473 902 1724 965; x_wconf 63' lang='lat' dir='ltr'><strong>Domini;</strong></span> <span class='ocrx_word' id='word_1_67' title='bbox 1768 902 1856 955; x_wconf 88' lang='lat' dir='ltr'><strong>ille</strong></span> 
     </span>
    </p>
   </div>
   <div class='ocr_carea' id='block_1_10' title="bbox 267 993 1857 1065">
    <p class='ocr_par' dir='ltr' id='par_1_10' title="bbox 267 993 1857 1065">
     <span class='ocr_line' id='line_1_10' title="bbox 267 993 1857 1065; baseline -0.001 -17"><span class='ocrx_word' id='word_1_68' title='bbox 267 995 533 1050; x_wconf 80' lang='lat' dir='ltr'><strong>mendacii</strong></span> <span class='ocrx_word' id='word_1_69' title='bbox 557 1010 746 1065; x_wconf 65' lang='lat' dir='ltr'><strong>poenas</strong></span> <span class='ocrx_word' id='word_1_70' title='bbox 775 995 1038 1059; x_wconf 79' lang='lat' dir='ltr'><strong>exsolvet,</strong></span> <span class='ocrx_word' id='word_1_71' title='bbox 1071 1011 1167 1049; x_wconf 87' lang='lat' dir='ltr'><strong>nos</strong></span> <span class='ocrx_word' id='word_1_72' title='bbox 1191 1010 1319 1049; x_wconf 84' lang='lat' dir='ltr'><strong>vero</strong></span> <span class='ocrx_word' id='word_1_73' title='bbox 1345 1010 1446 1048; x_wconf 91' lang='lat' dir='ltr'><strong>non</strong></span> <span class='ocrx_word' id='word_1_74' title='bbox 1473 993 1857 1048; x_wconf 84' lang='lat' dir='ltr'><strong>frustrabimur</strong></span> 
     </span>
    </p>
   </div>
   <div class='ocr_carea' id='block_1_11' title="bbox 268 1084 1851 1155">
    <p class='ocr_par' dir='ltr' id='par_1_11' title="bbox 268 1084 1851 1155">
     <span class='ocr_line' id='line_1_11' title="bbox 268 1084 1851 1155; baseline -0.001 -18"><span class='ocrx_word' id='word_1_75' title='bbox 268 1085 538 1149; x_wconf 82' lang='lat' dir='ltr'><strong>mercede,</strong></span> <span class='ocrx_word' id='word_1_76' title='bbox 595 1101 757 1155; x_wconf 89' lang='lat' dir='ltr'><strong>quam</strong></span> <span class='ocrx_word' id='word_1_77' title='bbox 803 1086 856 1138; x_wconf 91' lang='lat' dir='ltr'><strong>in</strong></span> <span class='ocrx_word' id='word_1_78' title='bbox 906 1085 1122 1139; x_wconf 87' lang='lat' dir='ltr'><strong>nomine</strong></span> <span class='ocrx_word' id='word_1_79' title='bbox 1171 1085 1378 1139; x_wconf 86' lang='lat' dir='ltr'><strong>Domini</strong></span> <span class='ocrx_word' id='word_1_80' title='bbox 1420 1084 1596 1155; x_wconf 78' lang='lat' dir='ltr'><strong>largiti</strong></span> <span class='ocrx_word' id='word_1_81' title='bbox 1646 1099 1851 1147; x_wconf 89' lang='lat' dir='ltr'><strong>sumus,</strong></span> 
     </span>
    </p>
   </div>
   <div class='ocr_carea' id='block_1_12' title="bbox 265 1174 1852 1245">
    <p class='ocr_par' dir='ltr' id='par_1_12' title="bbox 265 1174 1852 1245">
     <span class='ocr_line' id='line_1_12' title="bbox 265 1174 1852 1245; baseline -0.001 -17"><span class='ocrx_word' id='word_1_82' title='bbox 265 1175 394 1243; x_wconf 86' lang='lat' dir='ltr'><strong>quia</strong></span> <span class='ocrx_word' id='word_1_83' title='bbox 429 1175 735 1245; x_wconf 86' lang='lat' dir='ltr'><strong>quicunque</strong></span> <span class='ocrx_word' id='word_1_84' title='bbox 771 1174 965 1229; x_wconf 89' lang='lat' dir='ltr'><strong>Judam</strong></span> <span class='ocrx_word' id='word_1_85' title='bbox 1020 1175 1335 1229; x_wconf 86' lang='lat' dir='ltr'><strong>traditorem</strong></span> <span class='ocrx_word' id='word_1_86' title='bbox 1385 1174 1438 1228; x_wconf 91' lang='lat' dir='ltr'><strong>in</strong></span> <span class='ocrx_word' id='word_1_87' title='bbox 1486 1175 1702 1229; x_wconf 88' lang='lat' dir='ltr'><strong>nomi.:c</strong></span> <span class='ocrx_word' id='word_1_88' title='bbox 1749 1174 1852 1227; x_wconf 88' lang='lat' dir='ltr'><strong>Do-</strong></span> 
     </span>
    </p>
   </div>
   <div class='ocr_carea' id='block_1_13' title="bbox 266 1264 1854 1335">
    <p class='ocr_par' dir='ltr' id='par_1_13' title="bbox 266 1264 1854 1335">
     <span class='ocr_line' id='line_1_13' title="bbox 266 1264 1854 1335; baseline 0 -18"><span class='ocrx_word' id='word_1_89' title='bbox 266 1265 398 1318; x_wconf 84' lang='lat' dir='ltr'><strong>mini</strong></span> <span class='ocrx_word' id='word_1_90' title='bbox 442 1273 795 1335; x_wconf 86' lang='lat' dir='ltr'><strong>susceperunt</strong></span> <span class='ocrx_word' id='word_1_91' title='bbox 831 1279 897 1319; x_wconf 89' lang='lat' dir='ltr'><strong>eo</strong></span> <span class='ocrx_word' id='word_1_92' title='bbox 930 1274 1169 1334; x_wconf 89' lang='lat' dir='ltr'><strong>tempore</strong></span> <span class='ocrx_word' id='word_1_93' title='bbox 1197 1281 1304 1334; x_wconf 83' lang='lat' dir='ltr'><strong>quo</strong></span> <span class='ocrx_word' id='word_1_94' title='bbox 1334 1264 1618 1318; x_wconf 90' lang='lat' dir='ltr'><strong>Dominum</strong></span> <span class='ocrx_word' id='word_1_95' title='bbox 1660 1279 1854 1333; x_wconf 72' lang='lat' dir='ltr'><strong>seque-</strong></span> 
     </span>
    </p>
   </div>
   <div class='ocr_carea' id='block_1_14' title="bbox 265 1357 1852 1428">
    <p class='ocr_par' dir='ltr' id='par_1_14' title="bbox 265 1357 1852 1428">
     <span class='ocr_line' id='line_1_14' title="bbox 265 1357 1852 1428; baseline -0.002 -16"><span class='ocrx_word' id='word_1_96' title='bbox 265 1360 450 1425; x_wconf 79' lang='lat' dir='ltr'><strong>batur,</strong></span> <span class='ocrx_word' id='word_1_97' title='bbox 490 1361 736 1414; x_wconf 88' lang='lat' dir='ltr'><strong>eamdem</strong></span> <span class='ocrx_word' id='word_1_98' title='bbox 781 1360 1085 1414; x_wconf 87' lang='lat' dir='ltr'><strong>mercedem</strong></span> <span class='ocrx_word' id='word_1_99' title='bbox 1136 1358 1442 1413; x_wconf 89' lang='lat' dir='ltr'><strong>habuerunt</strong></span> <span class='ocrx_word' id='word_1_100' title='bbox 1470 1357 1610 1428; x_wconf 88' lang='lat' dir='ltr'><strong>apud</strong></span> <span class='ocrx_word' id='word_1_101' title='bbox 1662 1358 1852 1421; x_wconf 86' lang='lat' dir='ltr'><strong>Deum,</strong></span> 
     </span>
    </p>
   </div>
   <div class='ocr_carea' id='block_1_15' title="bbox 262 1450 1849 1521">
    <p class='ocr_par' dir='ltr' id='par_1_15' title="bbox 262 1450 1849 1521">
     <span class='ocr_line' id='line_1_15' title="bbox 262 1450 1849 1521; baseline 0.002 -18"><span class='ocrx_word' id='word_1_102' title='bbox 262 1466 430 1521; x_wconf 82' lang='lat' dir='ltr'><strong>quam</strong></span> <span class='ocrx_word' id='word_1_103' title='bbox 468 1459 525 1506; x_wconf 91' lang='lat' dir='ltr'><strong>et</strong></span> <span class='ocrx_word' id='word_1_104' title='bbox 551 1450 626 1505; x_wconf 91' lang='lat' dir='ltr'><strong>illi</strong></span> <span class='ocrx_word' id='word_1_105' title='bbox 668 1451 762 1521; x_wconf 91' lang='lat' dir='ltr'><strong>qui</strong></span> <span class='ocrx_word' id='word_1_106' title='bbox 802 1450 1021 1506; x_wconf 88' lang='lat' dir='ltr'><strong>Petrum</strong></span> <span class='ocrx_word' id='word_1_107' title='bbox 1073 1458 1128 1505; x_wconf 88' lang='lat' dir='ltr'><strong>et</strong></span> <span class='ocrx_word' id='word_1_108' title='bbox 1172 1450 1433 1504; x_wconf 83' lang='lat' dir='ltr'><strong>Joannem</strong></span> <span class='ocrx_word' id='word_1_109' title='bbox 1483 1459 1849 1519; x_wconf 79' lang='lat' dir='ltr'><strong>susceperunt.</strong></span> 
     </span>
    </p>
   </div>
   <div class='ocr_carea' id='block_1_16' title="bbox 263 1538 1856 1609">
    <p class='ocr_par' dir='ltr' id='par_1_16' title="bbox 263 1538 1856 1609">
     <span class='ocr_line' id='line_1_16' title="bbox 263 1538 1856 1609; baseline -0.001 -17"><span class='ocrx_word' id='word_1_110' title='bbox 263 1539 391 1608; x_wconf 83' lang='lat' dir='ltr'><strong>quia</strong></span> <span class='ocrx_word' id='word_1_111' title='bbox 420 1553 558 1594; x_wconf 85' lang='lat' dir='ltr'><strong>unus</strong></span> <span class='ocrx_word' id='word_1_112' title='bbox 578 1547 699 1594; x_wconf 87' lang='lat' dir='ltr'><strong>erat</strong></span> <span class='ocrx_word' id='word_1_113' title='bbox 726 1548 854 1593; x_wconf 87' lang='lat' dir='ltr'><strong>tunc</strong></span> <span class='ocrx_word' id='word_1_114' title='bbox 882 1538 1048 1594; x_wconf 84' lang='lat' dir='ltr'><strong>Judas</strong></span> <span class='ocrx_word' id='word_1_115' title='bbox 1078 1540 1145 1593; x_wconf 90' lang='lat' dir='ltr'><strong>de</strong></span> <span class='ocrx_word' id='word_1_116' title='bbox 1174 1539 1298 1604; x_wconf 83' lang='lat' dir='ltr'><strong>illis,</strong></span> <span class='ocrx_word' id='word_1_117' title='bbox 1335 1540 1400 1592; x_wconf 89' lang='lat' dir='ltr'><strong>ad</strong></span> <span class='ocrx_word' id='word_1_118' title='bbox 1432 1555 1568 1609; x_wconf 90' lang='lat' dir='ltr'><strong>quos</strong></span> <span class='ocrx_word' id='word_1_119' title='bbox 1608 1540 1721 1593; x_wconf 73' lang='lat' dir='ltr'><strong>btec</strong></span> <span class='ocrx_word' id='word_1_120' title='bbox 1754 1539 1856 1591; x_wconf 84' lang='lat' dir='ltr'><strong>Do-</strong></span> 
     </span>
    </p>
   </div>
   <div class='ocr_carea' id='block_1_17' title="bbox 264 1632 1854 1703">
    <p class='ocr_par' dir='ltr' id='par_1_17' title="bbox 264 1632 1854 1703">
     <span class='ocr_line' id='line_1_17' title="bbox 264 1632 1854 1703; baseline 0 -18"><span class='ocrx_word' id='word_1_121' title='bbox 264 1633 445 1688; x_wconf 84' lang='lat' dir='ltr'><strong>minus</strong></span> <span class='ocrx_word' id='word_1_122' title='bbox 467 1632 806 1703; x_wconf 83' lang='lat' dir='ltr'><strong>loquebatur.</strong></span> <span class='ocrx_word' id='word_1_123' title='bbox 858 1632 974 1687; x_wconf 89' lang='lat' dir='ltr'><strong>Non</strong></span> <span class='ocrx_word' id='word_1_124' title='bbox 1006 1632 1150 1686; x_wconf 89' lang='lat' dir='ltr'><strong>enim</strong></span> <span class='ocrx_word' id='word_1_125' title='bbox 1181 1632 1340 1685; x_wconf 80' lang='lat' dir='ltr'><strong>debet</strong></span> <span class='ocrx_word' id='word_1_126' title='bbox 1374 1632 1703 1686; x_wconf 87' lang='lat' dir='ltr'><strong>considerari</strong></span> <span class='ocrx_word' id='word_1_127' title='bbox 1736 1647 1854 1700; x_wconf 78' lang='lat' dir='ltr'><strong>per-</strong></span> 
     </span>
    </p>
   </div>
   <div class='ocr_carea' id='block_1_18' title="bbox 264 1722 1853 1793">
    <p class='ocr_par' dir='ltr' id='par_1_18' title="bbox 264 1722 1853 1793">
     <span class='ocr_line' id='line_1_18' title="bbox 264 1722 1853 1793; baseline -0.002 -16"><span class='ocrx_word' id='word_1_128' title='bbox 264 1738 400 1778; x_wconf 85' lang='lat' dir='ltr'><strong>sona</strong></span> <span class='ocrx_word' id='word_1_129' title='bbox 427 1724 609 1787; x_wconf 90' lang='lat' dir='ltr'><strong>missi,</strong></span> <span class='ocrx_word' id='word_1_130' title='bbox 637 1724 730 1778; x_wconf 89' lang='lat' dir='ltr'><strong>sed</strong></span> <span class='ocrx_word' id='word_1_131' title='bbox 756 1723 1025 1778; x_wconf 87' lang='lat' dir='ltr'><strong>mittentis</strong></span> <span class='ocrx_word' id='word_1_132' title='bbox 1062 1722 1294 1776; x_wconf 89' lang='lat' dir='ltr'><strong>Domini.</strong></span> <span class='ocrx_word' id='word_1_133' title='bbox 1349 1722 1416 1775; x_wconf 78' lang='lat' dir='ltr'><strong>Et</strong></span> <span class='ocrx_word' id='word_1_134' title='bbox 1445 1725 1737 1793; x_wconf 83' lang='lat' dir='ltr'><strong>quicunque</strong></span> <span class='ocrx_word' id='word_1_135' title='bbox 1763 1740 1853 1793; x_wconf 84' lang='lat' dir='ltr'><strong>po-</strong></span> 
     </span>
    </p>
   </div>
   <div class='ocr_carea' id='block_1_19' title="bbox 1956 535 3536 609">
    <p class='ocr_par' dir='ltr' id='par_1_19' title="bbox 1956 535 3536 609">
     <span class='ocr_line' id='line_1_19' title="bbox 1956 535 3536 609; baseline 0.007 -24"><span class='ocrx_word' id='word_1_136' title='bbox 1956 535 2165 588; x_wconf 86' lang='lat' dir='ltr'><strong>decsset</strong></span> <span class='ocrx_word' id='word_1_137' title='bbox 2194 535 2372 589; x_wconf 89' lang='lat' dir='ltr'><strong>lsraeli</strong></span> <span class='ocrx_word' id='word_1_138' title='bbox 2409 538 2625 591; x_wconf 82' lang='lat' dir='ltr'><strong>verbum</strong></span> <span class='ocrx_word' id='word_1_139' title='bbox 2652 539 2889 594; x_wconf 87' lang='lat' dir='ltr'><strong>divinum</strong></span> <span class='ocrx_word' id='word_1_140' title='bbox 2914 551 3032 609; x_wconf 89' lang='lat' dir='ltr'><strong>post</strong></span> <span class='ocrx_word' id='word_1_141' title='bbox 3054 539 3335 597; x_wconf 76' lang='lat' dir='ltr'><strong>Joannem.</strong></span> <span class='ocrx_word' id='word_1_142' title='bbox 3372 542 3536 598; x_wconf 86' lang='lat' dir='ltr'><strong>Joan-</strong></span> 
     </span>
    </p>
   </div>
   <div class='ocr_carea' id='block_1_20' title="bbox 1959 626 3533 695">
    <p class='ocr_par' dir='ltr' id='par_1_20' title="bbox 1959 626 3533 695">
     <span class='ocr_line' id='line_1_20' title="bbox 1959 626 3533 695; baseline 0.008 -19"><span class='ocrx_word' id='word_1_143' title='bbox 1959 639 2053 677; x_wconf 88' lang='lat' dir='ltr'><strong>nes</strong></span> <span class='ocrx_word' id='word_1_144' title='bbox 2092 633 2268 679; x_wconf 86' lang='lat' dir='ltr'><strong>autem</strong></span> <span class='ocrx_word' id='word_1_145' title='bbox 2312 626 2730 695; x_wconf 81' lang='lat' dir='ltr'><strong>comprehensus</strong></span> <span class='ocrx_word' id='word_1_146' title='bbox 2773 639 2855 684; x_wconf 88' lang='lat' dir='ltr'><strong>est</strong></span> <span class='ocrx_word' id='word_1_147' title='bbox 2904 631 2971 685; x_wconf 85' lang='lat' dir='ltr'><strong>ab</strong></span> <span class='ocrx_word' id='word_1_148' title='bbox 3006 630 3216 688; x_wconf 84' lang='lat' dir='ltr'><strong>llcrodc</strong></span> <span class='ocrx_word' id='word_1_149' title='bbox 3262 635 3533 690; x_wconf 84' lang='lat' dir='ltr'><strong>tetrarcha</strong></span> 
     </span>
    </p>
   </div>
   <div class='ocr_carea' id='block_1_21' title="bbox 1958 711 3537 777">
    <p class='ocr_par' dir='ltr' id='par_1_21' title="bbox 1958 711 3537 777">
     <span class='ocr_line' id='line_1_21' title="bbox 1958 711 3537 777; baseline 0.009 -14"><span class='ocrx_word' id='word_1_150' title='bbox 1958 711 2066 766; x_wconf 83' lang='lat' dir='ltr'><strong>ﬁlio</strong></span> <span class='ocrx_word' id='word_1_151' title='bbox 2097 712 2342 777; x_wconf 78' lang='lat' dir='ltr'><strong>Herodis,</strong></span> <span class='ocrx_word' id='word_1_152' title='bbox 2379 726 2434 769; x_wconf 86' lang='lat' dir='ltr'><strong>et</strong></span> <span class='ocrx_word' id='word_1_153' title='bbox 2471 716 2666 770; x_wconf 86' lang='lat' dir='ltr'><strong>missus</strong></span> <span class='ocrx_word' id='word_1_154' title='bbox 2702 726 2786 771; x_wconf 89' lang='lat' dir='ltr'><strong>est</strong></span> <span class='ocrx_word' id='word_1_155' title='bbox 2812 718 2865 772; x_wconf 91' lang='lat' dir='ltr'><strong>in</strong></span> <span class='ocrx_word' id='word_1_156' title='bbox 2893 735 3163 775; x_wconf 89' lang='lat' dir='ltr'><strong>carcerem</strong></span> <span class='ocrx_word' id='word_1_157' title='bbox 3189 723 3318 777; x_wconf 87' lang='lat' dir='ltr'><strong>etin</strong></span> <span class='ocrx_word' id='word_1_158' title='bbox 3345 723 3537 777; x_wconf 51' lang='lat' dir='ltr'><strong>vineuv</strong></span> 
     </span>
    </p>
   </div>
   <div class='ocr_carea' id='block_1_22' title="bbox 1958 802 3532 881">
    <p class='ocr_par' dir='ltr' id='par_1_22' title="bbox 1958 802 3532 881">
     <span class='ocr_line' id='line_1_22' title="bbox 1958 802 3532 881; baseline 0.01 -27"><span class='ocrx_word' id='word_1_159' title='bbox 1958 802 2059 856; x_wconf 84' lang='lat' dir='ltr'><strong>lis:</strong></span> <span class='ocrx_word' id='word_1_160' title='bbox 2086 805 2209 873; x_wconf 87' lang='lat' dir='ltr'><strong>quia</strong></span> <span class='ocrx_word' id='word_1_161' title='bbox 2249 806 2488 862; x_wconf 79' lang='lat' dir='ltr'><strong>Herodes</strong></span> <span class='ocrx_word' id='word_1_162' title='bbox 2523 818 2804 878; x_wconf 86' lang='lat' dir='ltr'><strong>acceperat</strong></span> <span class='ocrx_word' id='word_1_163' title='bbox 2834 827 3058 866; x_wconf 87' lang='lat' dir='ltr'><strong>uxorem</strong></span> <span class='ocrx_word' id='word_1_164' title='bbox 3083 815 3268 869; x_wconf 75' lang='lat' dir='ltr'><strong>fratris</strong></span> <span class='ocrx_word' id='word_1_165' title='bbox 3291 815 3392 881; x_wconf 89' lang='lat' dir='ltr'><strong>sui,</strong></span> <span class='ocrx_word' id='word_1_166' title='bbox 3426 834 3532 871; x_wconf 89' lang='lat' dir='ltr'><strong>nou</strong></span> 
     </span>
    </p>
   </div>
   <div class='ocr_carea' id='block_1_23' title="bbox 1957 898 3536 973">
    <p class='ocr_par' dir='ltr' id='par_1_23' title="bbox 1957 898 3536 973">
     <span class='ocr_line' id='line_1_23' title="bbox 1957 898 3536 973; baseline 0.01 -26"><span class='ocrx_word' id='word_1_167' title='bbox 1957 903 2135 950; x_wconf 87' lang='lat' dir='ltr'><strong>tamen</strong></span> <span class='ocrx_word' id='word_1_168' title='bbox 2160 898 2205 951; x_wconf 89' lang='lat' dir='ltr'><strong>ei</strong></span> <span class='ocrx_word' id='word_1_169' title='bbox 2240 899 2353 967; x_wconf 87' lang='lat' dir='ltr'><strong>ipse</strong></span> <span class='ocrx_word' id='word_1_170' title='bbox 2379 899 2616 955; x_wconf 76' lang='lat' dir='ltr'><strong>Herodes</strong></span> <span class='ocrx_word' id='word_1_171' title='bbox 2639 901 2853 967; x_wconf 87' lang='lat' dir='ltr'><strong>tulerat,</strong></span> <span class='ocrx_word' id='word_1_172' title='bbox 2879 904 2972 958; x_wconf 90' lang='lat' dir='ltr'><strong>sed</strong></span> <span class='ocrx_word' id='word_1_173' title='bbox 3012 915 3165 973; x_wconf 87' lang='lat' dir='ltr'><strong>pater</strong></span> <span class='ocrx_word' id='word_1_174' title='bbox 3198 908 3381 963; x_wconf 75' lang='lat' dir='ltr'><strong>uxoris</strong></span> <span class='ocrx_word' id='word_1_175' title='bbox 3405 909 3536 963; x_wconf 84' lang='lat' dir='ltr'><strong>tule-</strong></span> 
     </span>
    </p>
   </div>
   <div class='ocr_carea' id='block_1_24' title="bbox 1957 989 3537 1063">
    <p class='ocr_par' dir='ltr' id='par_1_24' title="bbox 1957 989 3537 1063">
     <span class='ocr_line' id='line_1_24' title="bbox 1957 989 3537 1063; baseline 0.008 -23"><span class='ocrx_word' id='word_1_176' title='bbox 1957 995 2042 1040; x_wconf 79' lang='lat' dir='ltr'><strong>rat</strong></span> <span class='ocrx_word' id='word_1_177' title='bbox 2088 1002 2207 1041; x_wconf 88' lang='lat' dir='ltr'><strong>eam</strong></span> <span class='ocrx_word' id='word_1_178' title='bbox 2266 1004 2294 1041; x_wconf 89' lang='lat' dir='ltr'><strong>a</strong></span> <span class='ocrx_word' id='word_1_179' title='bbox 2352 989 2597 1060; x_wconf 82' lang='lat' dir='ltr'><strong>Philippo</strong></span> <span class='ocrx_word' id='word_1_180' title='bbox 2648 1008 2747 1062; x_wconf 91' lang='lat' dir='ltr'><strong>pro</strong></span> <span class='ocrx_word' id='word_1_181' title='bbox 2803 995 3123 1063; x_wconf 81' lang='lat' dir='ltr'><strong>quibusdam</strong></span> <span class='ocrx_word' id='word_1_182' title='bbox 3177 997 3537 1052; x_wconf 59' lang='lat' dir='ltr'><strong>simultatibus</strong></span> 
     </span>
    </p>
   </div>
   <div class='ocr_carea' id='block_1_25' title="bbox 1956 1080 3535 1158">
    <p class='ocr_par' dir='ltr' id='par_1_25' title="bbox 1956 1080 3535 1158">
     <span class='ocr_line' id='line_1_25' title="bbox 1956 1080 3535 1158; baseline 0.006 -27"><span class='ocrx_word' id='word_1_183' title='bbox 1956 1080 2160 1133; x_wconf 74' lang='lat' dir='ltr'><strong>exortis</strong></span> <span class='ocrx_word' id='word_1_184' title='bbox 2198 1080 2339 1134; x_wconf 88' lang='lat' dir='ltr'><strong>inter</strong></span> <span class='ocrx_word' id='word_1_185' title='bbox 2373 1095 2485 1144; x_wconf 87' lang='lat' dir='ltr'><strong>eos,</strong></span> <span class='ocrx_word' id='word_1_186' title='bbox 2518 1090 2572 1136; x_wconf 91' lang='lat' dir='ltr'><strong>et</strong></span> <span class='ocrx_word' id='word_1_187' title='bbox 2608 1083 2827 1137; x_wconf 89' lang='lat' dir='ltr'><strong>dederat</strong></span> <span class='ocrx_word' id='word_1_188' title='bbox 2863 1101 2982 1139; x_wconf 84' lang='lat' dir='ltr'><strong>eam</strong></span> <span class='ocrx_word' id='word_1_189' title='bbox 3022 1085 3236 1150; x_wconf 83' lang='lat' dir='ltr'><strong>Herodi,</strong></span> <span class='ocrx_word' id='word_1_190' title='bbox 3262 1089 3386 1157; x_wconf 88' lang='lat' dir='ltr'><strong>quia</strong></span> <span class='ocrx_word' id='word_1_191' title='bbox 3423 1088 3535 1158; x_wconf 87' lang='lat' dir='ltr'><strong>ipse</strong></span> 
     </span>
    </p>
   </div>
   <div class='ocr_carea' id='block_1_26' title="bbox 1957 1168 3529 1243">
    <p class='ocr_par' dir='ltr' id='par_1_26' title="bbox 1957 1168 3529 1243">
     <span class='ocr_line' id='line_1_26' title="bbox 1957 1168 3529 1243; baseline 0.008 -22"><span class='ocrx_word' id='word_1_192' title='bbox 1957 1168 2195 1225; x_wconf 80' lang='lat' dir='ltr'><strong>Herodes</strong></span> <span class='ocrx_word' id='word_1_193' title='bbox 2250 1171 2471 1240; x_wconf 86' lang='lat' dir='ltr'><strong>majoris</strong></span> <span class='ocrx_word' id='word_1_194' title='bbox 2529 1175 2809 1242; x_wconf 88' lang='lat' dir='ltr'><strong>potestatis</strong></span> <span class='ocrx_word' id='word_1_195' title='bbox 2858 1184 2992 1229; x_wconf 86' lang='lat' dir='ltr'><strong>erat.</strong></span> <span class='ocrx_word' id='word_1_196' title='bbox 3037 1177 3273 1231; x_wconf 79' lang='lat' dir='ltr'><strong>Joannes</strong></span> <span class='ocrx_word' id='word_1_197' title='bbox 3326 1189 3529 1243; x_wconf 89' lang='lat' dir='ltr'><strong>autem,</strong></span> 
     </span>
    </p>
   </div>
   <div class='ocr_carea' id='block_1_27' title="bbox 1955 1262 3532 1335">
    <p class='ocr_par' dir='ltr' id='par_1_27' title="bbox 1955 1262 3532 1335">
     <span class='ocr_line' id='line_1_27' title="bbox 1955 1262 3532 1335; baseline 0.008 -22"><span class='ocrx_word' id='word_1_198' title='bbox 1955 1263 2202 1330; x_wconf 84' lang='lat' dir='ltr'><strong>quamvis</strong></span> <span class='ocrx_word' id='word_1_199' title='bbox 2244 1262 2482 1319; x_wconf 77' lang='lat' dir='ltr'><strong>Herodes</strong></span> <span class='ocrx_word' id='word_1_200' title='bbox 2527 1280 2593 1317; x_wconf 86' lang='lat' dir='ltr'><strong>ex</strong></span> <span class='ocrx_word' id='word_1_201' title='bbox 2643 1282 2743 1320; x_wconf 89' lang='lat' dir='ltr'><strong>una</strong></span> <span class='ocrx_word' id='word_1_202' title='bbox 2791 1274 2943 1335; x_wconf 86' lang='lat' dir='ltr'><strong>parte</strong></span> <span class='ocrx_word' id='word_1_203' title='bbox 2988 1277 3132 1323; x_wconf 88' lang='lat' dir='ltr'><strong>esset</strong></span> <span class='ocrx_word' id='word_1_204' title='bbox 3169 1267 3386 1324; x_wconf 76' lang='lat' dir='ltr'><strong>Judzeus</strong></span> <span class='ocrx_word' id='word_1_205' title='bbox 3414 1312 3426 1331; x_wconf 87' lang='lat'><strong>,</strong></span> <span class='ocrx_word' id='word_1_206' title='bbox 3468 1286 3532 1325; x_wconf 77' lang='lat' dir='ltr'><strong>ex</strong></span> 
     </span>
    </p>
   </div>
   <div class='ocr_carea' id='block_1_28' title="bbox 1957 1349 3538 1428">
    <p class='ocr_par' dir='ltr' id='par_1_28' title="bbox 1957 1349 3538 1428">
     <span class='ocr_line' id='line_1_28' title="bbox 1957 1349 3538 1428; baseline 0.008 -27"><span class='ocrx_word' id='word_1_207' title='bbox 1957 1349 2059 1403; x_wconf 86' lang='lat' dir='ltr'><strong>alia</strong></span> <span class='ocrx_word' id='word_1_208' title='bbox 2100 1367 2203 1406; x_wconf 88' lang='lat' dir='ltr'><strong>non</strong></span> <span class='ocrx_word' id='word_1_209' title='bbox 2244 1363 2417 1417; x_wconf 87' lang='lat' dir='ltr'><strong>esset;</strong></span> <span class='ocrx_word' id='word_1_210' title='bbox 2446 1362 2563 1407; x_wconf 78' lang='lat' dir='ltr'><strong>erat</strong></span> <span class='ocrx_word' id='word_1_211' title='bbox 2608 1356 2751 1410; x_wconf 89' lang='lat' dir='ltr'><strong>enim</strong></span> <span class='ocrx_word' id='word_1_212' title='bbox 2791 1372 2855 1411; x_wconf 78' lang='lat' dir='ltr'><strong>ex</strong></span> <span class='ocrx_word' id='word_1_213' title='bbox 2896 1374 2999 1411; x_wconf 89' lang='lat' dir='ltr'><strong>una</strong></span> <span class='ocrx_word' id='word_1_214' title='bbox 3031 1367 3183 1428; x_wconf 89' lang='lat' dir='ltr'><strong>parte</strong></span> <span class='ocrx_word' id='word_1_215' title='bbox 3206 1360 3273 1413; x_wconf 91' lang='lat' dir='ltr'><strong>de</strong></span> <span class='ocrx_word' id='word_1_216' title='bbox 3301 1358 3538 1414; x_wconf 77' lang='lat' dir='ltr'><strong>Simonis</strong></span> 
     </span>
    </p>
   </div>
   <div class='ocr_carea' id='block_1_29' title="bbox 1957 1442 3537 1517">
    <p class='ocr_par' dir='ltr' id='par_1_29' title="bbox 1957 1442 3537 1517">
     <span class='ocr_line' id='line_1_29' title="bbox 1957 1442 3537 1517; baseline 0.006 -24"><span class='ocrx_word' id='word_1_217' title='bbox 1957 1457 2176 1509; x_wconf 81' lang='lat' dir='ltr'><strong>genere,</strong></span> <span class='ocrx_word' id='word_1_218' title='bbox 2228 1452 2281 1497; x_wconf 88' lang='lat' dir='ltr'><strong>et</strong></span> <span class='ocrx_word' id='word_1_219' title='bbox 2331 1442 2555 1499; x_wconf 87' lang='lat' dir='ltr'><strong>Joannis</strong></span> <span class='ocrx_word' id='word_1_220' title='bbox 2585 1445 2678 1500; x_wconf 87' lang='lat' dir='ltr'><strong>filii</strong></span> <span class='ocrx_word' id='word_1_221' title='bbox 2712 1447 2850 1516; x_wconf 85' lang='lat' dir='ltr'><strong>ejus,</strong></span> <span class='ocrx_word' id='word_1_222' title='bbox 2881 1448 3005 1517; x_wconf 89' lang='lat' dir='ltr'><strong>quia</strong></span> <span class='ocrx_word' id='word_1_223' title='bbox 3035 1449 3325 1505; x_wconf 85' lang='lat' dir='ltr'><strong>Aristoboli</strong></span> <span class='ocrx_word' id='word_1_224' title='bbox 3358 1466 3537 1505; x_wconf 85' lang='lat' dir='ltr'><strong>sacer-</strong></span> 
     </span>
    </p>
   </div>
   <div class='ocr_carea' id='block_1_30' title="bbox 1957 1529 3531 1610">
    <p class='ocr_par' dir='ltr' id='par_1_30' title="bbox 1957 1529 3531 1610">
     <span class='ocr_line' id='line_1_30' title="bbox 1957 1529 3531 1610; baseline 0.01 -30"><span class='ocrx_word' id='word_1_225' title='bbox 1957 1529 2100 1585; x_wconf 86' lang='lat' dir='ltr'><strong>dotis</strong></span> <span class='ocrx_word' id='word_1_226' title='bbox 2141 1530 2249 1585; x_wconf 83' lang='lat' dir='ltr'><strong>filia</strong></span> <span class='ocrx_word' id='word_1_227' title='bbox 2292 1532 2469 1588; x_wconf 79' lang='lat' dir='ltr'><strong>fuerat</strong></span> <span class='ocrx_word' id='word_1_228' title='bbox 2516 1534 2789 1590; x_wconf 86' lang='lat' dir='ltr'><strong>Marianna</strong></span> <span class='ocrx_word' id='word_1_229' title='bbox 2839 1554 2974 1591; x_wconf 74' lang='lat' dir='ltr'><strong>uxor</strong></span> <span class='ocrx_word' id='word_1_230' title='bbox 3027 1539 3253 1594; x_wconf 84' lang='lat' dir='ltr'><strong>Herodis</strong></span> <span class='ocrx_word' id='word_1_231' title='bbox 3291 1543 3531 1610; x_wconf 81' lang='lat' dir='ltr'><strong>majoris,</strong></span> 
     </span>
    </p>
   </div>
   <div class='ocr_carea' id='block_1_31' title="bbox 1957 1624 3537 1704">
    <p class='ocr_par' dir='ltr' id='par_1_31' title="bbox 1957 1624 3537 1704">
     <span class='ocr_line' id='line_1_31' title="bbox 1957 1624 3537 1704; baseline 0.009 -31"><span class='ocrx_word' id='word_1_232' title='bbox 1957 1637 2117 1690; x_wconf 89' lang='lat' dir='ltr'><strong>quam</strong></span> <span class='ocrx_word' id='word_1_233' title='bbox 2159 1624 2275 1693; x_wconf 87' lang='lat' dir='ltr'><strong>ipse</strong></span> <span class='ocrx_word' id='word_1_234' title='bbox 2322 1626 2541 1681; x_wconf 91' lang='lat' dir='ltr'><strong>occidit.</strong></span> <span class='ocrx_word' id='word_1_235' title='bbox 2601 1627 2726 1683; x_wconf 85' lang='lat' dir='ltr'><strong>Fuit</strong></span> <span class='ocrx_word' id='word_1_236' title='bbox 2772 1637 2949 1683; x_wconf 89' lang='lat' dir='ltr'><strong>autem</strong></span> <span class='ocrx_word' id='word_1_237' title='bbox 2991 1630 3326 1688; x_wconf 84' lang='lat' dir='ltr'><strong>Aristobolus</strong></span> <span class='ocrx_word' id='word_1_238' title='bbox 3370 1650 3537 1704; x_wconf 79' lang='lat' dir='ltr'><strong>nepos</strong></span> 
     </span>
    </p>
   </div>
   <div class='ocr_carea' id='block_1_32' title="bbox 1955 1711 3535 1788">
    <p class='ocr_par' dir='ltr' id='par_1_32' title="bbox 1955 1711 3535 1788">
     <span class='ocr_line' id='line_1_32' title="bbox 1955 1711 3535 1788; baseline 0.008 -24"><span class='ocrx_word' id='word_1_239' title='bbox 1955 1711 2177 1767; x_wconf 77' lang='lat' dir='ltr'><strong>Joannis</strong></span> <span class='ocrx_word' id='word_1_240' title='bbox 2206 1713 2298 1768; x_wconf 88' lang='lat' dir='ltr'><strong>filii</strong></span> <span class='ocrx_word' id='word_1_241' title='bbox 2325 1714 2580 1782; x_wconf 84' lang='lat' dir='ltr'><strong>Simonis,</strong></span> <span class='ocrx_word' id='word_1_242' title='bbox 2618 1719 2707 1788; x_wconf 89' lang='lat' dir='ltr'><strong>qui</strong></span> <span class='ocrx_word' id='word_1_243' title='bbox 2745 1719 2798 1772; x_wconf 91' lang='lat' dir='ltr'><strong>in</strong></span> <span class='ocrx_word' id='word_1_244' title='bbox 2832 1720 2971 1773; x_wconf 87' lang='lat' dir='ltr'><strong>libro</strong></span> <span class='ocrx_word' id='word_1_245' title='bbox 3002 1721 3430 1777; x_wconf 68' lang='lat' dir='ltr'><strong>Machabzeorum</strong></span> <span class='ocrx_word' id='word_1_246' title='bbox 3458 1724 3535 1777; x_wconf 89' lang='lat' dir='ltr'><strong>lc-</strong></span> 
     </span>
    </p>
   </div>
   <div class='ocr_carea' id='block_1_33' title="bbox 262 1788 3533 1883">
    <p class='ocr_par' dir='ltr' id='par_1_33' title="bbox 262 1788 3533 1883">
     <span class='ocr_line' id='line_1_33' title="bbox 262 1788 3533 1883; baseline 0.001 -18"><span class='ocrx_word' id='word_1_247' title='bbox 262 1820 374 1865; x_wconf 85' lang='lat' dir='ltr'><strong>tum</strong></span> <span class='ocrx_word' id='word_1_248' title='bbox 405 1813 603 1867; x_wconf 77' lang='lat' dir='ltr'><strong>dederit</strong></span> <span class='ocrx_word' id='word_1_249' title='bbox 633 1814 725 1866; x_wconf 82' lang='lat' dir='ltr'><strong>uni</strong></span> <span class='ocrx_word' id='word_1_250' title='bbox 758 1829 822 1867; x_wconf 74' lang='lat' dir='ltr'><strong>ea:</strong></span> <span class='ocrx_word' id='word_1_251' title='bbox 854 1813 1083 1866; x_wconf 79' lang='lat' dir='ltr'><strong>minimis</strong></span> <span class='ocrx_word' id='word_1_252' title='bbox 1119 1812 1255 1877; x_wconf 85' lang='lat' dir='ltr'><strong>istis,</strong></span> <span class='ocrx_word' id='word_1_253' title='bbox 1300 1812 1513 1866; x_wconf 83' lang='lat' dir='ltr'><strong>calicem</strong></span> <span class='ocrx_word' id='word_1_254' title='bbox 1561 1830 1709 1883; x_wconf 78' lang='lat' dir='ltr'><strong>aqua:</strong></span> <span class='ocrx_word' id='word_1_255' title='bbox 1760 1813 1856 1881; x_wconf 79' lang='lat' dir='ltr'><strong>fri-</strong></span> <span class='ocrx_word' id='word_1_256' title='bbox 1884 1788 1931 1847; x_wconf 77' lang='grc' dir='ltr'><strong>Β</strong></span> <span class='ocrx_word' id='word_1_257' title='bbox 1958 1801 2121 1871; x_wconf 79' lang='lat' dir='ltr'><strong>gitur.</strong></span> <span class='ocrx_word' id='word_1_258' title='bbox 2174 1803 2342 1872; x_wconf 85' lang='lat' dir='ltr'><strong>Igitur</strong></span> <span class='ocrx_word' id='word_1_259' title='bbox 2392 1822 2498 1861; x_wconf 91' lang='lat' dir='ltr'><strong>non</strong></span> <span class='ocrx_word' id='word_1_260' title='bbox 2554 1810 2785 1863; x_wconf 84' lang='lat' dir='ltr'><strong>cessavit</strong></span> <span class='ocrx_word' id='word_1_261' title='bbox 2834 1809 3068 1865; x_wconf 81' lang='lat' dir='ltr'><strong>Joannes</strong></span> <span class='ocrx_word' id='word_1_262' title='bbox 3117 1813 3439 1867; x_wconf 87' lang='lat' dir='ltr'><strong>annuntiare</strong></span> <span class='ocrx_word' id='word_1_263' title='bbox 3485 1815 3533 1870; x_wconf 89' lang='lat' dir='ltr'><strong>ei</strong></span> 
     </span>
    </p>
   </div>
   <div class='ocr_carea' id='block_1_34' title="bbox 260 1902 1856 1972">
    <p class='ocr_par' dir='ltr' id='par_1_34' title="bbox 260 1902 1856 1972">
     <span class='ocr_line' id='line_1_34' title="bbox 260 1902 1856 1972; baseline 0 -16"><span class='ocrx_word' id='word_1_264' title='bbox 260 1902 401 1972; x_wconf 81' lang='lat' dir='ltr'><strong>gidte</strong></span> <span class='ocrx_word' id='word_1_265' title='bbox 422 1913 624 1958; x_wconf 88' lang='lat' dir='ltr'><strong>tantum</strong></span> <span class='ocrx_word' id='word_1_266' title='bbox 649 1904 704 1958; x_wconf 89' lang='lat' dir='ltr'><strong>in</strong></span> <span class='ocrx_word' id='word_1_267' title='bbox 727 1905 934 1957; x_wconf 83' lang='lat' dir='ltr'><strong>nomine</strong></span> <span class='ocrx_word' id='word_1_268' title='bbox 955 1902 1220 1972; x_wconf 77' lang='lat' dir='ltr'><strong>discipuli,</strong></span> <span class='ocrx_word' id='word_1_269' title='bbox 1250 1920 1401 1957; x_wconf 87' lang='lat' dir='ltr'><strong>amen</strong></span> <span class='ocrx_word' id='word_1_270' title='bbox 1429 1903 1546 1956; x_wconf 85' lang='lat' dir='ltr'><strong>dico</strong></span> <span class='ocrx_word' id='word_1_271' title='bbox 1566 1904 1726 1965; x_wconf 70' lang='lat' dir='ltr'><strong>vobis,</strong></span> <span class='ocrx_word' id='word_1_272' title='bbox 1754 1919 1856 1956; x_wconf 88' lang='lat' dir='ltr'><strong>non</strong></span> 
     </span>
    </p>
   </div>
   <div class='ocr_carea' id='block_1_35' title="bbox 260 1992 1855 2063">
    <p class='ocr_par' dir='ltr' id='par_1_35' title="bbox 260 1992 1855 2063">
     <span class='ocr_line' id='line_1_35' title="bbox 260 1992 1855 2063; baseline -0.001 -17"><span class='ocrx_word' id='word_1_273' title='bbox 260 1993 442 2063; x_wconf 72' lang='lat' dir='ltr'><strong>perdet</strong></span> <span class='ocrx_word' id='word_1_274' title='bbox 474 1993 758 2048; x_wconf 82' lang='lat' dir='ltr'><strong>mercedem</strong></span> <span class='ocrx_word' id='word_1_275' title='bbox 795 2009 965 2047; x_wconf 85' lang='lat' dir='ltr'><strong>suam.</strong></span> <span class='ocrx_word' id='word_1_276' title='bbox 1008 1992 1116 2047; x_wconf 88' lang='lat' dir='ltr'><strong>Pro</strong></span> <span class='ocrx_word' id='word_1_277' title='bbox 1154 2000 1304 2047; x_wconf 78' lang='lat' dir='ltr'><strong>certe</strong></span> <span class='ocrx_word' id='word_1_278' title='bbox 1342 1993 1600 2047; x_wconf 87' lang='lat' dir='ltr'><strong>debemus</strong></span> <span class='ocrx_word' id='word_1_279' title='bbox 1635 1993 1855 2046; x_wconf 85' lang='lat' dir='ltr'><strong>credere</strong></span> 
     </span>
    </p>
   </div>
   <div class='ocr_carea' id='block_1_36' title="bbox 259 2081 1855 2153">
    <p class='ocr_par' dir='ltr' id='par_1_36' title="bbox 259 2081 1855 2153">
     <span class='ocr_line' id='line_1_36' title="bbox 259 2081 1855 2153; baseline 0 -18"><span class='ocrx_word' id='word_1_280' title='bbox 259 2083 407 2152; x_wconf 88' lang='lat' dir='ltr'><strong>quod</strong></span> <span class='ocrx_word' id='word_1_281' title='bbox 432 2083 690 2153; x_wconf 83' lang='lat' dir='ltr'><strong>quidquid</strong></span> <span class='ocrx_word' id='word_1_282' title='bbox 719 2084 840 2137; x_wconf 89' lang='lat' dir='ltr'><strong>boni</strong></span> <span class='ocrx_word' id='word_1_283' title='bbox 871 2082 1098 2137; x_wconf 82' lang='lat' dir='ltr'><strong>facimus</strong></span> <span class='ocrx_word' id='word_1_284' title='bbox 1131 2082 1183 2135; x_wconf 92' lang='lat' dir='ltr'><strong>in</strong></span> <span class='ocrx_word' id='word_1_285' title='bbox 1212 2082 1427 2136; x_wconf 85' lang='lat' dir='ltr'><strong>nomine</strong></span> <span class='ocrx_word' id='word_1_286' title='bbox 1454 2081 1686 2146; x_wconf 83' lang='lat' dir='ltr'><strong>Domini,</strong></span> <span class='ocrx_word' id='word_1_287' title='bbox 1722 2082 1855 2135; x_wconf 89' lang='lat' dir='ltr'><strong>reci-</strong></span> 
     </span>
    </p>
   </div>
   <div class='ocr_carea' id='block_1_37' title="bbox 261 2168 1849 2244">
    <p class='ocr_par' dir='ltr' id='par_1_37' title="bbox 261 2168 1849 2244">
     <span class='ocr_line' id='line_1_37' title="bbox 261 2168 1849 2244; baseline -0.001 -16"><span class='ocrx_word' id='word_1_288' title='bbox 261 2175 476 2244; x_wconf 86' lang='lat' dir='ltr'><strong>piemus</strong></span> <span class='ocrx_word' id='word_1_289' title='bbox 496 2182 580 2227; x_wconf 91' lang='lat' dir='ltr'><strong>ant</strong></span> <span class='ocrx_word' id='word_1_290' title='bbox 609 2174 666 2228; x_wconf 90' lang='lat' dir='ltr'><strong>in</strong></span> <span class='ocrx_word' id='word_1_291' title='bbox 693 2174 795 2228; x_wconf 88' lang='lat' dir='ltr'><strong>hoc</strong></span> <span class='ocrx_word' id='word_1_292' title='bbox 819 2173 1032 2236; x_wconf 73' lang='lat' dir='ltr'><strong>s&#39;eculo,</strong></span> <span class='ocrx_word' id='word_1_293' title='bbox 1054 2181 1147 2227; x_wconf 91' lang='lat' dir='ltr'><strong>aut</strong></span> <span class='ocrx_word' id='word_1_294' title='bbox 1170 2172 1221 2226; x_wconf 92' lang='lat' dir='ltr'><strong>in</strong></span> <span class='ocrx_word' id='word_1_295' title='bbox 1245 2171 1445 2237; x_wconf 87' lang='lat' dir='ltr'><strong>futuro,</strong></span> <span class='ocrx_word' id='word_1_296' title='bbox 1462 2172 1574 2226; x_wconf 87' lang='lat' dir='ltr'><strong>sive</strong></span> <span class='ocrx_word' id='word_1_297' title='bbox 1591 2172 1643 2226; x_wconf 89' lang='lat' dir='ltr'><strong>in</strong></span> <span class='ocrx_word' id='word_1_298' title='bbox 1666 2168 1849 2238; x_wconf 73' lang='lat' dir='ltr'><strong>verlro,</strong></span> 
     </span>
    </p>
   </div>
   <div class='ocr_carea' id='block_1_38' title="bbox 258 2262 1854 2320">
    <p class='ocr_par' dir='ltr' id='par_1_38' title="bbox 258 2262 1854 2320">
     <span class='ocr_line' id='line_1_38' title="bbox 258 2262 1854 2320; baseline -0.001 -1"><span class='ocrx_word' id='word_1_299' title='bbox 258 2265 380 2320; x_wconf 89' lang='lat' dir='ltr'><strong>sive</strong></span> <span class='ocrx_word' id='word_1_300' title='bbox 415 2266 468 2318; x_wconf 88' lang='lat' dir='ltr'><strong>in</strong></span> <span class='ocrx_word' id='word_1_301' title='bbox 506 2263 647 2319; x_wconf 86' lang='lat' dir='ltr'><strong>facto</strong></span> <span class='ocrx_word' id='word_1_302' title='bbox 683 2267 1009 2319; x_wconf 82' lang='lat' dir='ltr'><strong>mercedem.</strong></span> <span class='ocrx_word' id='word_1_303' title='bbox 1059 2262 1442 2318; x_wconf 81' lang='lat' dir='ltr'><strong>Verumtamen</strong></span> <span class='ocrx_word' id='word_1_304' title='bbox 1479 2265 1523 2319; x_wconf 91' lang='lat' dir='ltr'><strong>si</strong></span> <span class='ocrx_word' id='word_1_305' title='bbox 1565 2280 1664 2319; x_wconf 88' lang='lat' dir='ltr'><strong>nos</strong></span> <span class='ocrx_word' id='word_1_306' title='bbox 1708 2264 1854 2318; x_wconf 90' lang='lat' dir='ltr'><strong>illum</strong></span> 
     </span>
    </p>
   </div>
   <div class='ocr_carea' id='block_1_39' title="bbox 257 2355 1852 2425">
    <p class='ocr_par' dir='ltr' id='par_1_39' title="bbox 257 2355 1852 2425">
     <span class='ocr_line' id='line_1_39' title="bbox 257 2355 1852 2425; baseline -0.001 -15"><span class='ocrx_word' id='word_1_307' title='bbox 257 2356 595 2410; x_wconf 87' lang='lat' dir='ltr'><strong>contrarium</strong></span> <span class='ocrx_word' id='word_1_308' title='bbox 625 2357 725 2410; x_wconf 70' lang='lat' dir='ltr'><strong>via:</strong></span> <span class='ocrx_word' id='word_1_309' title='bbox 753 2356 962 2410; x_wconf 85' lang='lat' dir='ltr'><strong>Domini</strong></span> <span class='ocrx_word' id='word_1_310' title='bbox 1011 2370 1116 2409; x_wconf 89' lang='lat' dir='ltr'><strong>non</strong></span> <span class='ocrx_word' id='word_1_311' title='bbox 1161 2355 1556 2425; x_wconf 81' lang='lat' dir='ltr'><strong>cognoscimus,</strong></span> <span class='ocrx_word' id='word_1_312' title='bbox 1598 2365 1852 2409; x_wconf 68' lang='lat' dir='ltr'><strong>caeterum</strong></span> 
     </span>
    </p>
   </div>
   <div class='ocr_carea' id='block_1_40' title="bbox 256 2434 1850 2516">
    <p class='ocr_par' dir='ltr' id='par_1_40' title="bbox 256 2434 1850 2516">
     <span class='ocr_line' id='line_1_40' title="bbox 256 2434 1850 2516; baseline -0.001 -15"><span class='ocrx_word' id='word_1_313' title='bbox 256 2447 306 2501; x_wconf 92' lang='lat' dir='ltr'><strong>si</strong></span> <span class='ocrx_word' id='word_1_314' title='bbox 332 2448 385 2501; x_wconf 90' lang='lat' dir='ltr'><strong>in</strong></span> <span class='ocrx_word' id='word_1_315' title='bbox 414 2447 596 2516; x_wconf 91' lang='lat' dir='ltr'><strong>aliquo</strong></span> <span class='ocrx_word' id='word_1_316' title='bbox 621 2447 851 2502; x_wconf 83' lang='lat' dir='ltr'><strong>crimine</strong></span> <span class='ocrx_word' id='word_1_317' title='bbox 882 2446 1093 2500; x_wconf 88' lang='lat' dir='ltr'><strong>mortali</strong></span> <span class='ocrx_word' id='word_1_318' title='bbox 1118 2434 1395 2501; x_wconf 78' lang='lat' dir='ltr'><strong>detentum</strong></span> <span class='ocrx_word' id='word_1_319' title='bbox 1420 2447 1568 2501; x_wconf 76' lang='lat' dir='ltr'><strong>illum</strong></span> <span class='ocrx_word' id='word_1_320' title='bbox 1586 2448 1850 2509; x_wconf 84' lang='lat' dir='ltr'><strong>novimus,</strong></span> 
     </span>
    </p>
   </div>
   <div class='ocr_carea' id='block_1_41' title="bbox 258 2538 1856 2608">
    <p class='ocr_par' dir='ltr' id='par_1_41' title="bbox 258 2538 1856 2608">
     <span class='ocr_line' id='line_1_41' title="bbox 258 2538 1856 2608; baseline 0.001 -18"><span class='ocrx_word' id='word_1_321' title='bbox 258 2547 318 2592; x_wconf 83' lang='lat' dir='ltr'><strong>et</strong></span> <span class='ocrx_word' id='word_1_322' title='bbox 341 2538 554 2608; x_wconf 88' lang='lat' dir='ltr'><strong>publice</strong></span> <span class='ocrx_word' id='word_1_323' title='bbox 584 2538 687 2593; x_wconf 87' lang='lat' dir='ltr'><strong>hoc</strong></span> <span class='ocrx_word' id='word_1_324' title='bbox 713 2539 1044 2608; x_wconf 84' lang='lat' dir='ltr'><strong>exsequitur,</strong></span> <span class='ocrx_word' id='word_1_325' title='bbox 1087 2546 1139 2593; x_wconf 87' lang='lat' dir='ltr'><strong>et</strong></span> <span class='ocrx_word' id='word_1_326' title='bbox 1173 2554 1279 2592; x_wconf 89' lang='lat' dir='ltr'><strong>non</strong></span> <span class='ocrx_word' id='word_1_327' title='bbox 1314 2539 1427 2594; x_wconf 85' lang='lat' dir='ltr'><strong>vult</strong></span> <span class='ocrx_word' id='word_1_328' title='bbox 1461 2539 1736 2594; x_wconf 87' lang='lat' dir='ltr'><strong>emendari</strong></span> <span class='ocrx_word' id='word_1_329' title='bbox 1768 2556 1856 2594; x_wconf 83' lang='lat' dir='ltr'><strong>ea-</strong></span> 
     </span>
    </p>
   </div>
   <div class='ocr_carea' id='block_1_42' title="bbox 258 2629 1857 2699">
    <p class='ocr_par' dir='ltr' id='par_1_42' title="bbox 258 2629 1857 2699">
     <span class='ocr_line' id='line_1_42' title="bbox 258 2629 1857 2699; baseline -0.001 -16"><span class='ocrx_word' id='word_1_330' title='bbox 258 2629 643 2699; x_wconf 86' lang='lat' dir='ltr'><strong>stigationibus</strong></span> <span class='ocrx_word' id='word_1_331' title='bbox 665 2630 929 2684; x_wconf 87' lang='lat' dir='ltr'><strong>bonorum</strong></span> <span class='ocrx_word' id='word_1_332' title='bbox 966 2630 1263 2694; x_wconf 79' lang='lat' dir='ltr'><strong>hominum,</strong></span> <span class='ocrx_word' id='word_1_333' title='bbox 1293 2629 1570 2684; x_wconf 78' lang='lat' dir='ltr'><strong>habendus</strong></span> <span class='ocrx_word' id='word_1_334' title='bbox 1591 2636 1673 2683; x_wconf 90' lang='lat' dir='ltr'><strong>est</strong></span> <span class='ocrx_word' id='word_1_335' title='bbox 1704 2646 1731 2682; x_wconf 91' lang='lat' dir='ltr'><strong>a</strong></span> <span class='ocrx_word' id='word_1_336' title='bbox 1762 2645 1857 2683; x_wconf 89' lang='lat' dir='ltr'><strong>no-</strong></span> 
     </span>
    </p>
   </div>
   <div class='ocr_carea' id='block_1_43' title="bbox 256 2720 1857 2791">
    <p class='ocr_par' dir='ltr' id='par_1_43' title="bbox 256 2720 1857 2791">
     <span class='ocr_line' id='line_1_43' title="bbox 256 2720 1857 2791; baseline -0.001 -16"><span class='ocrx_word' id='word_1_337' title='bbox 256 2722 347 2775; x_wconf 71' lang='lat' dir='ltr'><strong>bis</strong></span> <span class='ocrx_word' id='word_1_338' title='bbox 390 2721 534 2776; x_wconf 86' lang='lat' dir='ltr'><strong>sicut</strong></span> <span class='ocrx_word' id='word_1_339' title='bbox 569 2720 819 2776; x_wconf 87' lang='lat' dir='ltr'><strong>ethnicus</strong></span> <span class='ocrx_word' id='word_1_340' title='bbox 847 2729 901 2776; x_wconf 90' lang='lat' dir='ltr'><strong>et</strong></span> <span class='ocrx_word' id='word_1_341' title='bbox 928 2720 1269 2789; x_wconf 80' lang='lat' dir='ltr'><strong>publicanus,</strong></span> <span class='ocrx_word' id='word_1_342' title='bbox 1305 2721 1433 2790; x_wconf 87' lang='lat' dir='ltr'><strong>quia</strong></span> <span class='ocrx_word' id='word_1_343' title='bbox 1479 2721 1559 2775; x_wconf 90' lang='lat' dir='ltr'><strong>sic</strong></span> <span class='ocrx_word' id='word_1_344' title='bbox 1603 2722 1857 2791; x_wconf 72' lang='lat' dir='ltr'><strong>pnecepit</strong></span> 
     </span>
    </p>
   </div>
   <div class='ocr_carea' id='block_1_44' title="bbox 255 2809 1859 2880">
    <p class='ocr_par' dir='ltr' id='par_1_44' title="bbox 255 2809 1859 2880">
     <span class='ocr_line' id='line_1_44' title="bbox 255 2809 1859 2880; baseline -0.001 -15"><span class='ocrx_word' id='word_1_345' title='bbox 255 2809 548 2875; x_wconf 87' lang='lat' dir='ltr'><strong>Dominus,</strong></span> <span class='ocrx_word' id='word_1_346' title='bbox 582 2819 637 2866; x_wconf 91' lang='lat' dir='ltr'><strong>et</strong></span> <span class='ocrx_word' id='word_1_347' title='bbox 661 2810 861 2865; x_wconf 87' lang='lat' dir='ltr'><strong>Paulus</strong></span> <span class='ocrx_word' id='word_1_348' title='bbox 884 2811 1107 2866; x_wconf 86' lang='lat' dir='ltr'><strong>dicens:</strong></span> <span class='ocrx_word' id='word_1_349' title='bbox 1134 2809 1193 2865; x_wconf 90' lang='lat' dir='ltr'><strong>Si</strong></span> <span class='ocrx_word' id='word_1_350' title='bbox 1220 2814 1337 2880; x_wconf 84' lang='lat' dir='ltr'><strong>quis</strong></span> <span class='ocrx_word' id='word_1_351' title='bbox 1360 2810 1527 2879; x_wconf 79' lang='lat' dir='ltr'><strong>frater</strong></span> <span class='ocrx_word' id='word_1_352' title='bbox 1556 2812 1859 2865; x_wconf 80' lang='lat' dir='ltr'><strong>nominatur</strong></span> 
     </span>
    </p>
   </div>
   <div class='ocr_carea' id='block_1_45' title="bbox 256 2901 1855 2980">
    <p class='ocr_par' dir='ltr' id='par_1_45' title="bbox 256 2901 1855 2980">
     <span class='ocr_line' id='line_1_45' title="bbox 256 2901 1855 2980; baseline 0.002 -24"><span class='ocrx_word' id='word_1_353' title='bbox 256 2919 477 2968; x_wconf 79' lang='lat' dir='ltr'><strong>avarus,</strong></span> <span class='ocrx_word' id='word_1_354' title='bbox 519 2912 612 2956; x_wconf 71' lang='lat' dir='ltr'><strong>aut</strong></span> <span class='ocrx_word' id='word_1_355' title='bbox 633 2919 816 2971; x_wconf 77' lang='lat' dir='ltr'><strong>rapax,</strong></span> <span class='ocrx_word' id='word_1_356' title='bbox 840 2912 932 2956; x_wconf 89' lang='lat' dir='ltr'><strong>aut</strong></span> <span class='ocrx_word' id='word_1_357' title='bbox 957 2901 1159 2973; x_wconf 80' lang='lat' dir='ltr'><strong>aliquid</strong></span> <span class='ocrx_word' id='word_1_358' title='bbox 1190 2903 1517 2980; x_wconf 62' lang='lat' dir='ltr'><strong>liujusmodi,</strong></span> <span class='ocrx_word' id='word_1_359' title='bbox 1546 2912 1710 2970; x_wconf 80' lang='lat' dir='ltr'><strong>etest,</strong></span> <span class='ocrx_word' id='word_1_360' title='bbox 1738 2921 1855 2959; x_wconf 86' lang='lat' dir='ltr'><strong>cum</strong></span> 
     </span>
    </p>
   </div>
   <div class='ocr_carea' id='block_1_46' title="bbox 257 2991 1855 3063">
    <p class='ocr_par' dir='ltr' id='par_1_46' title="bbox 257 2991 1855 3063">
     <span class='ocr_line' id='line_1_46' title="bbox 257 2991 1855 3063; baseline 0.003 -19"><span class='ocrx_word' id='word_1_361' title='bbox 257 2991 571 3057; x_wconf 67' lang='lat' dir='ltr'><strong>huiusmodi</strong></span> <span class='ocrx_word' id='word_1_362' title='bbox 598 3007 688 3045; x_wconf 85' lang='lat' dir='ltr'><strong>nec</strong></span> <span class='ocrx_word' id='word_1_363' title='bbox 709 2991 881 3045; x_wconf 83' lang='lat' dir='ltr'><strong>cibum</strong></span> <span class='ocrx_word' id='word_1_364' title='bbox 903 3006 1123 3044; x_wconf 80' lang='lat' dir='ltr'><strong>sumere.</strong></span> <span class='ocrx_word' id='word_1_365' title='bbox 1160 2991 1556 3061; x_wconf 80' lang='lat' dir='ltr'><strong>Attendendum</strong></span> <span class='ocrx_word' id='word_1_366' title='bbox 1581 2993 1726 3063; x_wconf 90' lang='lat' dir='ltr'><strong>quod</strong></span> <span class='ocrx_word' id='word_1_367' title='bbox 1751 3009 1855 3048; x_wconf 87' lang='lat' dir='ltr'><strong>non</strong></span> 
     </span>
    </p>
   </div>
   <div class='ocr_carea' id='block_1_47' title="bbox 257 3081 1854 3152">
    <p class='ocr_par' dir='ltr' id='par_1_47' title="bbox 257 3081 1854 3152">
     <span class='ocr_line' id='line_1_47' title="bbox 257 3081 1854 3152; baseline 0.001 -16"><span class='ocrx_word' id='word_1_368' title='bbox 257 3082 400 3137; x_wconf 73' lang='lat' dir='ltr'><strong>dixit</strong></span> <span class='ocrx_word' id='word_1_369' title='bbox 441 3081 616 3137; x_wconf 90' lang='lat' dir='ltr'><strong>solum</strong></span> <span class='ocrx_word' id='word_1_370' title='bbox 656 3082 701 3136; x_wconf 90' lang='lat' dir='ltr'><strong>si</strong></span> <span class='ocrx_word' id='word_1_371' title='bbox 750 3081 1079 3146; x_wconf 88' lang='lat' dir='ltr'><strong>nominatur,</strong></span> <span class='ocrx_word' id='word_1_372' title='bbox 1121 3081 1215 3136; x_wconf 88' lang='lat' dir='ltr'><strong>sed</strong></span> <span class='ocrx_word' id='word_1_373' title='bbox 1248 3081 1485 3147; x_wconf 86' lang='lat' dir='ltr'><strong>addidit,</strong></span> <span class='ocrx_word' id='word_1_374' title='bbox 1514 3081 1560 3136; x_wconf 94' lang='lat' dir='ltr'><strong>si</strong></span> <span class='ocrx_word' id='word_1_375' title='bbox 1586 3090 1699 3150; x_wconf 88' lang='lat' dir='ltr'><strong>est;</strong></span> <span class='ocrx_word' id='word_1_376' title='bbox 1727 3082 1854 3152; x_wconf 89' lang='lat' dir='ltr'><strong>quia</strong></span> 
     </span>
    </p>
   </div>
   <div class='ocr_carea' id='block_1_48' title="bbox 1958 1892 3536 1974">
    <p class='ocr_par' dir='ltr' id='par_1_48' title="bbox 1958 1892 3536 1974">
     <span class='ocr_line' id='line_1_48' title="bbox 1958 1892 3536 1974; baseline 0.011 -31"><span class='ocrx_word' id='word_1_377' title='bbox 1958 1892 2083 1959; x_wconf 84' lang='lat' dir='ltr'><strong>quia</strong></span> <span class='ocrx_word' id='word_1_378' title='bbox 2111 1892 2305 1961; x_wconf 90' lang='lat' dir='ltr'><strong>injuste</strong></span> <span class='ocrx_word' id='word_1_379' title='bbox 2334 1895 2536 1951; x_wconf 83' lang='lat' dir='ltr'><strong>fecerat</strong></span> <span class='ocrx_word' id='word_1_380' title='bbox 2563 1896 2831 1969; x_wconf 84' lang='lat' dir='ltr'><strong>(quamvis</strong></span> <span class='ocrx_word' id='word_1_381' title='bbox 2860 1910 3015 1970; x_wconf 89' lang='lat' dir='ltr'><strong>pater</strong></span> <span class='ocrx_word' id='word_1_382' title='bbox 3040 1902 3089 1957; x_wconf 91' lang='lat' dir='ltr'><strong>ei</strong></span> <span class='ocrx_word' id='word_1_383' title='bbox 3112 1904 3366 1974; x_wconf 87' lang='lat' dir='ltr'><strong>dedisset)</strong></span> <span class='ocrx_word' id='word_1_384' title='bbox 3393 1906 3536 1974; x_wconf 75' lang='lat' dir='ltr'><strong>quo-.l</strong></span> 
     </span>
    </p>
   </div>
   <div class='ocr_carea' id='block_1_49' title="bbox 1957 1986 3539 2052">
    <p class='ocr_par' dir='ltr' id='par_1_49' title="bbox 1957 1986 3539 2052">
     <span class='ocr_line' id='line_1_49' title="bbox 1957 1986 3539 2052; baseline 0.012 -19"><span class='ocrx_word' id='word_1_385' title='bbox 1957 1996 2181 2039; x_wconf 78' lang='lat' dir='ltr'><strong>uxorem</strong></span> <span class='ocrx_word' id='word_1_386' title='bbox 2213 1986 2393 2043; x_wconf 81' lang='lat' dir='ltr'><strong>fratris</strong></span> <span class='ocrx_word' id='word_1_387' title='bbox 2418 1990 2497 2043; x_wconf 90' lang='lat' dir='ltr'><strong>sui</strong></span> <span class='ocrx_word' id='word_1_388' title='bbox 2529 1992 2803 2047; x_wconf 72' lang='lat' dir='ltr'><strong>retineret.</strong></span> <span class='ocrx_word' id='word_1_389' title='bbox 2847 1993 3036 2049; x_wconf 81' lang='lat' dir='ltr'><strong>Mulier</strong></span> <span class='ocrx_word' id='word_1_390' title='bbox 3068 2011 3198 2049; x_wconf 83' lang='lat' dir='ltr'><strong>vero</strong></span> <span class='ocrx_word' id='word_1_391' title='bbox 3237 2012 3357 2051; x_wconf 91' lang='lat' dir='ltr'><strong>cum</strong></span> <span class='ocrx_word' id='word_1_392' title='bbox 3391 2014 3539 2052; x_wconf 87' lang='lat' dir='ltr'><strong>ama-</strong></span> 
     </span>
    </p>
   </div>
   <div class='ocr_carea' id='block_1_50' title="bbox 1958 2077 3541 2154">
    <p class='ocr_par' dir='ltr' id='par_1_50' title="bbox 1958 2077 3541 2154">
     <span class='ocr_line' id='line_1_50' title="bbox 1958 2077 3541 2154; baseline 0.012 -29"><span class='ocrx_word' id='word_1_393' title='bbox 1958 2083 2039 2126; x_wconf 87' lang='lat' dir='ltr'><strong>ret</strong></span> <span class='ocrx_word' id='word_1_394' title='bbox 2063 2077 2356 2132; x_wconf 84' lang='lat' dir='ltr'><strong>secundum</strong></span> <span class='ocrx_word' id='word_1_395' title='bbox 2385 2081 2636 2136; x_wconf 89' lang='lat' dir='ltr'><strong>maritum</strong></span> <span class='ocrx_word' id='word_1_396' title='bbox 2675 2085 2846 2154; x_wconf 85' lang='lat' dir='ltr'><strong>magis</strong></span> <span class='ocrx_word' id='word_1_397' title='bbox 2870 2100 3028 2154; x_wconf 88' lang='lat' dir='ltr'><strong>quam</strong></span> <span class='ocrx_word' id='word_1_398' title='bbox 3068 2087 3322 2154; x_wconf 87' lang='lat' dir='ltr'><strong>primum,</strong></span> <span class='ocrx_word' id='word_1_399' title='bbox 3369 2089 3541 2144; x_wconf 88' lang='lat' dir='ltr'><strong>suasit</strong></span> 
     </span>
    </p>
   </div>
   <div class='ocr_carea' id='block_1_51' title="bbox 1955 2163 3585 2249">
    <p class='ocr_par' dir='ltr' id='par_1_51' title="bbox 1955 2163 3585 2249">
     <span class='ocr_line' id='line_1_51' title="bbox 1955 2163 3585 2249; baseline 0.013 -36"><span class='ocrx_word' id='word_1_400' title='bbox 1955 2163 2004 2215; x_wconf 82' lang='lat' dir='ltr'><strong>ei</strong></span> <span class='ocrx_word' id='word_1_401' title='bbox 2037 2174 2094 2218; x_wconf 90' lang='lat' dir='ltr'><strong>ut</strong></span> <span class='ocrx_word' id='word_1_402' title='bbox 2119 2167 2354 2223; x_wconf 89' lang='lat' dir='ltr'><strong>mitteret</strong></span> <span class='ocrx_word' id='word_1_403' title='bbox 2380 2186 2502 2224; x_wconf 88' lang='lat' dir='ltr'><strong>eum</strong></span> <span class='ocrx_word' id='word_1_404' title='bbox 2528 2172 2582 2225; x_wconf 91' lang='lat' dir='ltr'><strong>in</strong></span> <span class='ocrx_word' id='word_1_405' title='bbox 2606 2188 2901 2229; x_wconf 89' lang='lat' dir='ltr'><strong>carcerem.</strong></span> <span class='ocrx_word' id='word_1_406' title='bbox 2940 2175 2996 2228; x_wconf 92' lang='lat' dir='ltr'><strong>ln</strong></span> <span class='ocrx_word' id='word_1_407' title='bbox 3030 2177 3129 2232; x_wconf 89' lang='lat' dir='ltr'><strong>hoc</strong></span> <span class='ocrx_word' id='word_1_408' title='bbox 3156 2194 3286 2249; x_wconf 83' lang='lat' dir='ltr'><strong>ergo</strong></span> <span class='ocrx_word' id='word_1_409' title='bbox 3320 2194 3539 2234; x_wconf 83' lang='lat' dir='ltr'><strong>carcere</strong></span> <span class='ocrx_word' id='word_1_410' title='bbox 3576 2199 3585 2205; x_wconf 72' lang='grc'><strong>’</strong></span> 
     </span>
    </p>
   </div>
   <div class='ocr_carea' id='block_1_52' title="bbox 1955 2256 3537 2337">
    <p class='ocr_par' dir='ltr' id='par_1_52' title="bbox 1955 2256 3537 2337">
     <span class='ocr_line' id='line_1_52' title="bbox 1955 2256 3537 2337; baseline 0.011 -31"><span class='ocrx_word' id='word_1_411' title='bbox 1955 2263 2012 2307; x_wconf 89' lang='lat' dir='ltr'><strong>et</strong></span> <span class='ocrx_word' id='word_1_412' title='bbox 2054 2256 2108 2309; x_wconf 91' lang='lat' dir='ltr'><strong>in</strong></span> <span class='ocrx_word' id='word_1_413' title='bbox 2149 2257 2233 2311; x_wconf 89' lang='lat' dir='ltr'><strong>his</strong></span> <span class='ocrx_word' id='word_1_414' title='bbox 2266 2259 2493 2316; x_wconf 87' lang='lat' dir='ltr'><strong>vinculis</strong></span> <span class='ocrx_word' id='word_1_415' title='bbox 2529 2277 2651 2317; x_wconf 89' lang='lat' dir='ltr'><strong>cum</strong></span> <span class='ocrx_word' id='word_1_416' title='bbox 2678 2274 2842 2330; x_wconf 90' lang='lat' dir='ltr'><strong>esset,</strong></span> <span class='ocrx_word' id='word_1_417' title='bbox 2876 2267 3082 2321; x_wconf 85' lang='lat' dir='ltr'><strong>audivit</strong></span> <span class='ocrx_word' id='word_1_418' title='bbox 3104 2284 3268 2337; x_wconf 81' lang='lat' dir='ltr'><strong>Opera</strong></span> <span class='ocrx_word' id='word_1_419' title='bbox 3314 2269 3537 2326; x_wconf 83' lang='lat' dir='ltr'><strong>Christi.</strong></span> 
     </span>
    </p>
   </div>
   <div class='ocr_carea' id='block_1_53' title="bbox 1956 2343 3540 2431">
    <p class='ocr_par' dir='ltr' id='par_1_53' title="bbox 1956 2343 3540 2431">
     <span class='ocr_line' id='line_1_53' title="bbox 1956 2343 3540 2431; baseline 0.015 -37"><span class='ocrx_word' id='word_1_420' title='bbox 1956 2343 2085 2411; x_wconf 76' lang='lat' dir='ltr'><strong>Qum</strong></span> <span class='ocrx_word' id='word_1_421' title='bbox 2126 2356 2253 2403; x_wconf 90' lang='lat' dir='ltr'><strong>sunt</strong></span> <span class='ocrx_word' id='word_1_422' title='bbox 2289 2365 2451 2420; x_wconf 90' lang='lat' dir='ltr'><strong>opera</strong></span> <span class='ocrx_word' id='word_1_423' title='bbox 2476 2352 2672 2409; x_wconf 90' lang='lat' dir='ltr'><strong>Christi</strong></span> <span class='ocrx_word' id='word_1_424' title='bbox 2702 2371 2820 2424; x_wconf 73' lang='lat' dir='ltr'><strong>qua:</strong></span> <span class='ocrx_word' id='word_1_425' title='bbox 2849 2358 3096 2413; x_wconf 82' lang='lat' dir='ltr'><strong>audivit?</strong></span> <span class='ocrx_word' id='word_1_426' title='bbox 3131 2361 3259 2427; x_wconf 68' lang='lat' dir='ltr'><strong>Quae</strong></span> <span class='ocrx_word' id='word_1_427' title='bbox 3290 2362 3540 2431; x_wconf 85' lang='lat' dir='ltr'><strong>superius</strong></span> 
     </span>
    </p>
   </div>
   <div class='ocr_carea' id='block_1_54' title="bbox 1956 2437 3541 2513">
    <p class='ocr_par' dir='ltr' id='par_1_54' title="bbox 1956 2437 3541 2513">
     <span class='ocr_line' id='line_1_54' title="bbox 1956 2437 3541 2513; baseline 0.012 -24"><span class='ocrx_word' id='word_1_428' title='bbox 1956 2437 2154 2494; x_wconf 89' lang='lat' dir='ltr'><strong>auditis</strong></span> <span class='ocrx_word' id='word_1_429' title='bbox 2184 2440 2342 2507; x_wconf 90' lang='lat' dir='ltr'><strong>facta,</strong></span> <span class='ocrx_word' id='word_1_430' title='bbox 2383 2445 2525 2513; x_wconf 84' lang='lat' dir='ltr'><strong>quod</strong></span> <span class='ocrx_word' id='word_1_431' title='bbox 2550 2446 2799 2503; x_wconf 86' lang='lat' dir='ltr'><strong>videlicet</strong></span> <span class='ocrx_word' id='word_1_432' title='bbox 2839 2458 3056 2505; x_wconf 88' lang='lat' dir='ltr'><strong>sanaret</strong></span> <span class='ocrx_word' id='word_1_433' title='bbox 3090 2467 3277 2508; x_wconf 89' lang='lat' dir='ltr'><strong>omnes</strong></span> <span class='ocrx_word' id='word_1_434' title='bbox 3315 2452 3541 2508; x_wconf 82' lang='lat' dir='ltr'><strong>infirmi-</strong></span> 
     </span>
    </p>
   </div>
   <div class='ocr_carea' id='block_1_55' title="bbox 1958 2532 3540 2614">
    <p class='ocr_par' dir='ltr' id='par_1_55' title="bbox 1958 2532 3540 2614">
     <span class='ocr_line' id='line_1_55' title="bbox 1958 2532 3540 2614; baseline 0.011 -31"><span class='ocrx_word' id='word_1_435' title='bbox 1958 2538 2095 2585; x_wconf 86' lang='lat' dir='ltr'><strong>tates</strong></span> <span class='ocrx_word' id='word_1_436' title='bbox 2125 2532 2176 2585; x_wconf 91' lang='lat' dir='ltr'><strong>in</strong></span> <span class='ocrx_word' id='word_1_437' title='bbox 2208 2533 2421 2602; x_wconf 86' lang='lat' dir='ltr'><strong>populo.</strong></span> <span class='ocrx_word' id='word_1_438' title='bbox 2465 2536 2676 2593; x_wconf 79' lang='lat' dir='ltr'><strong>Mittens</strong></span> <span class='ocrx_word' id='word_1_439' title='bbox 2715 2541 2845 2595; x_wconf 86' lang='lat' dir='ltr'><strong>duos</strong></span> <span class='ocrx_word' id='word_1_440' title='bbox 2883 2541 2948 2595; x_wconf 87' lang='lat' dir='ltr'><strong>de</strong></span> <span class='ocrx_word' id='word_1_441' title='bbox 2982 2542 3253 2614; x_wconf 77' lang='lat' dir='ltr'><strong>discipulis</strong></span> <span class='ocrx_word' id='word_1_442' title='bbox 3293 2546 3424 2612; x_wconf 82' lang='lat' dir='ltr'><strong>suis,</strong></span> <span class='ocrx_word' id='word_1_443' title='bbox 3465 2548 3540 2601; x_wconf 79' lang='lat' dir='ltr'><strong>ait</strong></span> 
     </span>
    </p>
   </div>
   <div class='ocr_carea' id='block_1_56' title="bbox 1955 2621 3543 2702">
    <p class='ocr_par' dir='ltr' id='par_1_56' title="bbox 1955 2621 3543 2702">
     <span class='ocr_line' id='line_1_56' title="bbox 1955 2621 3543 2702; baseline 0.009 -28"><span class='ocrx_word' id='word_1_444' title='bbox 1955 2621 2055 2675; x_wconf 83' lang='lat' dir='ltr'><strong>illi.</strong></span> <span class='ocrx_word' id='word_1_445' title='bbox 2109 2621 2328 2680; x_wconf 89' lang='lat' dir='ltr'><strong>Sciebat</strong></span> <span class='ocrx_word' id='word_1_446' title='bbox 2362 2625 2598 2683; x_wconf 78' lang='lat' dir='ltr'><strong>Joannes</strong></span> <span class='ocrx_word' id='word_1_447' title='bbox 2628 2631 2749 2700; x_wconf 89' lang='lat' dir='ltr'><strong>quia</strong></span> <span class='ocrx_word' id='word_1_448' title='bbox 2796 2632 2911 2702; x_wconf 87' lang='lat' dir='ltr'><strong>ipse</strong></span> <span class='ocrx_word' id='word_1_449' title='bbox 2946 2644 3062 2687; x_wconf 90' lang='lat' dir='ltr'><strong>erat</strong></span> <span class='ocrx_word' id='word_1_450' title='bbox 3090 2649 3249 2690; x_wconf 89' lang='lat' dir='ltr'><strong>verus</strong></span> <span class='ocrx_word' id='word_1_451' title='bbox 3274 2636 3455 2702; x_wconf 86' lang='lat' dir='ltr'><strong>homo,</strong></span> <span class='ocrx_word' id='word_1_452' title='bbox 3486 2644 3543 2690; x_wconf 91' lang='lat' dir='ltr'><strong>et</strong></span> 
     </span>
    </p>
   </div>
   <div class='ocr_carea' id='block_1_57' title="bbox 1956 2713 3533 2788">
    <p class='ocr_par' dir='ltr' id='par_1_57' title="bbox 1956 2713 3533 2788">
     <span class='ocr_line' id='line_1_57' title="bbox 1956 2713 3533 2788; baseline 0.01 -26"><span class='ocrx_word' id='word_1_453' title='bbox 1956 2725 2117 2766; x_wconf 84' lang='lat' dir='ltr'><strong>verus</strong></span> <span class='ocrx_word' id='word_1_454' title='bbox 2145 2727 2236 2767; x_wconf 84' lang='lat' dir='ltr'><strong>rex</strong></span> <span class='ocrx_word' id='word_1_455' title='bbox 2259 2713 2444 2784; x_wconf 75' lang='lat' dir='ltr'><strong>gloria:</strong></span> <span class='ocrx_word' id='word_1_456' title='bbox 2474 2717 2588 2783; x_wconf 88' lang='lat' dir='ltr'><strong>Dei,</strong></span> <span class='ocrx_word' id='word_1_457' title='bbox 2611 2726 2666 2772; x_wconf 88' lang='lat' dir='ltr'><strong>et</strong></span> <span class='ocrx_word' id='word_1_458' title='bbox 2684 2719 2809 2788; x_wconf 88' lang='lat' dir='ltr'><strong>quia</strong></span> <span class='ocrx_word' id='word_1_459' title='bbox 2840 2719 2960 2775; x_wconf 90' lang='lat' dir='ltr'><strong>ideo</strong></span> <span class='ocrx_word' id='word_1_460' title='bbox 2990 2721 3303 2776; x_wconf 90' lang='lat' dir='ltr'><strong>incarnatus</strong></span> <span class='ocrx_word' id='word_1_461' title='bbox 3341 2721 3533 2788; x_wconf 80' lang='lat' dir='ltr'><strong>fuerat,</strong></span> 
     </span>
    </p>
   </div>
   <div class='ocr_carea' id='block_1_58' title="bbox 1957 2810 3540 2871">
    <p class='ocr_par' dir='ltr' id='par_1_58' title="bbox 1957 2810 3540 2871">
     <span class='ocr_line' id='line_1_58' title="bbox 1957 2810 3540 2871; baseline 0.009 -16"><span class='ocrx_word' id='word_1_462' title='bbox 1957 2810 2018 2856; x_wconf 91' lang='lat' dir='ltr'><strong>ut</strong></span> <span class='ocrx_word' id='word_1_463' title='bbox 2043 2818 2140 2871; x_wconf 86' lang='lat' dir='ltr'><strong>per</strong></span> <span class='ocrx_word' id='word_1_464' title='bbox 2168 2818 2323 2859; x_wconf 90' lang='lat' dir='ltr'><strong>suam</strong></span> <span class='ocrx_word' id='word_1_465' title='bbox 2364 2816 2595 2861; x_wconf 88' lang='lat' dir='ltr'><strong>mortem</strong></span> <span class='ocrx_word' id='word_1_466' title='bbox 2632 2810 2920 2866; x_wconf 88' lang='lat' dir='ltr'><strong>redimeret</strong></span> <span class='ocrx_word' id='word_1_467' title='bbox 2948 2813 3223 2867; x_wconf 88' lang='lat' dir='ltr'><strong>mundum.</strong></span> <span class='ocrx_word' id='word_1_468' title='bbox 3282 2813 3414 2868; x_wconf 88' lang='lat' dir='ltr'><strong>Cum</strong></span> <span class='ocrx_word' id='word_1_469' title='bbox 3447 2830 3540 2869; x_wconf 87' lang='lat' dir='ltr'><strong>au-</strong></span> 
     </span>
    </p>
   </div>
   <div class='ocr_carea' id='block_1_59' title="bbox 1957 2892 3542 2978">
    <p class='ocr_par' dir='ltr' id='par_1_59' title="bbox 1957 2892 3542 2978">
     <span class='ocr_line' id='line_1_59' title="bbox 1957 2892 3542 2978; baseline 0.012 -33"><span class='ocrx_word' id='word_1_470' title='bbox 1957 2892 2091 2947; x_wconf 86' lang='lat' dir='ltr'><strong>divit</strong></span> <span class='ocrx_word' id='word_1_471' title='bbox 2120 2901 2301 2950; x_wconf 86' lang='lat' dir='ltr'><strong>autem</strong></span> <span class='ocrx_word' id='word_1_472' title='bbox 2331 2896 2479 2951; x_wconf 88' lang='lat' dir='ltr'><strong>illum</strong></span> <span class='ocrx_word' id='word_1_473' title='bbox 2509 2906 2687 2954; x_wconf 87' lang='lat' dir='ltr'><strong>tantas</strong></span> <span class='ocrx_word' id='word_1_474' title='bbox 2718 2901 2944 2958; x_wconf 88' lang='lat' dir='ltr'><strong>virtutes</strong></span> <span class='ocrx_word' id='word_1_475' title='bbox 2979 2903 3180 2971; x_wconf 89' lang='lat' dir='ltr'><strong>facere,</strong></span> <span class='ocrx_word' id='word_1_476' title='bbox 3220 2915 3347 2962; x_wconf 91' lang='lat' dir='ltr'><strong>tunc</strong></span> <span class='ocrx_word' id='word_1_477' title='bbox 3374 2909 3542 2978; x_wconf 75' lang='lat' dir='ltr'><strong>cmpit</strong></span> 
     </span>
    </p>
   </div>
   <div class='ocr_carea' id='block_1_60' title="bbox 1956 2985 3541 3069">
    <p class='ocr_par' dir='ltr' id='par_1_60' title="bbox 1956 2985 3541 3069">
     <span class='ocr_line' id='line_1_60' title="bbox 1956 2985 3541 3069; baseline 0.009 -31"><span class='ocrx_word' id='word_1_478' title='bbox 1956 2985 2193 3056; x_wconf 82' lang='lat' dir='ltr'><strong>cogitare</strong></span> <span class='ocrx_word' id='word_1_479' title='bbox 2228 2988 2415 3044; x_wconf 89' lang='lat' dir='ltr'><strong>dicens</strong></span> <span class='ocrx_word' id='word_1_480' title='bbox 2449 3004 2462 3042; x_wconf 87' lang='lat'><strong>:</strong></span> <span class='ocrx_word' id='word_1_481' title='bbox 2495 2990 2553 3045; x_wconf 87' lang='lat' dir='ltr'><strong>Si</strong></span> <span class='ocrx_word' id='word_1_482' title='bbox 2590 2991 2704 3061; x_wconf 90' lang='lat' dir='ltr'><strong>ipse</strong></span> <span class='ocrx_word' id='word_1_483' title='bbox 2739 3002 2917 3049; x_wconf 90' lang='lat' dir='ltr'><strong>tantas</strong></span> <span class='ocrx_word' id='word_1_484' title='bbox 2951 2996 3180 3052; x_wconf 88' lang='lat' dir='ltr'><strong>virtutes</strong></span> <span class='ocrx_word' id='word_1_485' title='bbox 3220 2996 3382 3064; x_wconf 83' lang='lat' dir='ltr'><strong>facit,</strong></span> <span class='ocrx_word' id='word_1_486' title='bbox 3419 3000 3541 3069; x_wconf 88' lang='lat' dir='ltr'><strong>quis</strong></span> 
     </span>
    </p>
   </div>
   <div class='ocr_carea' id='block_1_61' title="bbox 1961 3078 3542 3146">
    <p class='ocr_par' dir='ltr' id='par_1_61' title="bbox 1961 3078 3542 3146">
     <span class='ocr_line' id='line_1_61' title="bbox 1961 3078 3542 3146; baseline 0.008 -15"><span class='ocrx_word' id='word_1_487' title='bbox 1961 3078 2168 3133; x_wconf 88' lang='lat' dir='ltr'><strong>occidet</strong></span> <span class='ocrx_word' id='word_1_488' title='bbox 2198 3078 2393 3134; x_wconf 86' lang='lat' dir='ltr'><strong>illum?</strong></span> <span class='ocrx_word' id='word_1_489' title='bbox 2445 3082 2600 3139; x_wconf 83' lang='lat' dir='ltr'><strong>Modo</strong></span> <span class='ocrx_word' id='word_1_490' title='bbox 2628 3084 2927 3141; x_wconf 74' lang='lat' dir='ltr'><strong>innotescat</strong></span> <span class='ocrx_word' id='word_1_491' title='bbox 2960 3091 3159 3143; x_wconf 90' lang='lat' dir='ltr'><strong>mundo</strong></span> <span class='ocrx_word' id='word_1_492' title='bbox 3189 3108 3201 3143; x_wconf 89' lang='lat'><strong>:</strong></span> <span class='ocrx_word' id='word_1_493' title='bbox 3230 3091 3387 3146; x_wconf 90' lang='lat' dir='ltr'><strong>modo</strong></span> <span class='ocrx_word' id='word_1_494' title='bbox 3424 3092 3542 3145; x_wconf 86' lang='lat' dir='ltr'><strong>nul-</strong></span> 
     </span>
    </p>
   </div>
   <div class='ocr_carea' id='block_1_62' title="bbox 258 3141 3544 3245">
    <p class='ocr_par' dir='ltr' id='par_1_62' title="bbox 258 3141 3544 3245">
     <span class='ocr_line' id='line_1_62' title="bbox 258 3141 3544 3245; baseline 0.002 -17"><span class='ocrx_word' id='word_1_495' title='bbox 258 3173 417 3228; x_wconf 77' lang='lat' dir='ltr'><strong>multi</strong></span> <span class='ocrx_word' id='word_1_496' title='bbox 447 3173 720 3236; x_wconf 88' lang='lat' dir='ltr'><strong>dicuntur,</strong></span> <span class='ocrx_word' id='word_1_497' title='bbox 751 3178 807 3226; x_wconf 92' lang='lat' dir='ltr'><strong>et</strong></span> <span class='ocrx_word' id='word_1_498' title='bbox 836 3187 944 3226; x_wconf 90' lang='lat' dir='ltr'><strong>non</strong></span> <span class='ocrx_word' id='word_1_499' title='bbox 980 3180 1135 3237; x_wconf 89' lang='lat' dir='ltr'><strong>sunt;</strong></span> <span class='ocrx_word' id='word_1_500' title='bbox 1166 3172 1262 3227; x_wconf 86' lang='lat' dir='ltr'><strong>sed</strong></span> <span class='ocrx_word' id='word_1_501' title='bbox 1284 3173 1351 3227; x_wconf 88' lang='lat' dir='ltr'><strong>de</strong></span> <span class='ocrx_word' id='word_1_502' title='bbox 1381 3172 1466 3228; x_wconf 88' lang='lat' dir='ltr'><strong>his</strong></span> <span class='ocrx_word' id='word_1_503' title='bbox 1490 3173 1638 3238; x_wconf 84' lang='lat' dir='ltr'><strong>dixit,</strong></span> <span class='ocrx_word' id='word_1_504' title='bbox 1670 3141 1762 3245; x_wconf 76' lang='lat' dir='ltr'><strong>qui</strong></span> <span class='ocrx_word' id='word_1_505' title='bbox 1801 3184 1856 3229; x_wconf 72' lang='lat' dir='ltr'><strong>et</strong></span> <span class='ocrx_word' id='word_1_506' title='bbox 1883 3141 1927 3199; x_wconf 53' lang='grc' dir='ltr'><strong>(ἶ</strong></span> <span class='ocrx_word' id='word_1_507' title='bbox 1961 3166 2043 3221; x_wconf 89' lang='lat' dir='ltr'><strong>lus</strong></span> <span class='ocrx_word' id='word_1_508' title='bbox 2078 3169 2295 3223; x_wconf 83' lang='lat' dir='ltr'><strong>audebit</strong></span> <span class='ocrx_word' id='word_1_509' title='bbox 2323 3164 2446 3224; x_wconf 83' lang='lat' dir='ltr'><strong>eum</strong></span> <span class='ocrx_word' id='word_1_510' title='bbox 2483 3173 2750 3237; x_wconf 75' lang='lat' dir='ltr'><strong>occidere,</strong></span> <span class='ocrx_word' id='word_1_511' title='bbox 2793 3175 2886 3229; x_wconf 80' lang='lat' dir='ltr'><strong>sed</strong></span> <span class='ocrx_word' id='word_1_512' title='bbox 2922 3192 3111 3231; x_wconf 88' lang='lat' dir='ltr'><strong>omnes</strong></span> <span class='ocrx_word' id='word_1_513' title='bbox 3143 3180 3544 3235; x_wconf 79' lang='lat' dir='ltr'><strong>venerabuntur</strong></span> 
     </span>
    </p>
   </div>
   <div class='ocr_carea' id='block_1_63' title="bbox 257 3261 1848 3332">
    <p class='ocr_par' dir='ltr' id='par_1_63' title="bbox 257 3261 1848 3332">
     <span class='ocr_line' id='line_1_63' title="bbox 257 3261 1848 3332; baseline 0 -13"><span class='ocrx_word' id='word_1_514' title='bbox 257 3264 523 3319; x_wconf 84' lang='lat' dir='ltr'><strong>dicuntur</strong></span> <span class='ocrx_word' id='word_1_515' title='bbox 544 3262 776 3332; x_wconf 86' lang='lat' dir='ltr'><strong>publice,</strong></span> <span class='ocrx_word' id='word_1_516' title='bbox 807 3269 861 3317; x_wconf 91' lang='lat' dir='ltr'><strong>et</strong></span> <span class='ocrx_word' id='word_1_517' title='bbox 889 3269 1033 3317; x_wconf 90' lang='lat' dir='ltr'><strong>sunt.</strong></span> <span class='ocrx_word' id='word_1_518' title='bbox 1079 3261 1477 3317; x_wconf 85' lang='lat' dir='ltr'><strong>Attendendum</strong></span> <span class='ocrx_word' id='word_1_519' title='bbox 1516 3264 1658 3332; x_wconf 89' lang='lat' dir='ltr'><strong>quod</strong></span> <span class='ocrx_word' id='word_1_520' title='bbox 1696 3265 1848 3329; x_wconf 83' lang='lat' dir='ltr'><strong>dixit,</strong></span> 
     </span>
    </p>
   </div>
   <div class='ocr_carea' id='block_1_64' title="bbox 256 3351 1851 3424">
    <p class='ocr_par' dir='ltr' id='par_1_64' title="bbox 256 3351 1851 3424">
     <span class='ocr_line' id='line_1_64' title="bbox 256 3351 1851 3424; baseline 0.001 -15"><span class='ocrx_word' id='word_1_521' title='bbox 256 3370 328 3409; x_wconf 78' lang='lat' dir='ltr'><strong>ea:</strong></span> <span class='ocrx_word' id='word_1_522' title='bbox 358 3354 589 3408; x_wconf 84' lang='lat' dir='ltr'><strong>minimis</strong></span> <span class='ocrx_word' id='word_1_523' title='bbox 618 3353 756 3415; x_wconf 77' lang='lat' dir='ltr'><strong>istis,</strong></span> <span class='ocrx_word' id='word_1_524' title='bbox 793 3353 1003 3411; x_wconf 78' lang='lat' dir='ltr'><strong>hocest</strong></span> <span class='ocrx_word' id='word_1_525' title='bbox 1035 3352 1189 3417; x_wconf 89' lang='lat' dir='ltr'><strong>meis,</strong></span> <span class='ocrx_word' id='word_1_526' title='bbox 1222 3351 1314 3422; x_wconf 88' lang='lat' dir='ltr'><strong>qui</strong></span> <span class='ocrx_word' id='word_1_527' title='bbox 1341 3353 1547 3407; x_wconf 87' lang='lat' dir='ltr'><strong>minimi</strong></span> <span class='ocrx_word' id='word_1_528' title='bbox 1575 3364 1721 3419; x_wconf 88' lang='lat' dir='ltr'><strong>sunt,</strong></span> <span class='ocrx_word' id='word_1_529' title='bbox 1758 3356 1851 3424; x_wconf 90' lang='lat' dir='ltr'><strong>qui</strong></span> 
     </span>
    </p>
   </div>
   <div class='ocr_carea' id='block_1_65' title="bbox 257 3440 1856 3512">
    <p class='ocr_par' dir='ltr' id='par_1_65' title="bbox 257 3440 1856 3512">
     <span class='ocr_line' id='line_1_65' title="bbox 257 3440 1856 3512; baseline -0.003 -11"><span class='ocrx_word' id='word_1_530' title='bbox 257 3454 395 3502; x_wconf 81' lang='lat' dir='ltr'><strong>sunt</strong></span> <span class='ocrx_word' id='word_1_531' title='bbox 430 3443 661 3499; x_wconf 84' lang='lat' dir='ltr'><strong>humiles</strong></span> <span class='ocrx_word' id='word_1_532' title='bbox 693 3443 903 3512; x_wconf 84' lang='lat' dir='ltr'><strong>spiritu.</strong></span> <span class='ocrx_word' id='word_1_533' title='bbox 950 3441 1084 3495; x_wconf 90' lang='lat' dir='ltr'><strong>Nam</strong></span> <span class='ocrx_word' id='word_1_534' title='bbox 1128 3440 1338 3495; x_wconf 86' lang='lat' dir='ltr'><strong>Marcus</strong></span> <span class='ocrx_word' id='word_1_535' title='bbox 1367 3442 1516 3508; x_wconf 87' lang='lat' dir='ltr'><strong>dicit,</strong></span> <span class='ocrx_word' id='word_1_536' title='bbox 1547 3441 1615 3496; x_wconf 89' lang='lat' dir='ltr'><strong>In</strong></span> <span class='ocrx_word' id='word_1_537' title='bbox 1647 3444 1856 3497; x_wconf 86' lang='lat' dir='ltr'><strong>nomine</strong></span> 
     </span>
    </p>
   </div>
   <div class='ocr_carea' id='block_1_66' title="bbox 257 3536 1854 3611">
    <p class='ocr_par' dir='ltr' id='par_1_66' title="bbox 257 3536 1854 3611">
     <span class='ocr_line' id='line_1_66' title="bbox 257 3536 1854 3611; baseline -0.006 -14"><span class='ocrx_word' id='word_1_538' title='bbox 257 3558 382 3597; x_wconf 81' lang='lat' dir='ltr'><strong>meo</strong></span> <span class='ocrx_word' id='word_1_539' title='bbox 424 3542 551 3611; x_wconf 84' lang='lat' dir='ltr'><strong>quia</strong></span> <span class='ocrx_word' id='word_1_540' title='bbox 594 3539 790 3594; x_wconf 79' lang='lat' dir='ltr'><strong>Christi</strong></span> <span class='ocrx_word' id='word_1_541' title='bbox 832 3539 973 3592; x_wconf 85' lang='lat' dir='ltr'><strong>estis.</strong></span> <span class='ocrx_word' id='word_1_542' title='bbox 1026 3536 1095 3590; x_wconf 81' lang='lat' dir='ltr'><strong>Et</strong></span> <span class='ocrx_word' id='word_1_543' title='bbox 1137 3537 1335 3605; x_wconf 79' lang='lat' dir='ltr'><strong>factum</strong></span> <span class='ocrx_word' id='word_1_544' title='bbox 1362 3546 1438 3590; x_wconf 88' lang='lat' dir='ltr'><strong>est</strong></span> <span class='ocrx_word' id='word_1_545' title='bbox 1467 3552 1586 3589; x_wconf 82' lang='lat' dir='ltr'><strong>cum</strong></span> <span class='ocrx_word' id='word_1_546' title='bbox 1617 3553 1854 3590; x_wconf 87' lang='lat' dir='ltr'><strong>consum-</strong></span> 
     </span>
    </p>
   </div>
   <div class='ocr_carea' id='block_1_67' title="bbox 258 3626 1849 3701">
    <p class='ocr_par' dir='ltr' id='par_1_67' title="bbox 258 3626 1849 3701">
     <span class='ocr_line' id='line_1_67' title="bbox 258 3626 1849 3701; baseline -0.006 -12"><span class='ocrx_word' id='word_1_547' title='bbox 258 3645 455 3689; x_wconf 70' lang='lat' dir='ltr'><strong>masset</strong></span> <span class='ocrx_word' id='word_1_548' title='bbox 494 3632 685 3697; x_wconf 81' lang='lat' dir='ltr'><strong>Jesus,</strong></span> <span class='ocrx_word' id='word_1_549' title='bbox 724 3630 1029 3701; x_wconf 77' lang='lat' dir='ltr'><strong>prtrcipiens</strong></span> <span class='ocrx_word' id='word_1_550' title='bbox 1078 3627 1352 3681; x_wconf 74' lang='lat' dir='ltr'><strong>duodecim</strong></span> <span class='ocrx_word' id='word_1_551' title='bbox 1400 3626 1669 3696; x_wconf 83' lang='lat' dir='ltr'><strong>discipulis</strong></span> <span class='ocrx_word' id='word_1_552' title='bbox 1721 3628 1849 3681; x_wconf 82' lang='lat' dir='ltr'><strong>suis.</strong></span> 
     </span>
    </p>
   </div>
   <div class='ocr_carea' id='block_1_68' title="bbox 258 3718 1850 3790">
    <p class='ocr_par' dir='ltr' id='par_1_68' title="bbox 258 3718 1850 3790">
     <span class='ocr_line' id='line_1_68' title="bbox 258 3718 1850 3790; baseline -0.006 -10"><span class='ocrx_word' id='word_1_553' title='bbox 258 3728 402 3781; x_wconf 73' lang='lat' dir='ltr'><strong>Cum</strong></span> <span class='ocrx_word' id='word_1_554' title='bbox 449 3731 915 3788; x_wconf 87' lang='lat' dir='ltr'><strong>consummasset,</strong></span> <span class='ocrx_word' id='word_1_555' title='bbox 964 3722 1030 3776; x_wconf 88' lang='lat' dir='ltr'><strong>ad</strong></span> <span class='ocrx_word' id='word_1_556' title='bbox 1070 3719 1453 3790; x_wconf 79' lang='lat' dir='ltr'><strong>perfectionem</strong></span> <span class='ocrx_word' id='word_1_557' title='bbox 1491 3718 1850 3789; x_wconf 84' lang='lat' dir='ltr'><strong>perduxisset,</strong></span> 
     </span>
    </p>
   </div>
   <div class='ocr_carea' id='block_1_69' title="bbox 263 3811 1856 3884">
    <p class='ocr_par' dir='ltr' id='par_1_69' title="bbox 263 3811 1856 3884">
     <span class='ocr_line' id='line_1_69' title="bbox 263 3811 1856 3884; baseline -0.006 -14"><span class='ocrx_word' id='word_1_558' title='bbox 263 3816 415 3871; x_wconf 88' lang='lat' dir='ltr'><strong>aliud</strong></span> <span class='ocrx_word' id='word_1_559' title='bbox 453 3815 683 3884; x_wconf 88' lang='lat' dir='ltr'><strong>denique</strong></span> <span class='ocrx_word' id='word_1_560' title='bbox 723 3821 807 3869; x_wconf 86' lang='lat' dir='ltr'><strong>est</strong></span> <span class='ocrx_word' id='word_1_561' title='bbox 840 3811 1058 3882; x_wconf 85' lang='lat' dir='ltr'><strong>quando</strong></span> <span class='ocrx_word' id='word_1_562' title='bbox 1083 3811 1313 3865; x_wconf 89' lang='lat' dir='ltr'><strong>dicimus</strong></span> <span class='ocrx_word' id='word_1_563' title='bbox 1334 3816 1740 3864; x_wconf 89' lang='lat' dir='ltr'><strong>consummatus</strong></span> <span class='ocrx_word' id='word_1_564' title='bbox 1773 3816 1856 3863; x_wconf 79' lang='lat' dir='ltr'><strong>est</strong></span> 
     </span>
    </p>
   </div>
   <div class='ocr_carea' id='block_1_70' title="bbox 261 3903 1855 3981">
    <p class='ocr_par' dir='ltr' id='par_1_70' title="bbox 261 3903 1855 3981">
     <span class='ocr_line' id='line_1_70' title="bbox 261 3903 1855 3981; baseline -0.005 -20"><span class='ocrx_word' id='word_1_565' title='bbox 261 3909 408 3981; x_wconf 72' lang='lat' dir='ltr'><strong>ignis</strong></span> <span class='ocrx_word' id='word_1_566' title='bbox 433 3907 518 3961; x_wconf 85' lang='lat' dir='ltr'><strong>vel</strong></span> <span class='ocrx_word' id='word_1_567' title='bbox 546 3908 717 3971; x_wconf 71' lang='lat' dir='ltr'><strong>ribus,</strong></span> <span class='ocrx_word' id='word_1_568' title='bbox 753 3904 897 3959; x_wconf 85' lang='lat' dir='ltr'><strong>aliud</strong></span> <span class='ocrx_word' id='word_1_569' title='bbox 928 3919 1049 3958; x_wconf 87' lang='lat' dir='ltr'><strong>eum</strong></span> <span class='ocrx_word' id='word_1_570' title='bbox 1075 3903 1306 3957; x_wconf 90' lang='lat' dir='ltr'><strong>dicimus</strong></span> <span class='ocrx_word' id='word_1_571' title='bbox 1331 3907 1741 3956; x_wconf 85' lang='lat' dir='ltr'><strong>consummatus</strong></span> <span class='ocrx_word' id='word_1_572' title='bbox 1772 3908 1855 3955; x_wconf 89' lang='lat' dir='ltr'><strong>est</strong></span> 
     </span>
    </p>
   </div>
   <div class='ocr_carea' id='block_1_71' title="bbox 259 3992 1851 4063">
    <p class='ocr_par' dir='ltr' id='par_1_71' title="bbox 259 3992 1851 4063">
     <span class='ocr_line' id='line_1_71' title="bbox 259 3992 1851 4063; baseline -0.005 -8"><span class='ocrx_word' id='word_1_573' title='bbox 259 4014 450 4055; x_wconf 80' lang='lat' dir='ltr'><strong>sermo</strong></span> <span class='ocrx_word' id='word_1_574' title='bbox 477 3997 739 4052; x_wconf 85' lang='lat' dir='ltr'><strong>docentis.</strong></span> <span class='ocrx_word' id='word_1_575' title='bbox 789 3996 866 4050; x_wconf 84' lang='lat' dir='ltr'><strong>lbi</strong></span> <span class='ocrx_word' id='word_1_576' title='bbox 891 3996 1012 4050; x_wconf 86' lang='lat' dir='ltr'><strong>linis</strong></span> <span class='ocrx_word' id='word_1_577' title='bbox 1044 3994 1326 4061; x_wconf 78' lang='lat' dir='ltr'><strong>accipitur,</strong></span> <span class='ocrx_word' id='word_1_578' title='bbox 1352 3993 1440 4048; x_wconf 91' lang='lat' dir='ltr'><strong>hic</strong></span> <span class='ocrx_word' id='word_1_579' title='bbox 1468 3992 1730 4063; x_wconf 87' lang='lat' dir='ltr'><strong>perfectio</strong></span> <span class='ocrx_word' id='word_1_580' title='bbox 1755 3993 1851 4048; x_wconf 68' lang='lat' dir='ltr'><strong>de-~</strong></span> 
     </span>
    </p>
   </div>
   <div class='ocr_carea' id='block_1_72' title="bbox 258 4085 1853 4157">
    <p class='ocr_par' dir='ltr' id='par_1_72' title="bbox 258 4085 1853 4157">
     <span class='ocr_line' id='line_1_72' title="bbox 258 4085 1853 4157; baseline -0.006 -9"><span class='ocrx_word' id='word_1_581' title='bbox 258 4099 623 4148; x_wconf 84' lang='lat' dir='ltr'><strong>monstratur.</strong></span> <span class='ocrx_word' id='word_1_582' title='bbox 693 4086 1015 4157; x_wconf 80' lang='lat' dir='ltr'><strong>Prtrcipiens</strong></span> <span class='ocrx_word' id='word_1_583' title='bbox 1047 4086 1321 4140; x_wconf 82' lang='lat' dir='ltr'><strong>duodecim</strong></span> <span class='ocrx_word' id='word_1_584' title='bbox 1346 4099 1364 4136; x_wconf 92' lang='lat'><strong><em>:</em></strong></span> <span class='ocrx_word' id='word_1_585' title='bbox 1386 4085 1531 4139; x_wconf 89' lang='lat' dir='ltr'><strong>aliud</strong></span> <span class='ocrx_word' id='word_1_586' title='bbox 1565 4085 1853 4153; x_wconf 89' lang='lat' dir='ltr'><strong>separatim</strong></span> 
     </span>
    </p>
   </div>
   <div class='ocr_carea' id='block_1_73' title="bbox 256 4175 1853 4254">
    <p class='ocr_par' dir='ltr' id='par_1_73' title="bbox 256 4175 1853 4254">
     <span class='ocr_line' id='line_1_73' title="bbox 256 4175 1853 4254; baseline -0.008 -15"><span class='ocrx_word' id='word_1_587' title='bbox 256 4182 525 4254; x_wconf 62' lang='lat' dir='ltr'><strong>praecepit</strong></span> <span class='ocrx_word' id='word_1_588' title='bbox 547 4180 847 4243; x_wconf 69' lang='lat' dir='ltr'><strong>duodecim,</strong></span> <span class='ocrx_word' id='word_1_589' title='bbox 881 4186 936 4232; x_wconf 89' lang='lat' dir='ltr'><strong>et</strong></span> <span class='ocrx_word' id='word_1_590' title='bbox 962 4176 1105 4232; x_wconf 79' lang='lat' dir='ltr'><strong>aliud</strong></span> <span class='ocrx_word' id='word_1_591' title='bbox 1132 4176 1413 4232; x_wconf 88' lang='lat' dir='ltr'><strong>duodecim</strong></span> <span class='ocrx_word' id='word_1_592' title='bbox 1435 4186 1489 4232; x_wconf 88' lang='lat' dir='ltr'><strong>et</strong></span> <span class='ocrx_word' id='word_1_593' title='bbox 1516 4175 1853 4245; x_wconf 79' lang='lat' dir='ltr'><strong>septuaginta</strong></span> 
     </span>
    </p>
   </div>
   <div class='ocr_carea' id='block_1_74' title="bbox 256 4265 1854 4335">
    <p class='ocr_par' dir='ltr' id='par_1_74' title="bbox 256 4265 1854 4335">
     <span class='ocr_line' id='line_1_74' title="bbox 256 4265 1854 4335; baseline -0.009 -4"><span class='ocrx_word' id='word_1_594' title='bbox 256 4274 479 4331; x_wconf 80' lang='lat' dir='ltr'><strong>duobus</strong></span> <span class='ocrx_word' id='word_1_595' title='bbox 529 4270 688 4327; x_wconf 83' lang='lat' dir='ltr'><strong>simul</strong></span> <span class='ocrx_word' id='word_1_596' title='bbox 734 4290 747 4322; x_wconf 88' lang='lat'><strong>:</strong></span> <span class='ocrx_word' id='word_1_597' title='bbox 795 4268 1075 4323; x_wconf 89' lang='lat' dir='ltr'><strong>duodecim</strong></span> <span class='ocrx_word' id='word_1_598' title='bbox 1123 4267 1456 4331; x_wconf 86' lang='lat' dir='ltr'><strong>secretiora,</strong></span> <span class='ocrx_word' id='word_1_599' title='bbox 1514 4265 1854 4335; x_wconf 84' lang='lat' dir='ltr'><strong>septuaginta</strong></span> 
     </span>
    </p>
   </div>
   <div class='ocr_carea' id='block_1_75' title="bbox 256 4357 1853 4430">
    <p class='ocr_par' dir='ltr' id='par_1_75' title="bbox 256 4357 1853 4430">
     <span class='ocr_line' id='line_1_75' title="bbox 256 4357 1853 4430; baseline -0.008 -7"><span class='ocrx_word' id='word_1_600' title='bbox 256 4366 480 4423; x_wconf 79' lang='lat' dir='ltr'><strong>duobus</strong></span> <span class='ocrx_word' id='word_1_601' title='bbox 508 4363 834 4419; x_wconf 87' lang='lat' dir='ltr'><strong>communia.</strong></span> <span class='ocrx_word' id='word_1_602' title='bbox 877 4361 1006 4416; x_wconf 85' lang='lat' dir='ltr'><strong>Cum</strong></span> <span class='ocrx_word' id='word_1_603' title='bbox 1040 4360 1221 4414; x_wconf 83' lang='lat' dir='ltr'><strong>habuit</strong></span> <span class='ocrx_word' id='word_1_604' title='bbox 1245 4359 1529 4430; x_wconf 79' lang='lat' dir='ltr'><strong>perfectam</strong></span> <span class='ocrx_word' id='word_1_605' title='bbox 1568 4357 1853 4412; x_wconf 85' lang='lat' dir='ltr'><strong>ordinatio-</strong></span> 
     </span>
    </p>
   </div>
   <div class='ocr_carea' id='block_1_76' title="bbox 257 4449 1853 4516">
    <p class='ocr_par' dir='ltr' id='par_1_76' title="bbox 257 4449 1853 4516">
     <span class='ocr_line' id='line_1_76' title="bbox 257 4449 1853 4516; baseline -0.006 -5"><span class='ocrx_word' id='word_1_606' title='bbox 257 4473 389 4512; x_wconf 80' lang='lat' dir='ltr'><strong>nem</strong></span> <span class='ocrx_word' id='word_1_607' title='bbox 415 4466 461 4509; x_wconf 89' lang='lat' dir='ltr'><strong>et</strong></span> <span class='ocrx_word' id='word_1_608' title='bbox 490 4454 782 4507; x_wconf 84' lang='lat' dir='ltr'><strong>doctrinam</strong></span> <span class='ocrx_word' id='word_1_609' title='bbox 808 4450 1108 4516; x_wconf 86' lang='lat' dir='ltr'><strong>duodecim,</strong></span> <span class='ocrx_word' id='word_1_610' title='bbox 1144 4449 1350 4503; x_wconf 86' lang='lat' dir='ltr'><strong>transiit</strong></span> <span class='ocrx_word' id='word_1_611' title='bbox 1375 4450 1515 4515; x_wconf 86' lang='lat' dir='ltr'><strong>inde,</strong></span> <span class='ocrx_word' id='word_1_612' title='bbox 1556 4458 1612 4502; x_wconf 88' lang='lat' dir='ltr'><strong>ut</strong></span> <span class='ocrx_word' id='word_1_613' title='bbox 1648 4449 1853 4502; x_wconf 88' lang='lat' dir='ltr'><strong>doceret</strong></span> 
     </span>
    </p>
   </div>
   <div class='ocr_carea' id='block_1_77' title="bbox 254 4537 1855 4611">
    <p class='ocr_par' dir='ltr' id='par_1_77' title="bbox 254 4537 1855 4611">
     <span class='ocr_line' id='line_1_77' title="bbox 254 4537 1855 4611; baseline -0.006 -9"><span class='ocrx_word' id='word_1_614' title='bbox 254 4550 322 4602; x_wconf 79' lang='lat' dir='ltr'><strong>in</strong></span> <span class='ocrx_word' id='word_1_615' title='bbox 346 4545 646 4601; x_wconf 72' lang='lat' dir='ltr'><strong>civitatibus</strong></span> <span class='ocrx_word' id='word_1_616' title='bbox 667 4558 866 4597; x_wconf 84' lang='lat' dir='ltr'><strong>eorum.</strong></span> <span class='ocrx_word' id='word_1_617' title='bbox 912 4542 1040 4611; x_wconf 80' lang='lat' dir='ltr'><strong>lude</strong></span> <span class='ocrx_word' id='word_1_618' title='bbox 1067 4540 1208 4610; x_wconf 89' lang='lat' dir='ltr'><strong>quod</strong></span> <span class='ocrx_word' id='word_1_619' title='bbox 1237 4540 1388 4605; x_wconf 89' lang='lat' dir='ltr'><strong>dicit,</strong></span> <span class='ocrx_word' id='word_1_620' title='bbox 1414 4540 1480 4594; x_wconf 90' lang='lat' dir='ltr'><strong>de</strong></span> <span class='ocrx_word' id='word_1_621' title='bbox 1505 4546 1686 4594; x_wconf 90' lang='lat' dir='ltr'><strong>monte</strong></span> <span class='ocrx_word' id='word_1_622' title='bbox 1710 4537 1855 4593; x_wconf 84' lang='lat' dir='ltr'><strong>Tha-</strong></span> 
     </span>
    </p>
   </div>
   <div class='ocr_carea' id='block_1_78' title="bbox 254 4630 1860 4704">
    <p class='ocr_par' dir='ltr' id='par_1_78' title="bbox 254 4630 1860 4704">
     <span class='ocr_line' id='line_1_78' title="bbox 254 4630 1860 4704; baseline -0.006 -10"><span class='ocrx_word' id='word_1_623' title='bbox 254 4641 370 4694; x_wconf 82' lang='lat' dir='ltr'><strong>bor</strong></span> <span class='ocrx_word' id='word_1_624' title='bbox 395 4635 511 4691; x_wconf 77' lang='lat' dir='ltr'><strong>vult</strong></span> <span class='ocrx_word' id='word_1_625' title='bbox 550 4634 794 4703; x_wconf 79' lang='lat' dir='ltr'><strong>intelligi,</strong></span> <span class='ocrx_word' id='word_1_626' title='bbox 832 4632 886 4687; x_wconf 93' lang='lat' dir='ltr'><strong>in</strong></span> <span class='ocrx_word' id='word_1_627' title='bbox 927 4647 1034 4704; x_wconf 89' lang='lat' dir='ltr'><strong>quo</strong></span> <span class='ocrx_word' id='word_1_628' title='bbox 1072 4631 1349 4701; x_wconf 86' lang='lat' dir='ltr'><strong>superiora</strong></span> <span class='ocrx_word' id='word_1_629' title='bbox 1387 4632 1588 4687; x_wconf 81' lang='lat' dir='ltr'><strong>docuit.</strong></span> <span class='ocrx_word' id='word_1_630' title='bbox 1647 4630 1860 4700; x_wconf 80' lang='lat' dir='ltr'><strong>Perspi-</strong></span> 
     </span>
    </p>
   </div>
   <div class='ocr_carea' id='block_1_79' title="bbox 256 4722 1857 4794">
    <p class='ocr_par' dir='ltr' id='par_1_79' title="bbox 256 4722 1857 4794">
     <span class='ocr_line' id='line_1_79' title="bbox 256 4722 1857 4794; baseline -0.004 -10"><span class='ocrx_word' id='word_1_631' title='bbox 256 4727 524 4784; x_wconf 78' lang='lat' dir='ltr'><strong>ciendum</strong></span> <span class='ocrx_word' id='word_1_632' title='bbox 550 4739 679 4779; x_wconf 84' lang='lat' dir='ltr'><strong>vero</strong></span> <span class='ocrx_word' id='word_1_633' title='bbox 694 4733 870 4779; x_wconf 86' lang='lat' dir='ltr'><strong>mente</strong></span> <span class='ocrx_word' id='word_1_634' title='bbox 893 4724 1094 4789; x_wconf 85' lang='lat' dir='ltr'><strong>sedula,</strong></span> <span class='ocrx_word' id='word_1_635' title='bbox 1111 4722 1253 4794; x_wconf 87' lang='lat' dir='ltr'><strong>quod</strong></span> <span class='ocrx_word' id='word_1_636' title='bbox 1276 4722 1553 4790; x_wconf 89' lang='lat' dir='ltr'><strong>Dominus,</strong></span> <span class='ocrx_word' id='word_1_637' title='bbox 1575 4731 1857 4793; x_wconf 91' lang='lat' dir='ltr'><strong>postquam</strong></span> 
     </span>
    </p>
   </div>
   <div class='ocr_carea' id='block_1_80' title="bbox 254 4817 1862 4894">
    <p class='ocr_par' dir='ltr' id='par_1_80' title="bbox 254 4817 1862 4894">
     <span class='ocr_line' id='line_1_80' title="bbox 254 4817 1862 4894; baseline -0.001 -22"><span class='ocrx_word' id='word_1_638' title='bbox 254 4820 572 4894; x_wconf 52' lang='lat' dir='ltr'><strong>praedicare</strong></span> <span class='ocrx_word' id='word_1_639' title='bbox 596 4818 780 4888; x_wconf 81' lang='lat' dir='ltr'><strong>cmpit,</strong></span> <span class='ocrx_word' id='word_1_640' title='bbox 817 4832 923 4871; x_wconf 90' lang='lat' dir='ltr'><strong>non</strong></span> <span class='ocrx_word' id='word_1_641' title='bbox 961 4817 1189 4873; x_wconf 87' lang='lat' dir='ltr'><strong>cessavit</strong></span> <span class='ocrx_word' id='word_1_642' title='bbox 1220 4831 1316 4887; x_wconf 87' lang='lat' dir='ltr'><strong>per</strong></span> <span class='ocrx_word' id='word_1_643' title='bbox 1350 4823 1460 4871; x_wconf 91' lang='lat' dir='ltr'><strong>tres</strong></span> <span class='ocrx_word' id='word_1_644' title='bbox 1494 4831 1667 4871; x_wconf 88' lang='lat' dir='ltr'><strong>annos</strong></span> <span class='ocrx_word' id='word_1_645' title='bbox 1702 4824 1757 4871; x_wconf 91' lang='lat' dir='ltr'><strong>et</strong></span> <span class='ocrx_word' id='word_1_646' title='bbox 1781 4817 1862 4871; x_wconf 88' lang='lat' dir='ltr'><strong>di-</strong></span> 
     </span>
    </p>
   </div>
   <div class='ocr_carea' id='block_1_81' title="bbox 253 4906 1863 4977">
    <p class='ocr_par' dir='ltr' id='par_1_81' title="bbox 253 4906 1863 4977">
     <span class='ocr_line' id='line_1_81' title="bbox 253 4906 1863 4977; baseline -0.004 -9"><span class='ocrx_word' id='word_1_647' title='bbox 253 4912 535 4974; x_wconf 82' lang='lat' dir='ltr'><strong>midium,</strong></span> <span class='ocrx_word' id='word_1_648' title='bbox 585 4909 688 4964; x_wconf 92' lang='lat' dir='ltr'><strong>nisi</strong></span> <span class='ocrx_word' id='word_1_649' title='bbox 733 4908 947 4977; x_wconf 87' lang='lat' dir='ltr'><strong>quando</strong></span> <span class='ocrx_word' id='word_1_650' title='bbox 988 4923 1235 4961; x_wconf 89' lang='lat' dir='ltr'><strong>somnum</strong></span> <span class='ocrx_word' id='word_1_651' title='bbox 1279 4907 1460 4976; x_wconf 82' lang='lat' dir='ltr'><strong>cepit:</strong></span> <span class='ocrx_word' id='word_1_652' title='bbox 1501 4906 1635 4961; x_wconf 88' lang='lat' dir='ltr'><strong>dans</strong></span> <span class='ocrx_word' id='word_1_653' title='bbox 1678 4922 1863 4961; x_wconf 79' lang='lat' dir='ltr'><strong>exem-</strong></span> 
     </span>
    </p>
   </div>
   <div class='ocr_carea' id='block_1_82' title="bbox 254 4998 1858 5075">
    <p class='ocr_par' dir='ltr' id='par_1_82' title="bbox 254 4998 1858 5075">
     <span class='ocr_line' id='line_1_82' title="bbox 254 4998 1858 5075; baseline -0.001 -20"><span class='ocrx_word' id='word_1_654' title='bbox 254 5003 446 5075; x_wconf 69' lang='lat' dir='ltr'><strong>plum,</strong></span> <span class='ocrx_word' id='word_1_655' title='bbox 477 5009 537 5054; x_wconf 89' lang='lat' dir='ltr'><strong>ut</strong></span> <span class='ocrx_word' id='word_1_656' title='bbox 573 5000 879 5069; x_wconf 85' lang='lat' dir='ltr'><strong>quicunque</strong></span> <span class='ocrx_word' id='word_1_657' title='bbox 921 4999 1119 5052; x_wconf 88' lang='lat' dir='ltr'><strong>bonum</strong></span> <span class='ocrx_word' id='word_1_658' title='bbox 1164 5013 1299 5065; x_wconf 85' lang='lat' dir='ltr'><strong>opus</strong></span> <span class='ocrx_word' id='word_1_659' title='bbox 1347 4998 1554 5067; x_wconf 91' lang='lat' dir='ltr'><strong>incipit,</strong></span> <span class='ocrx_word' id='word_1_660' title='bbox 1590 4998 1858 5054; x_wconf 86' lang='lat' dir='ltr'><strong>instanter</strong></span> 
     </span>
    </p>
   </div>
   <div class='ocr_carea' id='block_1_83' title="bbox 254 5088 1860 5157">
    <p class='ocr_par' dir='ltr' id='par_1_83' title="bbox 254 5088 1860 5157">
     <span class='ocr_line' id='line_1_83' title="bbox 254 5088 1860 5157; baseline -0.003 -9"><span class='ocrx_word' id='word_1_661' title='bbox 254 5092 409 5151; x_wconf 76' lang='lat' dir='ltr'><strong>illud</strong></span> <span class='ocrx_word' id='word_1_662' title='bbox 432 5098 702 5145; x_wconf 78' lang='lat' dir='ltr'><strong>exerceat.</strong></span> <span class='ocrx_word' id='word_1_663' title='bbox 754 5089 888 5155; x_wconf 87' lang='lat' dir='ltr'><strong>Quia</strong></span> <span class='ocrx_word' id='word_1_664' title='bbox 926 5088 1019 5157; x_wconf 91' lang='lat' dir='ltr'><strong>qui</strong></span> <span class='ocrx_word' id='word_1_665' title='bbox 1068 5088 1331 5142; x_wconf 87' lang='lat' dir='ltr'><strong>remissus</strong></span> <span class='ocrx_word' id='word_1_666' title='bbox 1368 5097 1424 5142; x_wconf 87' lang='lat' dir='ltr'><strong>et</strong></span> <span class='ocrx_word' id='word_1_667' title='bbox 1463 5088 1753 5145; x_wconf 88' lang='lat' dir='ltr'><strong>dissolutus</strong></span> <span class='ocrx_word' id='word_1_668' title='bbox 1778 5097 1860 5144; x_wconf 89' lang='lat' dir='ltr'><strong>est</strong></span> 
     </span>
    </p>
   </div>
   <div class='ocr_carea' id='block_1_84' title="bbox 248 5180 1859 5252">
    <p class='ocr_par' dir='ltr' id='par_1_84' title="bbox 248 5180 1859 5252">
     <span class='ocr_line' id='line_1_84' title="bbox 248 5180 1859 5252; baseline -0.002 -14"><span class='ocrx_word' id='word_1_669' title='bbox 248 5189 325 5243; x_wconf 81' lang='lat' dir='ltr'><strong>in</strong></span> <span class='ocrx_word' id='word_1_670' title='bbox 358 5197 527 5252; x_wconf 89' lang='lat' dir='ltr'><strong>opere</strong></span> <span class='ocrx_word' id='word_1_671' title='bbox 553 5196 651 5235; x_wconf 84' lang='lat' dir='ltr'><strong>suo</strong></span> <span class='ocrx_word' id='word_1_672' title='bbox 677 5180 846 5234; x_wconf 83' lang='lat' dir='ltr'><strong>frater</strong></span> <span class='ocrx_word' id='word_1_673' title='bbox 876 5188 962 5233; x_wconf 90' lang='lat' dir='ltr'><strong>est</strong></span> <span class='ocrx_word' id='word_1_674' title='bbox 998 5193 1097 5234; x_wconf 90' lang='lat' dir='ltr'><strong>sua</strong></span> <span class='ocrx_word' id='word_1_675' title='bbox 1134 5194 1298 5249; x_wconf 88' lang='lat' dir='ltr'><strong>opera</strong></span> <span class='ocrx_word' id='word_1_676' title='bbox 1348 5180 1676 5248; x_wconf 86' lang='lat' dir='ltr'><strong>dissipantis,</strong></span> <span class='ocrx_word' id='word_1_677' title='bbox 1723 5191 1769 5235; x_wconf 92' lang='lat' dir='ltr'><strong>et</strong></span> <span class='ocrx_word' id='word_1_678' title='bbox 1814 5184 1859 5235; x_wconf 87' lang='lat' dir='ltr'><strong>si</strong></span> 
     </span>
    </p>
   </div>
   <div class='ocr_carea' id='block_1_85' title="bbox 247 5271 1860 5346">
    <p class='ocr_par' dir='ltr' id='par_1_85' title="bbox 247 5271 1860 5346">
     <span class='ocr_line' id='line_1_85' title="bbox 247 5271 1860 5346; baseline -0.006 -13"><span class='ocrx_word' id='word_1_679' title='bbox 247 5276 483 5346; x_wconf 67' lang='lat' dir='ltr'><strong>tepidus</strong></span> <span class='ocrx_word' id='word_1_680' title='bbox 508 5273 688 5341; x_wconf 73' lang='lat' dir='ltr'><strong>fuerit,</strong></span> <span class='ocrx_word' id='word_1_681' title='bbox 712 5289 874 5343; x_wconf 86' lang='lat' dir='ltr'><strong>neque</strong></span> <span class='ocrx_word' id='word_1_682' title='bbox 905 5271 1128 5341; x_wconf 78' lang='lat' dir='ltr'><strong>frigidus</strong></span> <span class='ocrx_word' id='word_1_683' title='bbox 1163 5287 1325 5342; x_wconf 82' lang='lat' dir='ltr'><strong>neque</strong></span> <span class='ocrx_word' id='word_1_684' title='bbox 1350 5271 1573 5338; x_wconf 86' lang='lat' dir='ltr'><strong>calidus,</strong></span> <span class='ocrx_word' id='word_1_685' title='bbox 1600 5283 1860 5327; x_wconf 87' lang='lat' dir='ltr'><strong>evometur</strong></span> 
     </span>
    </p>
   </div>
   <div class='ocr_carea' id='block_1_86' title="bbox 244 5364 611 5425">
    <p class='ocr_par' dir='ltr' id='par_1_86' title="bbox 244 5364 611 5425">
     <span class='ocr_line' id='line_1_86' title="bbox 244 5364 611 5425; baseline -0.003 -7"><span class='ocrx_word' id='word_1_686' title='bbox 244 5385 335 5425; x_wconf 66' lang='lat' dir='ltr'><strong>ex</strong></span> <span class='ocrx_word' id='word_1_687' title='bbox 371 5381 465 5419; x_wconf 86' lang='lat' dir='ltr'><strong>ore</strong></span> <span class='ocrx_word' id='word_1_688' title='bbox 495 5364 611 5418; x_wconf 87' lang='lat' dir='ltr'><strong>Dei.</strong></span> 
     </span>
    </p>
   </div>
   <div class='ocr_carea' id='block_1_87' title="bbox 837 5452 1296 5511">
    <p class='ocr_par' dir='ltr' id='par_1_87' title="bbox 837 5452 1296 5511">
     <span class='ocr_line' id='line_1_87' title="bbox 837 5452 1296 5511; baseline -0.009 0"><span class='ocrx_word' id='word_1_689' title='bbox 837 5455 1063 5511; x_wconf 80' lang='lat' dir='ltr'><strong>CAPUT</strong></span> <span class='ocrx_word' id='word_1_690' title='bbox 1107 5452 1296 5508; x_wconf 74' lang='lat' dir='ltr'><strong>XXIX.</strong></span> 
     </span>
    </p>
   </div>
   <div class='ocr_carea' id='block_1_88' title="bbox 344 5542 1787 5612">
    <p class='ocr_par' dir='ltr' id='par_1_88' title="bbox 344 5542 1787 5612">
     <span class='ocr_line' id='line_1_88' title="bbox 344 5542 1787 5612; baseline -0.003 -13"><span class='ocrx_word' id='word_1_691' title='bbox 344 5546 509 5612; x_wconf 82' lang='lat' dir='ltr'><strong>Quod</strong></span> <span class='ocrx_word' id='word_1_692' title='bbox 547 5545 781 5600; x_wconf 84' lang='lat' dir='ltr'><strong>Joannes</strong></span> <span class='ocrx_word' id='word_1_693' title='bbox 820 5546 884 5598; x_wconf 86' lang='lat' dir='ltr'><strong>de</strong></span> <span class='ocrx_word' id='word_1_694' title='bbox 932 5561 1139 5599; x_wconf 84' lang='lat' dir='ltr'><strong>carcere</strong></span> <span class='ocrx_word' id='word_1_695' title='bbox 1176 5544 1332 5597; x_wconf 87' lang='lat' dir='ltr'><strong>mittit</strong></span> <span class='ocrx_word' id='word_1_696' title='bbox 1374 5544 1443 5597; x_wconf 90' lang='lat' dir='ltr'><strong>ad</strong></span> <span class='ocrx_word' id='word_1_697' title='bbox 1485 5542 1787 5597; x_wconf 89' lang='lat' dir='ltr'><strong>Dominum.</strong></span> 
     </span>
    </p>
   </div>
   <div class='ocr_carea' id='block_1_89' title="bbox 336 5631 1864 5706">
    <p class='ocr_par' dir='ltr' id='par_1_89' title="bbox 336 5631 1864 5706">
     <span class='ocr_line' id='line_1_89' title="bbox 336 5631 1864 5706; baseline -0.005 -14"><span class='ocrx_word' id='word_1_698' title='bbox 336 5638 583 5693; x_wconf 75' lang='lat' dir='ltr'><strong>Joannes</strong></span> <span class='ocrx_word' id='word_1_699' title='bbox 605 5645 779 5689; x_wconf 82' lang='lat' dir='ltr'><strong>autem</strong></span> <span class='ocrx_word' id='word_1_700' title='bbox 802 5652 916 5689; x_wconf 89' lang='lat' dir='ltr'><strong>cum</strong></span> <span class='ocrx_word' id='word_1_701' title='bbox 943 5635 1172 5689; x_wconf 85' lang='lat' dir='ltr'><strong>audisset</strong></span> <span class='ocrx_word' id='word_1_702' title='bbox 1198 5635 1253 5688; x_wconf 86' lang='lat' dir='ltr'><strong>in</strong></span> <span class='ocrx_word' id='word_1_703' title='bbox 1280 5632 1500 5688; x_wconf 73' lang='lat' dir='ltr'><strong>vinculis</strong></span> <span class='ocrx_word' id='word_1_704' title='bbox 1527 5649 1683 5706; x_wconf 81' lang='lat' dir='ltr'><strong>opera</strong></span> <span class='ocrx_word' id='word_1_705' title='bbox 1708 5631 1864 5687; x_wconf 84' lang='lat' dir='ltr'><strong>Chri-</strong></span> 
     </span>
    </p>
   </div>
   <div class='ocr_carea' id='block_1_90' title="bbox 243 5724 1862 5796">
    <p class='ocr_par' dir='ltr' id='par_1_90' title="bbox 243 5724 1862 5796">
     <span class='ocr_line' id='line_1_90' title="bbox 243 5724 1862 5796; baseline -0.004 -7"><span class='ocrx_word' id='word_1_706' title='bbox 243 5732 365 5790; x_wconf 73' lang='lat' dir='ltr'><strong>sti.</strong></span> <span class='ocrx_word' id='word_1_707' title='bbox 419 5728 618 5783; x_wconf 85' lang='lat' dir='ltr'><strong>Parum</strong></span> <span class='ocrx_word' id='word_1_708' title='bbox 663 5734 951 5794; x_wconf 86' lang='lat' dir='ltr'><strong>antequam</strong></span> <span class='ocrx_word' id='word_1_709' title='bbox 983 5724 1222 5781; x_wconf 87' lang='lat' dir='ltr'><strong>Joannes</strong></span> <span class='ocrx_word' id='word_1_710' title='bbox 1252 5726 1675 5796; x_wconf 88' lang='lat' dir='ltr'><strong>comprehensus</strong></span> <span class='ocrx_word' id='word_1_711' title='bbox 1718 5731 1862 5783; x_wconf 75' lang='lat' dir='ltr'><strong>esset</strong></span> 
     </span>
    </p>
   </div>
   <div class='ocr_carea' id='block_1_91' title="bbox 647 5814 1124 5876">
    <p class='ocr_par' dir='ltr' id='par_1_91' title="bbox 647 5814 1124 5876">
     <span class='ocr_line' id='line_1_91' title="bbox 647 5814 1124 5876; baseline -0.004 -1"><span class='ocrx_word' id='word_1_712' title='bbox 647 5816 920 5875; x_wconf 70' lang='lat' dir='ltr'><strong>l‘n&#39;aot.</strong></span> <span class='ocrx_word' id='word_1_713' title='bbox 969 5814 1124 5876; x_wconf 77' lang='lat' dir='ltr'><strong>CVI.</strong></span> 
     </span>
    </p>
   </div>
   <div class='ocr_carea' id='block_1_92' title="bbox 1956 3259 3543 3342">
    <p class='ocr_par' dir='ltr' id='par_1_92' title="bbox 1956 3259 3543 3342">
     <span class='ocr_line' id='line_1_92' title="bbox 1956 3259 3543 3342; baseline 0.009 -30"><span class='ocrx_word' id='word_1_714' title='bbox 1956 3273 2100 3312; x_wconf 90' lang='lat' dir='ltr'><strong>cum.</strong></span> <span class='ocrx_word' id='word_1_715' title='bbox 2157 3259 2270 3330; x_wconf 86' lang='lat' dir='ltr'><strong>Ego</strong></span> <span class='ocrx_word' id='word_1_716' title='bbox 2311 3262 2598 3316; x_wconf 77' lang='lat' dir='ltr'><strong>credebam</strong></span> <span class='ocrx_word' id='word_1_717' title='bbox 2648 3264 2790 3333; x_wconf 88' lang='lat' dir='ltr'><strong>quod</strong></span> <span class='ocrx_word' id='word_1_718' title='bbox 2837 3265 2950 3335; x_wconf 77' lang='lat' dir='ltr'><strong>ipse</strong></span> <span class='ocrx_word' id='word_1_719' title='bbox 2993 3267 3212 3324; x_wconf 88' lang='lat' dir='ltr'><strong>deberet</strong></span> <span class='ocrx_word' id='word_1_720' title='bbox 3262 3271 3396 3325; x_wconf 90' lang='lat' dir='ltr'><strong>mori</strong></span> <span class='ocrx_word' id='word_1_721' title='bbox 3441 3288 3543 3342; x_wconf 83' lang='lat' dir='ltr'><strong>pro</strong></span> 
     </span>
    </p>
   </div>
   <div class='ocr_carea' id='block_1_93' title="bbox 1956 3349 3541 3430">
    <p class='ocr_par' dir='ltr' id='par_1_93' title="bbox 1956 3349 3541 3430">
     <span class='ocr_line' id='line_1_93' title="bbox 1956 3349 3541 3430; baseline 0.009 -29"><span class='ocrx_word' id='word_1_722' title='bbox 1956 3349 2132 3414; x_wconf 86' lang='lat' dir='ltr'><strong>nobis,</strong></span> <span class='ocrx_word' id='word_1_723' title='bbox 2173 3350 2266 3404; x_wconf 89' lang='lat' dir='ltr'><strong>sed</strong></span> <span class='ocrx_word' id='word_1_724' title='bbox 2318 3353 2477 3407; x_wconf 82' lang='lat' dir='ltr'><strong>modo</strong></span> <span class='ocrx_word' id='word_1_725' title='bbox 2521 3369 2683 3407; x_wconf 90' lang='lat' dir='ltr'><strong>unum</strong></span> <span class='ocrx_word' id='word_1_726' title='bbox 2722 3364 2807 3409; x_wconf 88' lang='lat' dir='ltr'><strong>est</strong></span> <span class='ocrx_word' id='word_1_727' title='bbox 2840 3373 2870 3408; x_wconf 90' lang='lat' dir='ltr'><strong>e</strong></span> <span class='ocrx_word' id='word_1_728' title='bbox 2906 3356 3115 3412; x_wconf 88' lang='lat' dir='ltr'><strong>duobus</strong></span> <span class='ocrx_word' id='word_1_729' title='bbox 3162 3367 3252 3413; x_wconf 87' lang='lat' dir='ltr'><strong>aut</strong></span> <span class='ocrx_word' id='word_1_730' title='bbox 3286 3361 3400 3430; x_wconf 89' lang='lat' dir='ltr'><strong>ipse</strong></span> <span class='ocrx_word' id='word_1_731' title='bbox 3437 3377 3541 3416; x_wconf 87' lang='lat' dir='ltr'><strong>non</strong></span> 
     </span>
    </p>
   </div>
   <div class='ocr_carea' id='block_1_94' title="bbox 1956 3439 3543 3514">
    <p class='ocr_par' dir='ltr' id='par_1_94' title="bbox 1956 3439 3543 3514">
     <span class='ocr_line' id='line_1_94' title="bbox 1956 3439 3543 3514; baseline 0.009 -23"><span class='ocrx_word' id='word_1_732' title='bbox 1956 3439 2087 3495; x_wconf 87' lang='lat' dir='ltr'><strong>facit</strong></span> <span class='ocrx_word' id='word_1_733' title='bbox 2118 3449 2295 3497; x_wconf 88' lang='lat' dir='ltr'><strong>tantas</strong></span> <span class='ocrx_word' id='word_1_734' title='bbox 2326 3444 2554 3499; x_wconf 84' lang='lat' dir='ltr'><strong>virtutes</strong></span> <span class='ocrx_word' id='word_1_735' title='bbox 2579 3456 2810 3514; x_wconf 83' lang='lat' dir='ltr'><strong>quantas</strong></span> <span class='ocrx_word' id='word_1_736' title='bbox 2838 3449 3024 3511; x_wconf 73' lang='lat' dir='ltr'><strong>audio,</strong></span> <span class='ocrx_word' id='word_1_737' title='bbox 3056 3461 3144 3503; x_wconf 86' lang='lat' dir='ltr'><strong>aut</strong></span> <span class='ocrx_word' id='word_1_738' title='bbox 3176 3451 3221 3504; x_wconf 91' lang='lat' dir='ltr'><strong>si</strong></span> <span class='ocrx_word' id='word_1_739' title='bbox 3247 3452 3392 3514; x_wconf 85' lang='lat' dir='ltr'><strong>facit,</strong></span> <span class='ocrx_word' id='word_1_740' title='bbox 3423 3453 3543 3506; x_wconf 83' lang='lat' dir='ltr'><strong>unl-</strong></span> 
     </span>
    </p>
   </div>
   <div class='ocr_carea' id='block_1_95' title="bbox 1956 3532 3545 3607">
    <p class='ocr_par' dir='ltr' id='par_1_95' title="bbox 1956 3532 3545 3607">
     <span class='ocr_line' id='line_1_95' title="bbox 1956 3532 3545 3607; baseline 0.009 -24"><span class='ocrx_word' id='word_1_741' title='bbox 1956 3532 2038 3585; x_wconf 82' lang='lat' dir='ltr'><strong>lus</strong></span> <span class='ocrx_word' id='word_1_742' title='bbox 2070 3549 2191 3586; x_wconf 86' lang='lat' dir='ltr'><strong>eum</strong></span> <span class='ocrx_word' id='word_1_743' title='bbox 2221 3533 2449 3598; x_wconf 85' lang='lat' dir='ltr'><strong>occidet,</strong></span> <span class='ocrx_word' id='word_1_744' title='bbox 2492 3535 2585 3589; x_wconf 90' lang='lat' dir='ltr'><strong>scd</strong></span> <span class='ocrx_word' id='word_1_745' title='bbox 2631 3536 2853 3606; x_wconf 87' lang='lat' dir='ltr'><strong>diligent</strong></span> <span class='ocrx_word' id='word_1_746' title='bbox 2893 3546 2947 3590; x_wconf 92' lang='lat' dir='ltr'><strong>et</strong></span> <span class='ocrx_word' id='word_1_747' title='bbox 2993 3539 3249 3592; x_wconf 74' lang='lat' dir='ltr'><strong>t&#39;XlOliClll.</strong></span> <span class='ocrx_word' id='word_1_748' title='bbox 3291 3556 3443 3607; x_wconf 85' lang='lat' dir='ltr'><strong>eum;</strong></span> <span class='ocrx_word' id='word_1_749' title='bbox 3489 3551 3545 3598; x_wconf 78' lang='lat' dir='ltr'><strong>et</strong></span> 
     </span>
    </p>
   </div>
   <div class='ocr_carea' id='block_1_96' title="bbox 1955 3622 3542 3700">
    <p class='ocr_par' dir='ltr' id='par_1_96' title="bbox 1955 3622 3542 3700">
     <span class='ocr_line' id='line_1_96' title="bbox 1955 3622 3542 3700; baseline 0.009 -27"><span class='ocrx_word' id='word_1_750' title='bbox 1955 3636 2053 3688; x_wconf 87' lang='lat' dir='ltr'><strong>pro</strong></span> <span class='ocrx_word' id='word_1_751' title='bbox 2081 3622 2170 3675; x_wconf 78' lang='lat' dir='ltr'><strong>tali</strong></span> <span class='ocrx_word' id='word_1_752' title='bbox 2202 3623 2537 3678; x_wconf 79' lang='lat' dir='ltr'><strong>dubitatione</strong></span> <span class='ocrx_word' id='word_1_753' title='bbox 2563 3626 2708 3680; x_wconf 91' lang='lat' dir='ltr'><strong>misit</strong></span> <span class='ocrx_word' id='word_1_754' title='bbox 2737 3627 2871 3682; x_wconf 89' lang='lat' dir='ltr'><strong>duos</strong></span> <span class='ocrx_word' id='word_1_755' title='bbox 2920 3627 2985 3683; x_wconf 88' lang='lat' dir='ltr'><strong>de</strong></span> <span class='ocrx_word' id='word_1_756' title='bbox 3026 3629 3321 3700; x_wconf 89' lang='lat' dir='ltr'><strong>discipulis,</strong></span> <span class='ocrx_word' id='word_1_757' title='bbox 3367 3642 3423 3687; x_wconf 84' lang='lat' dir='ltr'><strong>et</strong></span> <span class='ocrx_word' id='word_1_758' title='bbox 3461 3634 3542 3687; x_wconf 86' lang='lat' dir='ltr'><strong>ait</strong></span> 
     </span>
    </p>
   </div>
   <div class='ocr_carea' id='block_1_97' title="bbox 1955 3707 3539 3789">
    <p class='ocr_par' dir='ltr' id='par_1_97' title="bbox 1955 3707 3539 3789">
     <span class='ocr_line' id='line_1_97' title="bbox 1955 3707 3539 3789; baseline 0.01 -29"><span class='ocrx_word' id='word_1_759' title='bbox 1955 3707 2029 3761; x_wconf 87' lang='lat' dir='ltr'><strong>illi</strong></span> <span class='ocrx_word' id='word_1_760' title='bbox 2057 3722 2071 3761; x_wconf 89' lang='lat'><strong>:</strong></span> <span class='ocrx_word' id='word_1_761' title='bbox 2101 3708 2176 3761; x_wconf 84' lang='lat' dir='ltr'><strong>Tu</strong></span> <span class='ocrx_word' id='word_1_762' title='bbox 2197 3726 2250 3764; x_wconf 88' lang='lat' dir='ltr'><strong>es</strong></span> <span class='ocrx_word' id='word_1_763' title='bbox 2270 3712 2361 3780; x_wconf 84' lang='lat' dir='ltr'><strong>qui</strong></span> <span class='ocrx_word' id='word_1_764' title='bbox 2377 3721 2624 3767; x_wconf 84' lang='lat' dir='ltr'><strong>venturus</strong></span> <span class='ocrx_word' id='word_1_765' title='bbox 2653 3729 2726 3779; x_wconf 83' lang='lat' dir='ltr'><strong>es,</strong></span> <span class='ocrx_word' id='word_1_766' title='bbox 2758 3731 2827 3769; x_wconf 86' lang='lat' dir='ltr'><strong>an</strong></span> <span class='ocrx_word' id='word_1_767' title='bbox 2856 3715 3017 3771; x_wconf 84' lang='lat' dir='ltr'><strong>alium</strong></span> <span class='ocrx_word' id='word_1_768' title='bbox 3047 3723 3439 3789; x_wconf 77' lang='lat' dir='ltr'><strong>exspectamus?</strong></span> <span class='ocrx_word' id='word_1_769' title='bbox 3462 3722 3539 3776; x_wconf 81' lang='lat' dir='ltr'><strong>Tu</strong></span> 
     </span>
    </p>
   </div>
   <div class='ocr_carea' id='block_1_98' title="bbox 1955 3799 3540 3877">
    <p class='ocr_par' dir='ltr' id='par_1_98' title="bbox 1955 3799 3540 3877">
     <span class='ocr_line' id='line_1_98' title="bbox 1955 3799 3540 3877; baseline 0.011 -27"><span class='ocrx_word' id='word_1_770' title='bbox 1955 3810 2015 3851; x_wconf 89' lang='lat' dir='ltr'><strong>es</strong></span> <span class='ocrx_word' id='word_1_771' title='bbox 2044 3799 2133 3869; x_wconf 90' lang='lat' dir='ltr'><strong>qui</strong></span> <span class='ocrx_word' id='word_1_772' title='bbox 2161 3808 2418 3857; x_wconf 89' lang='lat' dir='ltr'><strong>venturus</strong></span> <span class='ocrx_word' id='word_1_773' title='bbox 2446 3817 2525 3868; x_wconf 90' lang='lat' dir='ltr'><strong>es,</strong></span> <span class='ocrx_word' id='word_1_774' title='bbox 2556 3804 2693 3858; x_wconf 90' lang='lat' dir='ltr'><strong>sicut</strong></span> <span class='ocrx_word' id='word_1_775' title='bbox 2716 3807 2998 3861; x_wconf 85' lang='lat' dir='ltr'><strong>credebam</strong></span> <span class='ocrx_word' id='word_1_776' title='bbox 3021 3823 3118 3877; x_wconf 89' lang='lat' dir='ltr'><strong>per</strong></span> <span class='ocrx_word' id='word_1_777' title='bbox 3137 3819 3367 3865; x_wconf 89' lang='lat' dir='ltr'><strong>mortem</strong></span> <span class='ocrx_word' id='word_1_778' title='bbox 3393 3820 3540 3868; x_wconf 85' lang='lat' dir='ltr'><strong>tuam</strong></span> 
     </span>
    </p>
   </div>
   <div class='ocr_carea' id='block_1_99' title="bbox 1956 3890 3539 3967">
    <p class='ocr_par' dir='ltr' id='par_1_99' title="bbox 1956 3890 3539 3967">
     <span class='ocr_line' id='line_1_99' title="bbox 1956 3890 3539 3967; baseline 0.009 -23"><span class='ocrx_word' id='word_1_779' title='bbox 1956 3890 2022 3945; x_wconf 89' lang='lat' dir='ltr'><strong>ad</strong></span> <span class='ocrx_word' id='word_1_780' title='bbox 2053 3891 2430 3948; x_wconf 86' lang='lat' dir='ltr'><strong>liberationem</strong></span> <span class='ocrx_word' id='word_1_781' title='bbox 2472 3895 2749 3951; x_wconf 84' lang='lat' dir='ltr'><strong>hominum</strong></span> <span class='ocrx_word' id='word_1_782' title='bbox 2785 3898 2874 3967; x_wconf 92' lang='lat' dir='ltr'><strong>qui</strong></span> <span class='ocrx_word' id='word_1_783' title='bbox 2907 3906 3053 3953; x_wconf 91' lang='lat' dir='ltr'><strong>tanta</strong></span> <span class='ocrx_word' id='word_1_784' title='bbox 3092 3899 3245 3966; x_wconf 89' lang='lat' dir='ltr'><strong>facis,</strong></span> <span class='ocrx_word' id='word_1_785' title='bbox 3275 3918 3343 3957; x_wconf 90' lang='lat' dir='ltr'><strong>an</strong></span> <span class='ocrx_word' id='word_1_786' title='bbox 3374 3904 3539 3958; x_wconf 88' lang='lat' dir='ltr'><strong>alium</strong></span> 
     </span>
    </p>
   </div>
   <div class='ocr_carea' id='block_1_100' title="bbox 1956 3981 3544 4059">
    <p class='ocr_par' dir='ltr' id='par_1_100' title="bbox 1956 3981 3544 4059">
     <span class='ocr_line' id='line_1_100' title="bbox 1956 3981 3544 4059; baseline 0.008 -23"><span class='ocrx_word' id='word_1_787' title='bbox 1956 3981 2122 4037; x_wconf 84' lang='lat' dir='ltr'><strong>debes</strong></span> <span class='ocrx_word' id='word_1_788' title='bbox 2152 3983 2366 4039; x_wconf 90' lang='lat' dir='ltr'><strong>mittere</strong></span> <span class='ocrx_word' id='word_1_789' title='bbox 2394 3986 2486 4054; x_wconf 91' lang='lat' dir='ltr'><strong>qui</strong></span> <span class='ocrx_word' id='word_1_790' title='bbox 2522 3985 2717 4042; x_wconf 85' lang='lat' dir='ltr'><strong>debeat</strong></span> <span class='ocrx_word' id='word_1_791' title='bbox 2756 3988 2892 4043; x_wconf 91' lang='lat' dir='ltr'><strong>mori</strong></span> <span class='ocrx_word' id='word_1_792' title='bbox 2928 4003 3027 4059; x_wconf 92' lang='lat' dir='ltr'><strong>pro</strong></span> <span class='ocrx_word' id='word_1_793' title='bbox 3075 3989 3270 4045; x_wconf 85' lang='lat' dir='ltr'><strong>nobis?</strong></span> <span class='ocrx_word' id='word_1_794' title='bbox 3321 3991 3426 4047; x_wconf 81' lang='lat' dir='ltr'><strong>lstc</strong></span> <span class='ocrx_word' id='word_1_795' title='bbox 3459 4001 3544 4050; x_wconf 90' lang='lat' dir='ltr'><strong>est</strong></span> 
     </span>
    </p>
   </div>
   <div class='ocr_carea' id='block_1_101' title="bbox 1955 4075 3543 4149">
    <p class='ocr_par' dir='ltr' id='par_1_101' title="bbox 1955 4075 3543 4149">
     <span class='ocr_line' id='line_1_101' title="bbox 1955 4075 3543 4149; baseline 0.009 -23"><span class='ocrx_word' id='word_1_796' title='bbox 1955 4075 2136 4130; x_wconf 89' lang='lat' dir='ltr'><strong>verior</strong></span> <span class='ocrx_word' id='word_1_797' title='bbox 2155 4089 2370 4142; x_wconf 89' lang='lat' dir='ltr'><strong>sensus,</strong></span> <span class='ocrx_word' id='word_1_798' title='bbox 2397 4076 2540 4131; x_wconf 90' lang='lat' dir='ltr'><strong>sicut</strong></span> <span class='ocrx_word' id='word_1_799' title='bbox 2568 4077 2833 4148; x_wconf 89' lang='lat' dir='ltr'><strong>conjicere</strong></span> <span class='ocrx_word' id='word_1_800' title='bbox 2850 4094 3136 4149; x_wconf 88' lang='lat' dir='ltr'><strong>possumus</strong></span> <span class='ocrx_word' id='word_1_801' title='bbox 3168 4095 3233 4135; x_wconf 81' lang='lat' dir='ltr'><strong>ex</strong></span> <span class='ocrx_word' id='word_1_802' title='bbox 3257 4078 3417 4137; x_wconf 84' lang='lat' dir='ltr'><strong>factis</strong></span> <span class='ocrx_word' id='word_1_803' title='bbox 3439 4083 3543 4141; x_wconf 89' lang='lat' dir='ltr'><strong>Do-</strong></span> 
     </span>
    </p>
   </div>
   <div class='ocr_carea' id='block_1_102' title="bbox 1957 4164 3540 4239">
    <p class='ocr_par' dir='ltr' id='par_1_102' title="bbox 1957 4164 3540 4239">
     <span class='ocr_line' id='line_1_102' title="bbox 1957 4164 3540 4239; baseline 0.006 -22"><span class='ocrx_word' id='word_1_804' title='bbox 1957 4164 2087 4219; x_wconf 89' lang='lat' dir='ltr'><strong>mini</strong></span> <span class='ocrx_word' id='word_1_805' title='bbox 2114 4173 2169 4220; x_wconf 89' lang='lat' dir='ltr'><strong>et</strong></span> <span class='ocrx_word' id='word_1_806' title='bbox 2195 4166 2373 4234; x_wconf 90' lang='lat' dir='ltr'><strong>dictis,</strong></span> <span class='ocrx_word' id='word_1_807' title='bbox 2410 4182 2530 4237; x_wconf 73' lang='lat' dir='ltr'><strong>qua:</strong></span> <span class='ocrx_word' id='word_1_808' title='bbox 2563 4167 2615 4220; x_wconf 91' lang='lat' dir='ltr'><strong>in</strong></span> <span class='ocrx_word' id='word_1_809' title='bbox 2645 4169 2993 4239; x_wconf 87' lang='lat' dir='ltr'><strong>sequentibus</strong></span> <span class='ocrx_word' id='word_1_810' title='bbox 3032 4170 3356 4239; x_wconf 87' lang='lat' dir='ltr'><strong>aperiemus.</strong></span> <span class='ocrx_word' id='word_1_811' title='bbox 3405 4171 3540 4227; x_wconf 87' lang='lat' dir='ltr'><strong>Nam</strong></span> 
     </span>
    </p>
   </div>
   <div class='ocr_carea' id='block_1_103' title="bbox 1955 4256 3544 4327">
    <p class='ocr_par' dir='ltr' id='par_1_103' title="bbox 1955 4256 3544 4327">
     <span class='ocr_line' id='line_1_103' title="bbox 1955 4256 3544 4327; baseline 0.006 -20"><span class='ocrx_word' id='word_1_812' title='bbox 1955 4270 2061 4310; x_wconf 91' lang='lat' dir='ltr'><strong>non</strong></span> <span class='ocrx_word' id='word_1_813' title='bbox 2091 4256 2403 4326; x_wconf 85' lang='lat' dir='ltr'><strong>ignoramus</strong></span> <span class='ocrx_word' id='word_1_814' title='bbox 2438 4258 2578 4327; x_wconf 91' lang='lat' dir='ltr'><strong>quod</strong></span> <span class='ocrx_word' id='word_1_815' title='bbox 2616 4257 2705 4312; x_wconf 91' lang='lat' dir='ltr'><strong>alii</strong></span> <span class='ocrx_word' id='word_1_816' title='bbox 2758 4258 2920 4314; x_wconf 83' lang='lat' dir='ltr'><strong>etiam</strong></span> <span class='ocrx_word' id='word_1_817' title='bbox 2971 4260 3024 4314; x_wconf 92' lang='lat' dir='ltr'><strong>in</strong></span> <span class='ocrx_word' id='word_1_818' title='bbox 3065 4260 3167 4315; x_wconf 90' lang='lat' dir='ltr'><strong>hoc</strong></span> <span class='ocrx_word' id='word_1_819' title='bbox 3205 4261 3322 4317; x_wconf 92' lang='lat' dir='ltr'><strong>loco</strong></span> <span class='ocrx_word' id='word_1_820' title='bbox 3358 4277 3544 4317; x_wconf 86' lang='lat' dir='ltr'><strong>sense-</strong></span> 
     </span>
    </p>
   </div>
   <div class='ocr_carea' id='block_1_104' title="bbox 1958 4346 3538 4420">
    <p class='ocr_par' dir='ltr' id='par_1_104' title="bbox 1958 4346 3538 4420">
     <span class='ocr_line' id='line_1_104' title="bbox 1958 4346 3538 4420; baseline 0.004 -21"><span class='ocrx_word' id='word_1_821' title='bbox 1958 4355 2102 4412; x_wconf 89' lang='lat' dir='ltr'><strong>runt,</strong></span> <span class='ocrx_word' id='word_1_822' title='bbox 2143 4349 2284 4416; x_wconf 91' lang='lat' dir='ltr'><strong>quod</strong></span> <span class='ocrx_word' id='word_1_823' title='bbox 2314 4346 2548 4403; x_wconf 87' lang='lat' dir='ltr'><strong>Joannes</strong></span> <span class='ocrx_word' id='word_1_824' title='bbox 2575 4349 2777 4405; x_wconf 89' lang='lat' dir='ltr'><strong>idcirco</strong></span> <span class='ocrx_word' id='word_1_825' title='bbox 2806 4350 2952 4404; x_wconf 88' lang='lat' dir='ltr'><strong>misit</strong></span> <span class='ocrx_word' id='word_1_826' title='bbox 2992 4351 3282 4420; x_wconf 84' lang='lat' dir='ltr'><strong>discipulos</strong></span> <span class='ocrx_word' id='word_1_827' title='bbox 3324 4352 3392 4406; x_wconf 91' lang='lat' dir='ltr'><strong>ad</strong></span> <span class='ocrx_word' id='word_1_828' title='bbox 3438 4352 3538 4406; x_wconf 74' lang='lat' dir='ltr'><strong>Do~</strong></span> 
     </span>
    </p>
   </div>
   <div class='ocr_carea' id='block_1_105' title="bbox 1959 4440 3536 4513">
    <p class='ocr_par' dir='ltr' id='par_1_105' title="bbox 1959 4440 3536 4513">
     <span class='ocr_line' id='line_1_105' title="bbox 1959 4440 3536 4513; baseline 0.004 -20"><span class='ocrx_word' id='word_1_829' title='bbox 1959 4440 2184 4504; x_wconf 88' lang='lat' dir='ltr'><strong>minum,</strong></span> <span class='ocrx_word' id='word_1_830' title='bbox 2231 4448 2292 4493; x_wconf 91' lang='lat' dir='ltr'><strong>ut</strong></span> <span class='ocrx_word' id='word_1_831' title='bbox 2332 4441 2589 4496; x_wconf 86' lang='lat' dir='ltr'><strong>invitaret</strong></span> <span class='ocrx_word' id='word_1_832' title='bbox 2627 4455 2720 4497; x_wconf 91' lang='lat' dir='ltr'><strong>eos</strong></span> <span class='ocrx_word' id='word_1_833' title='bbox 2766 4442 2833 4497; x_wconf 92' lang='lat' dir='ltr'><strong>ad</strong></span> <span class='ocrx_word' id='word_1_834' title='bbox 2868 4442 3242 4513; x_wconf 84' lang='lat' dir='ltr'><strong>discipulatum</strong></span> <span class='ocrx_word' id='word_1_835' title='bbox 3280 4444 3536 4500; x_wconf 82' lang='lat' dir='ltr'><strong>Domini:</strong></span> 
     </span>
    </p>
   </div>
   <div class='ocr_carea' id='block_1_106' title="bbox 1962 4528 3544 4601">
    <p class='ocr_par' dir='ltr' id='par_1_106' title="bbox 1962 4528 3544 4601">
     <span class='ocr_line' id='line_1_106' title="bbox 1962 4528 3544 4601; baseline 0.003 -18"><span class='ocrx_word' id='word_1_836' title='bbox 1962 4530 2101 4584; x_wconf 89' lang='lat' dir='ltr'><strong>sicut</strong></span> <span class='ocrx_word' id='word_1_837' title='bbox 2121 4528 2232 4597; x_wconf 84' lang='lat' dir='ltr'><strong>jam</strong></span> <span class='ocrx_word' id='word_1_838' title='bbox 2264 4529 2426 4601; x_wconf 89' lang='lat' dir='ltr'><strong>aliqui</strong></span> <span class='ocrx_word' id='word_1_839' title='bbox 2457 4539 2613 4586; x_wconf 89' lang='lat' dir='ltr'><strong>erant</strong></span> <span class='ocrx_word' id='word_1_840' title='bbox 2655 4531 2745 4601; x_wconf 91' lang='lat' dir='ltr'><strong>qui</strong></span> <span class='ocrx_word' id='word_1_841' title='bbox 2787 4532 3042 4599; x_wconf 88' lang='lat' dir='ltr'><strong>oderant,</strong></span> <span class='ocrx_word' id='word_1_842' title='bbox 3094 4541 3153 4588; x_wconf 88' lang='lat' dir='ltr'><strong>et</strong></span> <span class='ocrx_word' id='word_1_843' title='bbox 3188 4534 3544 4591; x_wconf 85' lang='lat' dir='ltr'><strong>detrahebant</strong></span> 
     </span>
    </p>
   </div>
   <div class='ocr_carea' id='block_1_107' title="bbox 1962 4619 3540 4694">
    <p class='ocr_par' dir='ltr' id='par_1_107' title="bbox 1962 4619 3540 4694">
     <span class='ocr_line' id='line_1_107' title="bbox 1962 4619 3540 4694; baseline 0.003 -20"><span class='ocrx_word' id='word_1_844' title='bbox 1962 4619 2120 4675; x_wconf 85' lang='lat' dir='ltr'><strong>factis</strong></span> <span class='ocrx_word' id='word_1_845' title='bbox 2169 4620 2334 4691; x_wconf 89' lang='lat' dir='ltr'><strong>ipsius</strong></span> <span class='ocrx_word' id='word_1_846' title='bbox 2379 4636 2500 4677; x_wconf 90' lang='lat' dir='ltr'><strong>cum</strong></span> <span class='ocrx_word' id='word_1_847' title='bbox 2538 4622 2840 4691; x_wconf 74' lang='lat' dir='ltr'><strong>phariszeis.</strong></span> <span class='ocrx_word' id='word_1_848' title='bbox 2900 4620 2968 4676; x_wconf 83' lang='lat' dir='ltr'><strong>Et</strong></span> <span class='ocrx_word' id='word_1_849' title='bbox 3007 4624 3317 4694; x_wconf 66' lang='lat' dir='ltr'><strong>respondens</strong></span> <span class='ocrx_word' id='word_1_850' title='bbox 3362 4624 3540 4693; x_wconf 74' lang='lat' dir='ltr'><strong>Iesus,</strong></span> 
     </span>
    </p>
   </div>
   <div class='ocr_carea' id='block_1_108' title="bbox 1962 4710 3541 4787">
    <p class='ocr_par' dir='ltr' id='par_1_108' title="bbox 1962 4710 3541 4787">
     <span class='ocr_line' id='line_1_108' title="bbox 1962 4710 3541 4787; baseline 0.005 -23"><span class='ocrx_word' id='word_1_851' title='bbox 1962 4712 2036 4765; x_wconf 90' lang='lat' dir='ltr'><strong>ait</strong></span> <span class='ocrx_word' id='word_1_852' title='bbox 2070 4710 2195 4765; x_wconf 81' lang='lat' dir='ltr'><strong>illis.</strong></span> <span class='ocrx_word' id='word_1_853' title='bbox 2243 4710 2396 4767; x_wconf 81' lang='lat' dir='ltr'><strong>Alius</strong></span> <span class='ocrx_word' id='word_1_854' title='bbox 2429 4713 2759 4785; x_wconf 87' lang='lat' dir='ltr'><strong>evangelista</strong></span> <span class='ocrx_word' id='word_1_855' title='bbox 2797 4713 2965 4769; x_wconf 87' lang='lat' dir='ltr'><strong>refert</strong></span> <span class='ocrx_word' id='word_1_856' title='bbox 3005 4715 3149 4785; x_wconf 90' lang='lat' dir='ltr'><strong>quod</strong></span> <span class='ocrx_word' id='word_1_857' title='bbox 3186 4715 3411 4787; x_wconf 90' lang='lat' dir='ltr'><strong>jusserit</strong></span> <span class='ocrx_word' id='word_1_858' title='bbox 3448 4734 3541 4772; x_wconf 86' lang='lat' dir='ltr'><strong>ve—</strong></span> 
     </span>
    </p>
   </div>
   <div class='ocr_carea' id='block_1_109' title="bbox 1964 4802 3543 4873">
    <p class='ocr_par' dir='ltr' id='par_1_109' title="bbox 1964 4802 3543 4873">
     <span class='ocr_line' id='line_1_109' title="bbox 1964 4802 3543 4873; baseline 0.004 -18"><span class='ocrx_word' id='word_1_859' title='bbox 1964 4802 2082 4856; x_wconf 89' lang='lat' dir='ltr'><strong>nire</strong></span> <span class='ocrx_word' id='word_1_860' title='bbox 2105 4816 2287 4856; x_wconf 88' lang='lat' dir='ltr'><strong>coram</strong></span> <span class='ocrx_word' id='word_1_861' title='bbox 2312 4817 2372 4858; x_wconf 89' lang='lat' dir='ltr'><strong>se</strong></span> <span class='ocrx_word' id='word_1_862' title='bbox 2395 4818 2565 4859; x_wconf 69' lang='lat' dir='ltr'><strong>aecus</strong></span> <span class='ocrx_word' id='word_1_863' title='bbox 2595 4811 2647 4858; x_wconf 89' lang='lat' dir='ltr'><strong>et</strong></span> <span class='ocrx_word' id='word_1_864' title='bbox 2680 4804 2903 4861; x_wconf 88' lang='lat' dir='ltr'><strong>claudos</strong></span> <span class='ocrx_word' id='word_1_865' title='bbox 2931 4812 2986 4858; x_wconf 91' lang='lat' dir='ltr'><strong>et</strong></span> <span class='ocrx_word' id='word_1_866' title='bbox 3010 4804 3270 4873; x_wconf 88' lang='lat' dir='ltr'><strong>leprosos,</strong></span> <span class='ocrx_word' id='word_1_867' title='bbox 3301 4816 3357 4861; x_wconf 92' lang='lat' dir='ltr'><strong>et</strong></span> <span class='ocrx_word' id='word_1_868' title='bbox 3385 4823 3543 4862; x_wconf 85' lang='lat' dir='ltr'><strong>cura-</strong></span> 
     </span>
    </p>
   </div>
   <div class='ocr_carea' id='block_1_110' title="bbox 1964 4892 3542 4966">
    <p class='ocr_par' dir='ltr' id='par_1_110' title="bbox 1964 4892 3542 4966">
     <span class='ocr_line' id='line_1_110' title="bbox 1964 4892 3542 4966; baseline 0.003 -20"><span class='ocrx_word' id='word_1_869' title='bbox 1964 4894 2041 4948; x_wconf 87' lang='lat' dir='ltr'><strong>vit</strong></span> <span class='ocrx_word' id='word_1_870' title='bbox 2067 4909 2179 4958; x_wconf 89' lang='lat' dir='ltr'><strong>eos,</strong></span> <span class='ocrx_word' id='word_1_871' title='bbox 2211 4903 2267 4949; x_wconf 89' lang='lat' dir='ltr'><strong>et</strong></span> <span class='ocrx_word' id='word_1_872' title='bbox 2295 4894 2421 4949; x_wconf 86' lang='lat' dir='ltr'><strong>inde</strong></span> <span class='ocrx_word' id='word_1_873' title='bbox 2450 4893 2585 4949; x_wconf 82' lang='lat' dir='ltr'><strong>dixit</strong></span> <span class='ocrx_word' id='word_1_874' title='bbox 2613 4911 2625 4947; x_wconf 89' lang='lat'><strong>:</strong></span> <span class='ocrx_word' id='word_1_875' title='bbox 2653 4892 2968 4948; x_wconf 85' lang='lat' dir='ltr'><strong>Renuntiate</strong></span> <span class='ocrx_word' id='word_1_876' title='bbox 2995 4894 3192 4948; x_wconf 82' lang='lat' dir='ltr'><strong>Joanni</strong></span> <span class='ocrx_word' id='word_1_877' title='bbox 3233 4913 3350 4966; x_wconf 77' lang='lat' dir='ltr'><strong>qua:</strong></span> <span class='ocrx_word' id='word_1_878' title='bbox 3389 4897 3542 4951; x_wconf 78' lang='lat' dir='ltr'><strong>audi-</strong></span> 
     </span>
    </p>
   </div>
   <div class='ocr_carea' id='block_1_111' title="bbox 1962 4982 3543 5051">
    <p class='ocr_par' dir='ltr' id='par_1_111' title="bbox 1962 4982 3543 5051">
     <span class='ocr_line' id='line_1_111' title="bbox 1962 4982 3543 5051; baseline 0.001 -14"><span class='ocrx_word' id='word_1_879' title='bbox 1962 4984 2054 5037; x_wconf 84' lang='lat' dir='ltr'><strong>stis</strong></span> <span class='ocrx_word' id='word_1_880' title='bbox 2077 4993 2124 5037; x_wconf 88' lang='lat' dir='ltr'><strong>et</strong></span> <span class='ocrx_word' id='word_1_881' title='bbox 2150 4984 2365 5038; x_wconf 81' lang='lat' dir='ltr'><strong>vidistis.</strong></span> <span class='ocrx_word' id='word_1_882' title='bbox 2418 4984 2658 5038; x_wconf 81' lang='lat' dir='ltr'><strong>Virtutes</strong></span> <span class='ocrx_word' id='word_1_883' title='bbox 2692 4997 2826 5051; x_wconf 89' lang='lat' dir='ltr'><strong>quas</strong></span> <span class='ocrx_word' id='word_1_884' title='bbox 2851 4982 3061 5038; x_wconf 88' lang='lat' dir='ltr'><strong>vidistis</strong></span> <span class='ocrx_word' id='word_1_885' title='bbox 3082 4985 3146 5039; x_wconf 92' lang='lat' dir='ltr'><strong>de</strong></span> <span class='ocrx_word' id='word_1_886' title='bbox 3174 4999 3256 5038; x_wconf 90' lang='lat' dir='ltr'><strong>me</strong></span> <span class='ocrx_word' id='word_1_887' title='bbox 3294 4983 3429 5050; x_wconf 84' lang='lat' dir='ltr'><strong>fieri,</strong></span> <span class='ocrx_word' id='word_1_888' title='bbox 3478 5001 3543 5039; x_wconf 91' lang='lat' dir='ltr'><strong>ac</strong></span> 
     </span>
    </p>
   </div>
   <div class='ocr_carea' id='block_1_112' title="bbox 1966 5073 3547 5143">
    <p class='ocr_par' dir='ltr' id='par_1_112' title="bbox 1966 5073 3547 5143">
     <span class='ocr_line' id='line_1_112' title="bbox 1966 5073 3547 5143; baseline 0 -14"><span class='ocrx_word' id='word_1_889' title='bbox 1966 5076 2010 5129; x_wconf 88' lang='lat' dir='ltr'><strong>si</strong></span> <span class='ocrx_word' id='word_1_890' title='bbox 2042 5076 2340 5140; x_wconf 87' lang='lat' dir='ltr'><strong>mandaret,</strong></span> <span class='ocrx_word' id='word_1_891' title='bbox 2374 5085 2433 5129; x_wconf 92' lang='lat' dir='ltr'><strong>ut</strong></span> <span class='ocrx_word' id='word_1_892' title='bbox 2467 5074 2553 5129; x_wconf 90' lang='lat' dir='ltr'><strong>ille</strong></span> <span class='ocrx_word' id='word_1_893' title='bbox 2584 5075 2721 5129; x_wconf 89' lang='lat' dir='ltr'><strong>sciat</strong></span> <span class='ocrx_word' id='word_1_894' title='bbox 2752 5074 2877 5143; x_wconf 83' lang='lat' dir='ltr'><strong>quia</strong></span> <span class='ocrx_word' id='word_1_895' title='bbox 2912 5075 2990 5129; x_wconf 86' lang='lat' dir='ltr'><strong>sic</strong></span> <span class='ocrx_word' id='word_1_896' title='bbox 3013 5082 3096 5127; x_wconf 86' lang='lat' dir='ltr'><strong>est</strong></span> <span class='ocrx_word' id='word_1_897' title='bbox 3136 5073 3275 5129; x_wconf 89' lang='lat' dir='ltr'><strong>sicut</strong></span> <span class='ocrx_word' id='word_1_898' title='bbox 3314 5074 3547 5140; x_wconf 85' lang='lat' dir='ltr'><strong>audivit,</strong></span> 
     </span>
    </p>
   </div>
   <div class='ocr_carea' id='block_1_113' title="bbox 1963 5166 3545 5235">
    <p class='ocr_par' dir='ltr' id='par_1_113' title="bbox 1963 5166 3545 5235">
     <span class='ocr_line' id='line_1_113' title="bbox 1963 5166 3545 5235; baseline 0 -14"><span class='ocrx_word' id='word_1_899' title='bbox 1963 5166 2104 5222; x_wconf 85' lang='lat' dir='ltr'><strong>facio</strong></span> <span class='ocrx_word' id='word_1_900' title='bbox 2126 5184 2307 5223; x_wconf 90' lang='lat' dir='ltr'><strong>coram</strong></span> <span class='ocrx_word' id='word_1_901' title='bbox 2345 5169 2515 5233; x_wconf 82' lang='lat' dir='ltr'><strong>vobis,</strong></span> <span class='ocrx_word' id='word_1_902' title='bbox 2544 5176 2602 5222; x_wconf 92' lang='lat' dir='ltr'><strong>ut</strong></span> <span class='ocrx_word' id='word_1_903' title='bbox 2630 5183 2697 5224; x_wconf 77' lang='lat' dir='ltr'><strong>ex</strong></span> <span class='ocrx_word' id='word_1_904' title='bbox 2719 5169 2838 5221; x_wconf 91' lang='lat' dir='ltr'><strong>visu</strong></span> <span class='ocrx_word' id='word_1_905' title='bbox 2866 5175 3048 5222; x_wconf 88' lang='lat' dir='ltr'><strong>vestro</strong></span> <span class='ocrx_word' id='word_1_906' title='bbox 3083 5166 3392 5221; x_wconf 86' lang='lat' dir='ltr'><strong>renuntiare</strong></span> <span class='ocrx_word' id='word_1_907' title='bbox 3424 5182 3545 5235; x_wconf 87' lang='lat' dir='ltr'><strong>pos-</strong></span> 
     </span>
    </p>
   </div>
   <div class='ocr_carea' id='block_1_114' title="bbox 1966 5256 3545 5323">
    <p class='ocr_par' dir='ltr' id='par_1_114' title="bbox 1966 5256 3545 5323">
     <span class='ocr_line' id='line_1_114' title="bbox 1966 5256 3545 5323; baseline -0.003 -10"><span class='ocrx_word' id='word_1_908' title='bbox 1966 5258 2085 5313; x_wconf 87' lang='lat' dir='ltr'><strong>sitis</strong></span> <span class='ocrx_word' id='word_1_909' title='bbox 2112 5266 2163 5313; x_wconf 88' lang='lat' dir='ltr'><strong>et</strong></span> <span class='ocrx_word' id='word_1_910' title='bbox 2185 5271 2249 5313; x_wconf 83' lang='lat' dir='ltr'><strong>ex</strong></span> <span class='ocrx_word' id='word_1_911' title='bbox 2281 5258 2494 5323; x_wconf 89' lang='lat' dir='ltr'><strong>auditu;</strong></span> <span class='ocrx_word' id='word_1_912' title='bbox 2521 5267 2575 5312; x_wconf 90' lang='lat' dir='ltr'><strong>et</strong></span> <span class='ocrx_word' id='word_1_913' title='bbox 2612 5258 2855 5313; x_wconf 86' lang='lat' dir='ltr'><strong>miranda</strong></span> <span class='ocrx_word' id='word_1_914' title='bbox 2899 5256 3060 5323; x_wconf 87' lang='lat' dir='ltr'><strong>facio,</strong></span> <span class='ocrx_word' id='word_1_915' title='bbox 3099 5265 3154 5310; x_wconf 91' lang='lat' dir='ltr'><strong>et</strong></span> <span class='ocrx_word' id='word_1_916' title='bbox 3187 5264 3365 5310; x_wconf 85' lang='lat' dir='ltr'><strong>tamen</strong></span> <span class='ocrx_word' id='word_1_917' title='bbox 3405 5256 3545 5311; x_wconf 81' lang='lat' dir='ltr'><strong>sicut</strong></span> 
     </span>
    </p>
   </div>
   <div class='ocr_carea' id='block_1_115' title="bbox 1967 5345 3543 5421">
    <p class='ocr_par' dir='ltr' id='par_1_115' title="bbox 1967 5345 3543 5421">
     <span class='ocr_line' id='line_1_115' title="bbox 1967 5345 3543 5421; baseline -0.004 -17"><span class='ocrx_word' id='word_1_918' title='bbox 1967 5352 2083 5421; x_wconf 76' lang='lat' dir='ltr'><strong>ipse</strong></span> <span class='ocrx_word' id='word_1_919' title='bbox 2123 5351 2353 5406; x_wconf 83' lang='lat' dir='ltr'><strong>credidit</strong></span> <span class='ocrx_word' id='word_1_920' title='bbox 2400 5350 2623 5413; x_wconf 87' lang='lat' dir='ltr'><strong>moriar,</strong></span> <span class='ocrx_word' id='word_1_921' title='bbox 2670 5350 2796 5419; x_wconf 87' lang='lat' dir='ltr'><strong>quia</strong></span> <span class='ocrx_word' id='word_1_922' title='bbox 2837 5349 2985 5403; x_wconf 89' lang='lat' dir='ltr'><strong>venit</strong></span> <span class='ocrx_word' id='word_1_923' title='bbox 3012 5347 3143 5402; x_wconf 88' lang='lat' dir='ltr'><strong>hora</strong></span> <span class='ocrx_word' id='word_1_924' title='bbox 3171 5345 3386 5415; x_wconf 90' lang='lat' dir='ltr'><strong>quando</strong></span> <span class='ocrx_word' id='word_1_925' title='bbox 3412 5345 3543 5400; x_wconf 81' lang='lat' dir='ltr'><strong>satis</strong></span> 
     </span>
    </p>
   </div>
   <div class='ocr_carea' id='block_1_116' title="bbox 1963 5435 3543 5513">
    <p class='ocr_par' dir='ltr' id='par_1_116' title="bbox 1963 5435 3543 5513">
     <span class='ocr_line' id='line_1_116' title="bbox 1963 5435 3543 5513; baseline -0.006 -16"><span class='ocrx_word' id='word_1_926' title='bbox 1963 5443 2154 5499; x_wconf 87' lang='lat' dir='ltr'><strong>beatus</strong></span> <span class='ocrx_word' id='word_1_927' title='bbox 2180 5453 2235 5498; x_wconf 90' lang='lat' dir='ltr'><strong>et</strong></span> <span class='ocrx_word' id='word_1_928' title='bbox 2270 5456 2424 5496; x_wconf 74' lang='lat' dir='ltr'><strong>rarus</strong></span> <span class='ocrx_word' id='word_1_929' title='bbox 2449 5440 2572 5503; x_wconf 91' lang='lat' dir='ltr'><strong>erit,</strong></span> <span class='ocrx_word' id='word_1_930' title='bbox 2607 5439 2697 5508; x_wconf 90' lang='lat' dir='ltr'><strong>qui</strong></span> <span class='ocrx_word' id='word_1_931' title='bbox 2732 5454 2837 5494; x_wconf 91' lang='lat' dir='ltr'><strong>non</strong></span> <span class='ocrx_word' id='word_1_932' title='bbox 2875 5438 3035 5493; x_wconf 87' lang='lat' dir='ltr'><strong>habet</strong></span> <span class='ocrx_word' id='word_1_933' title='bbox 3064 5435 3374 5491; x_wconf 88' lang='lat' dir='ltr'><strong>scandalum</strong></span> <span class='ocrx_word' id='word_1_934' title='bbox 3416 5450 3543 5513; x_wconf 80' lang='lat' dir='ltr'><strong>erga</strong></span> 
     </span>
    </p>
   </div>
   <div class='ocr_carea' id='block_1_117' title="bbox 1963 5523 3543 5599">
    <p class='ocr_par' dir='ltr' id='par_1_117' title="bbox 1963 5523 3543 5599">
     <span class='ocr_line' id='line_1_117' title="bbox 1963 5523 3543 5599; baseline -0.011 -7"><span class='ocrx_word' id='word_1_935' title='bbox 1963 5552 2068 5592; x_wconf 90' lang='lat' dir='ltr'><strong>me.</strong></span> <span class='ocrx_word' id='word_1_936' title='bbox 2097 5535 2232 5590; x_wconf 73' lang='grc' dir='ltr'><strong>εἷωεὶ</strong></span> <span class='ocrx_word' id='word_1_937' title='bbox 2257 5532 2447 5599; x_wconf 71' lang='lat' dir='ltr'><strong>vident,</strong></span> <span class='ocrx_word' id='word_1_938' title='bbox 2475 5529 2649 5585; x_wconf 87' lang='lat' dir='ltr'><strong>claudi</strong></span> <span class='ocrx_word' id='word_1_939' title='bbox 2678 5528 2968 5594; x_wconf 87' lang='lat' dir='ltr'><strong>ambulant,</strong></span> <span class='ocrx_word' id='word_1_940' title='bbox 2994 5526 3182 5597; x_wconf 79' lang='lat' dir='ltr'><strong>lcprosi</strong></span> <span class='ocrx_word' id='word_1_941' title='bbox 3204 5523 3543 5591; x_wconf 56' lang='lat' dir='ltr'><strong>mandantur,</strong></span> 
     </span>
    </p>
   </div>
   <div class='ocr_carea' id='block_1_118' title="bbox 1962 5616 3549 5692">
    <p class='ocr_par' dir='ltr' id='par_1_118' title="bbox 1962 5616 3549 5692">
     <span class='ocr_line' id='line_1_118' title="bbox 1962 5616 3549 5692; baseline -0.01 -7"><span class='ocrx_word' id='word_1_942' title='bbox 1962 5630 2110 5685; x_wconf 86' lang='lat' dir='ltr'><strong>surdi</strong></span> <span class='ocrx_word' id='word_1_943' title='bbox 2138 5627 2380 5689; x_wconf 85' lang='lat' dir='ltr'><strong>audiunt,</strong></span> <span class='ocrx_word' id='word_1_944' title='bbox 2421 5623 2614 5676; x_wconf 84' lang='lat' dir='ltr'><strong>mortui</strong></span> <span class='ocrx_word' id='word_1_945' title='bbox 2655 5628 2949 5692; x_wconf 83' lang='lat' dir='ltr'><strong>resurgunt,</strong></span> <span class='ocrx_word' id='word_1_946' title='bbox 2991 5633 3243 5691; x_wconf 75' lang='lat' dir='ltr'><strong>pauperes</strong></span> <span class='ocrx_word' id='word_1_947' title='bbox 3290 5616 3549 5687; x_wconf 76' lang='lat' dir='ltr'><strong>evangeli-</strong></span> 
     </span>
    </p>
   </div>
   <div class='ocr_carea' id='block_1_119' title="bbox 1964 5707 3544 5784">
    <p class='ocr_par' dir='ltr' id='par_1_119' title="bbox 1964 5707 3544 5784">
     <span class='ocr_line' id='line_1_119' title="bbox 1964 5707 3544 5784; baseline -0.011 -7"><span class='ocrx_word' id='word_1_948' title='bbox 1964 5732 2170 5777; x_wconf 73' lang='lat' dir='ltr'><strong>zantur.</strong></span> <span class='ocrx_word' id='word_1_949' title='bbox 2227 5715 2449 5784; x_wconf 84' lang='lat' dir='ltr'><strong>Quoties</strong></span> <span class='ocrx_word' id='word_1_950' title='bbox 2500 5715 2629 5770; x_wconf 85' lang='lat' dir='ltr'><strong>istas</strong></span> <span class='ocrx_word' id='word_1_951' title='bbox 2676 5714 2901 5768; x_wconf 87' lang='lat' dir='ltr'><strong>virtutes</strong></span> <span class='ocrx_word' id='word_1_952' title='bbox 2952 5710 3199 5779; x_wconf 88' lang='lat' dir='ltr'><strong>superius</strong></span> <span class='ocrx_word' id='word_1_953' title='bbox 3242 5707 3544 5766; x_wconf 84' lang='lat' dir='ltr'><strong>audivimus</strong></span> 
     </span>
    </p>
   </div>
   <div class='ocr_carea' id='block_1_120' title="bbox 2990 5802 3070 5863">
    <p class='ocr_par' dir='ltr' id='par_1_120' title="bbox 2990 5802 3070 5863">
     <span class='ocr_line' id='line_1_120' title="bbox 2990 5802 3070 5863; baseline 0 0"><span class='ocrx_word' id='word_1_954' title='bbox 2990 5802 3070 5863; x_wconf 59' lang='lat'><strong>53</strong></span> 
     </span>
    </p>
   </div>
  </div>
