  <div class='ocr_page' id='page_1' title='image "/cluster/home/n/w/nwhite01/storage/ocr_20150623/106/hvd.32044054759717/683.png"; bbox 0 0 3988 6186; ppageno 0'>
   <div class='ocr_carea' id='block_1_1' title="bbox 478 240 609 298">
    <p class='ocr_par' dir='ltr' id='par_1_1' title="bbox 478 240 609 298">
     <span class='ocr_line' id='line_1_1' title="bbox 478 240 609 298; baseline 0.008 -1"><span class='ocrx_word' id='word_1_1' title='bbox 478 240 609 298; x_wconf 65' lang='grc' dir='ltr'><strong>15ὕ5</strong></span> 
     </span>
    </p>
   </div>
   <div class='ocr_carea' id='block_1_2' title="bbox 1250 225 3719 289">
    <p class='ocr_par' dir='ltr' id='par_1_2' title="bbox 1250 225 3719 289">
     <span class='ocr_line' id='line_1_2' title="bbox 1250 225 3719 289; baseline -0.002 0"><span class='ocrx_word' id='word_1_2' title='bbox 1250 229 1639 289; x_wconf 76' lang='lat' dir='ltr'><strong>CHRISTIANI</strong></span> <span class='ocrx_word' id='word_1_3' title='bbox 1680 226 2097 284; x_wconf 79' lang='lat' dir='ltr'><strong>DRUTIIMARI</strong></span> <span class='ocrx_word' id='word_1_4' title='bbox 2138 225 2587 285; x_wconf 73' lang='lat' dir='ltr'><strong>CORBEIENSIS</strong></span> <span class='ocrx_word' id='word_1_5' title='bbox 2622 228 2923 285; x_wconf 68' lang='lat' dir='ltr'><strong>MONACIII</strong></span> <span class='ocrx_word' id='word_1_6' title='bbox 3613 234 3719 286; x_wconf 58' lang='lat'><strong>{333</strong></span> 
     </span>
    </p>
   </div>
   <div class='ocr_carea' id='block_1_3' title="bbox 464 340 3723 417">
    <p class='ocr_par' dir='ltr' id='par_1_3' title="bbox 464 340 3723 417">
     <span class='ocr_line' id='line_1_3' title="bbox 464 340 3723 417; baseline -0.004 -3"><span class='ocrx_word' id='word_1_7' title='bbox 464 359 636 414; x_wconf 76' lang='lat' dir='ltr'><strong>tactas</strong></span> <span class='ocrx_word' id='word_1_8' title='bbox 666 370 695 409; x_wconf 91' lang='lat' dir='ltr'><strong>a</strong></span> <span class='ocrx_word' id='word_1_9' title='bbox 723 352 951 409; x_wconf 90' lang='lat' dir='ltr'><strong>Domino</strong></span> <span class='ocrx_word' id='word_1_10' title='bbox 995 359 1051 405; x_wconf 92' lang='lat' dir='ltr'><strong>et</strong></span> <span class='ocrx_word' id='word_1_11' title='bbox 1099 349 1263 404; x_wconf 84' lang='lat' dir='ltr'><strong>tiliam</strong></span> <span class='ocrx_word' id='word_1_12' title='bbox 1315 345 1726 417; x_wconf 84' lang='lat' dir='ltr'><strong>archisyuagogi</strong></span> <span class='ocrx_word' id='word_1_13' title='bbox 1770 341 2057 397; x_wconf 82' lang='lat' dir='ltr'><strong>resuscita-</strong></span> <span class='ocrx_word' id='word_1_14' title='bbox 2087 348 2132 405; x_wconf 81' lang='grc' dir='ltr'><strong>Λ</strong></span> <span class='ocrx_word' id='word_1_15' title='bbox 2162 342 2304 411; x_wconf 88' lang='lat' dir='ltr'><strong>quod</strong></span> <span class='ocrx_word' id='word_1_16' title='bbox 2334 340 2569 398; x_wconf 90' lang='lat' dir='ltr'><strong>Joannes</strong></span> <span class='ocrx_word' id='word_1_17' title='bbox 2598 359 2702 399; x_wconf 93' lang='lat' dir='ltr'><strong>non</strong></span> <span class='ocrx_word' id='word_1_18' title='bbox 2745 342 2992 398; x_wconf 85' lang='lat' dir='ltr'><strong>mollibus</strong></span> <span class='ocrx_word' id='word_1_19' title='bbox 3015 342 3351 399; x_wconf 79' lang='lat' dir='ltr'><strong>vestimentis</strong></span> <span class='ocrx_word' id='word_1_20' title='bbox 3375 345 3603 402; x_wconf 86' lang='lat' dir='ltr'><strong>vestitus</strong></span> <span class='ocrx_word' id='word_1_21' title='bbox 3625 363 3723 401; x_wconf 65' lang='lat' dir='ltr'><strong>esse</strong></span> 
     </span>
    </p>
   </div>
   <div class='ocr_carea' id='block_1_4' title="bbox 462 432 2059 517">
    <p class='ocr_par' dir='ltr' id='par_1_4' title="bbox 462 432 2059 517">
     <span class='ocr_line' id='line_1_4' title="bbox 462 432 2059 517; baseline -0.013 -13"><span class='ocrx_word' id='word_1_22' title='bbox 462 460 593 505; x_wconf 86' lang='lat' dir='ltr'><strong>tam.</strong></span> <span class='ocrx_word' id='word_1_23' title='bbox 654 447 833 517; x_wconf 82' lang='lat' dir='ltr'><strong>Quare</strong></span> <span class='ocrx_word' id='word_1_24' title='bbox 875 453 1053 501; x_wconf 84' lang='lat' dir='ltr'><strong>autem</strong></span> <span class='ocrx_word' id='word_1_25' title='bbox 1105 440 1237 495; x_wconf 88' lang='lat' dir='ltr'><strong>dicit</strong></span> <span class='ocrx_word' id='word_1_26' title='bbox 1287 454 1538 509; x_wconf 81' lang='lat' dir='ltr'><strong>pauperes</strong></span> <span class='ocrx_word' id='word_1_27' title='bbox 1585 432 2059 502; x_wconf 71' lang='lat' dir='ltr'><strong>euangelizantur?</strong></span> 
     </span>
    </p>
   </div>
   <div class='ocr_carea' id='block_1_5' title="bbox 463 525 2054 609">
    <p class='ocr_par' dir='ltr' id='par_1_5' title="bbox 463 525 2054 609">
     <span class='ocr_line' id='line_1_5' title="bbox 463 525 2054 609; baseline -0.009 -17"><span class='ocrx_word' id='word_1_28' title='bbox 463 541 597 609; x_wconf 78' lang='lat' dir='ltr'><strong>Quia</strong></span> <span class='ocrx_word' id='word_1_29' title='bbox 630 540 731 593; x_wconf 90' lang='lat' dir='ltr'><strong>hoc</strong></span> <span class='ocrx_word' id='word_1_30' title='bbox 761 535 1066 607; x_wconf 77' lang='lat' dir='ltr'><strong>specialiter</strong></span> <span class='ocrx_word' id='word_1_31' title='bbox 1097 532 1265 588; x_wconf 87' lang='lat' dir='ltr'><strong>Isaias</strong></span> <span class='ocrx_word' id='word_1_32' title='bbox 1291 531 1357 585; x_wconf 91' lang='lat' dir='ltr'><strong>de</strong></span> <span class='ocrx_word' id='word_1_33' title='bbox 1391 530 1482 585; x_wconf 89' lang='lat' dir='ltr'><strong>illo</strong></span> <span class='ocrx_word' id='word_1_34' title='bbox 1518 528 1933 598; x_wconf 83' lang='lat' dir='ltr'><strong>prophetaverat</strong></span> <span class='ocrx_word' id='word_1_35' title='bbox 1972 525 2054 579; x_wconf 87' lang='lat' dir='ltr'><strong>fa-</strong></span> 
     </span>
    </p>
   </div>
   <div class='ocr_carea' id='block_1_6' title="bbox 463 617 2054 697">
    <p class='ocr_par' dir='ltr' id='par_1_6' title="bbox 463 617 2054 697">
     <span class='ocr_line' id='line_1_6' title="bbox 463 617 2054 697; baseline -0.011 -10"><span class='ocrx_word' id='word_1_36' title='bbox 463 642 717 693; x_wconf 81' lang='lat' dir='ltr'><strong>cturum,</strong></span> <span class='ocrx_word' id='word_1_37' title='bbox 775 627 1027 697; x_wconf 89' lang='lat' dir='ltr'><strong>inquiens</strong></span> <span class='ocrx_word' id='word_1_38' title='bbox 1077 643 1090 678; x_wconf 91' lang='lat'>:</span> <span class='ocrx_word' id='word_1_39' title='bbox 1149 624 1230 676; x_wconf 78' lang='lat' dir='ltr'><strong>Ad</strong></span> <span class='ocrx_word' id='word_1_40' title='bbox 1289 620 1711 676; x_wconf 85' lang='lat' dir='ltr'><strong>annuntiandum</strong></span> <span class='ocrx_word' id='word_1_41' title='bbox 1770 617 2054 671; x_wconf 79' lang='lat' dir='ltr'><strong>mansuetis</strong></span> 
     </span>
    </p>
   </div>
   <div class='ocr_carea' id='block_1_7' title="bbox 464 708 2055 789">
    <p class='ocr_par' dir='ltr' id='par_1_7' title="bbox 464 708 2055 789">
     <span class='ocr_line' id='line_1_7' title="bbox 464 708 2055 789; baseline -0.011 -10"><span class='ocrx_word' id='word_1_42' title='bbox 464 736 617 779; x_wconf 78' lang='lat' dir='ltr'><strong>terra:</strong></span> <span class='ocrx_word' id='word_1_43' title='bbox 644 722 783 778; x_wconf 83' lang='lat' dir='ltr'><strong>misit</strong></span> <span class='ocrx_word' id='word_1_44' title='bbox 813 736 910 775; x_wconf 88' lang='lat' dir='ltr'><strong>me.</strong></span> <span class='ocrx_word' id='word_1_45' title='bbox 962 718 1028 773; x_wconf 85' lang='lat' dir='ltr'><strong>Et</strong></span> <span class='ocrx_word' id='word_1_46' title='bbox 1060 718 1127 775; x_wconf 91' lang='lat' dir='ltr'><strong>de</strong></span> <span class='ocrx_word' id='word_1_47' title='bbox 1161 716 1291 789; x_wconf 85' lang='lat' dir='ltr'><strong>ipsis</strong></span> <span class='ocrx_word' id='word_1_48' title='bbox 1329 715 1540 771; x_wconf 79' lang='lat' dir='ltr'><strong>dixerat</strong></span> <span class='ocrx_word' id='word_1_49' title='bbox 1579 711 1839 767; x_wconf 83' lang='lat' dir='ltr'><strong>Dominus</strong></span> <span class='ocrx_word' id='word_1_50' title='bbox 1868 729 1879 762; x_wconf 87' lang='lat'><strong>:</strong></span> <span class='ocrx_word' id='word_1_51' title='bbox 1907 708 2055 763; x_wconf 83' lang='lat' dir='ltr'><strong>Beati</strong></span> 
     </span>
    </p>
   </div>
   <div class='ocr_carea' id='block_1_8' title="bbox 468 810 949 885">
    <p class='ocr_par' dir='ltr' id='par_1_8' title="bbox 468 810 949 885">
     <span class='ocr_line' id='line_1_8' title="bbox 468 810 949 885; baseline -0.004 -21"><span class='ocrx_word' id='word_1_52' title='bbox 468 828 720 885; x_wconf 75' lang='lat' dir='ltr'><strong>pauperes</strong></span> <span class='ocrx_word' id='word_1_53' title='bbox 742 811 819 881; x_wconf 70' lang='lat' dir='ltr'><strong>sp.’</strong></span> <span class='ocrx_word' id='word_1_54' title='bbox 826 810 949 863; x_wconf 90' lang='lat' dir='ltr'><strong>ritu.</strong></span> 
     </span>
    </p>
   </div>
   <div class='ocr_carea' id='block_1_9' title="bbox 542 891 2051 970">
    <p class='ocr_par' dir='ltr' id='par_1_9' title="bbox 542 891 2051 970">
     <span class='ocr_line' id='line_1_9' title="bbox 542 891 2051 970; baseline -0.009 -13"><span class='ocrx_word' id='word_1_55' title='bbox 542 903 603 957; x_wconf 77' lang='lat' dir='ltr'><strong>Et</strong></span> <span class='ocrx_word' id='word_1_56' title='bbox 634 902 813 957; x_wconf 87' lang='lat' dir='ltr'><strong>beatus</strong></span> <span class='ocrx_word' id='word_1_57' title='bbox 859 911 933 954; x_wconf 87' lang='lat' dir='ltr'><strong>est</strong></span> <span class='ocrx_word' id='word_1_58' title='bbox 978 900 1065 970; x_wconf 84' lang='lat' dir='ltr'><strong>qui</strong></span> <span class='ocrx_word' id='word_1_59' title='bbox 1114 915 1215 952; x_wconf 84' lang='lat' dir='ltr'><strong>non</strong></span> <span class='ocrx_word' id='word_1_60' title='bbox 1247 896 1402 969; x_wconf 75' lang='lat' dir='ltr'><strong>fuerit</strong></span> <span class='ocrx_word' id='word_1_61' title='bbox 1444 891 1835 949; x_wconf 74' lang='lat' dir='ltr'><strong>scandalizatus</strong></span> <span class='ocrx_word' id='word_1_62' title='bbox 1868 891 1920 943; x_wconf 81' lang='lat' dir='ltr'><strong>in</strong></span> <span class='ocrx_word' id='word_1_63' title='bbox 1951 906 2051 944; x_wconf 85' lang='lat' dir='ltr'><strong>me.</strong></span> 
     </span>
    </p>
   </div>
   <div class='ocr_carea' id='block_1_10' title="bbox 464 980 2053 1064">
    <p class='ocr_par' dir='ltr' id='par_1_10' title="bbox 464 980 2053 1064">
     <span class='ocr_line' id='line_1_10' title="bbox 464 980 2053 1064; baseline -0.009 -16"><span class='ocrx_word' id='word_1_64' title='bbox 464 995 543 1051; x_wconf 74' lang='lat' dir='ltr'><strong>Ac</strong></span> <span class='ocrx_word' id='word_1_65' title='bbox 576 995 621 1049; x_wconf 89' lang='lat' dir='ltr'><strong>si</strong></span> <span class='ocrx_word' id='word_1_66' title='bbox 660 1000 845 1064; x_wconf 86' lang='lat' dir='ltr'><strong>aperte</strong></span> <span class='ocrx_word' id='word_1_67' title='bbox 882 991 1061 1045; x_wconf 87' lang='lat' dir='ltr'><strong>dicat:</strong></span> <span class='ocrx_word' id='word_1_68' title='bbox 1093 987 1214 1042; x_wconf 91' lang='lat' dir='ltr'><strong>Jam</strong></span> <span class='ocrx_word' id='word_1_69' title='bbox 1264 994 1391 1042; x_wconf 90' lang='lat' dir='ltr'><strong>sunt</strong></span> <span class='ocrx_word' id='word_1_70' title='bbox 1418 985 1572 1041; x_wconf 89' lang='lat' dir='ltr'><strong>electi</strong></span> <span class='ocrx_word' id='word_1_71' title='bbox 1602 991 1657 1061; x_wconf 85' lang='lat' dir='ltr'><strong>et</strong></span> <span class='ocrx_word' id='word_1_72' title='bbox 1684 982 1936 1053; x_wconf 76' lang='lat' dir='ltr'><strong>perpauci</strong></span> <span class='ocrx_word' id='word_1_73' title='bbox 1962 980 2053 1051; x_wconf 90' lang='lat' dir='ltr'><strong>qui</strong></span> 
     </span>
    </p>
   </div>
   <div class='ocr_carea' id='block_1_11' title="bbox 464 1072 2052 1142">
    <p class='ocr_par' dir='ltr' id='par_1_11' title="bbox 464 1072 2052 1142">
     <span class='ocr_line' id='line_1_11' title="bbox 464 1072 2052 1142; baseline -0.008 -4"><span class='ocrx_word' id='word_1_74' title='bbox 464 1100 570 1139; x_wconf 86' lang='lat' dir='ltr'><strong>non</strong></span> <span class='ocrx_word' id='word_1_75' title='bbox 599 1084 829 1139; x_wconf 76' lang='lat' dir='ltr'><strong>debeant</strong></span> <span class='ocrx_word' id='word_1_76' title='bbox 855 1080 1169 1137; x_wconf 83' lang='lat' dir='ltr'><strong>scandalum</strong></span> <span class='ocrx_word' id='word_1_77' title='bbox 1192 1077 1478 1135; x_wconf 84' lang='lat' dir='ltr'><strong>adversum</strong></span> <span class='ocrx_word' id='word_1_78' title='bbox 1503 1090 1588 1129; x_wconf 91' lang='lat' dir='ltr'><strong>me</strong></span> <span class='ocrx_word' id='word_1_79' title='bbox 1614 1088 1853 1137; x_wconf 89' lang='lat' dir='ltr'><strong>sumere,</strong></span> <span class='ocrx_word' id='word_1_80' title='bbox 1883 1081 1938 1128; x_wconf 91' lang='lat' dir='ltr'><strong>et</strong></span> <span class='ocrx_word' id='word_1_81' title='bbox 1962 1072 2052 1142; x_wconf 86' lang='lat' dir='ltr'><strong>qui</strong></span> 
     </span>
    </p>
   </div>
   <div class='ocr_carea' id='block_1_12' title="bbox 459 1171 2053 1238">
    <p class='ocr_par' dir='ltr' id='par_1_12' title="bbox 459 1171 2053 1238">
     <span class='ocr_line' id='line_1_12' title="bbox 459 1171 2053 1238; baseline -0.006 -8"><span class='ocrx_word' id='word_1_82' title='bbox 459 1177 639 1230; x_wconf 82' lang='lat' dir='ltr'><strong>nolint</strong></span> <span class='ocrx_word' id='word_1_83' title='bbox 672 1174 1001 1229; x_wconf 81' lang='lat' dir='ltr'><strong>mortificare</strong></span> <span class='ocrx_word' id='word_1_84' title='bbox 1030 1187 1137 1227; x_wconf 90' lang='lat' dir='ltr'><strong>me.</strong></span> <span class='ocrx_word' id='word_1_85' title='bbox 1169 1171 1329 1225; x_wconf 86' lang='lat' dir='ltr'><strong>Ponit</strong></span> <span class='ocrx_word' id='word_1_86' title='bbox 1366 1180 1543 1227; x_wconf 88' lang='lat' dir='ltr'><strong>autem</strong></span> <span class='ocrx_word' id='word_1_87' title='bbox 1575 1182 1814 1238; x_wconf 68' lang='lat' dir='ltr'><strong>prmsens</strong></span> <span class='ocrx_word' id='word_1_88' title='bbox 1844 1176 2053 1237; x_wconf 86' lang='lat' dir='ltr'><strong>tempus</strong></span> 
     </span>
    </p>
   </div>
   <div class='ocr_carea' id='block_1_13' title="bbox 464 1256 2049 1337">
    <p class='ocr_par' dir='ltr' id='par_1_13' title="bbox 464 1256 2049 1337">
     <span class='ocr_line' id='line_1_13' title="bbox 464 1256 2049 1337; baseline -0.007 -17"><span class='ocrx_word' id='word_1_89' title='bbox 464 1283 565 1337; x_wconf 86' lang='lat' dir='ltr'><strong>pro</strong></span> <span class='ocrx_word' id='word_1_90' title='bbox 617 1265 816 1329; x_wconf 91' lang='lat' dir='ltr'><strong>futuro,</strong></span> <span class='ocrx_word' id='word_1_91' title='bbox 846 1264 1037 1317; x_wconf 89' lang='lat' dir='ltr'><strong>beatus</strong></span> <span class='ocrx_word' id='word_1_92' title='bbox 1065 1261 1189 1325; x_wconf 89' lang='lat' dir='ltr'><strong>erit,</strong></span> <span class='ocrx_word' id='word_1_93' title='bbox 1222 1260 1478 1329; x_wconf 88' lang='lat' dir='ltr'><strong>quoniam</strong></span> <span class='ocrx_word' id='word_1_94' title='bbox 1522 1259 1576 1312; x_wconf 91' lang='lat' dir='ltr'><strong>in</strong></span> <span class='ocrx_word' id='word_1_95' title='bbox 1622 1268 1910 1326; x_wconf 88' lang='lat' dir='ltr'><strong>conspectu</strong></span> <span class='ocrx_word' id='word_1_96' title='bbox 1957 1256 2049 1311; x_wconf 90' lang='lat' dir='ltr'><strong>Dei</strong></span> 
     </span>
    </p>
   </div>
   <div class='ocr_carea' id='block_1_14' title="bbox 465 1346 2049 1423">
    <p class='ocr_par' dir='ltr' id='par_1_14' title="bbox 465 1346 2049 1423">
     <span class='ocr_line' id='line_1_14' title="bbox 465 1346 2049 1423; baseline -0.008 -13"><span class='ocrx_word' id='word_1_97' title='bbox 465 1358 647 1411; x_wconf 78' lang='lat' dir='ltr'><strong>oinnia</strong></span> <span class='ocrx_word' id='word_1_98' title='bbox 679 1355 855 1409; x_wconf 83' lang='lat' dir='ltr'><strong>futura</strong></span> <span class='ocrx_word' id='word_1_99' title='bbox 885 1354 1169 1423; x_wconf 61' lang='lat' dir='ltr'><strong>praesentia</strong></span> <span class='ocrx_word' id='word_1_100' title='bbox 1197 1361 1341 1406; x_wconf 88' lang='lat' dir='ltr'><strong>sunt.</strong></span> <span class='ocrx_word' id='word_1_101' title='bbox 1375 1350 1490 1403; x_wconf 83' lang='lat' dir='ltr'><strong>Illis</strong></span> <span class='ocrx_word' id='word_1_102' title='bbox 1518 1359 1689 1404; x_wconf 88' lang='lat' dir='ltr'><strong>autem</strong></span> <span class='ocrx_word' id='word_1_103' title='bbox 1719 1346 2049 1412; x_wconf 77' lang='lat' dir='ltr'><strong>abeuntibus,</strong></span> 
     </span>
    </p>
   </div>
   <div class='ocr_carea' id='block_1_15' title="bbox 464 1439 2052 1520">
    <p class='ocr_par' dir='ltr' id='par_1_15' title="bbox 464 1439 2052 1520">
     <span class='ocr_line' id='line_1_15' title="bbox 464 1439 2052 1520; baseline -0.006 -17"><span class='ocrx_word' id='word_1_104' title='bbox 464 1451 611 1520; x_wconf 60' lang='lat' dir='ltr'><strong>recpit</strong></span> <span class='ocrx_word' id='word_1_105' title='bbox 635 1447 792 1502; x_wconf 77' lang='lat' dir='ltr'><strong>Iesus</strong></span> <span class='ocrx_word' id='word_1_106' title='bbox 814 1448 985 1500; x_wconf 85' lang='lat' dir='ltr'><strong><em>dicere</em></strong></span> <span class='ocrx_word' id='word_1_107' title='bbox 1004 1446 1073 1499; x_wconf 89' lang='lat' dir='ltr'><strong>ad</strong></span> <span class='ocrx_word' id='word_1_108' title='bbox 1098 1445 1275 1497; x_wconf 83' lang='lat' dir='ltr'><strong>turbas</strong></span> <span class='ocrx_word' id='word_1_109' title='bbox 1297 1443 1361 1496; x_wconf 89' lang='lat' dir='ltr'><strong>de</strong></span> <span class='ocrx_word' id='word_1_110' title='bbox 1384 1441 1612 1496; x_wconf 81' lang='lat' dir='ltr'><strong>Joanne.</strong></span> <span class='ocrx_word' id='word_1_111' title='bbox 1640 1442 1780 1496; x_wconf 85' lang='lat' dir='ltr'><strong>Deus</strong></span> <span class='ocrx_word' id='word_1_112' title='bbox 1803 1439 2052 1493; x_wconf 88' lang='lat' dir='ltr'><strong>conscius</strong></span> 
     </span>
    </p>
   </div>
   <div class='ocr_carea' id='block_1_16' title="bbox 460 1532 2053 1607">
    <p class='ocr_par' dir='ltr' id='par_1_16' title="bbox 460 1532 2053 1607">
     <span class='ocr_line' id='line_1_16' title="bbox 460 1532 2053 1607; baseline -0.006 -15"><span class='ocrx_word' id='word_1_113' title='bbox 460 1539 714 1592; x_wconf 69' lang='lat' dir='ltr'><strong>.lunuante</strong></span> <span class='ocrx_word' id='word_1_114' title='bbox 742 1535 1068 1607; x_wconf 78' lang='lat' dir='ltr'><strong>fragilitatis,</strong></span> <span class='ocrx_word' id='word_1_115' title='bbox 1099 1534 1223 1603; x_wconf 90' lang='lat' dir='ltr'><strong>quia</strong></span> <span class='ocrx_word' id='word_1_116' title='bbox 1250 1532 1486 1588; x_wconf 91' lang='lat' dir='ltr'><strong>Joannes</strong></span> <span class='ocrx_word' id='word_1_117' title='bbox 1514 1532 1675 1587; x_wconf 91' lang='lat' dir='ltr'><strong>homo</strong></span> <span class='ocrx_word' id='word_1_118' title='bbox 1712 1538 1846 1594; x_wconf 89' lang='lat' dir='ltr'><strong>erat,</strong></span> <span class='ocrx_word' id='word_1_119' title='bbox 1880 1538 1935 1583; x_wconf 90' lang='lat' dir='ltr'><strong>et</strong></span> <span class='ocrx_word' id='word_1_120' title='bbox 1957 1545 2053 1599; x_wconf 55' lang='lat' dir='ltr'><strong>poa</strong></span> 
     </span>
    </p>
   </div>
   <div class='ocr_carea' id='block_1_17' title="bbox 466 1619 2052 1689">
    <p class='ocr_par' dir='ltr' id='par_1_17' title="bbox 466 1619 2052 1689">
     <span class='ocr_line' id='line_1_17' title="bbox 466 1619 2052 1689; baseline -0.007 -6"><span class='ocrx_word' id='word_1_121' title='bbox 466 1636 607 1684; x_wconf 84' lang='lat' dir='ltr'><strong>terat</strong></span> <span class='ocrx_word' id='word_1_122' title='bbox 634 1627 680 1681; x_wconf 88' lang='lat' dir='ltr'><strong>ei</strong></span> <span class='ocrx_word' id='word_1_123' title='bbox 710 1623 988 1681; x_wconf 88' lang='lat' dir='ltr'><strong>subriderc</strong></span> <span class='ocrx_word' id='word_1_124' title='bbox 1019 1623 1203 1689; x_wconf 89' lang='lat' dir='ltr'><strong>elatio,</strong></span> <span class='ocrx_word' id='word_1_125' title='bbox 1234 1624 1304 1679; x_wconf 88' lang='lat' dir='ltr'><strong>ob</strong></span> <span class='ocrx_word' id='word_1_126' title='bbox 1344 1624 1446 1678; x_wconf 89' lang='lat' dir='ltr'><strong>hoc</strong></span> <span class='ocrx_word' id='word_1_127' title='bbox 1483 1621 1655 1676; x_wconf 91' lang='lat' dir='ltr'><strong>noluit</strong></span> <span class='ocrx_word' id='word_1_128' title='bbox 1679 1635 1863 1675; x_wconf 89' lang='lat' dir='ltr'><strong>coram</strong></span> <span class='ocrx_word' id='word_1_129' title='bbox 1891 1619 2052 1674; x_wconf 88' lang='lat' dir='ltr'><strong>disci-</strong></span> 
     </span>
    </p>
   </div>
   <div class='ocr_carea' id='block_1_18' title="bbox 2159 432 3732 502">
    <p class='ocr_par' dir='ltr' id='par_1_18' title="bbox 2159 432 3732 502">
     <span class='ocr_line' id='line_1_18' title="bbox 2159 432 3732 502; baseline 0.004 -17"><span class='ocrx_word' id='word_1_130' title='bbox 2159 432 2374 497; x_wconf 86' lang='lat' dir='ltr'><strong>dicitur,</strong></span> <span class='ocrx_word' id='word_1_131' title='bbox 2400 433 2523 501; x_wconf 84' lang='lat' dir='ltr'><strong>quia</strong></span> <span class='ocrx_word' id='word_1_132' title='bbox 2557 434 2721 488; x_wconf 88' lang='lat' dir='ltr'><strong>vitam</strong></span> <span class='ocrx_word' id='word_1_133' title='bbox 2751 433 3087 502; x_wconf 77' lang='lat' dir='ltr'><strong>peccantium</strong></span> <span class='ocrx_word' id='word_1_134' title='bbox 3128 448 3235 491; x_wconf 90' lang='lat' dir='ltr'><strong>non</strong></span> <span class='ocrx_word' id='word_1_135' title='bbox 3263 434 3644 490; x_wconf 69' lang='lat' dir='ltr'><strong>ilL’llldinlCllltS</strong></span> <span class='ocrx_word' id='word_1_136' title='bbox 3668 438 3732 491; x_wconf 65' lang='lat' dir='ltr'><strong>to-</strong></span> 
     </span>
    </p>
   </div>
   <div class='ocr_carea' id='block_1_19' title="bbox 2157 524 3725 596">
    <p class='ocr_par' dir='ltr' id='par_1_19' title="bbox 2157 524 3725 596">
     <span class='ocr_line' id='line_1_19' title="bbox 2157 524 3725 596; baseline 0.003 -19"><span class='ocrx_word' id='word_1_137' title='bbox 2157 524 2254 587; x_wconf 90' lang='lat' dir='ltr'><strong>vit,</strong></span> <span class='ocrx_word' id='word_1_138' title='bbox 2281 525 2374 579; x_wconf 92' lang='lat' dir='ltr'><strong>sed</strong></span> <span class='ocrx_word' id='word_1_139' title='bbox 2407 541 2598 596; x_wconf 86' lang='lat' dir='ltr'><strong>aspera</strong></span> <span class='ocrx_word' id='word_1_140' title='bbox 2642 525 2943 580; x_wconf 84' lang='lat' dir='ltr'><strong>invectione</strong></span> <span class='ocrx_word' id='word_1_141' title='bbox 2983 525 3282 595; x_wconf 73' lang='lat' dir='ltr'><strong>increpavit</strong></span> <span class='ocrx_word' id='word_1_142' title='bbox 3313 527 3504 582; x_wconf 78' lang='lat' dir='ltr'><strong>dicens</strong></span> <span class='ocrx_word' id='word_1_143' title='bbox 3532 545 3547 583; x_wconf 87' lang='lat'><strong>:</strong></span> <span class='ocrx_word' id='word_1_144' title='bbox 3585 528 3725 582; x_wconf 79' lang='lat' dir='ltr'><strong>Geui-</strong></span> 
     </span>
    </p>
   </div>
   <div class='ocr_carea' id='block_1_20' title="bbox 2158 614 3728 685">
    <p class='ocr_par' dir='ltr' id='par_1_20' title="bbox 2158 614 3728 685">
     <span class='ocr_line' id='line_1_20' title="bbox 2158 614 3728 685; baseline 0.004 -20"><span class='ocrx_word' id='word_1_145' title='bbox 2158 614 2299 666; x_wconf 86' lang='lat' dir='ltr'><strong>mina</strong></span> <span class='ocrx_word' id='word_1_146' title='bbox 2344 616 2658 684; x_wconf 79' lang='lat' dir='ltr'><strong>viperarum.</strong></span> <span class='ocrx_word' id='word_1_147' title='bbox 2689 614 2781 669; x_wconf 88' lang='lat' dir='ltr'><strong>Sic</strong></span> <span class='ocrx_word' id='word_1_148' title='bbox 2817 615 3016 669; x_wconf 90' lang='lat' dir='ltr'><strong>etenim</strong></span> <span class='ocrx_word' id='word_1_149' title='bbox 3065 616 3389 685; x_wconf 88' lang='lat' dir='ltr'><strong>sapientium</strong></span> <span class='ocrx_word' id='word_1_150' title='bbox 3430 618 3594 671; x_wconf 86' lang='lat' dir='ltr'><strong>verba</strong></span> <span class='ocrx_word' id='word_1_151' title='bbox 3625 634 3728 672; x_wconf 81' lang='lat' dir='ltr'><strong>esse</strong></span> 
     </span>
    </p>
   </div>
   <div class='ocr_carea' id='block_1_21' title="bbox 2158 704 3727 771">
    <p class='ocr_par' dir='ltr' id='par_1_21' title="bbox 2158 704 3727 771">
     <span class='ocr_line' id='line_1_21' title="bbox 2158 704 3727 771; baseline 0.002 -14"><span class='ocrx_word' id='word_1_152' title='bbox 2158 704 2353 758; x_wconf 82' lang='lat' dir='ltr'><strong>debent</strong></span> <span class='ocrx_word' id='word_1_153' title='bbox 2381 705 2560 771; x_wconf 89' lang='lat' dir='ltr'><strong>malis,</strong></span> <span class='ocrx_word' id='word_1_154' title='bbox 2593 706 2735 761; x_wconf 89' lang='lat' dir='ltr'><strong>sicut</strong></span> <span class='ocrx_word' id='word_1_155' title='bbox 2766 705 2970 760; x_wconf 86' lang='lat' dir='ltr'><strong>stimuli</strong></span> <span class='ocrx_word' id='word_1_156' title='bbox 2997 714 3054 760; x_wconf 91' lang='lat' dir='ltr'><strong>et</strong></span> <span class='ocrx_word' id='word_1_157' title='bbox 3079 705 3218 759; x_wconf 85' lang='lat' dir='ltr'><strong>clavi</strong></span> <span class='ocrx_word' id='word_1_158' title='bbox 3262 706 3316 759; x_wconf 91' lang='lat' dir='ltr'><strong>in</strong></span> <span class='ocrx_word' id='word_1_159' title='bbox 3361 706 3535 760; x_wconf 91' lang='lat' dir='ltr'><strong>altum</strong></span> <span class='ocrx_word' id='word_1_160' title='bbox 3563 707 3727 769; x_wconf 70' lang='lat' dir='ltr'><strong>deliri,</strong></span> 
     </span>
    </p>
   </div>
   <div class='ocr_carea' id='block_1_22' title="bbox 2158 794 3728 867">
    <p class='ocr_par' dir='ltr' id='par_1_22' title="bbox 2158 794 3728 867">
     <span class='ocr_line' id='line_1_22' title="bbox 2158 794 3728 867; baseline 0.003 -19"><span class='ocrx_word' id='word_1_161' title='bbox 2158 802 2213 848; x_wconf 90' lang='lat' dir='ltr'><strong>ut</strong></span> <span class='ocrx_word' id='word_1_162' title='bbox 2257 794 2557 867; x_wconf 82' lang='lat' dir='ltr'><strong>intelligant</strong></span> <span class='ocrx_word' id='word_1_163' title='bbox 2578 805 2635 852; x_wconf 90' lang='lat' dir='ltr'><strong>et</strong></span> <span class='ocrx_word' id='word_1_164' title='bbox 2663 795 3007 852; x_wconf 85' lang='lat' dir='ltr'><strong>meminerint</strong></span> <span class='ocrx_word' id='word_1_165' title='bbox 3035 805 3316 866; x_wconf 84' lang='lat' dir='ltr'><strong>peccatum</strong></span> <span class='ocrx_word' id='word_1_166' title='bbox 3344 814 3532 864; x_wconf 86' lang='lat' dir='ltr'><strong>suum,</strong></span> <span class='ocrx_word' id='word_1_167' title='bbox 3562 807 3616 852; x_wconf 88' lang='lat' dir='ltr'><strong>ut</strong></span> <span class='ocrx_word' id='word_1_168' title='bbox 3644 798 3728 854; x_wconf 83' lang='lat' dir='ltr'><strong>Sa-</strong></span> 
     </span>
    </p>
   </div>
   <div class='ocr_carea' id='block_1_23' title="bbox 2156 886 3728 959">
    <p class='ocr_par' dir='ltr' id='par_1_23' title="bbox 2156 886 3728 959">
     <span class='ocr_line' id='line_1_23' title="bbox 2156 886 3728 959; baseline 0.003 -20"><span class='ocrx_word' id='word_1_169' title='bbox 2156 886 2332 941; x_wconf 86' lang='lat' dir='ltr'><strong>lomon</strong></span> <span class='ocrx_word' id='word_1_170' title='bbox 2356 891 2432 942; x_wconf 89' lang='lat' dir='ltr'><strong>ait</strong></span> <span class='ocrx_word' id='word_1_171' title='bbox 2461 906 2472 941; x_wconf 91' lang='lat'><strong>:</strong></span> <span class='ocrx_word' id='word_1_172' title='bbox 2507 886 2779 959; x_wconf 83' lang='lat' dir='ltr'><strong>Responde</strong></span> <span class='ocrx_word' id='word_1_173' title='bbox 2800 887 2959 942; x_wconf 88' lang='lat' dir='ltr'><strong>stulto</strong></span> <span class='ocrx_word' id='word_1_174' title='bbox 2981 888 3141 959; x_wconf 72' lang='lat' dir='ltr'><strong>juxta</strong></span> <span class='ocrx_word' id='word_1_175' title='bbox 3171 889 3446 944; x_wconf 83' lang='lat' dir='ltr'><strong>stultitiam</strong></span> <span class='ocrx_word' id='word_1_176' title='bbox 3487 907 3651 954; x_wconf 81' lang='lat' dir='ltr'><strong>suam,</strong></span> <span class='ocrx_word' id='word_1_177' title='bbox 3675 908 3728 944; x_wconf 81' lang='lat' dir='ltr'><strong>ne</strong></span> 
     </span>
    </p>
   </div>
   <div class='ocr_carea' id='block_1_24' title="bbox 2154 981 3726 1053">
    <p class='ocr_par' dir='ltr' id='par_1_24' title="bbox 2154 981 3726 1053">
     <span class='ocr_line' id='line_1_24' title="bbox 2154 981 3726 1053; baseline 0.001 -19"><span class='ocrx_word' id='word_1_178' title='bbox 2154 981 2252 1034; x_wconf 85' lang='lat' dir='ltr'><strong>sibi</strong></span> <span class='ocrx_word' id='word_1_179' title='bbox 2272 982 2477 1051; x_wconf 81' lang='lat' dir='ltr'><strong>sapiens</strong></span> <span class='ocrx_word' id='word_1_180' title='bbox 2500 982 2754 1036; x_wconf 79' lang='lat' dir='ltr'><strong>videatur.</strong></span> <span class='ocrx_word' id='word_1_181' title='bbox 2785 981 3080 1037; x_wconf 79' lang='lat' dir='ltr'><strong>Attendere</strong></span> <span class='ocrx_word' id='word_1_182' title='bbox 3105 991 3282 1037; x_wconf 89' lang='lat' dir='ltr'><strong>tamen</strong></span> <span class='ocrx_word' id='word_1_183' title='bbox 3310 981 3578 1038; x_wconf 86' lang='lat' dir='ltr'><strong>debemus</strong></span> <span class='ocrx_word' id='word_1_184' title='bbox 3601 986 3726 1053; x_wconf 68' lang='lat' dir='ltr'><strong>quod</strong></span> 
     </span>
    </p>
   </div>
   <div class='ocr_carea' id='block_1_25' title="bbox 2156 1070 3725 1142">
    <p class='ocr_par' dir='ltr' id='par_1_25' title="bbox 2156 1070 3725 1142">
     <span class='ocr_line' id='line_1_25' title="bbox 2156 1070 3725 1142; baseline 0.002 -19"><span class='ocrx_word' id='word_1_185' title='bbox 2156 1070 2414 1126; x_wconf 88' lang='lat' dir='ltr'><strong>Dominus</strong></span> <span class='ocrx_word' id='word_1_186' title='bbox 2453 1070 2715 1126; x_wconf 76' lang='lat' dir='ltr'><strong>Joannem</strong></span> <span class='ocrx_word' id='word_1_187' title='bbox 2747 1072 2813 1125; x_wconf 87' lang='lat' dir='ltr'><strong>de</strong></span> <span class='ocrx_word' id='word_1_188' title='bbox 2856 1072 3161 1126; x_wconf 89' lang='lat' dir='ltr'><strong>vestimenti</strong></span> <span class='ocrx_word' id='word_1_189' title='bbox 3193 1073 3273 1131; x_wconf 84' lang='lat' dir='ltr'><strong>sui</strong></span> <span class='ocrx_word' id='word_1_190' title='bbox 3314 1074 3611 1142; x_wconf 80' lang='lat' dir='ltr'><strong>asperitate</strong></span> <span class='ocrx_word' id='word_1_191' title='bbox 3634 1074 3725 1127; x_wconf 82' lang='lat' dir='ltr'><strong>cul-</strong></span> 
     </span>
    </p>
   </div>
   <div class='ocr_carea' id='block_1_26' title="bbox 2155 1161 3726 1226">
    <p class='ocr_par' dir='ltr' id='par_1_26' title="bbox 2155 1161 3726 1226">
     <span class='ocr_line' id='line_1_26' title="bbox 2155 1161 3726 1226; baseline 0.003 -12"><span class='ocrx_word' id='word_1_192' title='bbox 2155 1161 2358 1216; x_wconf 84' lang='lat' dir='ltr'><strong>laudat.</strong></span> <span class='ocrx_word' id='word_1_193' title='bbox 2388 1161 2444 1216; x_wconf 90' lang='lat' dir='ltr'><strong>Si</strong></span> <span class='ocrx_word' id='word_1_194' title='bbox 2473 1163 2645 1216; x_wconf 90' lang='lat' dir='ltr'><strong>virtus</strong></span> <span class='ocrx_word' id='word_1_195' title='bbox 2670 1178 2777 1217; x_wconf 92' lang='lat' dir='ltr'><strong>non</strong></span> <span class='ocrx_word' id='word_1_196' title='bbox 2804 1173 2949 1217; x_wconf 86' lang='lat' dir='ltr'><strong>esset</strong></span> <span class='ocrx_word' id='word_1_197' title='bbox 2976 1162 3170 1218; x_wconf 79' lang='lat' dir='ltr'><strong>vilibus</strong></span> <span class='ocrx_word' id='word_1_198' title='bbox 3201 1164 3549 1219; x_wconf 77' lang='lat' dir='ltr'><strong>vestimentis</strong></span> <span class='ocrx_word' id='word_1_199' title='bbox 3576 1162 3726 1226; x_wconf 86' lang='lat' dir='ltr'><strong>indui,</strong></span> 
     </span>
    </p>
   </div>
   <div class='ocr_carea' id='block_1_27' title="bbox 2156 1251 3725 1321">
    <p class='ocr_par' dir='ltr' id='par_1_27' title="bbox 2156 1251 3725 1321">
     <span class='ocr_line' id='line_1_27' title="bbox 2156 1251 3725 1321; baseline -0.001 -16"><span class='ocrx_word' id='word_1_200' title='bbox 2156 1267 2496 1321; x_wconf 85' lang='lat' dir='ltr'><strong>nequaquam</strong></span> <span class='ocrx_word' id='word_1_201' title='bbox 2551 1251 2810 1307; x_wconf 89' lang='lat' dir='ltr'><strong>Dominus</strong></span> <span class='ocrx_word' id='word_1_202' title='bbox 2860 1251 3011 1305; x_wconf 90' lang='lat' dir='ltr'><strong>illum</strong></span> <span class='ocrx_word' id='word_1_203' title='bbox 3052 1251 3118 1305; x_wconf 89' lang='lat' dir='ltr'><strong>de</strong></span> <span class='ocrx_word' id='word_1_204' title='bbox 3169 1252 3271 1306; x_wconf 87' lang='lat' dir='ltr'><strong>bac</strong></span> <span class='ocrx_word' id='word_1_205' title='bbox 3322 1266 3383 1306; x_wconf 90' lang='lat' dir='ltr'><strong>re</strong></span> <span class='ocrx_word' id='word_1_206' title='bbox 3428 1251 3725 1308; x_wconf 81' lang='lat' dir='ltr'><strong>laudasset:</strong></span> 
     </span>
    </p>
   </div>
   <div class='ocr_carea' id='block_1_28' title="bbox 2155 1340 3725 1411">
    <p class='ocr_par' dir='ltr' id='par_1_28' title="bbox 2155 1340 3725 1411">
     <span class='ocr_line' id='line_1_28' title="bbox 2155 1340 3725 1411; baseline 0.001 -15"><span class='ocrx_word' id='word_1_207' title='bbox 2155 1355 2495 1410; x_wconf 82' lang='lat' dir='ltr'><strong>nequaquam</strong></span> <span class='ocrx_word' id='word_1_208' title='bbox 2524 1340 2687 1395; x_wconf 88' lang='lat' dir='ltr'><strong>etiam</strong></span> <span class='ocrx_word' id='word_1_209' title='bbox 2715 1342 2905 1395; x_wconf 87' lang='lat' dir='ltr'><strong>beatus</strong></span> <span class='ocrx_word' id='word_1_210' title='bbox 2934 1340 3147 1407; x_wconf 81' lang='lat' dir='ltr'><strong>Petrus,</strong></span> <span class='ocrx_word' id='word_1_211' title='bbox 3179 1341 3224 1396; x_wconf 89' lang='lat' dir='ltr'><strong>si</strong></span> <span class='ocrx_word' id='word_1_212' title='bbox 3248 1341 3406 1411; x_wconf 87' lang='lat' dir='ltr'><strong>culpa</strong></span> <span class='ocrx_word' id='word_1_213' title='bbox 3437 1358 3552 1398; x_wconf 89' lang='lat' dir='ltr'><strong>non</strong></span> <span class='ocrx_word' id='word_1_214' title='bbox 3578 1354 3725 1407; x_wconf 84' lang='lat' dir='ltr'><strong>esset.</strong></span> 
     </span>
    </p>
   </div>
   <div class='ocr_carea' id='block_1_29' title="bbox 2154 1429 3728 1500">
    <p class='ocr_par' dir='ltr' id='par_1_29' title="bbox 2154 1429 3728 1500">
     <span class='ocr_line' id='line_1_29' title="bbox 2154 1429 3728 1500; baseline 0.001 -18"><span class='ocrx_word' id='word_1_215' title='bbox 2154 1432 2477 1485; x_wconf 89' lang='lat' dir='ltr'><strong>vestimenta</strong></span> <span class='ocrx_word' id='word_1_216' title='bbox 2508 1430 2744 1500; x_wconf 90' lang='lat' dir='ltr'><strong>pretiosa</strong></span> <span class='ocrx_word' id='word_1_217' title='bbox 2772 1444 3013 1499; x_wconf 60' lang='lat' dir='ltr'><strong>quaerere</strong></span> <span class='ocrx_word' id='word_1_218' title='bbox 3048 1429 3277 1484; x_wconf 84' lang='lat' dir='ltr'><strong>feminas</strong></span> <span class='ocrx_word' id='word_1_219' title='bbox 3303 1430 3632 1500; x_wconf 81' lang='lat' dir='ltr'><strong>prohiberet,</strong></span> <span class='ocrx_word' id='word_1_220' title='bbox 3653 1430 3728 1485; x_wconf 84' lang='lat' dir='ltr'><strong>di-</strong></span> 
     </span>
    </p>
   </div>
   <div class='ocr_carea' id='block_1_30' title="bbox 2154 1514 3732 1594">
    <p class='ocr_par' dir='ltr' id='par_1_30' title="bbox 2154 1514 3732 1594">
     <span class='ocr_line' id='line_1_30' title="bbox 2154 1514 3732 1594; baseline 0 -17"><span class='ocrx_word' id='word_1_221' title='bbox 2154 1538 2284 1577; x_wconf 91' lang='lat' dir='ltr'><strong>cens</strong></span> <span class='ocrx_word' id='word_1_222' title='bbox 2311 1541 2323 1576; x_wconf 75' lang='grc' dir='ltr'><strong>ε</strong></span> <span class='ocrx_word' id='word_1_223' title='bbox 2365 1520 2481 1577; x_wconf 84' lang='grc' dir='ltr'><strong>Νοη</strong></span> <span class='ocrx_word' id='word_1_224' title='bbox 2506 1522 2559 1576; x_wconf 91' lang='lat' dir='ltr'><strong>in</strong></span> <span class='ocrx_word' id='word_1_225' title='bbox 2597 1514 2749 1577; x_wconf 83' lang='lat' dir='ltr'><strong>veste</strong></span> <span class='ocrx_word' id='word_1_226' title='bbox 2767 1523 3021 1591; x_wconf 88' lang='lat' dir='ltr'><strong>pretiosa.</strong></span> <span class='ocrx_word' id='word_1_227' title='bbox 3052 1522 3159 1578; x_wconf 86' lang='lat' dir='ltr'><strong>Sed</strong></span> <span class='ocrx_word' id='word_1_228' title='bbox 3178 1524 3305 1594; x_wconf 87' lang='lat' dir='ltr'><strong>quid</strong></span> <span class='ocrx_word' id='word_1_229' title='bbox 3329 1524 3518 1578; x_wconf 72' lang='lat' dir='ltr'><strong>existis</strong></span> <span class='ocrx_word' id='word_1_230' title='bbox 3539 1524 3732 1578; x_wconf 74' lang='lat' dir='ltr'><strong>videre?</strong></span> 
     </span>
    </p>
   </div>
   <div class='ocr_carea' id='block_1_31' title="bbox 2152 1612 3728 1684">
    <p class='ocr_par' dir='ltr' id='par_1_31' title="bbox 2152 1612 3728 1684">
     <span class='ocr_line' id='line_1_31' title="bbox 2152 1612 3728 1684; baseline 0.001 -19"><span class='ocrx_word' id='word_1_231' title='bbox 2152 1613 2494 1682; x_wconf 80' lang='lat' dir='ltr'><strong>prophetam?</strong></span> <span class='ocrx_word' id='word_1_232' title='bbox 2515 1612 2693 1667; x_wconf 83' lang='lat' dir='ltr'><strong>Etiam</strong></span> <span class='ocrx_word' id='word_1_233' title='bbox 2715 1613 2830 1667; x_wconf 81' lang='lat' dir='ltr'><strong>dico</strong></span> <span class='ocrx_word' id='word_1_234' title='bbox 2853 1614 3017 1678; x_wconf 85' lang='lat' dir='ltr'><strong>vobis,</strong></span> <span class='ocrx_word' id='word_1_235' title='bbox 3034 1622 3082 1667; x_wconf 84' lang='lat' dir='ltr'><strong>et</strong></span> <span class='ocrx_word' id='word_1_236' title='bbox 3101 1613 3218 1683; x_wconf 82' lang='lat' dir='ltr'><strong>plus</strong></span> <span class='ocrx_word' id='word_1_237' title='bbox 3237 1631 3395 1684; x_wconf 78' lang='lat' dir='ltr'><strong>quam</strong></span> <span class='ocrx_word' id='word_1_238' title='bbox 3415 1615 3728 1684; x_wconf 78' lang='lat' dir='ltr'><strong>prophetam.</strong></span> 
     </span>
    </p>
   </div>
   <div class='ocr_carea' id='block_1_32' title="bbox 467 1700 3732 1788">
    <p class='ocr_par' dir='ltr' id='par_1_32' title="bbox 467 1700 3732 1788">
     <span class='ocr_line' id='line_1_32' title="bbox 467 1700 3732 1788; baseline -0.004 -17"><span class='ocrx_word' id='word_1_239' title='bbox 467 1719 605 1788; x_wconf 85' lang='lat' dir='ltr'><strong>pulis</strong></span> <span class='ocrx_word' id='word_1_240' title='bbox 634 1717 747 1772; x_wconf 87' lang='lat' dir='ltr'><strong>suis</strong></span> <span class='ocrx_word' id='word_1_241' title='bbox 774 1716 920 1771; x_wconf 92' lang='lat' dir='ltr'><strong>illum</strong></span> <span class='ocrx_word' id='word_1_242' title='bbox 943 1715 1181 1778; x_wconf 87' lang='lat' dir='ltr'><strong>laudare,</strong></span> <span class='ocrx_word' id='word_1_243' title='bbox 1216 1714 1311 1770; x_wconf 88' lang='lat' dir='ltr'><strong>sed</strong></span> <span class='ocrx_word' id='word_1_244' title='bbox 1337 1713 1659 1769; x_wconf 86' lang='lat' dir='ltr'><strong>abeuntibus</strong></span> <span class='ocrx_word' id='word_1_245' title='bbox 1697 1711 1805 1766; x_wconf 84' lang='lat' dir='ltr'><strong>illis</strong></span> <span class='ocrx_word' id='word_1_246' title='bbox 1833 1720 2054 1783; x_wconf 85' lang='lat' dir='ltr'><strong>propter</strong></span> <span class='ocrx_word' id='word_1_247' title='bbox 2080 1719 2127 1777; x_wconf 75' lang='grc' dir='ltr'><strong>Β</strong></span> <span class='ocrx_word' id='word_1_248' title='bbox 2155 1704 2344 1758; x_wconf 82' lang='lat' dir='ltr'><strong>Adhuc</strong></span> <span class='ocrx_word' id='word_1_249' title='bbox 2367 1714 2679 1776; x_wconf 81' lang='lat' dir='ltr'><strong>perseverat</strong></span> <span class='ocrx_word' id='word_1_250' title='bbox 2714 1700 2974 1760; x_wconf 85' lang='lat' dir='ltr'><strong>Dominus</strong></span> <span class='ocrx_word' id='word_1_251' title='bbox 2997 1705 3050 1758; x_wconf 92' lang='lat' dir='ltr'><strong>in</strong></span> <span class='ocrx_word' id='word_1_252' title='bbox 3073 1705 3322 1761; x_wconf 86' lang='lat' dir='ltr'><strong>laudibus</strong></span> <span class='ocrx_word' id='word_1_253' title='bbox 3345 1704 3592 1771; x_wconf 88' lang='lat' dir='ltr'><strong>Joannis,</strong></span> <span class='ocrx_word' id='word_1_254' title='bbox 3617 1706 3732 1760; x_wconf 82' lang='lat' dir='ltr'><strong>dicit</strong></span> 
     </span>
    </p>
   </div>
   <div class='ocr_carea' id='block_1_33' title="bbox 462 1803 2053 1879">
    <p class='ocr_par' dir='ltr' id='par_1_33' title="bbox 462 1803 2053 1879">
     <span class='ocr_line' id='line_1_33' title="bbox 462 1803 2053 1879; baseline -0.004 -14"><span class='ocrx_word' id='word_1_255' title='bbox 462 1809 767 1879; x_wconf 77' lang='lat' dir='ltr'><strong>exeniplum</strong></span> <span class='ocrx_word' id='word_1_256' title='bbox 811 1808 1038 1863; x_wconf 86' lang='lat' dir='ltr'><strong>aliorum</strong></span> <span class='ocrx_word' id='word_1_257' title='bbox 1076 1814 1131 1861; x_wconf 92' lang='lat' dir='ltr'><strong>et</strong></span> <span class='ocrx_word' id='word_1_258' title='bbox 1176 1806 1610 1868; x_wconf 68' lang='lat' dir='ltr'><strong>mdiliealionem,</strong></span> <span class='ocrx_word' id='word_1_259' title='bbox 1658 1803 1795 1858; x_wconf 81' lang='lat' dir='ltr'><strong>dixit</strong></span> <span class='ocrx_word' id='word_1_260' title='bbox 1841 1806 1907 1858; x_wconf 88' lang='lat' dir='ltr'><strong>de</strong></span> <span class='ocrx_word' id='word_1_261' title='bbox 1962 1803 2053 1858; x_wconf 88' lang='lat' dir='ltr'><strong>illo</strong></span> 
     </span>
    </p>
   </div>
   <div class='ocr_carea' id='block_1_34' title="bbox 462 1895 2055 1974">
    <p class='ocr_par' dir='ltr' id='par_1_34' title="bbox 462 1895 2055 1974">
     <span class='ocr_line' id='line_1_34' title="bbox 462 1895 2055 1974; baseline -0.003 -19"><span class='ocrx_word' id='word_1_262' title='bbox 462 1918 582 1974; x_wconf 71' lang='lat' dir='ltr'><strong>qua:</strong></span> <span class='ocrx_word' id='word_1_263' title='bbox 612 1900 867 1955; x_wconf 88' lang='lat' dir='ltr'><strong>imitanda</strong></span> <span class='ocrx_word' id='word_1_264' title='bbox 910 1898 1104 1953; x_wconf 82' lang='lat' dir='ltr'><strong>forent.</strong></span> <span class='ocrx_word' id='word_1_265' title='bbox 1150 1898 1411 1969; x_wconf 86' lang='lat' dir='ltr'><strong>Exemplo</strong></span> <span class='ocrx_word' id='word_1_266' title='bbox 1463 1897 1632 1967; x_wconf 88' lang='lat' dir='ltr'><strong>ipsius</strong></span> <span class='ocrx_word' id='word_1_267' title='bbox 1672 1896 1849 1950; x_wconf 91' lang='lat' dir='ltr'><strong>nullus</strong></span> <span class='ocrx_word' id='word_1_268' title='bbox 1894 1895 2055 1951; x_wconf 87' lang='lat' dir='ltr'><strong>debet</strong></span> 
     </span>
    </p>
   </div>
   <div class='ocr_carea' id='block_1_35' title="bbox 465 1985 2052 2061">
    <p class='ocr_par' dir='ltr' id='par_1_35' title="bbox 465 1985 2052 2061">
     <span class='ocr_line' id='line_1_35' title="bbox 465 1985 2052 2061; baseline -0.003 -16"><span class='ocrx_word' id='word_1_269' title='bbox 465 1991 684 2045; x_wconf 82' lang='lat' dir='ltr'><strong>laudare</strong></span> <span class='ocrx_word' id='word_1_270' title='bbox 727 1989 1033 2061; x_wconf 83' lang='lat' dir='ltr'><strong>quempiam</strong></span> <span class='ocrx_word' id='word_1_271' title='bbox 1080 1989 1133 2042; x_wconf 88' lang='lat' dir='ltr'><strong>in</strong></span> <span class='ocrx_word' id='word_1_272' title='bbox 1176 1987 1349 2043; x_wconf 89' lang='lat' dir='ltr'><strong>oculis</strong></span> <span class='ocrx_word' id='word_1_273' title='bbox 1377 1988 1515 2061; x_wconf 75' lang='lat' dir='ltr'><strong>ejus,</strong></span> <span class='ocrx_word' id='word_1_274' title='bbox 1538 1985 1693 2057; x_wconf 85' lang='lat' dir='ltr'><strong>juxta</strong></span> <span class='ocrx_word' id='word_1_275' title='bbox 1722 1998 2052 2056; x_wconf 72' lang='lat' dir='ltr'><strong>pneceptum</strong></span> 
     </span>
    </p>
   </div>
   <div class='ocr_carea' id='block_1_36' title="bbox 464 2074 2055 2151">
    <p class='ocr_par' dir='ltr' id='par_1_36' title="bbox 464 2074 2055 2151">
     <span class='ocr_line' id='line_1_36' title="bbox 464 2074 2055 2151; baseline -0.004 -15"><span class='ocrx_word' id='word_1_276' title='bbox 464 2080 722 2151; x_wconf 82' lang='lat' dir='ltr'><strong>sapientis</strong></span> <span class='ocrx_word' id='word_1_277' title='bbox 747 2098 758 2109; x_wconf 91' lang='grc'><strong>·</strong></span> <span class='ocrx_word' id='word_1_278' title='bbox 793 2078 869 2134; x_wconf 75' lang='lat' dir='ltr'><strong>Nc</strong></span> <span class='ocrx_word' id='word_1_279' title='bbox 898 2077 1204 2133; x_wconf 85' lang='lat' dir='ltr'><strong>laudaveris</strong></span> <span class='ocrx_word' id='word_1_280' title='bbox 1234 2078 1507 2134; x_wconf 87' lang='lat' dir='ltr'><strong>hominem</strong></span> <span class='ocrx_word' id='word_1_281' title='bbox 1538 2077 1592 2131; x_wconf 92' lang='lat' dir='ltr'><strong>in</strong></span> <span class='ocrx_word' id='word_1_282' title='bbox 1622 2078 1731 2131; x_wconf 84' lang='lat' dir='ltr'><strong>vita</strong></span> <span class='ocrx_word' id='word_1_283' title='bbox 1763 2092 1880 2131; x_wconf 88' lang='lat' dir='ltr'><strong>sua.</strong></span> <span class='ocrx_word' id='word_1_284' title='bbox 1913 2074 2055 2140; x_wconf 84' lang='lat' dir='ltr'><strong>Quid</strong></span> 
     </span>
    </p>
   </div>
   <div class='ocr_carea' id='block_1_37' title="bbox 463 2168 2050 2238">
    <p class='ocr_par' dir='ltr' id='par_1_37' title="bbox 463 2168 2050 2238">
     <span class='ocr_line' id='line_1_37' title="bbox 463 2168 2050 2238; baseline -0.004 -11"><span class='ocrx_word' id='word_1_285' title='bbox 463 2174 641 2229; x_wconf 65' lang='lat' dir='ltr'><strong>cristis</strong></span> <span class='ocrx_word' id='word_1_286' title='bbox 667 2172 840 2228; x_wconf 83' lang='lat' dir='ltr'><strong>videre</strong></span> <span class='ocrx_word' id='word_1_287' title='bbox 863 2172 915 2225; x_wconf 89' lang='lat' dir='ltr'><strong>in</strong></span> <span class='ocrx_word' id='word_1_288' title='bbox 945 2171 1248 2225; x_wconf 87' lang='lat' dir='ltr'><strong>desertum?</strong></span> <span class='ocrx_word' id='word_1_289' title='bbox 1268 2169 1580 2225; x_wconf 82' lang='lat' dir='ltr'><strong>arundinem</strong></span> <span class='ocrx_word' id='word_1_290' title='bbox 1604 2178 1751 2224; x_wconf 74' lang='lat' dir='ltr'><strong>uento</strong></span> <span class='ocrx_word' id='word_1_291' title='bbox 1778 2168 2050 2238; x_wconf 87' lang='lat' dir='ltr'><strong>agitatam.</strong></span> 
     </span>
    </p>
   </div>
   <div class='ocr_carea' id='block_1_38' title="bbox 467 2260 2055 2332">
    <p class='ocr_par' dir='ltr' id='par_1_38' title="bbox 467 2260 2055 2332">
     <span class='ocr_line' id='line_1_38' title="bbox 467 2260 2055 2332; baseline -0.002 -15"><span class='ocrx_word' id='word_1_292' title='bbox 467 2262 685 2320; x_wconf 79' lang='lat' dir='ltr'><strong>Aruudo</strong></span> <span class='ocrx_word' id='word_1_293' title='bbox 707 2262 848 2319; x_wconf 88' lang='lat' dir='ltr'><strong>dicta</strong></span> <span class='ocrx_word' id='word_1_294' title='bbox 880 2262 1023 2332; x_wconf 89' lang='lat' dir='ltr'><strong>quod</strong></span> <span class='ocrx_word' id='word_1_295' title='bbox 1059 2261 1167 2316; x_wconf 89' lang='lat' dir='ltr'><strong>cito</strong></span> <span class='ocrx_word' id='word_1_296' title='bbox 1192 2270 1424 2317; x_wconf 85' lang='lat' dir='ltr'><strong>arescat.</strong></span> <span class='ocrx_word' id='word_1_297' title='bbox 1456 2260 1582 2316; x_wconf 64' lang='lat' dir='ltr'><strong>llaec</strong></span> <span class='ocrx_word' id='word_1_298' title='bbox 1615 2268 1672 2316; x_wconf 89' lang='lat' dir='ltr'><strong>et</strong></span> <span class='ocrx_word' id='word_1_299' title='bbox 1695 2275 1868 2315; x_wconf 86' lang='lat' dir='ltr'><strong>canna</strong></span> <span class='ocrx_word' id='word_1_300' title='bbox 1896 2276 2055 2314; x_wconf 81' lang='lat' dir='ltr'><strong>voca-</strong></span> 
     </span>
    </p>
   </div>
   <div class='ocr_carea' id='block_1_39' title="bbox 467 2353 2056 2423">
    <p class='ocr_par' dir='ltr' id='par_1_39' title="bbox 467 2353 2056 2423">
     <span class='ocr_line' id='line_1_39' title="bbox 467 2353 2056 2423; baseline -0.001 -14"><span class='ocrx_word' id='word_1_301' title='bbox 467 2367 552 2415; x_wconf 86' lang='lat' dir='ltr'><strong>tur</strong></span> <span class='ocrx_word' id='word_1_302' title='bbox 582 2355 843 2411; x_wconf 86' lang='lat' dir='ltr'><strong>llebraice</strong></span> <span class='ocrx_word' id='word_1_303' title='bbox 868 2362 923 2409; x_wconf 93' lang='lat' dir='ltr'><strong>et</strong></span> <span class='ocrx_word' id='word_1_304' title='bbox 949 2353 1163 2419; x_wconf 84' lang='lat' dir='ltr'><strong>Latine,</strong></span> <span class='ocrx_word' id='word_1_305' title='bbox 1192 2365 1249 2409; x_wconf 91' lang='lat' dir='ltr'><strong>et</strong></span> <span class='ocrx_word' id='word_1_306' title='bbox 1273 2354 1511 2409; x_wconf 82' lang='lat' dir='ltr'><strong>abundat</strong></span> <span class='ocrx_word' id='word_1_307' title='bbox 1538 2353 1592 2408; x_wconf 90' lang='lat' dir='ltr'><strong>in</strong></span> <span class='ocrx_word' id='word_1_308' title='bbox 1622 2353 1712 2407; x_wconf 89' lang='lat' dir='ltr'><strong>illa</strong></span> <span class='ocrx_word' id='word_1_309' title='bbox 1749 2353 1924 2423; x_wconf 88' lang='lat' dir='ltr'><strong>patria</strong></span> <span class='ocrx_word' id='word_1_310' title='bbox 1954 2353 2056 2408; x_wconf 89' lang='lat' dir='ltr'><strong>sic-</strong></span> 
     </span>
    </p>
   </div>
   <div class='ocr_carea' id='block_1_40' title="bbox 467 2444 2058 2514">
    <p class='ocr_par' dir='ltr' id='par_1_40' title="bbox 467 2444 2058 2514">
     <span class='ocr_line' id='line_1_40' title="bbox 467 2444 2058 2514; baseline -0.001 -14"><span class='ocrx_word' id='word_1_311' title='bbox 467 2456 595 2500; x_wconf 90' lang='lat' dir='ltr'><strong>utet</strong></span> <span class='ocrx_word' id='word_1_312' title='bbox 631 2447 684 2500; x_wconf 92' lang='lat' dir='ltr'><strong>in</strong></span> <span class='ocrx_word' id='word_1_313' title='bbox 713 2445 884 2512; x_wconf 82' lang='lat' dir='ltr'><strong>italia,</strong></span> <span class='ocrx_word' id='word_1_314' title='bbox 928 2445 1005 2499; x_wconf 88' lang='lat' dir='ltr'><strong>ita</strong></span> <span class='ocrx_word' id='word_1_315' title='bbox 1044 2453 1106 2498; x_wconf 87' lang='lat' dir='ltr'><strong>ut</strong></span> <span class='ocrx_word' id='word_1_316' title='bbox 1147 2459 1303 2514; x_wconf 87' lang='lat' dir='ltr'><strong>sepes</strong></span> <span class='ocrx_word' id='word_1_317' title='bbox 1328 2460 1394 2500; x_wconf 88' lang='lat' dir='ltr'><strong>ex</strong></span> <span class='ocrx_word' id='word_1_318' title='bbox 1420 2446 1499 2500; x_wconf 87' lang='lat' dir='ltr'><strong>eis</strong></span> <span class='ocrx_word' id='word_1_319' title='bbox 1530 2444 1692 2507; x_wconf 81' lang='lat' dir='ltr'><strong>ﬁant,</strong></span> <span class='ocrx_word' id='word_1_320' title='bbox 1740 2453 1796 2498; x_wconf 91' lang='lat' dir='ltr'><strong>et</strong></span> <span class='ocrx_word' id='word_1_321' title='bbox 1834 2444 1937 2499; x_wconf 88' lang='lat' dir='ltr'><strong>alia</strong></span> <span class='ocrx_word' id='word_1_322' title='bbox 1965 2460 2058 2499; x_wconf 86' lang='lat' dir='ltr'><strong>ne-</strong></span> 
     </span>
    </p>
   </div>
   <div class='ocr_carea' id='block_1_41' title="bbox 466 2533 2104 2608">
    <p class='ocr_par' dir='ltr' id='par_1_41' title="bbox 466 2533 2104 2608">
     <span class='ocr_line' id='line_1_41' title="bbox 466 2533 2104 2608; baseline -0.001 -18"><span class='ocrx_word' id='word_1_323' title='bbox 466 2537 723 2601; x_wconf 71' lang='lat' dir='ltr'><strong>cessaria,</strong></span> <span class='ocrx_word' id='word_1_324' title='bbox 752 2544 805 2591; x_wconf 92' lang='lat' dir='ltr'><strong>et</strong></span> <span class='ocrx_word' id='word_1_325' title='bbox 831 2543 1082 2591; x_wconf 87' lang='lat' dir='ltr'><strong>crescunt</strong></span> <span class='ocrx_word' id='word_1_326' title='bbox 1122 2534 1176 2588; x_wconf 94' lang='lat' dir='ltr'><strong>in</strong></span> <span class='ocrx_word' id='word_1_327' title='bbox 1224 2535 1511 2604; x_wconf 80' lang='lat' dir='ltr'><strong>paludibus</strong></span> <span class='ocrx_word' id='word_1_328' title='bbox 1559 2533 1878 2608; x_wconf 87' lang='lat' dir='ltr'><strong>[paludosis]</strong></span> <span class='ocrx_word' id='word_1_329' title='bbox 1926 2535 2057 2589; x_wconf 85' lang='lat' dir='ltr'><strong>locis</strong></span> <span class='ocrx_word' id='word_1_330' title='bbox 2092 2559 2104 2570; x_wconf 74' lang='grc' dir='ltr'><strong>ο</strong></span> 
     </span>
    </p>
   </div>
   <div class='ocr_carea' id='block_1_42' title="bbox 468 2626 2060 2697">
    <p class='ocr_par' dir='ltr' id='par_1_42' title="bbox 468 2626 2060 2697">
     <span class='ocr_line' id='line_1_42' title="bbox 468 2626 2060 2697; baseline 0.001 -16"><span class='ocrx_word' id='word_1_331' title='bbox 468 2631 522 2682; x_wconf 76' lang='lat' dir='ltr'><strong>in</strong></span> <span class='ocrx_word' id='word_1_332' title='bbox 555 2628 771 2682; x_wconf 88' lang='lat' dir='ltr'><strong>modum</strong></span> <span class='ocrx_word' id='word_1_333' title='bbox 816 2627 1013 2690; x_wconf 69' lang='lat' dir='ltr'><strong>herba),</strong></span> <span class='ocrx_word' id='word_1_334' title='bbox 1062 2642 1181 2696; x_wconf 69' lang='lat' dir='ltr'><strong>quae</strong></span> <span class='ocrx_word' id='word_1_335' title='bbox 1231 2626 1372 2697; x_wconf 87' lang='lat' dir='ltr'><strong>apud</strong></span> <span class='ocrx_word' id='word_1_336' title='bbox 1402 2642 1502 2680; x_wconf 86' lang='lat' dir='ltr'><strong>nos</strong></span> <span class='ocrx_word' id='word_1_337' title='bbox 1546 2640 1637 2680; x_wconf 89' lang='lat' dir='ltr'><strong>ros</strong></span> <span class='ocrx_word' id='word_1_338' title='bbox 1679 2634 1923 2681; x_wconf 91' lang='lat' dir='ltr'><strong>vocatur.</strong></span> <span class='ocrx_word' id='word_1_339' title='bbox 1965 2627 2060 2682; x_wconf 79' lang='lat' dir='ltr'><strong>Est</strong></span> 
     </span>
    </p>
   </div>
   <div class='ocr_carea' id='block_1_43' title="bbox 467 2716 2061 2790">
    <p class='ocr_par' dir='ltr' id='par_1_43' title="bbox 467 2716 2061 2790">
     <span class='ocr_line' id='line_1_43' title="bbox 467 2716 2061 2790; baseline -0.001 -16"><span class='ocrx_word' id='word_1_340' title='bbox 467 2732 644 2776; x_wconf 83' lang='lat' dir='ltr'><strong>autem</strong></span> <span class='ocrx_word' id='word_1_341' title='bbox 669 2719 926 2790; x_wconf 81' lang='lat' dir='ltr'><strong>allegoria</strong></span> <span class='ocrx_word' id='word_1_342' title='bbox 960 2721 1014 2772; x_wconf 89' lang='lat' dir='ltr'><strong>in</strong></span> <span class='ocrx_word' id='word_1_343' title='bbox 1043 2718 1145 2773; x_wconf 85' lang='lat' dir='ltr'><strong>hoc</strong></span> <span class='ocrx_word' id='word_1_344' title='bbox 1167 2717 1287 2774; x_wconf 92' lang='lat' dir='ltr'><strong>loco</strong></span> <span class='ocrx_word' id='word_1_345' title='bbox 1313 2717 1457 2773; x_wconf 86' lang='lat' dir='ltr'><strong>aliud</strong></span> <span class='ocrx_word' id='word_1_346' title='bbox 1482 2718 1685 2778; x_wconf 89' lang='lat' dir='ltr'><strong>dicens,</strong></span> <span class='ocrx_word' id='word_1_347' title='bbox 1713 2725 1767 2773; x_wconf 90' lang='lat' dir='ltr'><strong>et</strong></span> <span class='ocrx_word' id='word_1_348' title='bbox 1791 2716 1937 2775; x_wconf 88' lang='lat' dir='ltr'><strong>aliud</strong></span> <span class='ocrx_word' id='word_1_349' title='bbox 1967 2733 2061 2773; x_wconf 91' lang='lat' dir='ltr'><strong>vo-</strong></span> 
     </span>
    </p>
   </div>
   <div class='ocr_carea' id='block_1_44' title="bbox 470 2808 2061 2881">
    <p class='ocr_par' dir='ltr' id='par_1_44' title="bbox 470 2808 2061 2881">
     <span class='ocr_line' id='line_1_44' title="bbox 470 2808 2061 2881; baseline 0 -16"><span class='ocrx_word' id='word_1_350' title='bbox 470 2813 583 2865; x_wconf 87' lang='lat' dir='ltr'><strong>lens</strong></span> <span class='ocrx_word' id='word_1_351' title='bbox 611 2809 855 2881; x_wconf 80' lang='lat' dir='ltr'><strong>intelligi.</strong></span> <span class='ocrx_word' id='word_1_352' title='bbox 888 2809 991 2863; x_wconf 80' lang='lat' dir='ltr'><strong>Per</strong></span> <span class='ocrx_word' id='word_1_353' title='bbox 1022 2808 1340 2865; x_wconf 86' lang='lat' dir='ltr'><strong>arundinem</strong></span> <span class='ocrx_word' id='word_1_354' title='bbox 1372 2808 1654 2864; x_wconf 87' lang='lat' dir='ltr'><strong>instabiles</strong></span> <span class='ocrx_word' id='word_1_355' title='bbox 1694 2808 1942 2863; x_wconf 88' lang='lat' dir='ltr'><strong>homines</strong></span> <span class='ocrx_word' id='word_1_356' title='bbox 1965 2825 2061 2865; x_wconf 84' lang='lat' dir='ltr'><strong>vo-</strong></span> 
     </span>
    </p>
   </div>
   <div class='ocr_carea' id='block_1_45' title="bbox 470 2898 2063 2971">
    <p class='ocr_par' dir='ltr' id='par_1_45' title="bbox 470 2898 2063 2971">
     <span class='ocr_line' id='line_1_45' title="bbox 470 2898 2063 2971; baseline -0.001 -18"><span class='ocrx_word' id='word_1_357' title='bbox 470 2902 581 2956; x_wconf 85' lang='lat' dir='ltr'><strong>lens</strong></span> <span class='ocrx_word' id='word_1_358' title='bbox 604 2901 844 2971; x_wconf 82' lang='lat' dir='ltr'><strong>intelligi.</strong></span> <span class='ocrx_word' id='word_1_359' title='bbox 870 2900 947 2954; x_wconf 87' lang='lat' dir='ltr'><strong>Ac</strong></span> <span class='ocrx_word' id='word_1_360' title='bbox 967 2899 1010 2954; x_wconf 90' lang='lat' dir='ltr'><strong>si</strong></span> <span class='ocrx_word' id='word_1_361' title='bbox 1032 2907 1218 2970; x_wconf 89' lang='lat' dir='ltr'><strong>aperte</strong></span> <span class='ocrx_word' id='word_1_362' title='bbox 1243 2900 1416 2956; x_wconf 88' lang='lat' dir='ltr'><strong>dicat:</strong></span> <span class='ocrx_word' id='word_1_363' title='bbox 1436 2899 1662 2967; x_wconf 81' lang='lat' dir='ltr'><strong>Quando</strong></span> <span class='ocrx_word' id='word_1_364' title='bbox 1684 2898 1863 2955; x_wconf 87' lang='lat' dir='ltr'><strong>fuistis</strong></span> <span class='ocrx_word' id='word_1_365' title='bbox 1881 2900 1946 2954; x_wconf 89' lang='lat' dir='ltr'><strong>ad</strong></span> <span class='ocrx_word' id='word_1_366' title='bbox 1967 2916 2063 2953; x_wconf 87' lang='lat' dir='ltr'><strong>au-</strong></span> 
     </span>
    </p>
   </div>
   <div class='ocr_carea' id='block_1_46' title="bbox 469 2988 2061 3061">
    <p class='ocr_par' dir='ltr' id='par_1_46' title="bbox 469 2988 2061 3061">
     <span class='ocr_line' id='line_1_46' title="bbox 469 2988 2061 3061; baseline 0 -15"><span class='ocrx_word' id='word_1_367' title='bbox 469 2993 715 3047; x_wconf 87' lang='lat' dir='ltr'><strong>diendam</strong></span> <span class='ocrx_word' id='word_1_368' title='bbox 748 2991 1183 3060; x_wconf 73' lang='lat' dir='ltr'><strong>przedicationem</strong></span> <span class='ocrx_word' id='word_1_369' title='bbox 1209 2988 1434 3047; x_wconf 88' lang='lat' dir='ltr'><strong>Joannis</strong></span> <span class='ocrx_word' id='word_1_370' title='bbox 1463 2991 1516 3044; x_wconf 94' lang='lat' dir='ltr'><strong>in</strong></span> <span class='ocrx_word' id='word_1_371' title='bbox 1549 2991 1786 3058; x_wconf 91' lang='lat' dir='ltr'><strong>deserto,</strong></span> <span class='ocrx_word' id='word_1_372' title='bbox 1822 2991 2061 3061; x_wconf 89' lang='lat' dir='ltr'><strong>nunquid</strong></span> 
     </span>
    </p>
   </div>
   <div class='ocr_carea' id='block_1_47' title="bbox 2156 1795 3732 1865">
    <p class='ocr_par' dir='ltr' id='par_1_47' title="bbox 2156 1795 3732 1865">
     <span class='ocr_line' id='line_1_47' title="bbox 2156 1795 3732 1865; baseline 0 -17"><span class='ocrx_word' id='word_1_373' title='bbox 2156 1796 2298 1864; x_wconf 89' lang='lat' dir='ltr'><strong>quod</strong></span> <span class='ocrx_word' id='word_1_374' title='bbox 2337 1795 2573 1851; x_wconf 87' lang='lat' dir='ltr'><strong>Joannes</strong></span> <span class='ocrx_word' id='word_1_375' title='bbox 2622 1811 2728 1850; x_wconf 90' lang='lat' dir='ltr'><strong>non</strong></span> <span class='ocrx_word' id='word_1_376' title='bbox 2771 1795 2943 1850; x_wconf 91' lang='lat' dir='ltr'><strong>solum</strong></span> <span class='ocrx_word' id='word_1_377' title='bbox 2994 1795 3095 1849; x_wconf 91' lang='lat' dir='ltr'><strong>fuit</strong></span> <span class='ocrx_word' id='word_1_378' title='bbox 3119 1796 3409 1865; x_wconf 86' lang='lat' dir='ltr'><strong>propheta,</strong></span> <span class='ocrx_word' id='word_1_379' title='bbox 3450 1796 3547 1850; x_wconf 86' lang='lat' dir='ltr'><strong>sed</strong></span> <span class='ocrx_word' id='word_1_380' title='bbox 3582 1796 3732 1849; x_wconf 84' lang='lat' dir='ltr'><strong>etiam</strong></span> 
     </span>
    </p>
   </div>
   <div class='ocr_carea' id='block_1_48' title="bbox 2156 1886 3731 1957">
    <p class='ocr_par' dir='ltr' id='par_1_48' title="bbox 2156 1886 3731 1957">
     <span class='ocr_line' id='line_1_48' title="bbox 2156 1886 3731 1957; baseline 0 -18"><span class='ocrx_word' id='word_1_381' title='bbox 2156 1887 2277 1957; x_wconf 89' lang='lat' dir='ltr'><strong>plus</strong></span> <span class='ocrx_word' id='word_1_382' title='bbox 2306 1902 2466 1957; x_wconf 90' lang='lat' dir='ltr'><strong>quam</strong></span> <span class='ocrx_word' id='word_1_383' title='bbox 2494 1887 2777 1957; x_wconf 82' lang='lat' dir='ltr'><strong>propheta.</strong></span> <span class='ocrx_word' id='word_1_384' title='bbox 2809 1887 3093 1957; x_wconf 70' lang='lat' dir='ltr'><strong>Propheta:</strong></span> <span class='ocrx_word' id='word_1_385' title='bbox 3123 1901 3357 1956; x_wconf 83' lang='lat' dir='ltr'><strong>namque</strong></span> <span class='ocrx_word' id='word_1_386' title='bbox 3382 1886 3731 1956; x_wconf 87' lang='lat' dir='ltr'><strong>ministerium</strong></span> 
     </span>
    </p>
   </div>
   <div class='ocr_carea' id='block_1_49' title="bbox 2157 1976 3735 2048">
    <p class='ocr_par' dir='ltr' id='par_1_49' title="bbox 2157 1976 3735 2048">
     <span class='ocr_line' id='line_1_49' title="bbox 2157 1976 3735 2048; baseline -0.001 -15"><span class='ocrx_word' id='word_1_387' title='bbox 2157 1987 2242 2033; x_wconf 91' lang='lat' dir='ltr'><strong>est</strong></span> <span class='ocrx_word' id='word_1_388' title='bbox 2265 1986 2490 2033; x_wconf 90' lang='lat' dir='ltr'><strong>ventura</strong></span> <span class='ocrx_word' id='word_1_389' title='bbox 2511 1979 2824 2048; x_wconf 68' lang='lat' dir='ltr'><strong>praedicere,</strong></span> <span class='ocrx_word' id='word_1_390' title='bbox 2847 1994 2953 2034; x_wconf 87' lang='lat' dir='ltr'><strong>non</strong></span> <span class='ocrx_word' id='word_1_391' title='bbox 2974 1979 3140 2033; x_wconf 88' lang='lat' dir='ltr'><strong>etiam</strong></span> <span class='ocrx_word' id='word_1_392' title='bbox 3166 1979 3562 2034; x_wconf 85' lang='lat' dir='ltr'><strong>demonstrare.</strong></span> <span class='ocrx_word' id='word_1_393' title='bbox 3582 1976 3735 2032; x_wconf 55' lang='lat' dir='ltr'><strong>Joano</strong></span> 
     </span>
    </p>
   </div>
   <div class='ocr_carea' id='block_1_50' title="bbox 2158 2068 3733 2145">
    <p class='ocr_par' dir='ltr' id='par_1_50' title="bbox 2158 2068 3733 2145">
     <span class='ocr_line' id='line_1_50' title="bbox 2158 2068 3733 2145; baseline 0 -23"><span class='ocrx_word' id='word_1_394' title='bbox 2158 2084 2255 2123; x_wconf 88' lang='lat' dir='ltr'><strong>nes</strong></span> <span class='ocrx_word' id='word_1_395' title='bbox 2284 2084 2417 2124; x_wconf 88' lang='lat' dir='ltr'><strong>vero</strong></span> <span class='ocrx_word' id='word_1_396' title='bbox 2444 2084 2551 2123; x_wconf 91' lang='lat' dir='ltr'><strong>non</strong></span> <span class='ocrx_word' id='word_1_397' title='bbox 2581 2069 2753 2124; x_wconf 90' lang='lat' dir='ltr'><strong>solum</strong></span> <span class='ocrx_word' id='word_1_398' title='bbox 2793 2069 3042 2138; x_wconf 74' lang='lat' dir='ltr'><strong>pmdixit</strong></span> <span class='ocrx_word' id='word_1_399' title='bbox 3071 2068 3430 2145; x_wconf 78' lang='lat' dir='ltr'><strong>Salvatorern,</strong></span> <span class='ocrx_word' id='word_1_400' title='bbox 3461 2070 3557 2125; x_wconf 89' lang='lat' dir='ltr'><strong>sed</strong></span> <span class='ocrx_word' id='word_1_401' title='bbox 3582 2070 3733 2123; x_wconf 84' lang='lat' dir='ltr'><strong>etiam</strong></span> 
     </span>
    </p>
   </div>
   <div class='ocr_carea' id='block_1_51' title="bbox 2158 2160 3736 2231">
    <p class='ocr_par' dir='ltr' id='par_1_51' title="bbox 2158 2160 3736 2231">
     <span class='ocr_line' id='line_1_51' title="bbox 2158 2160 3736 2231; baseline 0 -16"><span class='ocrx_word' id='word_1_402' title='bbox 2158 2160 2325 2229; x_wconf 84' lang='lat' dir='ltr'><strong>digito</strong></span> <span class='ocrx_word' id='word_1_403' title='bbox 2361 2161 2753 2216; x_wconf 85' lang='lat' dir='ltr'><strong>demonstravit</strong></span> <span class='ocrx_word' id='word_1_404' title='bbox 2782 2163 3006 2216; x_wconf 87' lang='lat' dir='ltr'><strong>dicens:</strong></span> <span class='ocrx_word' id='word_1_405' title='bbox 3042 2160 3180 2216; x_wconf 84' lang='lat' dir='ltr'><strong>Ecce</strong></span> <span class='ocrx_word' id='word_1_406' title='bbox 3222 2162 3401 2231; x_wconf 80' lang='lat' dir='ltr'><strong>Agnus</strong></span> <span class='ocrx_word' id='word_1_407' title='bbox 3441 2162 3558 2217; x_wconf 78' lang='lat' dir='ltr'><strong>Dei.</strong></span> <span class='ocrx_word' id='word_1_408' title='bbox 3607 2160 3736 2229; x_wconf 83' lang='lat' dir='ltr'><strong>Quid</strong></span> 
     </span>
    </p>
   </div>
   <div class='ocr_carea' id='block_1_52' title="bbox 2157 2248 3733 2323">
    <p class='ocr_par' dir='ltr' id='par_1_52' title="bbox 2157 2248 3733 2323">
     <span class='ocr_line' id='line_1_52' title="bbox 2157 2248 3733 2323; baseline -0.001 -18"><span class='ocrx_word' id='word_1_409' title='bbox 2157 2248 2393 2305; x_wconf 84' lang='lat' dir='ltr'><strong>Joannes</strong></span> <span class='ocrx_word' id='word_1_410' title='bbox 2418 2250 2523 2305; x_wconf 90' lang='lat' dir='ltr'><strong>dici</strong></span> <span class='ocrx_word' id='word_1_411' title='bbox 2556 2251 2809 2317; x_wconf 88' lang='lat' dir='ltr'><strong>debebat,</strong></span> <span class='ocrx_word' id='word_1_412' title='bbox 2848 2252 3042 2306; x_wconf 88' lang='lat' dir='ltr'><strong>merito</strong></span> <span class='ocrx_word' id='word_1_413' title='bbox 3071 2251 3463 2323; x_wconf 84' lang='lat' dir='ltr'><strong>subsequenter</strong></span> <span class='ocrx_word' id='word_1_414' title='bbox 3487 2253 3733 2309; x_wconf 82' lang='lat' dir='ltr'><strong>ostendit.</strong></span> 
     </span>
    </p>
   </div>
   <div class='ocr_carea' id='block_1_53' title="bbox 2161 2341 3736 2415">
    <p class='ocr_par' dir='ltr' id='par_1_53' title="bbox 2161 2341 3736 2415">
     <span class='ocr_line' id='line_1_53' title="bbox 2161 2341 3736 2415; baseline 0.001 -18"><span class='ocrx_word' id='word_1_415' title='bbox 2161 2341 2420 2412; x_wconf 88' lang='lat' dir='ltr'><strong>Sequitur</strong></span> <span class='ocrx_word' id='word_1_416' title='bbox 2448 2344 2593 2400; x_wconf 89' lang='lat' dir='ltr'><strong>enim</strong></span> <span class='ocrx_word' id='word_1_417' title='bbox 2639 2362 2653 2398; x_wconf 91' lang='lat'><strong>:</strong></span> <span class='ocrx_word' id='word_1_418' title='bbox 2702 2342 2805 2398; x_wconf 84' lang='lat' dir='ltr'><strong>llic</strong></span> <span class='ocrx_word' id='word_1_419' title='bbox 2844 2353 2919 2399; x_wconf 87' lang='lat' dir='ltr'><strong>est</strong></span> <span class='ocrx_word' id='word_1_420' title='bbox 2955 2344 3019 2399; x_wconf 84' lang='lat' dir='ltr'><strong>de</strong></span> <span class='ocrx_word' id='word_1_421' title='bbox 3056 2361 3160 2415; x_wconf 85' lang='lat' dir='ltr'><strong>quo</strong></span> <span class='ocrx_word' id='word_1_422' title='bbox 3196 2346 3443 2415; x_wconf 78' lang='lat' dir='ltr'><strong>scriptum</strong></span> <span class='ocrx_word' id='word_1_423' title='bbox 3475 2355 3586 2399; x_wconf 86' lang='lat' dir='ltr'><strong>est:</strong></span> <span class='ocrx_word' id='word_1_424' title='bbox 3610 2344 3736 2399; x_wconf 77' lang='lat' dir='ltr'><strong>Ecce</strong></span> 
     </span>
    </p>
   </div>
   <div class='ocr_carea' id='block_1_54' title="bbox 2160 2435 3734 2506">
    <p class='ocr_par' dir='ltr' id='par_1_54' title="bbox 2160 2435 3734 2506">
     <span class='ocr_line' id='line_1_54' title="bbox 2160 2435 3734 2506; baseline 0.001 -19"><span class='ocrx_word' id='word_1_425' title='bbox 2160 2435 2307 2488; x_wconf 87' lang='lat' dir='ltr'><strong>mitto</strong></span> <span class='ocrx_word' id='word_1_426' title='bbox 2329 2437 2575 2506; x_wconf 81' lang='lat' dir='ltr'><strong>angelum</strong></span> <span class='ocrx_word' id='word_1_427' title='bbox 2600 2451 2772 2491; x_wconf 87' lang='lat' dir='ltr'><strong>meum</strong></span> <span class='ocrx_word' id='word_1_428' title='bbox 2799 2443 2921 2490; x_wconf 82' lang='lat' dir='ltr'><strong>ante</strong></span> <span class='ocrx_word' id='word_1_429' title='bbox 2952 2435 3139 2505; x_wconf 82' lang='lat' dir='ltr'><strong>faciem</strong></span> <span class='ocrx_word' id='word_1_430' title='bbox 3166 2444 3327 2501; x_wconf 80' lang='lat' dir='ltr'><strong>tuam,</strong></span> <span class='ocrx_word' id='word_1_431' title='bbox 3351 2435 3442 2505; x_wconf 86' lang='lat' dir='ltr'><strong>qui</strong></span> <span class='ocrx_word' id='word_1_432' title='bbox 3467 2451 3734 2505; x_wconf 75' lang='lat' dir='ltr'><strong>prtepara-</strong></span> 
     </span>
    </p>
   </div>
   <div class='ocr_carea' id='block_1_55' title="bbox 2160 2526 3739 2594">
    <p class='ocr_par' dir='ltr' id='par_1_55' title="bbox 2160 2526 3739 2594">
     <span class='ocr_line' id='line_1_55' title="bbox 2160 2526 3739 2594; baseline 0.001 -14"><span class='ocrx_word' id='word_1_433' title='bbox 2160 2529 2230 2581; x_wconf 80' lang='lat' dir='ltr'><strong>bit</strong></span> <span class='ocrx_word' id='word_1_434' title='bbox 2267 2529 2401 2582; x_wconf 81' lang='lat' dir='ltr'><strong>uiam</strong></span> <span class='ocrx_word' id='word_1_435' title='bbox 2442 2538 2588 2583; x_wconf 88' lang='lat' dir='ltr'><strong>tuam</strong></span> <span class='ocrx_word' id='word_1_436' title='bbox 2628 2539 2751 2583; x_wconf 86' lang='lat' dir='ltr'><strong>ante</strong></span> <span class='ocrx_word' id='word_1_437' title='bbox 2789 2538 2858 2582; x_wconf 89' lang='lat' dir='ltr'><strong>te.</strong></span> <span class='ocrx_word' id='word_1_438' title='bbox 2890 2526 2990 2594; x_wconf 86' lang='lat' dir='ltr'><strong>Qui</strong></span> <span class='ocrx_word' id='word_1_439' title='bbox 3018 2543 3236 2583; x_wconf 87' lang='lat' dir='ltr'><strong>causam</strong></span> <span class='ocrx_word' id='word_1_440' title='bbox 3263 2527 3419 2583; x_wconf 88' lang='lat' dir='ltr'><strong>debet</strong></span> <span class='ocrx_word' id='word_1_441' title='bbox 3455 2527 3665 2592; x_wconf 81' lang='lat' dir='ltr'><strong>dicere,</strong></span> <span class='ocrx_word' id='word_1_442' title='bbox 3689 2536 3739 2582; x_wconf 82' lang='lat' dir='ltr'><strong>et</strong></span> 
     </span>
    </p>
   </div>
   <div class='ocr_carea' id='block_1_56' title="bbox 2160 2618 3739 2690">
    <p class='ocr_par' dir='ltr' id='par_1_56' title="bbox 2160 2618 3739 2690">
     <span class='ocr_line' id='line_1_56' title="bbox 2160 2618 3739 2690; baseline 0.001 -18"><span class='ocrx_word' id='word_1_443' title='bbox 2160 2620 2397 2690; x_wconf 88' lang='lat' dir='ltr'><strong>aliquem</strong></span> <span class='ocrx_word' id='word_1_444' title='bbox 2427 2620 2676 2677; x_wconf 88' lang='lat' dir='ltr'><strong>laudibus</strong></span> <span class='ocrx_word' id='word_1_445' title='bbox 2702 2619 2980 2683; x_wconf 77' lang='lat' dir='ltr'><strong>extollere,</strong></span> <span class='ocrx_word' id='word_1_446' title='bbox 3007 2620 3111 2674; x_wconf 88' lang='lat' dir='ltr'><strong>hoc</strong></span> <span class='ocrx_word' id='word_1_447' title='bbox 3132 2619 3289 2675; x_wconf 83' lang='lat' dir='ltr'><strong>modo</strong></span> <span class='ocrx_word' id='word_1_448' title='bbox 3310 2618 3472 2674; x_wconf 80' lang='lat' dir='ltr'><strong>debet</strong></span> <span class='ocrx_word' id='word_1_449' title='bbox 3495 2633 3662 2688; x_wconf 83' lang='lat' dir='ltr'><strong>agere</strong></span> <span class='ocrx_word' id='word_1_450' title='bbox 3687 2627 3739 2673; x_wconf 88' lang='lat' dir='ltr'><strong>ut</strong></span> 
     </span>
    </p>
   </div>
   <div class='ocr_carea' id='block_1_57' title="bbox 2162 2710 3738 2781">
    <p class='ocr_par' dir='ltr' id='par_1_57' title="bbox 2162 2710 3738 2781">
     <span class='ocr_line' id='line_1_57' title="bbox 2162 2710 3738 2781; baseline -0.001 -16"><span class='ocrx_word' id='word_1_451' title='bbox 2162 2712 2312 2781; x_wconf 90' lang='lat' dir='ltr'><strong>prius</strong></span> <span class='ocrx_word' id='word_1_452' title='bbox 2337 2711 2544 2781; x_wconf 87' lang='lat' dir='ltr'><strong>repleat</strong></span> <span class='ocrx_word' id='word_1_453' title='bbox 2570 2710 2714 2781; x_wconf 88' lang='lat' dir='ltr'><strong>quod</strong></span> <span class='ocrx_word' id='word_1_454' title='bbox 2742 2725 2846 2764; x_wconf 89' lang='lat' dir='ltr'><strong>non</strong></span> <span class='ocrx_word' id='word_1_455' title='bbox 2873 2717 2975 2773; x_wconf 85' lang='lat' dir='ltr'><strong>est,</strong></span> <span class='ocrx_word' id='word_1_456' title='bbox 3001 2720 3055 2764; x_wconf 88' lang='lat' dir='ltr'><strong>et</strong></span> <span class='ocrx_word' id='word_1_457' title='bbox 3083 2718 3204 2780; x_wconf 89' lang='lat' dir='ltr'><strong>post</strong></span> <span class='ocrx_word' id='word_1_458' title='bbox 3231 2716 3632 2778; x_wconf 83' lang='lat' dir='ltr'><strong>consequenter</strong></span> <span class='ocrx_word' id='word_1_459' title='bbox 3653 2723 3738 2763; x_wconf 80' lang='lat' dir='ltr'><strong>ex-</strong></span> 
     </span>
    </p>
   </div>
   <div class='ocr_carea' id='block_1_58' title="bbox 2161 2801 3739 2874">
    <p class='ocr_par' dir='ltr' id='par_1_58' title="bbox 2161 2801 3739 2874">
     <span class='ocr_line' id='line_1_58' title="bbox 2161 2801 3739 2874; baseline -0.004 -15"><span class='ocrx_word' id='word_1_460' title='bbox 2161 2813 2331 2873; x_wconf 88' lang='lat' dir='ltr'><strong>ponat</strong></span> <span class='ocrx_word' id='word_1_461' title='bbox 2378 2804 2520 2874; x_wconf 90' lang='lat' dir='ltr'><strong>quod</strong></span> <span class='ocrx_word' id='word_1_462' title='bbox 2565 2813 2668 2859; x_wconf 87' lang='lat' dir='ltr'><strong>est.</strong></span> <span class='ocrx_word' id='word_1_463' title='bbox 2719 2804 2859 2859; x_wconf 87' lang='lat' dir='ltr'><strong>Ecce</strong></span> <span class='ocrx_word' id='word_1_464' title='bbox 2901 2803 3077 2873; x_wconf 88' lang='lat' dir='ltr'><strong>primo</strong></span> <span class='ocrx_word' id='word_1_465' title='bbox 3116 2802 3379 2858; x_wconf 89' lang='lat' dir='ltr'><strong>Dominus</strong></span> <span class='ocrx_word' id='word_1_466' title='bbox 3422 2803 3561 2858; x_wconf 71' lang='lat' dir='ltr'><strong>dixit</strong></span> <span class='ocrx_word' id='word_1_467' title='bbox 3609 2801 3739 2871; x_wconf 78' lang='lat' dir='ltr'><strong>quod</strong></span> 
     </span>
    </p>
   </div>
   <div class='ocr_carea' id='block_1_59' title="bbox 2161 2891 3740 2965">
    <p class='ocr_par' dir='ltr' id='par_1_59' title="bbox 2161 2891 3740 2965">
     <span class='ocr_line' id='line_1_59' title="bbox 2161 2891 3740 2965; baseline -0.002 -15"><span class='ocrx_word' id='word_1_468' title='bbox 2161 2895 2397 2951; x_wconf 88' lang='lat' dir='ltr'><strong>Joannes</strong></span> <span class='ocrx_word' id='word_1_469' title='bbox 2425 2896 2633 2950; x_wconf 88' lang='lat' dir='ltr'><strong>arundo</strong></span> <span class='ocrx_word' id='word_1_470' title='bbox 2668 2903 2831 2950; x_wconf 88' lang='lat' dir='ltr'><strong>vento</strong></span> <span class='ocrx_word' id='word_1_471' title='bbox 2870 2894 3070 2965; x_wconf 85' lang='lat' dir='ltr'><strong>agitata</strong></span> <span class='ocrx_word' id='word_1_472' title='bbox 3100 2909 3208 2951; x_wconf 89' lang='lat' dir='ltr'><strong>non</strong></span> <span class='ocrx_word' id='word_1_473' title='bbox 3237 2902 3377 2959; x_wconf 87' lang='lat' dir='ltr'><strong>erat,</strong></span> <span class='ocrx_word' id='word_1_474' title='bbox 3415 2909 3591 2964; x_wconf 88' lang='lat' dir='ltr'><strong>neque</strong></span> <span class='ocrx_word' id='word_1_475' title='bbox 3617 2891 3740 2947; x_wconf 76' lang='lat' dir='ltr'><strong>nmi-</strong></span> 
     </span>
    </p>
   </div>
   <div class='ocr_carea' id='block_1_60' title="bbox 2164 2984 3741 3057">
    <p class='ocr_par' dir='ltr' id='par_1_60' title="bbox 2164 2984 3741 3057">
     <span class='ocr_line' id='line_1_60' title="bbox 2164 2984 3741 3057; baseline -0.002 -17"><span class='ocrx_word' id='word_1_476' title='bbox 2164 2987 2305 3043; x_wconf 89' lang='lat' dir='ltr'><strong>libus</strong></span> <span class='ocrx_word' id='word_1_477' title='bbox 2348 2986 2607 3051; x_wconf 87' lang='lat' dir='ltr'><strong>vestitus;</strong></span> <span class='ocrx_word' id='word_1_478' title='bbox 2646 2996 2769 3057; x_wconf 87' lang='lat' dir='ltr'><strong>post</strong></span> <span class='ocrx_word' id='word_1_479' title='bbox 2810 2987 3088 3057; x_wconf 84' lang='lat' dir='ltr'><strong>paulatim,</strong></span> <span class='ocrx_word' id='word_1_480' title='bbox 3127 2987 3255 3055; x_wconf 89' lang='lat' dir='ltr'><strong>quia</strong></span> <span class='ocrx_word' id='word_1_481' title='bbox 3283 3000 3400 3041; x_wconf 83' lang='lat' dir='ltr'><strong>non</strong></span> <span class='ocrx_word' id='word_1_482' title='bbox 3421 2984 3595 3041; x_wconf 81' lang='lat' dir='ltr'><strong>solum</strong></span> <span class='ocrx_word' id='word_1_483' title='bbox 3623 2998 3741 3054; x_wconf 78' lang='lat' dir='ltr'><strong>pm-</strong></span> 
     </span>
    </p>
   </div>
   <div class='ocr_carea' id='block_1_61' title="bbox 472 3075 3741 3147">
    <p class='ocr_par' dir='ltr' id='par_1_61' title="bbox 472 3075 3741 3147">
     <span class='ocr_line' id='line_1_61' title="bbox 472 3075 3741 3147; baseline -0.002 -14"><span class='ocrx_word' id='word_1_484' title='bbox 472 3081 680 3134; x_wconf 81' lang='lat' dir='ltr'><strong>vidistis</strong></span> <span class='ocrx_word' id='word_1_485' title='bbox 703 3079 850 3132; x_wconf 88' lang='lat' dir='ltr'><strong>illum</strong></span> <span class='ocrx_word' id='word_1_486' title='bbox 872 3077 1182 3132; x_wconf 87' lang='lat' dir='ltr'><strong>instabilem</strong></span> <span class='ocrx_word' id='word_1_487' title='bbox 1201 3078 1606 3143; x_wconf 89' lang='lat' dir='ltr'><strong>etmutabilem,</strong></span> <span class='ocrx_word' id='word_1_488' title='bbox 1629 3091 1688 3135; x_wconf 93' lang='lat' dir='ltr'><strong>ut</strong></span> <span class='ocrx_word' id='word_1_489' title='bbox 1708 3082 1915 3136; x_wconf 90' lang='lat' dir='ltr'><strong>arundo</strong></span> <span class='ocrx_word' id='word_1_490' title='bbox 1935 3097 2066 3135; x_wconf 88' lang='lat' dir='ltr'><strong>con-</strong></span> <span class='ocrx_word' id='word_1_491' title='bbox 2091 3086 2135 3145; x_wconf 73' lang='grc' dir='ltr'><strong>Ο</strong></span> <span class='ocrx_word' id='word_1_492' title='bbox 2168 3078 2350 3147; x_wconf 88' lang='lat' dir='ltr'><strong>pheta,</strong></span> <span class='ocrx_word' id='word_1_493' title='bbox 2398 3076 2493 3132; x_wconf 89' lang='lat' dir='ltr'><strong>scd</strong></span> <span class='ocrx_word' id='word_1_494' title='bbox 2529 3077 2695 3132; x_wconf 90' lang='lat' dir='ltr'><strong>etiam</strong></span> <span class='ocrx_word' id='word_1_495' title='bbox 2731 3077 2852 3146; x_wconf 86' lang='lat' dir='ltr'><strong>plus</strong></span> <span class='ocrx_word' id='word_1_496' title='bbox 2890 3093 3053 3147; x_wconf 85' lang='lat' dir='ltr'><strong>quam</strong></span> <span class='ocrx_word' id='word_1_497' title='bbox 3080 3082 3374 3147; x_wconf 79' lang='lat' dir='ltr'><strong>propheta;</strong></span> <span class='ocrx_word' id='word_1_498' title='bbox 3408 3076 3476 3130; x_wconf 87' lang='lat' dir='ltr'><strong>ad</strong></span> <span class='ocrx_word' id='word_1_499' title='bbox 3504 3075 3741 3131; x_wconf 88' lang='lat' dir='ltr'><strong>ultimum</strong></span> 
     </span>
    </p>
   </div>
   <div class='ocr_carea' id='block_1_62' title="bbox 474 3166 2060 3242">
    <p class='ocr_par' dir='ltr' id='par_1_62' title="bbox 474 3166 2060 3242">
     <span class='ocr_line' id='line_1_62' title="bbox 474 3166 2060 3242; baseline 0.001 -19"><span class='ocrx_word' id='word_1_500' title='bbox 474 3180 553 3224; x_wconf 89' lang='lat' dir='ltr'><strong>tra</strong></span> <span class='ocrx_word' id='word_1_501' title='bbox 581 3168 839 3242; x_wconf 66' lang='lat' dir='ltr'><strong>ventum?</strong></span> <span class='ocrx_word' id='word_1_502' title='bbox 860 3166 927 3223; x_wconf 89' lang='lat' dir='ltr'><strong>Ut</strong></span> <span class='ocrx_word' id='word_1_503' title='bbox 944 3167 1086 3222; x_wconf 91' lang='lat' dir='ltr'><strong>enim</strong></span> <span class='ocrx_word' id='word_1_504' title='bbox 1109 3166 1318 3221; x_wconf 87' lang='lat' dir='ltr'><strong>arundo</strong></span> <span class='ocrx_word' id='word_1_505' title='bbox 1344 3167 1575 3221; x_wconf 83' lang='lat' dir='ltr'><strong>vertitur</strong></span> <span class='ocrx_word' id='word_1_506' title='bbox 1600 3168 1653 3221; x_wconf 90' lang='lat' dir='ltr'><strong>in</strong></span> <span class='ocrx_word' id='word_1_507' title='bbox 1672 3169 1831 3223; x_wconf 92' lang='lat' dir='ltr'><strong>aliam</strong></span> <span class='ocrx_word' id='word_1_508' title='bbox 1848 3180 2060 3241; x_wconf 88' lang='lat' dir='ltr'><strong>partem</strong></span> 
     </span>
    </p>
   </div>
   <div class='ocr_carea' id='block_1_63' title="bbox 473 3258 2063 3330">
    <p class='ocr_par' dir='ltr' id='par_1_63' title="bbox 473 3258 2063 3330">
     <span class='ocr_line' id='line_1_63' title="bbox 473 3258 2063 3330; baseline -0.001 -14"><span class='ocrx_word' id='word_1_509' title='bbox 473 3278 595 3316; x_wconf 79' lang='lat' dir='ltr'><strong>rum</strong></span> <span class='ocrx_word' id='word_1_510' title='bbox 626 3268 818 3315; x_wconf 89' lang='lat' dir='ltr'><strong>ventus</strong></span> <span class='ocrx_word' id='word_1_511' title='bbox 843 3274 962 3314; x_wconf 89' lang='lat' dir='ltr'><strong>eam</strong></span> <span class='ocrx_word' id='word_1_512' title='bbox 990 3258 1247 3330; x_wconf 81' lang='lat' dir='ltr'><strong>tetigerit,</strong></span> <span class='ocrx_word' id='word_1_513' title='bbox 1278 3258 1351 3312; x_wconf 89' lang='lat' dir='ltr'><strong>ita</strong></span> <span class='ocrx_word' id='word_1_514' title='bbox 1374 3259 1609 3313; x_wconf 88' lang='lat' dir='ltr'><strong>carnalis</strong></span> <span class='ocrx_word' id='word_1_515' title='bbox 1634 3260 1797 3314; x_wconf 86' lang='lat' dir='ltr'><strong>homo</strong></span> <span class='ocrx_word' id='word_1_516' title='bbox 1819 3261 1934 3315; x_wconf 86' lang='lat' dir='ltr'><strong>sive</strong></span> <span class='ocrx_word' id='word_1_517' title='bbox 1964 3275 2063 3329; x_wconf 87' lang='lat' dir='ltr'><strong>pro</strong></span> 
     </span>
    </p>
   </div>
   <div class='ocr_carea' id='block_1_64' title="bbox 472 3351 2094 3424">
    <p class='ocr_par' dir='ltr' id='par_1_64' title="bbox 472 3351 2094 3424">
     <span class='ocr_line' id='line_1_64' title="bbox 472 3351 2094 3424; baseline -0.002 -14"><span class='ocrx_word' id='word_1_518' title='bbox 472 3355 789 3424; x_wconf 81' lang='lat' dir='ltr'><strong>cupiditate,</strong></span> <span class='ocrx_word' id='word_1_519' title='bbox 822 3353 934 3409; x_wconf 89' lang='lat' dir='ltr'><strong>sive</strong></span> <span class='ocrx_word' id='word_1_520' title='bbox 959 3368 1057 3422; x_wconf 92' lang='lat' dir='ltr'><strong>pro</strong></span> <span class='ocrx_word' id='word_1_521' title='bbox 1089 3351 1282 3408; x_wconf 89' lang='lat' dir='ltr'><strong>timore</strong></span> <span class='ocrx_word' id='word_1_522' title='bbox 1309 3351 1544 3408; x_wconf 86' lang='lat' dir='ltr'><strong>flectitur</strong></span> <span class='ocrx_word' id='word_1_523' title='bbox 1569 3353 1623 3407; x_wconf 92' lang='lat' dir='ltr'><strong>in</strong></span> <span class='ocrx_word' id='word_1_524' title='bbox 1644 3352 1804 3408; x_wconf 87' lang='lat' dir='ltr'><strong>aliam</strong></span> <span class='ocrx_word' id='word_1_525' title='bbox 1829 3363 2060 3424; x_wconf 90' lang='lat' dir='ltr'><strong>partem.</strong></span> <span class='ocrx_word' id='word_1_526' title='bbox 2089 3375 2094 3379; x_wconf 84' lang='lat'><strong>-</strong></span> 
     </span>
    </p>
   </div>
   <div class='ocr_carea' id='block_1_65' title="bbox 475 3443 2064 3509">
    <p class='ocr_par' dir='ltr' id='par_1_65' title="bbox 475 3443 2064 3509">
     <span class='ocr_line' id='line_1_65' title="bbox 475 3443 2064 3509; baseline -0.003 -9"><span class='ocrx_word' id='word_1_527' title='bbox 475 3445 581 3501; x_wconf 82' lang='lat' dir='ltr'><strong>Sed</strong></span> <span class='ocrx_word' id='word_1_528' title='bbox 618 3444 852 3499; x_wconf 87' lang='lat' dir='ltr'><strong>Joannes</strong></span> <span class='ocrx_word' id='word_1_529' title='bbox 878 3444 1085 3500; x_wconf 86' lang='lat' dir='ltr'><strong>arundo</strong></span> <span class='ocrx_word' id='word_1_530' title='bbox 1116 3458 1221 3499; x_wconf 87' lang='lat' dir='ltr'><strong>non</strong></span> <span class='ocrx_word' id='word_1_531' title='bbox 1253 3451 1395 3507; x_wconf 90' lang='lat' dir='ltr'><strong>erat,</strong></span> <span class='ocrx_word' id='word_1_532' title='bbox 1418 3443 1511 3498; x_wconf 89' lang='lat' dir='ltr'><strong>sed</strong></span> <span class='ocrx_word' id='word_1_533' title='bbox 1541 3443 1758 3509; x_wconf 86' lang='lat' dir='ltr'><strong>cedrus,</strong></span> <span class='ocrx_word' id='word_1_534' title='bbox 1788 3455 1843 3498; x_wconf 92' lang='lat' dir='ltr'><strong>et</strong></span> <span class='ocrx_word' id='word_1_535' title='bbox 1876 3444 1944 3498; x_wconf 87' lang='lat' dir='ltr'><strong>de</strong></span> <span class='ocrx_word' id='word_1_536' title='bbox 1973 3443 2064 3497; x_wconf 91' lang='lat' dir='ltr'><strong>illo</strong></span> 
     </span>
    </p>
   </div>
   <div class='ocr_carea' id='block_1_66' title="bbox 474 3530 2059 3603">
    <p class='ocr_par' dir='ltr' id='par_1_66' title="bbox 474 3530 2059 3603">
     <span class='ocr_line' id='line_1_66' title="bbox 474 3530 2059 3603; baseline 0 -15"><span class='ocrx_word' id='word_1_537' title='bbox 474 3533 701 3603; x_wconf 85' lang='lat' dir='ltr'><strong>aliisque</strong></span> <span class='ocrx_word' id='word_1_538' title='bbox 727 3532 915 3587; x_wconf 89' lang='lat' dir='ltr'><strong>electis</strong></span> <span class='ocrx_word' id='word_1_539' title='bbox 942 3530 1141 3587; x_wconf 90' lang='lat' dir='ltr'><strong>dicitur</strong></span> <span class='ocrx_word' id='word_1_540' title='bbox 1162 3549 1175 3585; x_wconf 91' lang='lat'><strong>:</strong></span> <span class='ocrx_word' id='word_1_541' title='bbox 1195 3531 1383 3586; x_wconf 84' lang='lat' dir='ltr'><strong>Justus</strong></span> <span class='ocrx_word' id='word_1_542' title='bbox 1408 3541 1465 3585; x_wconf 89' lang='lat' dir='ltr'><strong>ut</strong></span> <span class='ocrx_word' id='word_1_543' title='bbox 1487 3531 1665 3602; x_wconf 86' lang='lat' dir='ltr'><strong>palma</strong></span> <span class='ocrx_word' id='word_1_544' title='bbox 1699 3532 1922 3603; x_wconf 76' lang='lat' dir='ltr'><strong>ﬂorebit,</strong></span> <span class='ocrx_word' id='word_1_545' title='bbox 1952 3542 2059 3588; x_wconf 89' lang='lat' dir='ltr'><strong>etc.</strong></span> 
     </span>
    </p>
   </div>
   <div class='ocr_carea' id='block_1_67' title="bbox 477 3614 2065 3694">
    <p class='ocr_par' dir='ltr' id='par_1_67' title="bbox 477 3614 2065 3694">
     <span class='ocr_line' id='line_1_67' title="bbox 477 3614 2065 3694; baseline 0 -16"><span class='ocrx_word' id='word_1_546' title='bbox 477 3624 645 3680; x_wconf 78' lang='lat' dir='ltr'><strong>Malus</strong></span> <span class='ocrx_word' id='word_1_547' title='bbox 671 3624 871 3679; x_wconf 87' lang='lat' dir='ltr'><strong>etenim</strong></span> <span class='ocrx_word' id='word_1_548' title='bbox 905 3622 994 3678; x_wconf 91' lang='lat' dir='ltr'><strong>ille</strong></span> <span class='ocrx_word' id='word_1_549' title='bbox 1034 3622 1196 3678; x_wconf 89' lang='lat' dir='ltr'><strong>homo</strong></span> <span class='ocrx_word' id='word_1_550' title='bbox 1221 3631 1303 3678; x_wconf 87' lang='lat' dir='ltr'><strong>est</strong></span> <span class='ocrx_word' id='word_1_551' title='bbox 1336 3622 1426 3693; x_wconf 88' lang='lat' dir='ltr'><strong>qui</strong></span> <span class='ocrx_word' id='word_1_552' title='bbox 1452 3614 1673 3694; x_wconf 70' lang='lat' dir='ltr'><strong>propter</strong></span> <span class='ocrx_word' id='word_1_553' title='bbox 1703 3623 1923 3688; x_wconf 91' lang='lat' dir='ltr'><strong>donum,</strong></span> <span class='ocrx_word' id='word_1_554' title='bbox 1951 3623 2065 3678; x_wconf 85' lang='lat' dir='ltr'><strong>sive</strong></span> 
     </span>
    </p>
   </div>
   <div class='ocr_carea' id='block_1_68' title="bbox 477 3713 2063 3786">
    <p class='ocr_par' dir='ltr' id='par_1_68' title="bbox 477 3713 2063 3786">
     <span class='ocr_line' id='line_1_68' title="bbox 477 3713 2063 3786; baseline 0 -17"><span class='ocrx_word' id='word_1_555' title='bbox 477 3724 696 3786; x_wconf 84' lang='lat' dir='ltr'><strong>propter</strong></span> <span class='ocrx_word' id='word_1_556' title='bbox 735 3713 968 3784; x_wconf 87' lang='lat' dir='ltr'><strong>aliquem</strong></span> <span class='ocrx_word' id='word_1_557' title='bbox 1003 3714 1251 3769; x_wconf 78' lang='lat' dir='ltr'><strong>timerent</strong></span> <span class='ocrx_word' id='word_1_558' title='bbox 1291 3715 1406 3781; x_wconf 87' lang='lat' dir='ltr'><strong>Dei,</strong></span> <span class='ocrx_word' id='word_1_559' title='bbox 1455 3722 1785 3786; x_wconf 59' lang='lat' dir='ltr'><strong>praeceptum</strong></span> <span class='ocrx_word' id='word_1_560' title='bbox 1817 3714 2063 3781; x_wconf 89' lang='lat' dir='ltr'><strong>dimittit,</strong></span> 
     </span>
    </p>
   </div>
   <div class='ocr_carea' id='block_1_69' title="bbox 475 3804 2067 3876">
    <p class='ocr_par' dir='ltr' id='par_1_69' title="bbox 475 3804 2067 3876">
     <span class='ocr_line' id='line_1_69' title="bbox 475 3804 2067 3876; baseline -0.001 -15"><span class='ocrx_word' id='word_1_561' title='bbox 475 3807 560 3863; x_wconf 90' lang='lat' dir='ltr'><strong>vel</strong></span> <span class='ocrx_word' id='word_1_562' title='bbox 591 3807 729 3861; x_wconf 89' lang='lat' dir='ltr'><strong>alius</strong></span> <span class='ocrx_word' id='word_1_563' title='bbox 757 3814 841 3860; x_wconf 91' lang='lat' dir='ltr'><strong>est</strong></span> <span class='ocrx_word' id='word_1_564' title='bbox 872 3805 926 3859; x_wconf 91' lang='lat' dir='ltr'><strong>in</strong></span> <span class='ocrx_word' id='word_1_565' title='bbox 968 3806 1347 3876; x_wconf 89' lang='lat' dir='ltr'><strong>prosperitate,</strong></span> <span class='ocrx_word' id='word_1_566' title='bbox 1387 3813 1441 3861; x_wconf 83' lang='lat' dir='ltr'><strong>ct</strong></span> <span class='ocrx_word' id='word_1_567' title='bbox 1477 3804 1615 3861; x_wconf 88' lang='lat' dir='ltr'><strong>alius</strong></span> <span class='ocrx_word' id='word_1_568' title='bbox 1636 3814 1719 3861; x_wconf 89' lang='lat' dir='ltr'><strong>est</strong></span> <span class='ocrx_word' id='word_1_569' title='bbox 1750 3806 1805 3859; x_wconf 90' lang='lat' dir='ltr'><strong>in</strong></span> <span class='ocrx_word' id='word_1_570' title='bbox 1829 3805 2067 3860; x_wconf 86' lang='lat' dir='ltr'><strong>adversi-</strong></span> 
     </span>
    </p>
   </div>
   <div class='ocr_carea' id='block_1_70' title="bbox 479 3895 2066 3967">
    <p class='ocr_par' dir='ltr' id='par_1_70' title="bbox 479 3895 2066 3967">
     <span class='ocr_line' id='line_1_70' title="bbox 479 3895 2066 3967; baseline -0.001 -15"><span class='ocrx_word' id='word_1_571' title='bbox 479 3907 589 3952; x_wconf 89' lang='lat' dir='ltr'><strong>tate</strong></span> <span class='ocrx_word' id='word_1_572' title='bbox 615 3912 743 3967; x_wconf 86' lang='lat' dir='ltr'><strong>erga</strong></span> <span class='ocrx_word' id='word_1_573' title='bbox 780 3896 1086 3962; x_wconf 89' lang='lat' dir='ltr'><strong>Dominum,</strong></span> <span class='ocrx_word' id='word_1_574' title='bbox 1124 3895 1207 3951; x_wconf 87' lang='lat' dir='ltr'><strong>vel</strong></span> <span class='ocrx_word' id='word_1_575' title='bbox 1246 3911 1374 3966; x_wconf 84' lang='lat' dir='ltr'><strong>erga</strong></span> <span class='ocrx_word' id='word_1_576' title='bbox 1402 3897 1727 3966; x_wconf 88' lang='lat' dir='ltr'><strong>proximum.</strong></span> <span class='ocrx_word' id='word_1_577' title='bbox 1762 3895 1890 3950; x_wconf 89' lang='lat' dir='ltr'><strong>lude</strong></span> <span class='ocrx_word' id='word_1_578' title='bbox 1933 3895 2066 3951; x_wconf 86' lang='lat' dir='ltr'><strong>dicit</strong></span> 
     </span>
    </p>
   </div>
   <div class='ocr_carea' id='block_1_71' title="bbox 480 3985 2064 4057">
    <p class='ocr_par' dir='ltr' id='par_1_71' title="bbox 480 3985 2064 4057">
     <span class='ocr_line' id='line_1_71' title="bbox 480 3985 2064 4057; baseline -0.001 -14"><span class='ocrx_word' id='word_1_579' title='bbox 480 3989 760 4057; x_wconf 85' lang='lat' dir='ltr'><strong>Scriptura</strong></span> <span class='ocrx_word' id='word_1_580' title='bbox 787 4002 803 4040; x_wconf 86' lang='lat'><strong>:</strong></span> <span class='ocrx_word' id='word_1_581' title='bbox 827 3985 1033 4043; x_wconf 86' lang='lat' dir='ltr'><strong>Stultus</strong></span> <span class='ocrx_word' id='word_1_582' title='bbox 1063 3996 1119 4041; x_wconf 88' lang='lat' dir='ltr'><strong>ut</strong></span> <span class='ocrx_word' id='word_1_583' title='bbox 1162 3986 1291 4042; x_wconf 83' lang='lat' dir='ltr'><strong>luna</strong></span> <span class='ocrx_word' id='word_1_584' title='bbox 1333 3997 1586 4043; x_wconf 79' lang='lat' dir='ltr'><strong>mutatur.</strong></span> <span class='ocrx_word' id='word_1_585' title='bbox 1619 3986 1857 4043; x_wconf 86' lang='lat' dir='ltr'><strong>Joannes</strong></span> <span class='ocrx_word' id='word_1_586' title='bbox 1884 3996 2064 4043; x_wconf 87' lang='lat' dir='ltr'><strong>autem</strong></span> 
     </span>
    </p>
   </div>
   <div class='ocr_carea' id='block_1_72' title="bbox 482 4077 2069 4149">
    <p class='ocr_par' dir='ltr' id='par_1_72' title="bbox 482 4077 2069 4149">
     <span class='ocr_line' id='line_1_72' title="bbox 482 4077 2069 4149; baseline 0 -17"><span class='ocrx_word' id='word_1_587' title='bbox 482 4080 619 4134; x_wconf 84' lang='lat' dir='ltr'><strong>lixus</strong></span> <span class='ocrx_word' id='word_1_588' title='bbox 646 4077 744 4132; x_wconf 91' lang='lat' dir='ltr'><strong>fuit</strong></span> <span class='ocrx_word' id='word_1_589' title='bbox 775 4079 828 4132; x_wconf 91' lang='lat' dir='ltr'><strong>in</strong></span> <span class='ocrx_word' id='word_1_590' title='bbox 858 4078 1143 4149; x_wconf 54' lang='lat' dir='ltr'><strong>praeceptis</strong></span> <span class='ocrx_word' id='word_1_591' title='bbox 1174 4078 1298 4144; x_wconf 91' lang='lat' dir='ltr'><strong>Dei,</strong></span> <span class='ocrx_word' id='word_1_592' title='bbox 1337 4087 1392 4132; x_wconf 90' lang='lat' dir='ltr'><strong>et</strong></span> <span class='ocrx_word' id='word_1_593' title='bbox 1424 4079 1798 4148; x_wconf 85' lang='lat' dir='ltr'><strong>peccatoribus</strong></span> <span class='ocrx_word' id='word_1_594' title='bbox 1836 4092 1943 4135; x_wconf 87' lang='lat' dir='ltr'><strong>non</strong></span> <span class='ocrx_word' id='word_1_595' title='bbox 1985 4086 2069 4133; x_wconf 90' lang='lat' dir='ltr'><strong>est</strong></span> 
     </span>
    </p>
   </div>
   <div class='ocr_carea' id='block_1_73' title="bbox 482 4167 2066 4236">
    <p class='ocr_par' dir='ltr' id='par_1_73' title="bbox 482 4167 2066 4236">
     <span class='ocr_line' id='line_1_73' title="bbox 482 4167 2066 4236; baseline 0 -13"><span class='ocrx_word' id='word_1_596' title='bbox 482 4170 750 4236; x_wconf 84' lang='lat' dir='ltr'><strong>adulatus,</strong></span> <span class='ocrx_word' id='word_1_597' title='bbox 779 4171 871 4224; x_wconf 89' lang='lat' dir='ltr'><strong>scd</strong></span> <span class='ocrx_word' id='word_1_598' title='bbox 900 4168 1054 4224; x_wconf 80' lang='lat' dir='ltr'><strong>firmo</strong></span> <span class='ocrx_word' id='word_1_599' title='bbox 1083 4171 1249 4225; x_wconf 88' lang='lat' dir='ltr'><strong>corde</strong></span> <span class='ocrx_word' id='word_1_600' title='bbox 1274 4169 1410 4224; x_wconf 76' lang='lat' dir='ltr'><strong>dixit</strong></span> <span class='ocrx_word' id='word_1_601' title='bbox 1436 4169 1761 4225; x_wconf 64' lang='lat' dir='ltr'><strong>Pharisazis:</strong></span> <span class='ocrx_word' id='word_1_602' title='bbox 1792 4167 2066 4224; x_wconf 81' lang='lat' dir='ltr'><strong>Geuimina</strong></span> 
     </span>
    </p>
   </div>
   <div class='ocr_carea' id='block_1_74' title="bbox 481 4258 2068 4334">
    <p class='ocr_par' dir='ltr' id='par_1_74' title="bbox 481 4258 2068 4334">
     <span class='ocr_line' id='line_1_74' title="bbox 481 4258 2068 4334; baseline -0.001 -20"><span class='ocrx_word' id='word_1_603' title='bbox 481 4263 798 4334; x_wconf 72' lang='lat' dir='ltr'><strong>viperarum.</strong></span> <span class='ocrx_word' id='word_1_604' title='bbox 859 4261 924 4315; x_wconf 86' lang='lat' dir='ltr'><strong>Et</strong></span> <span class='ocrx_word' id='word_1_605' title='bbox 968 4260 1168 4317; x_wconf 86' lang='lat' dir='ltr'><strong>llerodi</strong></span> <span class='ocrx_word' id='word_1_606' title='bbox 1216 4261 1328 4332; x_wconf 82' lang='lat' dir='ltr'><strong>regi</strong></span> <span class='ocrx_word' id='word_1_607' title='bbox 1367 4278 1381 4312; x_wconf 90' lang='lat'>:</span> <span class='ocrx_word' id='word_1_608' title='bbox 1422 4260 1548 4315; x_wconf 85' lang='lat' dir='ltr'><strong>Non</strong></span> <span class='ocrx_word' id='word_1_609' title='bbox 1591 4258 1708 4314; x_wconf 84' lang='lat' dir='ltr'><strong>licet</strong></span> <span class='ocrx_word' id='word_1_610' title='bbox 1750 4259 1844 4314; x_wconf 85' lang='lat' dir='ltr'><strong>tibi</strong></span> <span class='ocrx_word' id='word_1_611' title='bbox 1880 4259 2068 4313; x_wconf 79' lang='lat' dir='ltr'><strong>habere</strong></span> 
     </span>
    </p>
   </div>
   <div class='ocr_carea' id='block_1_75' title="bbox 484 4349 2069 4421">
    <p class='ocr_par' dir='ltr' id='par_1_75' title="bbox 484 4349 2069 4421">
     <span class='ocr_line' id='line_1_75' title="bbox 484 4349 2069 4421; baseline -0.001 -17"><span class='ocrx_word' id='word_1_612' title='bbox 484 4367 697 4406; x_wconf 74' lang='lat' dir='ltr'><strong>uxorem</strong></span> <span class='ocrx_word' id='word_1_613' title='bbox 749 4350 934 4421; x_wconf 73' lang='lat' dir='ltr'><strong>fratris</strong></span> <span class='ocrx_word' id='word_1_614' title='bbox 983 4350 1081 4404; x_wconf 87' lang='lat' dir='ltr'><strong>tui.</strong></span> <span class='ocrx_word' id='word_1_615' title='bbox 1132 4349 1199 4403; x_wconf 92' lang='lat' dir='ltr'><strong>Et</strong></span> <span class='ocrx_word' id='word_1_616' title='bbox 1247 4365 1416 4419; x_wconf 88' lang='lat' dir='ltr'><strong>usque</strong></span> <span class='ocrx_word' id='word_1_617' title='bbox 1454 4349 1522 4408; x_wconf 88' lang='lat' dir='ltr'><strong>ad</strong></span> <span class='ocrx_word' id='word_1_618' title='bbox 1561 4360 1790 4407; x_wconf 83' lang='lat' dir='ltr'><strong>mortem</strong></span> <span class='ocrx_word' id='word_1_619' title='bbox 1832 4363 1932 4405; x_wconf 88' lang='lat' dir='ltr'><strong>nec</strong></span> <span class='ocrx_word' id='word_1_620' title='bbox 1968 4363 2069 4417; x_wconf 87' lang='lat' dir='ltr'><strong>pro</strong></span> 
     </span>
    </p>
   </div>
   <div class='ocr_carea' id='block_1_76' title="bbox 2164 3165 3739 3238">
    <p class='ocr_par' dir='ltr' id='par_1_76' title="bbox 2164 3165 3739 3238">
     <span class='ocr_line' id='line_1_76' title="bbox 2164 3165 3739 3238; baseline -0.001 -20"><span class='ocrx_word' id='word_1_621' title='bbox 2164 3165 2413 3236; x_wconf 77' lang='lat' dir='ltr'><strong>angelum</strong></span> <span class='ocrx_word' id='word_1_622' title='bbox 2443 3166 2592 3220; x_wconf 90' lang='lat' dir='ltr'><strong>illum</strong></span> <span class='ocrx_word' id='word_1_623' title='bbox 2631 3166 2782 3221; x_wconf 89' lang='lat' dir='ltr'><strong>dicit.</strong></span> <span class='ocrx_word' id='word_1_624' title='bbox 2835 3167 3073 3238; x_wconf 75' lang='lat' dir='ltr'><strong>Angelus</strong></span> <span class='ocrx_word' id='word_1_625' title='bbox 3099 3166 3246 3221; x_wconf 88' lang='lat' dir='ltr'><strong>enim</strong></span> <span class='ocrx_word' id='word_1_626' title='bbox 3286 3167 3503 3221; x_wconf 80' lang='lat' dir='ltr'><strong>nuntius</strong></span> <span class='ocrx_word' id='word_1_627' title='bbox 3536 3166 3739 3221; x_wconf 82' lang='lat' dir='ltr'><strong>dicitur.</strong></span> 
     </span>
    </p>
   </div>
   <div class='ocr_carea' id='block_1_77' title="bbox 2165 3255 3741 3328">
    <p class='ocr_par' dir='ltr' id='par_1_77' title="bbox 2165 3255 3741 3328">
     <span class='ocr_line' id='line_1_77' title="bbox 2165 3255 3741 3328; baseline 0.001 -20"><span class='ocrx_word' id='word_1_628' title='bbox 2165 3255 2230 3309; x_wconf 85' lang='lat' dir='ltr'><strong>Et</strong></span> <span class='ocrx_word' id='word_1_629' title='bbox 2268 3264 2415 3322; x_wconf 85' lang='lat' dir='ltr'><strong>recte</strong></span> <span class='ocrx_word' id='word_1_630' title='bbox 2461 3256 2685 3327; x_wconf 83' lang='lat' dir='ltr'><strong>angelus</strong></span> <span class='ocrx_word' id='word_1_631' title='bbox 2718 3269 3060 3328; x_wconf 82' lang='lat' dir='ltr'><strong>nuncupatur</strong></span> <span class='ocrx_word' id='word_1_632' title='bbox 3087 3258 3204 3327; x_wconf 80' lang='lat' dir='ltr'><strong>qui,</strong></span> <span class='ocrx_word' id='word_1_633' title='bbox 3239 3266 3420 3313; x_wconf 84' lang='lat' dir='ltr'><strong>certus</strong></span> <span class='ocrx_word' id='word_1_634' title='bbox 3449 3260 3669 3314; x_wconf 84' lang='lat' dir='ltr'><strong>nuntius</strong></span> <span class='ocrx_word' id='word_1_635' title='bbox 3694 3267 3741 3311; x_wconf 85' lang='lat' dir='ltr'><strong>et</strong></span> 
     </span>
    </p>
   </div>
   <div class='ocr_carea' id='block_1_78' title="bbox 2165 3347 3741 3421">
    <p class='ocr_par' dir='ltr' id='par_1_78' title="bbox 2165 3347 3741 3421">
     <span class='ocr_line' id='line_1_78' title="bbox 2165 3347 3741 3421; baseline 0 -18"><span class='ocrx_word' id='word_1_636' title='bbox 2165 3362 2342 3418; x_wconf 84' lang='lat' dir='ltr'><strong>praeco</strong></span> <span class='ocrx_word' id='word_1_637' title='bbox 2369 3347 2670 3405; x_wconf 87' lang='lat' dir='ltr'><strong>Salvatoris</strong></span> <span class='ocrx_word' id='word_1_638' title='bbox 2698 3349 2902 3416; x_wconf 85' lang='lat' dir='ltr'><strong>factus,</strong></span> <span class='ocrx_word' id='word_1_639' title='bbox 2942 3351 3227 3407; x_wconf 83' lang='lat' dir='ltr'><strong>manifeste</strong></span> <span class='ocrx_word' id='word_1_640' title='bbox 3255 3351 3324 3406; x_wconf 86' lang='lat' dir='ltr'><strong>ab</strong></span> <span class='ocrx_word' id='word_1_641' title='bbox 3356 3352 3474 3421; x_wconf 89' lang='lat' dir='ltr'><strong>ipso</strong></span> <span class='ocrx_word' id='word_1_642' title='bbox 3500 3351 3674 3407; x_wconf 88' lang='lat' dir='ltr'><strong>oculis</strong></span> <span class='ocrx_word' id='word_1_643' title='bbox 3694 3357 3741 3404; x_wconf 85' lang='lat' dir='ltr'><strong>et</strong></span> 
     </span>
    </p>
   </div>
   <div class='ocr_carea' id='block_1_79' title="bbox 2166 3439 3737 3511">
    <p class='ocr_par' dir='ltr' id='par_1_79' title="bbox 2166 3439 3737 3511">
     <span class='ocr_line' id='line_1_79' title="bbox 2166 3439 3737 3511; baseline -0.001 -19"><span class='ocrx_word' id='word_1_644' title='bbox 2166 3439 2334 3508; x_wconf 87' lang='lat' dir='ltr'><strong>digito</strong></span> <span class='ocrx_word' id='word_1_645' title='bbox 2363 3439 2767 3496; x_wconf 88' lang='lat' dir='ltr'><strong>dcmonstratus</strong></span> <span class='ocrx_word' id='word_1_646' title='bbox 2797 3450 2898 3504; x_wconf 89' lang='lat' dir='ltr'><strong>est,</strong></span> <span class='ocrx_word' id='word_1_647' title='bbox 2943 3450 3000 3498; x_wconf 91' lang='lat' dir='ltr'><strong>et</strong></span> <span class='ocrx_word' id='word_1_648' title='bbox 3037 3441 3408 3511; x_wconf 88' lang='lat' dir='ltr'><strong>unusquisque</strong></span> <span class='ocrx_word' id='word_1_649' title='bbox 3449 3441 3626 3497; x_wconf 81' lang='lat' dir='ltr'><strong>ﬁdelis</strong></span> <span class='ocrx_word' id='word_1_650' title='bbox 3660 3441 3737 3510; x_wconf 86' lang='lat' dir='ltr'><strong>qui</strong></span> 
     </span>
    </p>
   </div>
   <div class='ocr_carea' id='block_1_80' title="bbox 2165 3530 3741 3598">
    <p class='ocr_par' dir='ltr' id='par_1_80' title="bbox 2165 3530 3741 3598">
     <span class='ocr_line' id='line_1_80' title="bbox 2165 3530 3741 3598; baseline -0.001 -11"><span class='ocrx_word' id='word_1_651' title='bbox 2165 3530 2463 3588; x_wconf 86' lang='lat' dir='ltr'><strong>sacerdotis</strong></span> <span class='ocrx_word' id='word_1_652' title='bbox 2501 3533 2720 3587; x_wconf 91' lang='lat' dir='ltr'><strong>nomine</strong></span> <span class='ocrx_word' id='word_1_653' title='bbox 2768 3540 3043 3598; x_wconf 88' lang='lat' dir='ltr'><strong>censetur,</strong></span> <span class='ocrx_word' id='word_1_654' title='bbox 3073 3532 3336 3589; x_wconf 83' lang='lat' dir='ltr'><strong>Zacharia</strong></span> <span class='ocrx_word' id='word_1_655' title='bbox 3367 3541 3678 3596; x_wconf 86' lang='lat' dir='ltr'><strong>attestante,</strong></span> <span class='ocrx_word' id='word_1_656' title='bbox 3702 3530 3741 3585; x_wconf 85' lang='lat' dir='ltr'><strong>si</strong></span> 
     </span>
    </p>
   </div>
   <div class='ocr_carea' id='block_1_81' title="bbox 2167 3625 3741 3697">
    <p class='ocr_par' dir='ltr' id='par_1_81' title="bbox 2167 3625 3741 3697">
     <span class='ocr_line' id='line_1_81' title="bbox 2167 3625 3741 3697; baseline -0.003 -18"><span class='ocrx_word' id='word_1_657' title='bbox 2167 3625 2453 3680; x_wconf 89' lang='lat' dir='ltr'><strong>ministerii</strong></span> <span class='ocrx_word' id='word_1_658' title='bbox 2476 3626 2557 3681; x_wconf 89' lang='lat' dir='ltr'><strong>sui</strong></span> <span class='ocrx_word' id='word_1_659' title='bbox 2575 3626 2699 3696; x_wconf 88' lang='lat' dir='ltr'><strong>jura</strong></span> <span class='ocrx_word' id='word_1_660' title='bbox 2724 3626 3058 3696; x_wconf 79' lang='lat' dir='ltr'><strong>exsequitur,</strong></span> <span class='ocrx_word' id='word_1_661' title='bbox 3075 3625 3253 3697; x_wconf 85' lang='lat' dir='ltr'><strong>angeli</strong></span> <span class='ocrx_word' id='word_1_662' title='bbox 3272 3626 3493 3683; x_wconf 77' lang='lat' dir='ltr'><strong>neruine</strong></span> <span class='ocrx_word' id='word_1_663' title='bbox 3513 3633 3741 3680; x_wconf 85' lang='lat' dir='ltr'><strong>vocatur.</strong></span> 
     </span>
    </p>
   </div>
   <div class='ocr_carea' id='block_1_82' title="bbox 2164 3714 3744 3780">
    <p class='ocr_par' dir='ltr' id='par_1_82' title="bbox 2164 3714 3744 3780">
     <span class='ocr_line' id='line_1_82' title="bbox 2164 3714 3744 3780; baseline 0.001 -12"><span class='ocrx_word' id='word_1_664' title='bbox 2164 3714 2256 3769; x_wconf 86' lang='lat' dir='ltr'><strong>Ait</strong></span> <span class='ocrx_word' id='word_1_665' title='bbox 2294 3717 2438 3771; x_wconf 87' lang='lat' dir='ltr'><strong>enim</strong></span> <span class='ocrx_word' id='word_1_666' title='bbox 2472 3735 2487 3770; x_wconf 90' lang='lat'><strong>:</strong></span> <span class='ocrx_word' id='word_1_667' title='bbox 2518 3715 2684 3771; x_wconf 89' lang='lat' dir='ltr'><strong>Labia</strong></span> <span class='ocrx_word' id='word_1_668' title='bbox 2724 3717 3009 3772; x_wconf 80' lang='lat' dir='ltr'><strong>sacerdotis</strong></span> <span class='ocrx_word' id='word_1_669' title='bbox 3055 3718 3347 3772; x_wconf 66' lang='lat' dir='ltr'><strong>custodierat</strong></span> <span class='ocrx_word' id='word_1_670' title='bbox 3386 3718 3679 3780; x_wconf 71' lang='lat' dir='ltr'><strong>scientiam,</strong></span> <span class='ocrx_word' id='word_1_671' title='bbox 3702 3723 3744 3769; x_wconf 77' lang='lat' dir='ltr'><strong>et</strong></span> 
     </span>
    </p>
   </div>
   <div class='ocr_carea' id='block_1_83' title="bbox 2165 3807 3745 3879">
    <p class='ocr_par' dir='ltr' id='par_1_83' title="bbox 2165 3807 3745 3879">
     <span class='ocr_line' id='line_1_83' title="bbox 2165 3807 3745 3879; baseline -0.002 -18"><span class='ocrx_word' id='word_1_672' title='bbox 2165 3807 2326 3878; x_wconf 85' lang='lat' dir='ltr'><strong>legem</strong></span> <span class='ocrx_word' id='word_1_673' title='bbox 2355 3809 2621 3878; x_wconf 87' lang='lat' dir='ltr'><strong>requirunt</strong></span> <span class='ocrx_word' id='word_1_674' title='bbox 2649 3825 2715 3863; x_wconf 78' lang='lat' dir='ltr'><strong>ex</strong></span> <span class='ocrx_word' id='word_1_675' title='bbox 2742 3825 2831 3864; x_wconf 91' lang='lat' dir='ltr'><strong>ore</strong></span> <span class='ocrx_word' id='word_1_676' title='bbox 2855 3810 2992 3879; x_wconf 84' lang='lat' dir='ltr'><strong>ejus,</strong></span> <span class='ocrx_word' id='word_1_677' title='bbox 3015 3809 3139 3878; x_wconf 80' lang='lat' dir='ltr'><strong>quia</strong></span> <span class='ocrx_word' id='word_1_678' title='bbox 3166 3809 3385 3878; x_wconf 82' lang='lat' dir='ltr'><strong>angelus</strong></span> <span class='ocrx_word' id='word_1_679' title='bbox 3418 3807 3632 3863; x_wconf 71' lang='lat' dir='ltr'><strong>Domini</strong></span> <span class='ocrx_word' id='word_1_680' title='bbox 3658 3815 3745 3861; x_wconf 82' lang='lat' dir='ltr'><strong>est.</strong></span> 
     </span>
    </p>
   </div>
   <div class='ocr_carea' id='block_1_84' title="bbox 2169 3899 3750 3971">
    <p class='ocr_par' dir='ltr' id='par_1_84' title="bbox 2169 3899 3750 3971">
     <span class='ocr_line' id='line_1_84' title="bbox 2169 3899 3750 3971; baseline -0.001 -17"><span class='ocrx_word' id='word_1_681' title='bbox 2169 3899 2393 3955; x_wconf 85' lang='lat' dir='ltr'><strong>Studeat</strong></span> <span class='ocrx_word' id='word_1_682' title='bbox 2422 3916 2551 3971; x_wconf 87' lang='lat' dir='ltr'><strong>ergo</strong></span> <span class='ocrx_word' id='word_1_683' title='bbox 2579 3900 2824 3971; x_wconf 87' lang='lat' dir='ltr'><strong>quisquis</strong></span> <span class='ocrx_word' id='word_1_684' title='bbox 2856 3900 2950 3957; x_wconf 90' lang='lat' dir='ltr'><strong>illo</strong></span> <span class='ocrx_word' id='word_1_685' title='bbox 2985 3901 3204 3957; x_wconf 82' lang='lat' dir='ltr'><strong>nomine</strong></span> <span class='ocrx_word' id='word_1_686' title='bbox 3229 3900 3547 3965; x_wconf 87' lang='lat' dir='ltr'><strong>decoratur,</strong></span> <span class='ocrx_word' id='word_1_687' title='bbox 3573 3899 3680 3955; x_wconf 82' lang='lat' dir='ltr'><strong>vita</strong></span> <span class='ocrx_word' id='word_1_688' title='bbox 3701 3904 3750 3953; x_wconf 84' lang='lat' dir='ltr'><strong>et</strong></span> 
     </span>
    </p>
   </div>
   <div class='ocr_carea' id='block_1_85' title="bbox 2166 3991 3748 4062">
    <p class='ocr_par' dir='ltr' id='par_1_85' title="bbox 2166 3991 3748 4062">
     <span class='ocr_line' id='line_1_85' title="bbox 2166 3991 3748 4062; baseline -0.003 -15"><span class='ocrx_word' id='word_1_689' title='bbox 2166 3992 2421 4062; x_wconf 75' lang='lat' dir='ltr'><strong>operibus</strong></span> <span class='ocrx_word' id='word_1_690' title='bbox 2439 3991 2662 4062; x_wconf 88' lang='lat' dir='ltr'><strong>angelus</strong></span> <span class='ocrx_word' id='word_1_691' title='bbox 2680 4001 2898 4057; x_wconf 87' lang='lat' dir='ltr'><strong>esse,ut</strong></span> <span class='ocrx_word' id='word_1_692' title='bbox 2913 4001 2967 4048; x_wconf 84' lang='lat' dir='ltr'><strong>et</strong></span> <span class='ocrx_word' id='word_1_693' title='bbox 2990 3993 3042 4047; x_wconf 92' lang='lat' dir='ltr'><strong>in</strong></span> <span class='ocrx_word' id='word_1_694' title='bbox 3058 4007 3225 4061; x_wconf 88' lang='lat' dir='ltr'><strong>opere</strong></span> <span class='ocrx_word' id='word_1_695' title='bbox 3244 4001 3302 4049; x_wconf 85' lang='lat' dir='ltr'><strong>et</strong></span> <span class='ocrx_word' id='word_1_696' title='bbox 3320 4007 3577 4051; x_wconf 86' lang='lat' dir='ltr'><strong>sermone</strong></span> <span class='ocrx_word' id='word_1_697' title='bbox 3596 3992 3748 4046; x_wconf 81' lang='lat' dir='ltr'><strong>Deum</strong></span> 
     </span>
    </p>
   </div>
   <div class='ocr_carea' id='block_1_86' title="bbox 2167 4080 3749 4153">
    <p class='ocr_par' dir='ltr' id='par_1_86' title="bbox 2167 4080 3749 4153">
     <span class='ocr_line' id='line_1_86' title="bbox 2167 4080 3749 4153; baseline 0 -19"><span class='ocrx_word' id='word_1_698' title='bbox 2167 4082 2473 4137; x_wconf 86' lang='lat' dir='ltr'><strong>videntibus</strong></span> <span class='ocrx_word' id='word_1_699' title='bbox 2507 4090 2563 4137; x_wconf 91' lang='lat' dir='ltr'><strong>et</strong></span> <span class='ocrx_word' id='word_1_700' title='bbox 2602 4083 2946 4139; x_wconf 87' lang='lat' dir='ltr'><strong>audientibus</strong></span> <span class='ocrx_word' id='word_1_701' title='bbox 2989 4084 3293 4139; x_wconf 87' lang='lat' dir='ltr'><strong>annuntiet.</strong></span> <span class='ocrx_word' id='word_1_702' title='bbox 3322 4082 3628 4153; x_wconf 88' lang='lat' dir='ltr'><strong>Sequitur:</strong></span> <span class='ocrx_word' id='word_1_703' title='bbox 3659 4080 3749 4147; x_wconf 80' lang='lat' dir='ltr'><strong>Qui</strong></span> 
     </span>
    </p>
   </div>
   <div class='ocr_carea' id='block_1_87' title="bbox 2166 4171 3752 4242">
    <p class='ocr_par' dir='ltr' id='par_1_87' title="bbox 2166 4171 3752 4242">
     <span class='ocr_line' id='line_1_87' title="bbox 2166 4171 3752 4242; baseline -0.001 -18"><span class='ocrx_word' id='word_1_704' title='bbox 2166 4171 2480 4242; x_wconf 71' lang='lat' dir='ltr'><strong>prtrparabit</strong></span> <span class='ocrx_word' id='word_1_705' title='bbox 2527 4172 2662 4226; x_wconf 79' lang='lat' dir='ltr'><strong>viam</strong></span> <span class='ocrx_word' id='word_1_706' title='bbox 2704 4181 2852 4226; x_wconf 81' lang='lat' dir='ltr'><strong>tuam</strong></span> <span class='ocrx_word' id='word_1_707' title='bbox 2895 4182 3014 4227; x_wconf 88' lang='lat' dir='ltr'><strong>ante</strong></span> <span class='ocrx_word' id='word_1_708' title='bbox 3047 4183 3116 4226; x_wconf 87' lang='lat' dir='ltr'><strong>te.</strong></span> <span class='ocrx_word' id='word_1_709' title='bbox 3144 4171 3381 4231; x_wconf 84' lang='lat' dir='ltr'><strong>Joannes</strong></span> <span class='ocrx_word' id='word_1_710' title='bbox 3425 4173 3579 4228; x_wconf 84' lang='lat' dir='ltr'><strong>enim</strong></span> <span class='ocrx_word' id='word_1_711' title='bbox 3623 4172 3752 4225; x_wconf 82' lang='lat' dir='ltr'><strong>viam</strong></span> 
     </span>
    </p>
   </div>
   <div class='ocr_carea' id='block_1_88' title="bbox 2169 4261 3752 4334">
    <p class='ocr_par' dir='ltr' id='par_1_88' title="bbox 2169 4261 3752 4334">
     <span class='ocr_line' id='line_1_88' title="bbox 2169 4261 3752 4334; baseline -0.001 -18"><span class='ocrx_word' id='word_1_712' title='bbox 2169 4261 2397 4316; x_wconf 86' lang='lat' dir='ltr'><strong>Domino</strong></span> <span class='ocrx_word' id='word_1_713' title='bbox 2431 4262 2778 4333; x_wconf 68' lang='lat' dir='ltr'><strong>praeparavit,</strong></span> <span class='ocrx_word' id='word_1_714' title='bbox 2810 4263 2935 4333; x_wconf 86' lang='lat' dir='ltr'><strong>quia</strong></span> <span class='ocrx_word' id='word_1_715' title='bbox 2980 4262 3166 4318; x_wconf 89' lang='lat' dir='ltr'><strong>multis</strong></span> <span class='ocrx_word' id='word_1_716' title='bbox 3211 4279 3318 4317; x_wconf 90' lang='lat' dir='ltr'><strong>non</strong></span> <span class='ocrx_word' id='word_1_717' title='bbox 3360 4262 3545 4318; x_wconf 85' lang='lat' dir='ltr'><strong>solum</strong></span> <span class='ocrx_word' id='word_1_718' title='bbox 3574 4261 3752 4334; x_wconf 48' lang='lat' dir='ltr'><strong>prsidi.</strong></span> 
     </span>
    </p>
   </div>
   <div class='ocr_carea' id='block_1_89' title="bbox 2170 4351 3755 4421">
    <p class='ocr_par' dir='ltr' id='par_1_89' title="bbox 2170 4351 3755 4421">
     <span class='ocr_line' id='line_1_89' title="bbox 2170 4351 3755 4421; baseline -0.003 -16"><span class='ocrx_word' id='word_1_719' title='bbox 2170 4353 2336 4413; x_wconf 88' lang='lat' dir='ltr'><strong>cavit,</strong></span> <span class='ocrx_word' id='word_1_720' title='bbox 2379 4353 2473 4406; x_wconf 89' lang='lat' dir='ltr'><strong>sed</strong></span> <span class='ocrx_word' id='word_1_721' title='bbox 2501 4360 2555 4406; x_wconf 90' lang='lat' dir='ltr'><strong>et</strong></span> <span class='ocrx_word' id='word_1_722' title='bbox 2584 4360 2643 4408; x_wconf 89' lang='lat' dir='ltr'><strong>ut</strong></span> <span class='ocrx_word' id='word_1_723' title='bbox 2673 4351 2728 4406; x_wconf 89' lang='lat' dir='ltr'><strong>in</strong></span> <span class='ocrx_word' id='word_1_724' title='bbox 2757 4368 2882 4407; x_wconf 89' lang='lat' dir='ltr'><strong>eum</strong></span> <span class='ocrx_word' id='word_1_725' title='bbox 2912 4352 3195 4408; x_wconf 87' lang='lat' dir='ltr'><strong>crederent</strong></span> <span class='ocrx_word' id='word_1_726' title='bbox 3220 4352 3408 4421; x_wconf 85' lang='lat' dir='ltr'><strong>(etiam</strong></span> <span class='ocrx_word' id='word_1_727' title='bbox 3436 4357 3494 4407; x_wconf 87' lang='lat' dir='ltr'><strong>in</strong></span> <span class='ocrx_word' id='word_1_728' title='bbox 3524 4352 3755 4407; x_wconf 60' lang='lat' dir='ltr'><strong>testinu»</strong></span> 
     </span>
    </p>
   </div>
   <div class='ocr_carea' id='block_1_90' title="bbox 485 4435 3753 4511">
    <p class='ocr_par' dir='ltr' id='par_1_90' title="bbox 485 4435 3753 4511">
     <span class='ocr_line' id='line_1_90' title="bbox 485 4435 3753 4511; baseline -0.001 -15"><span class='ocrx_word' id='word_1_729' title='bbox 485 4441 796 4496; x_wconf 77' lang='lat' dir='ltr'><strong>muneribus</strong></span> <span class='ocrx_word' id='word_1_730' title='bbox 824 4456 923 4495; x_wconf 86' lang='lat' dir='ltr'><strong>nec</strong></span> <span class='ocrx_word' id='word_1_731' title='bbox 947 4455 1045 4509; x_wconf 88' lang='lat' dir='ltr'><strong>pro</strong></span> <span class='ocrx_word' id='word_1_732' title='bbox 1069 4440 1369 4495; x_wconf 90' lang='lat' dir='ltr'><strong>terroribus</strong></span> <span class='ocrx_word' id='word_1_733' title='bbox 1393 4449 1480 4495; x_wconf 88' lang='lat' dir='ltr'><strong>est</strong></span> <span class='ocrx_word' id='word_1_734' title='bbox 1504 4440 1845 4505; x_wconf 88' lang='lat' dir='ltr'><strong>immutatus,</strong></span> <span class='ocrx_word' id='word_1_735' title='bbox 1874 4447 1930 4494; x_wconf 92' lang='lat' dir='ltr'><strong>et</strong></span> <span class='ocrx_word' id='word_1_736' title='bbox 1955 4439 2074 4494; x_wconf 90' lang='lat' dir='ltr'><strong>ideo</strong></span> <span class='ocrx_word' id='word_1_737' title='bbox 2099 4435 2152 4495; x_wconf 91' lang='lat' dir='ltr'><strong>D</strong></span> <span class='ocrx_word' id='word_1_738' title='bbox 2177 4440 2348 4511; x_wconf 84' lang='lat' dir='ltr'><strong>nium)</strong></span> <span class='ocrx_word' id='word_1_739' title='bbox 2379 4442 2645 4511; x_wconf 88' lang='lat' dir='ltr'><strong>baptismo</strong></span> <span class='ocrx_word' id='word_1_740' title='bbox 2674 4441 2988 4511; x_wconf 87' lang='lat' dir='ltr'><strong>baptizavit.</strong></span> <span class='ocrx_word' id='word_1_741' title='bbox 3024 4441 3091 4496; x_wconf 86' lang='lat' dir='ltr'><strong>Et</strong></span> <span class='ocrx_word' id='word_1_742' title='bbox 3120 4441 3495 4511; x_wconf 87' lang='lat' dir='ltr'><strong>unusquisque</strong></span> <span class='ocrx_word' id='word_1_743' title='bbox 3522 4449 3753 4497; x_wconf 78' lang='lat' dir='ltr'><strong>nostrum</strong></span> 
     </span>
    </p>
   </div>
   <div class='ocr_carea' id='block_1_91' title="bbox 484 4527 2070 4600">
    <p class='ocr_par' dir='ltr' id='par_1_91' title="bbox 484 4527 2070 4600">
     <span class='ocr_line' id='line_1_91' title="bbox 484 4527 2070 4600; baseline 0.002 -17"><span class='ocrx_word' id='word_1_744' title='bbox 484 4547 513 4583; x_wconf 89' lang='lat' dir='ltr'><strong>a</strong></span> <span class='ocrx_word' id='word_1_745' title='bbox 547 4531 774 4585; x_wconf 88' lang='lat' dir='ltr'><strong>Domino</strong></span> <span class='ocrx_word' id='word_1_746' title='bbox 818 4530 1082 4585; x_wconf 88' lang='lat' dir='ltr'><strong>laudatus.</strong></span> <span class='ocrx_word' id='word_1_747' title='bbox 1126 4527 1229 4584; x_wconf 87' lang='lat' dir='ltr'><strong>Sed</strong></span> <span class='ocrx_word' id='word_1_748' title='bbox 1266 4531 1392 4600; x_wconf 83' lang='lat' dir='ltr'><strong>quid</strong></span> <span class='ocrx_word' id='word_1_749' title='bbox 1443 4531 1623 4586; x_wconf 73' lang='lat' dir='ltr'><strong>existis</strong></span> <span class='ocrx_word' id='word_1_750' title='bbox 1666 4531 1838 4586; x_wconf 78' lang='lat' dir='ltr'><strong>videre</strong></span> <span class='ocrx_word' id='word_1_751' title='bbox 1880 4532 1936 4585; x_wconf 88' lang='lat' dir='ltr'><strong>in</strong></span> <span class='ocrx_word' id='word_1_752' title='bbox 1981 4530 2070 4586; x_wconf 86' lang='lat' dir='ltr'><strong>de-</strong></span> 
     </span>
    </p>
   </div>
   <div class='ocr_carea' id='block_1_92' title="bbox 483 4620 2069 4680">
    <p class='ocr_par' dir='ltr' id='par_1_92' title="bbox 483 4620 2069 4680">
     <span class='ocr_line' id='line_1_92' title="bbox 483 4620 2069 4680; baseline 0.003 -6"><span class='ocrx_word' id='word_1_753' title='bbox 483 4631 679 4674; x_wconf 86' lang='lat' dir='ltr'><strong>sertum</strong></span> <span class='ocrx_word' id='word_1_754' title='bbox 703 4620 728 4673; x_wconf 79' lang='lat'><strong><em>?</em></strong></span> <span class='ocrx_word' id='word_1_755' title='bbox 752 4621 1013 4675; x_wconf 80' lang='lat' dir='ltr'><strong>hominem</strong></span> <span class='ocrx_word' id='word_1_756' title='bbox 1042 4620 1285 4678; x_wconf 88' lang='lat' dir='ltr'><strong>mollibus</strong></span> <span class='ocrx_word' id='word_1_757' title='bbox 1323 4621 1561 4676; x_wconf 83' lang='lat' dir='ltr'><strong>vestitum</strong></span> <span class='ocrx_word' id='word_1_758' title='bbox 1579 4624 1604 4675; x_wconf 72' lang='grc' dir='ltr'><em>ἓ)</em></span> <span class='ocrx_word' id='word_1_759' title='bbox 1631 4622 1830 4678; x_wconf 88' lang='lat' dir='ltr'><strong>lterum</strong></span> <span class='ocrx_word' id='word_1_760' title='bbox 1858 4624 1924 4679; x_wconf 86' lang='lat' dir='ltr'><strong>de</strong></span> <span class='ocrx_word' id='word_1_761' title='bbox 1967 4624 2069 4680; x_wconf 86' lang='lat' dir='ltr'><strong>hac</strong></span> 
     </span>
    </p>
   </div>
   <div class='ocr_carea' id='block_1_93' title="bbox 486 4707 2068 4780">
    <p class='ocr_par' dir='ltr' id='par_1_93' title="bbox 486 4707 2068 4780">
     <span class='ocr_line' id='line_1_93' title="bbox 486 4707 2068 4780; baseline 0.002 -17"><span class='ocrx_word' id='word_1_762' title='bbox 486 4726 545 4764; x_wconf 90' lang='lat' dir='ltr'><strong>re</strong></span> <span class='ocrx_word' id='word_1_763' title='bbox 572 4709 829 4763; x_wconf 86' lang='lat' dir='ltr'><strong>Dominus</strong></span> <span class='ocrx_word' id='word_1_764' title='bbox 872 4707 1136 4764; x_wconf 80' lang='lat' dir='ltr'><strong>Joannem</strong></span> <span class='ocrx_word' id='word_1_765' title='bbox 1170 4709 1375 4775; x_wconf 84' lang='lat' dir='ltr'><strong>laudat,</strong></span> <span class='ocrx_word' id='word_1_766' title='bbox 1411 4710 1554 4780; x_wconf 91' lang='lat' dir='ltr'><strong>quod</strong></span> <span class='ocrx_word' id='word_1_767' title='bbox 1591 4719 1862 4767; x_wconf 87' lang='lat' dir='ltr'><strong>austeram</strong></span> <span class='ocrx_word' id='word_1_768' title='bbox 1902 4712 2068 4766; x_wconf 88' lang='lat' dir='ltr'><strong>vitam</strong></span> 
     </span>
    </p>
   </div>
   <div class='ocr_carea' id='block_1_94' title="bbox 488 4800 2074 4874">
    <p class='ocr_par' dir='ltr' id='par_1_94' title="bbox 488 4800 2074 4874">
     <span class='ocr_line' id='line_1_94' title="bbox 488 4800 2074 4874; baseline 0.003 -19"><span class='ocrx_word' id='word_1_769' title='bbox 488 4812 597 4855; x_wconf 90' lang='lat' dir='ltr'><strong>tam</strong></span> <span class='ocrx_word' id='word_1_770' title='bbox 626 4801 679 4855; x_wconf 90' lang='lat' dir='ltr'><strong>in</strong></span> <span class='ocrx_word' id='word_1_771' title='bbox 702 4800 823 4855; x_wconf 86' lang='lat' dir='ltr'><strong>cibo</strong></span> <span class='ocrx_word' id='word_1_772' title='bbox 845 4816 1005 4871; x_wconf 91' lang='lat' dir='ltr'><strong>quam</strong></span> <span class='ocrx_word' id='word_1_773' title='bbox 1036 4802 1091 4857; x_wconf 91' lang='lat' dir='ltr'><strong>in</strong></span> <span class='ocrx_word' id='word_1_774' title='bbox 1119 4811 1249 4874; x_wconf 89' lang='lat' dir='ltr'><strong>potu</strong></span> <span class='ocrx_word' id='word_1_775' title='bbox 1285 4803 1537 4859; x_wconf 84' lang='lat' dir='ltr'><strong>tenuerit.</strong></span> <span class='ocrx_word' id='word_1_776' title='bbox 1568 4802 1719 4858; x_wconf 85' lang='lat' dir='ltr'><strong>Licet</strong></span> <span class='ocrx_word' id='word_1_777' title='bbox 1745 4804 1889 4858; x_wconf 89' lang='lat' dir='ltr'><strong>enim</strong></span> <span class='ocrx_word' id='word_1_778' title='bbox 1919 4805 2074 4860; x_wconf 88' lang='lat' dir='ltr'><strong>nobi-</strong></span> 
     </span>
    </p>
   </div>
   <div class='ocr_carea' id='block_1_95' title="bbox 487 4891 2078 4964">
    <p class='ocr_par' dir='ltr' id='par_1_95' title="bbox 487 4891 2078 4964">
     <span class='ocr_line' id='line_1_95' title="bbox 487 4891 2078 4964; baseline 0.003 -17"><span class='ocrx_word' id='word_1_779' title='bbox 487 4892 612 4947; x_wconf 86' lang='lat' dir='ltr'><strong>liter</strong></span> <span class='ocrx_word' id='word_1_780' title='bbox 634 4900 813 4958; x_wconf 86' lang='lat' dir='ltr'><strong>natus,</strong></span> <span class='ocrx_word' id='word_1_781' title='bbox 843 4891 1068 4949; x_wconf 86' lang='lat' dir='ltr'><strong>delicate</strong></span> <span class='ocrx_word' id='word_1_782' title='bbox 1107 4893 1358 4959; x_wconf 87' lang='lat' dir='ltr'><strong>nutritus,</strong></span> <span class='ocrx_word' id='word_1_783' title='bbox 1392 4902 1572 4949; x_wconf 87' lang='lat' dir='ltr'><strong>tamen</strong></span> <span class='ocrx_word' id='word_1_784' title='bbox 1607 4895 1660 4948; x_wconf 89' lang='lat' dir='ltr'><strong>in</strong></span> <span class='ocrx_word' id='word_1_785' title='bbox 1691 4892 1820 4964; x_wconf 85' lang='lat' dir='ltr'><strong>ipsis</strong></span> <span class='ocrx_word' id='word_1_786' title='bbox 1851 4892 2078 4951; x_wconf 86' lang='lat' dir='ltr'><strong>fervidis</strong></span> 
     </span>
    </p>
   </div>
   <div class='ocr_carea' id='block_1_96' title="bbox 482 4984 2072 5057">
    <p class='ocr_par' dir='ltr' id='par_1_96' title="bbox 482 4984 2072 5057">
     <span class='ocr_line' id='line_1_96' title="bbox 482 4984 2072 5057; baseline 0.002 -20"><span class='ocrx_word' id='word_1_787' title='bbox 482 4984 784 5054; x_wconf 71' lang='lat' dir='ltr'><strong>iuventutis</strong></span> <span class='ocrx_word' id='word_1_788' title='bbox 806 5000 916 5040; x_wconf 72' lang='lat' dir='ltr'><strong>sua:</strong></span> <span class='ocrx_word' id='word_1_789' title='bbox 944 4985 1099 5040; x_wconf 88' lang='lat' dir='ltr'><strong>annis</strong></span> <span class='ocrx_word' id='word_1_790' title='bbox 1120 4985 1173 5038; x_wconf 91' lang='lat' dir='ltr'><strong>in</strong></span> <span class='ocrx_word' id='word_1_791' title='bbox 1195 5000 1436 5041; x_wconf 88' lang='lat' dir='ltr'><strong>eremum</strong></span> <span class='ocrx_word' id='word_1_792' title='bbox 1476 4985 1774 5057; x_wconf 84' lang='lat' dir='ltr'><strong>ingressus,</strong></span> <span class='ocrx_word' id='word_1_793' title='bbox 1806 4984 1946 5041; x_wconf 88' lang='lat' dir='ltr'><strong>sicut</strong></span> <span class='ocrx_word' id='word_1_794' title='bbox 1972 5000 2072 5040; x_wconf 85' lang='lat' dir='ltr'><strong>au-</strong></span> 
     </span>
    </p>
   </div>
   <div class='ocr_carea' id='block_1_97' title="bbox 488 5078 2076 5144">
    <p class='ocr_par' dir='ltr' id='par_1_97' title="bbox 488 5078 2076 5144">
     <span class='ocr_line' id='line_1_97' title="bbox 488 5078 2076 5144; baseline 0.004 -14"><span class='ocrx_word' id='word_1_795' title='bbox 488 5078 665 5143; x_wconf 86' lang='lat' dir='ltr'><strong>distis,</strong></span> <span class='ocrx_word' id='word_1_796' title='bbox 697 5085 751 5133; x_wconf 89' lang='lat' dir='ltr'><strong>et</strong></span> <span class='ocrx_word' id='word_1_797' title='bbox 781 5087 1000 5134; x_wconf 89' lang='lat' dir='ltr'><strong>austere</strong></span> <span class='ocrx_word' id='word_1_798' title='bbox 1038 5078 1194 5144; x_wconf 80' lang='lat' dir='ltr'><strong>vixit,</strong></span> <span class='ocrx_word' id='word_1_799' title='bbox 1230 5087 1286 5134; x_wconf 90' lang='lat' dir='ltr'><strong>et</strong></span> <span class='ocrx_word' id='word_1_800' title='bbox 1315 5079 1704 5137; x_wconf 87' lang='lat' dir='ltr'><strong>austerioribus</strong></span> <span class='ocrx_word' id='word_1_801' title='bbox 1739 5080 2076 5136; x_wconf 86' lang='lat' dir='ltr'><strong>vestimentis</strong></span> 
     </span>
    </p>
   </div>
   <div class='ocr_carea' id='block_1_98' title="bbox 491 5170 2075 5241">
    <p class='ocr_par' dir='ltr' id='par_1_98' title="bbox 491 5170 2075 5241">
     <span class='ocr_line' id='line_1_98' title="bbox 491 5170 2075 5241; baseline 0.001 -16"><span class='ocrx_word' id='word_1_802' title='bbox 491 5180 770 5227; x_wconf 89' lang='lat' dir='ltr'><strong>contectus</strong></span> <span class='ocrx_word' id='word_1_803' title='bbox 797 5179 895 5235; x_wconf 89' lang='lat' dir='ltr'><strong>est,</strong></span> <span class='ocrx_word' id='word_1_804' title='bbox 928 5170 1055 5241; x_wconf 88' lang='lat' dir='ltr'><strong>quia</strong></span> <span class='ocrx_word' id='word_1_805' title='bbox 1085 5172 1150 5226; x_wconf 90' lang='lat' dir='ltr'><strong>de</strong></span> <span class='ocrx_word' id='word_1_806' title='bbox 1180 5170 1301 5241; x_wconf 90' lang='lat' dir='ltr'><strong>pilis</strong></span> <span class='ocrx_word' id='word_1_807' title='bbox 1333 5171 1665 5227; x_wconf 85' lang='lat' dir='ltr'><strong>camelorum</strong></span> <span class='ocrx_word' id='word_1_808' title='bbox 1694 5172 2075 5226; x_wconf 81' lang='lat' dir='ltr'><strong>vestimentum</strong></span> 
     </span>
    </p>
   </div>
   <div class='ocr_carea' id='block_1_99' title="bbox 491 5260 2076 5334">
    <p class='ocr_par' dir='ltr' id='par_1_99' title="bbox 491 5260 2076 5334">
     <span class='ocr_line' id='line_1_99' title="bbox 491 5260 2076 5334; baseline 0.003 -20"><span class='ocrx_word' id='word_1_809' title='bbox 491 5260 700 5328; x_wconf 85' lang='lat' dir='ltr'><strong>habuit,</strong></span> <span class='ocrx_word' id='word_1_810' title='bbox 729 5261 795 5317; x_wconf 90' lang='lat' dir='ltr'><strong>de</strong></span> <span class='ocrx_word' id='word_1_811' title='bbox 831 5276 936 5334; x_wconf 88' lang='lat' dir='ltr'><strong>qua</strong></span> <span class='ocrx_word' id='word_1_812' title='bbox 985 5276 1044 5317; x_wconf 88' lang='lat' dir='ltr'><strong>re</strong></span> <span class='ocrx_word' id='word_1_813' title='bbox 1086 5276 1231 5316; x_wconf 88' lang='lat' dir='ltr'><strong>nunc</strong></span> <span class='ocrx_word' id='word_1_814' title='bbox 1265 5261 1464 5317; x_wconf 89' lang='lat' dir='ltr'><strong>dicitur</strong></span> <span class='ocrx_word' id='word_1_815' title='bbox 1499 5276 1529 5316; x_wconf 89' lang='lat' dir='ltr'><strong>a</strong></span> <span class='ocrx_word' id='word_1_816' title='bbox 1559 5263 1787 5318; x_wconf 84' lang='lat' dir='ltr'><strong>Domino</strong></span> <span class='ocrx_word' id='word_1_817' title='bbox 1811 5282 1825 5316; x_wconf 87' lang='lat'><strong>:</strong></span> <span class='ocrx_word' id='word_1_818' title='bbox 1851 5262 2076 5331; x_wconf 86' lang='lat' dir='ltr'><strong>Quando</strong></span> 
     </span>
    </p>
   </div>
   <div class='ocr_carea' id='block_1_100' title="bbox 493 5351 2078 5424">
    <p class='ocr_par' dir='ltr' id='par_1_100' title="bbox 493 5351 2078 5424">
     <span class='ocr_line' id='line_1_100' title="bbox 493 5351 2078 5424; baseline 0.001 -18"><span class='ocrx_word' id='word_1_819' title='bbox 493 5351 670 5409; x_wconf 87' lang='lat' dir='ltr'><strong>luistis</strong></span> <span class='ocrx_word' id='word_1_820' title='bbox 714 5355 783 5410; x_wconf 90' lang='lat' dir='ltr'><strong>ad</strong></span> <span class='ocrx_word' id='word_1_821' title='bbox 827 5353 1213 5412; x_wconf 89' lang='lat' dir='ltr'><strong>consulendum</strong></span> <span class='ocrx_word' id='word_1_822' title='bbox 1261 5351 1545 5420; x_wconf 89' lang='lat' dir='ltr'><strong>Joannem,</strong></span> <span class='ocrx_word' id='word_1_823' title='bbox 1587 5354 1827 5424; x_wconf 89' lang='lat' dir='ltr'><strong>nunquid</strong></span> <span class='ocrx_word' id='word_1_824' title='bbox 1869 5354 2078 5410; x_wconf 81' lang='lat' dir='ltr'><strong>vidistis</strong></span> 
     </span>
    </p>
   </div>
   <div class='ocr_carea' id='block_1_101' title="bbox 494 5444 2077 5515">
    <p class='ocr_par' dir='ltr' id='par_1_101' title="bbox 494 5444 2077 5515">
     <span class='ocr_line' id='line_1_101' title="bbox 494 5444 2077 5515; baseline 0.003 -20"><span class='ocrx_word' id='word_1_825' title='bbox 494 5457 616 5496; x_wconf 85' lang='lat' dir='ltr'><strong>eum</strong></span> <span class='ocrx_word' id='word_1_826' title='bbox 653 5444 903 5501; x_wconf 86' lang='lat' dir='ltr'><strong>mollibus</strong></span> <span class='ocrx_word' id='word_1_827' title='bbox 928 5444 1268 5499; x_wconf 89' lang='lat' dir='ltr'><strong>vestimentis</strong></span> <span class='ocrx_word' id='word_1_828' title='bbox 1295 5444 1580 5500; x_wconf 78' lang='lat' dir='ltr'><strong>vestitum!</strong></span> <span class='ocrx_word' id='word_1_829' title='bbox 1611 5445 1687 5500; x_wconf 79' lang='lat' dir='ltr'><strong>Ac</strong></span> <span class='ocrx_word' id='word_1_830' title='bbox 1722 5445 1765 5501; x_wconf 82' lang='lat' dir='ltr'><strong>si</strong></span> <span class='ocrx_word' id='word_1_831' title='bbox 1794 5454 1978 5515; x_wconf 84' lang='lat' dir='ltr'><strong>aperte</strong></span> <span class='ocrx_word' id='word_1_832' title='bbox 1998 5445 2077 5499; x_wconf 89' lang='lat' dir='ltr'><strong>di-</strong></span> 
     </span>
    </p>
   </div>
   <div class='ocr_carea' id='block_1_102' title="bbox 494 5533 2078 5610">
    <p class='ocr_par' dir='ltr' id='par_1_102' title="bbox 494 5533 2078 5610">
     <span class='ocr_line' id='line_1_102' title="bbox 494 5533 2078 5610; baseline 0.003 -24"><span class='ocrx_word' id='word_1_833' title='bbox 494 5542 608 5591; x_wconf 85' lang='lat' dir='ltr'><strong>cat:</strong></span> <span class='ocrx_word' id='word_1_834' title='bbox 626 5533 741 5590; x_wconf 87' lang='lat' dir='ltr'><strong>Non</strong></span> <span class='ocrx_word' id='word_1_835' title='bbox 761 5536 988 5601; x_wconf 77' lang='lat' dir='ltr'><strong>ccelesti,</strong></span> <span class='ocrx_word' id='word_1_836' title='bbox 1010 5535 1102 5592; x_wconf 86' lang='lat' dir='ltr'><strong>sed</strong></span> <span class='ocrx_word' id='word_1_837' title='bbox 1128 5544 1343 5593; x_wconf 88' lang='lat' dir='ltr'><strong>terreno</strong></span> <span class='ocrx_word' id='word_1_838' title='bbox 1364 5537 1477 5608; x_wconf 83' lang='lat' dir='ltr'><strong>regi</strong></span> <span class='ocrx_word' id='word_1_839' title='bbox 1499 5538 1751 5603; x_wconf 90' lang='lat' dir='ltr'><strong>militant,</strong></span> <span class='ocrx_word' id='word_1_840' title='bbox 1774 5538 1865 5608; x_wconf 90' lang='lat' dir='ltr'><strong>qui</strong></span> <span class='ocrx_word' id='word_1_841' title='bbox 1886 5552 2078 5610; x_wconf 84' lang='lat' dir='ltr'><strong>aspera</strong></span> 
     </span>
    </p>
   </div>
   <div class='ocr_carea' id='block_1_103' title="bbox 494 5623 2075 5701">
    <p class='ocr_par' dir='ltr' id='par_1_103' title="bbox 494 5623 2075 5701">
     <span class='ocr_line' id='line_1_103' title="bbox 494 5623 2075 5701; baseline 0.003 -23"><span class='ocrx_word' id='word_1_842' title='bbox 494 5634 593 5689; x_wconf 84' lang='lat' dir='ltr'><strong>pro</strong></span> <span class='ocrx_word' id='word_1_843' title='bbox 639 5623 747 5680; x_wconf 91' lang='lat' dir='ltr'><strong>Deo</strong></span> <span class='ocrx_word' id='word_1_844' title='bbox 792 5624 999 5698; x_wconf 83' lang='lat' dir='ltr'><strong>perpeti</strong></span> <span class='ocrx_word' id='word_1_845' title='bbox 1042 5625 1331 5701; x_wconf 81' lang='lat' dir='ltr'><strong>refugiunt.</strong></span> <span class='ocrx_word' id='word_1_846' title='bbox 1374 5628 1557 5685; x_wconf 84' lang='lat' dir='ltr'><strong>Potest</strong></span> <span class='ocrx_word' id='word_1_847' title='bbox 1602 5639 1655 5685; x_wconf 90' lang='lat' dir='ltr'><strong>et</strong></span> <span class='ocrx_word' id='word_1_848' title='bbox 1698 5628 1857 5684; x_wconf 88' lang='lat' dir='ltr'><strong>aliter</strong></span> <span class='ocrx_word' id='word_1_849' title='bbox 1905 5628 2075 5698; x_wconf 88' lang='lat' dir='ltr'><strong>accipi</strong></span> 
     </span>
    </p>
   </div>
   <div class='ocr_carea' id='block_1_104' title="bbox 2174 4530 3757 4602">
    <p class='ocr_par' dir='ltr' id='par_1_104' title="bbox 2174 4530 3757 4602">
     <span class='ocr_line' id='line_1_104' title="bbox 2174 4530 3757 4602; baseline -0.002 -16"><span class='ocrx_word' id='word_1_850' title='bbox 2174 4531 2317 4586; x_wconf 88' lang='lat' dir='ltr'><strong>viam</strong></span> <span class='ocrx_word' id='word_1_851' title='bbox 2349 4530 2573 4586; x_wconf 89' lang='lat' dir='ltr'><strong>Domino</strong></span> <span class='ocrx_word' id='word_1_852' title='bbox 2601 4540 2889 4602; x_wconf 81' lang='lat' dir='ltr'><strong>praeparat,</strong></span> <span class='ocrx_word' id='word_1_853' title='bbox 2923 4531 2968 4587; x_wconf 90' lang='lat' dir='ltr'><strong>si</strong></span> <span class='ocrx_word' id='word_1_854' title='bbox 2994 4532 3233 4600; x_wconf 77' lang='lat' dir='ltr'><strong>expulsis</strong></span> <span class='ocrx_word' id='word_1_855' title='bbox 3263 4532 3332 4588; x_wconf 91' lang='lat' dir='ltr'><strong>de</strong></span> <span class='ocrx_word' id='word_1_856' title='bbox 3367 4533 3539 4587; x_wconf 84' lang='lat' dir='ltr'><strong>corde</strong></span> <span class='ocrx_word' id='word_1_857' title='bbox 3564 4547 3663 4588; x_wconf 87' lang='lat' dir='ltr'><strong>suo</strong></span> <span class='ocrx_word' id='word_1_858' title='bbox 3687 4531 3757 4584; x_wconf 85' lang='lat' dir='ltr'><strong>vi-</strong></span> 
     </span>
    </p>
   </div>
   <div class='ocr_carea' id='block_1_105' title="bbox 2177 4623 3754 4694">
    <p class='ocr_par' dir='ltr' id='par_1_105' title="bbox 2177 4623 3754 4694">
     <span class='ocr_line' id='line_1_105' title="bbox 2177 4623 3754 4694; baseline -0.001 -16"><span class='ocrx_word' id='word_1_859' title='bbox 2177 4623 2373 4679; x_wconf 90' lang='lat' dir='ltr'><strong>tiorum</strong></span> <span class='ocrx_word' id='word_1_860' title='bbox 2417 4623 2605 4694; x_wconf 74' lang='lat' dir='ltr'><strong>apinis,</strong></span> <span class='ocrx_word' id='word_1_861' title='bbox 2645 4624 2871 4679; x_wconf 88' lang='lat' dir='ltr'><strong>virtutes</strong></span> <span class='ocrx_word' id='word_1_862' title='bbox 2900 4624 2972 4679; x_wconf 86' lang='lat' dir='ltr'><strong>ibi</strong></span> <span class='ocrx_word' id='word_1_863' title='bbox 3010 4625 3221 4679; x_wconf 88' lang='lat' dir='ltr'><strong>inserit.</strong></span> <span class='ocrx_word' id='word_1_864' title='bbox 3252 4626 3417 4679; x_wconf 79' lang='lat' dir='ltr'><strong>Amen</strong></span> <span class='ocrx_word' id='word_1_865' title='bbox 3447 4625 3572 4680; x_wconf 86' lang='lat' dir='ltr'><strong>dico</strong></span> <span class='ocrx_word' id='word_1_866' title='bbox 3602 4625 3754 4685; x_wconf 74' lang='lat' dir='ltr'><strong>vobis,</strong></span> 
     </span>
    </p>
   </div>
   <div class='ocr_carea' id='block_1_106' title="bbox 2177 4713 3754 4785">
    <p class='ocr_par' dir='ltr' id='par_1_106' title="bbox 2177 4713 3754 4785">
     <span class='ocr_line' id='line_1_106' title="bbox 2177 4713 3754 4785; baseline -0.001 -18"><span class='ocrx_word' id='word_1_867' title='bbox 2177 4730 2279 4768; x_wconf 86' lang='lat' dir='ltr'><strong>non</strong></span> <span class='ocrx_word' id='word_1_868' title='bbox 2304 4715 2530 4770; x_wconf 67' lang='lat' dir='ltr'><strong>surrexit</strong></span> <span class='ocrx_word' id='word_1_869' title='bbox 2573 4714 2709 4769; x_wconf 83' lang='lat' dir='ltr'><strong>inter</strong></span> <span class='ocrx_word' id='word_1_870' title='bbox 2740 4723 2893 4770; x_wconf 83' lang='lat' dir='ltr'><strong>natos</strong></span> <span class='ocrx_word' id='word_1_871' title='bbox 2917 4714 3196 4769; x_wconf 83' lang='lat' dir='ltr'><strong>mulierum</strong></span> <span class='ocrx_word' id='word_1_872' title='bbox 3225 4715 3398 4785; x_wconf 87' lang='lat' dir='ltr'><strong>major</strong></span> <span class='ocrx_word' id='word_1_873' title='bbox 3423 4714 3639 4769; x_wconf 74' lang='lat' dir='ltr'><strong>Joanne</strong></span> <span class='ocrx_word' id='word_1_874' title='bbox 3658 4713 3754 4768; x_wconf 85' lang='lat' dir='ltr'><strong>Ba—</strong></span> 
     </span>
    </p>
   </div>
   <div class='ocr_carea' id='block_1_107' title="bbox 2177 4806 3757 4878">
    <p class='ocr_par' dir='ltr' id='par_1_107' title="bbox 2177 4806 3757 4878">
     <span class='ocr_line' id='line_1_107' title="bbox 2177 4806 3757 4878; baseline -0.002 -18"><span class='ocrx_word' id='word_1_875' title='bbox 2177 4807 2354 4876; x_wconf 85' lang='lat' dir='ltr'><strong>ptista.</strong></span> <span class='ocrx_word' id='word_1_876' title='bbox 2381 4806 2554 4878; x_wconf 84' lang='lat' dir='ltr'><strong>Digne</strong></span> <span class='ocrx_word' id='word_1_877' title='bbox 2575 4807 2903 4863; x_wconf 85' lang='lat' dir='ltr'><strong>laudationis</strong></span> <span class='ocrx_word' id='word_1_878' title='bbox 2919 4808 3190 4878; x_wconf 67' lang='lat' dir='ltr'><strong>praeconio</strong></span> <span class='ocrx_word' id='word_1_879' title='bbox 3216 4808 3477 4865; x_wconf 87' lang='lat' dir='ltr'><strong>Dominus</strong></span> <span class='ocrx_word' id='word_1_880' title='bbox 3501 4809 3757 4865; x_wconf 82' lang='lat' dir='ltr'><strong>Joannem</strong></span> 
     </span>
    </p>
   </div>
   <div class='ocr_carea' id='block_1_108' title="bbox 2179 4896 3766 4968">
    <p class='ocr_par' dir='ltr' id='par_1_108' title="bbox 2179 4896 3766 4968">
     <span class='ocr_line' id='line_1_108' title="bbox 2179 4896 3766 4968; baseline -0.001 -15"><span class='ocrx_word' id='word_1_881' title='bbox 2179 4898 2403 4964; x_wconf 78' lang='lat' dir='ltr'><strong>extulit,</strong></span> <span class='ocrx_word' id='word_1_882' title='bbox 2434 4898 2651 4968; x_wconf 87' lang='lat' dir='ltr'><strong>quando</strong></span> <span class='ocrx_word' id='word_1_883' title='bbox 2697 4898 2906 4954; x_wconf 88' lang='lat' dir='ltr'><strong>meritis</strong></span> <span class='ocrx_word' id='word_1_884' title='bbox 2949 4898 3214 4968; x_wconf 66' lang='lat' dir='ltr'><strong>aequalem</strong></span> <span class='ocrx_word' id='word_1_885' title='bbox 3269 4899 3524 4955; x_wconf 85' lang='lat' dir='ltr'><strong>omnibus</strong></span> <span class='ocrx_word' id='word_1_886' title='bbox 3568 4896 3766 4955; x_wconf 81' lang='lat' dir='ltr'><strong>sanctis</strong></span> 
     </span>
    </p>
   </div>
   <div class='ocr_carea' id='block_1_109' title="bbox 2179 4990 3769 5062">
    <p class='ocr_par' dir='ltr' id='par_1_109' title="bbox 2179 4990 3769 5062">
     <span class='ocr_line' id='line_1_109' title="bbox 2179 4990 3769 5062; baseline -0.006 -14"><span class='ocrx_word' id='word_1_887' title='bbox 2179 5006 2298 5048; x_wconf 88' lang='lat' dir='ltr'><strong>esse</strong></span> <span class='ocrx_word' id='word_1_888' title='bbox 2324 4992 2475 5047; x_wconf 84' lang='lat' dir='ltr'><strong>dixit.</strong></span> <span class='ocrx_word' id='word_1_889' title='bbox 2511 4990 2626 5047; x_wconf 86' lang='lat' dir='ltr'><strong>Non</strong></span> <span class='ocrx_word' id='word_1_890' title='bbox 2658 5001 2744 5048; x_wconf 87' lang='lat' dir='ltr'><strong>est</strong></span> <span class='ocrx_word' id='word_1_891' title='bbox 2770 4991 3068 5062; x_wconf 87' lang='lat' dir='ltr'><strong>putandum</strong></span> <span class='ocrx_word' id='word_1_892' title='bbox 3109 4993 3338 5048; x_wconf 86' lang='lat' dir='ltr'><strong>Domino</strong></span> <span class='ocrx_word' id='word_1_893' title='bbox 3380 4992 3510 5047; x_wconf 86' lang='lat' dir='ltr'><strong>Jesu</strong></span> <span class='ocrx_word' id='word_1_894' title='bbox 3554 4992 3769 5049; x_wconf 79' lang='lat' dir='ltr'><strong>Christo</strong></span> 
     </span>
    </p>
   </div>
   <div class='ocr_carea' id='block_1_110' title="bbox 2182 5081 3767 5153">
    <p class='ocr_par' dir='ltr' id='par_1_110' title="bbox 2182 5081 3767 5153">
     <span class='ocr_line' id='line_1_110' title="bbox 2182 5081 3767 5153; baseline -0.003 -14"><span class='ocrx_word' id='word_1_895' title='bbox 2182 5082 2328 5139; x_wconf 90' lang='lat' dir='ltr'><strong>illum</strong></span> <span class='ocrx_word' id='word_1_896' title='bbox 2352 5097 2471 5138; x_wconf 88' lang='lat' dir='ltr'><strong>esse</strong></span> <span class='ocrx_word' id='word_1_897' title='bbox 2499 5091 2893 5153; x_wconf 86' lang='lat' dir='ltr'><strong>comparatum,</strong></span> <span class='ocrx_word' id='word_1_898' title='bbox 2918 5083 3045 5152; x_wconf 87' lang='lat' dir='ltr'><strong>quia</strong></span> <span class='ocrx_word' id='word_1_899' title='bbox 3072 5082 3331 5139; x_wconf 84' lang='lat' dir='ltr'><strong>Dominus</strong></span> <span class='ocrx_word' id='word_1_900' title='bbox 3356 5090 3546 5139; x_wconf 84' lang='lat' dir='ltr'><strong>noster</strong></span> <span class='ocrx_word' id='word_1_901' title='bbox 3572 5097 3681 5137; x_wconf 86' lang='lat' dir='ltr'><strong>non</strong></span> <span class='ocrx_word' id='word_1_902' title='bbox 3707 5081 3767 5135; x_wconf 77' lang='lat' dir='ltr'><strong>de</strong></span> 
     </span>
    </p>
   </div>
   <div class='ocr_carea' id='block_1_111' title="bbox 2182 5173 3767 5246">
    <p class='ocr_par' dir='ltr' id='par_1_111' title="bbox 2182 5173 3767 5246">
     <span class='ocr_line' id='line_1_111' title="bbox 2182 5173 3767 5246; baseline -0.004 -16"><span class='ocrx_word' id='word_1_903' title='bbox 2182 5174 2425 5239; x_wconf 89' lang='lat' dir='ltr'><strong>muliere,</strong></span> <span class='ocrx_word' id='word_1_904' title='bbox 2455 5174 2546 5229; x_wconf 88' lang='lat' dir='ltr'><strong>sed</strong></span> <span class='ocrx_word' id='word_1_905' title='bbox 2572 5174 2640 5229; x_wconf 87' lang='lat' dir='ltr'><strong>de</strong></span> <span class='ocrx_word' id='word_1_906' title='bbox 2664 5174 2875 5246; x_wconf 86' lang='lat' dir='ltr'><strong>virgine</strong></span> <span class='ocrx_word' id='word_1_907' title='bbox 2902 5181 3061 5229; x_wconf 85' lang='lat' dir='ltr'><strong>natus</strong></span> <span class='ocrx_word' id='word_1_908' title='bbox 3087 5181 3192 5229; x_wconf 87' lang='lat' dir='ltr'><strong>est.</strong></span> <span class='ocrx_word' id='word_1_909' title='bbox 3225 5173 3505 5244; x_wconf 85' lang='lat' dir='ltr'><strong>Sequitur.</strong></span> <span class='ocrx_word' id='word_1_910' title='bbox 3532 5174 3643 5240; x_wconf 80' lang='lat' dir='ltr'><strong>Qui</strong></span> <span class='ocrx_word' id='word_1_911' title='bbox 3674 5189 3767 5225; x_wconf 78' lang='lat' dir='ltr'><strong>au-</strong></span> 
     </span>
    </p>
   </div>
   <div class='ocr_carea' id='block_1_112' title="bbox 2178 5262 3769 5335">
    <p class='ocr_par' dir='ltr' id='par_1_112' title="bbox 2178 5262 3769 5335">
     <span class='ocr_line' id='line_1_112' title="bbox 2178 5262 3769 5335; baseline -0.002 -15"><span class='ocrx_word' id='word_1_912' title='bbox 2178 5276 2279 5321; x_wconf 86' lang='lat' dir='ltr'><strong>tem</strong></span> <span class='ocrx_word' id='word_1_913' title='bbox 2305 5268 2476 5322; x_wconf 85' lang='lat' dir='ltr'><strong>minor</strong></span> <span class='ocrx_word' id='word_1_914' title='bbox 2514 5275 2589 5320; x_wconf 88' lang='lat' dir='ltr'><strong>est</strong></span> <span class='ocrx_word' id='word_1_915' title='bbox 2625 5266 2679 5319; x_wconf 85' lang='lat' dir='ltr'><strong>in</strong></span> <span class='ocrx_word' id='word_1_916' title='bbox 2716 5282 2873 5335; x_wconf 87' lang='lat' dir='ltr'><strong>regno</strong></span> <span class='ocrx_word' id='word_1_917' title='bbox 2903 5265 3167 5328; x_wconf 65' lang='lat' dir='ltr'><strong>caelorum,</strong></span> <span class='ocrx_word' id='word_1_918' title='bbox 3208 5282 3386 5335; x_wconf 78' lang='lat' dir='ltr'><strong>major</strong></span> <span class='ocrx_word' id='word_1_919' title='bbox 3408 5275 3483 5321; x_wconf 83' lang='lat' dir='ltr'><strong>est</strong></span> <span class='ocrx_word' id='word_1_920' title='bbox 3525 5264 3646 5319; x_wconf 80' lang='lat' dir='ltr'><strong>illo.</strong></span> <span class='ocrx_word' id='word_1_921' title='bbox 3672 5262 3769 5317; x_wconf 59' lang='grc' dir='ltr'><strong>ιω-</strong></span> 
     </span>
    </p>
   </div>
   <div class='ocr_carea' id='block_1_113' title="bbox 2180 5354 3770 5427">
    <p class='ocr_par' dir='ltr' id='par_1_113' title="bbox 2180 5354 3770 5427">
     <span class='ocr_line' id='line_1_113' title="bbox 2180 5354 3770 5427; baseline 0 -18"><span class='ocrx_word' id='word_1_922' title='bbox 2180 5371 2343 5427; x_wconf 85' lang='lat' dir='ltr'><strong>gnum</strong></span> <span class='ocrx_word' id='word_1_923' title='bbox 2389 5355 2648 5412; x_wconf 63' lang='lat' dir='ltr'><strong>cnalorum</strong></span> <span class='ocrx_word' id='word_1_924' title='bbox 2695 5356 2783 5411; x_wconf 87' lang='lat' dir='ltr'><strong>hic</strong></span> <span class='ocrx_word' id='word_1_925' title='bbox 2836 5354 3075 5412; x_wconf 86' lang='lat' dir='ltr'><strong>Ecclesia</strong></span> <span class='ocrx_word' id='word_1_926' title='bbox 3129 5354 3447 5427; x_wconf 86' lang='lat' dir='ltr'><strong>intelligitur</strong></span> <span class='ocrx_word' id='word_1_927' title='bbox 3493 5370 3508 5409; x_wconf 93' lang='lat'><strong>:</strong></span> <span class='ocrx_word' id='word_1_928' title='bbox 3567 5355 3623 5409; x_wconf 89' lang='lat' dir='ltr'><strong>in</strong></span> <span class='ocrx_word' id='word_1_929' title='bbox 3671 5365 3770 5422; x_wconf 71' lang='lat' dir='ltr'><strong>qua</strong></span> 
     </span>
    </p>
   </div>
   <div class='ocr_carea' id='block_1_114' title="bbox 2180 5444 3770 5513">
    <p class='ocr_par' dir='ltr' id='par_1_114' title="bbox 2180 5444 3770 5513">
     <span class='ocr_line' id='line_1_114' title="bbox 2180 5444 3770 5513; baseline -0.002 -11"><span class='ocrx_word' id='word_1_930' title='bbox 2180 5447 2431 5503; x_wconf 85' lang='lat' dir='ltr'><strong>Christus</strong></span> <span class='ocrx_word' id='word_1_931' title='bbox 2465 5456 2590 5503; x_wconf 89' lang='lat' dir='ltr'><strong>tunc</strong></span> <span class='ocrx_word' id='word_1_932' title='bbox 2636 5448 2863 5503; x_wconf 84' lang='lat' dir='ltr'><strong>minoris</strong></span> <span class='ocrx_word' id='word_1_933' title='bbox 2908 5446 3063 5505; x_wconf 79' lang='lat' dir='ltr'><strong>fama:</strong></span> <span class='ocrx_word' id='word_1_934' title='bbox 3103 5446 3426 5513; x_wconf 83' lang='lat' dir='ltr'><strong>habebatur,</strong></span> <span class='ocrx_word' id='word_1_935' title='bbox 3462 5446 3562 5501; x_wconf 84' lang='lat' dir='ltr'><strong>sed</strong></span> <span class='ocrx_word' id='word_1_936' title='bbox 3602 5444 3770 5513; x_wconf 76' lang='lat' dir='ltr'><strong>major</strong></span> 
     </span>
    </p>
   </div>
   <div class='ocr_carea' id='block_1_115' title="bbox 2181 5530 3774 5602">
    <p class='ocr_par' dir='ltr' id='par_1_115' title="bbox 2181 5530 3774 5602">
     <span class='ocr_line' id='line_1_115' title="bbox 2181 5530 3774 5602; baseline -0.003 -11"><span class='ocrx_word' id='word_1_937' title='bbox 2181 5546 2301 5592; x_wconf 84' lang='lat' dir='ltr'><strong>erat</strong></span> <span class='ocrx_word' id='word_1_938' title='bbox 2325 5537 2413 5591; x_wconf 92' lang='lat' dir='ltr'><strong>illo</strong></span> <span class='ocrx_word' id='word_1_939' title='bbox 2438 5537 2737 5602; x_wconf 87' lang='lat' dir='ltr'><strong>divinitate,</strong></span> <span class='ocrx_word' id='word_1_940' title='bbox 2767 5535 2852 5591; x_wconf 90' lang='lat' dir='ltr'><strong>vel</strong></span> <span class='ocrx_word' id='word_1_941' title='bbox 2879 5535 2984 5591; x_wconf 87' lang='lat' dir='ltr'><strong>alio</strong></span> <span class='ocrx_word' id='word_1_942' title='bbox 3010 5536 3191 5591; x_wconf 89' lang='lat' dir='ltr'><strong>modo.</strong></span> <span class='ocrx_word' id='word_1_943' title='bbox 3214 5534 3405 5592; x_wconf 87' lang='lat' dir='ltr'><strong>Omnis</strong></span> <span class='ocrx_word' id='word_1_944' title='bbox 3433 5544 3662 5591; x_wconf 82' lang='lat' dir='ltr'><strong>sanctus</strong></span> <span class='ocrx_word' id='word_1_945' title='bbox 3684 5530 3774 5599; x_wconf 79' lang='lat' dir='ltr'><strong>qui</strong></span> 
     </span>
    </p>
   </div>
   <div class='ocr_carea' id='block_1_116' title="bbox 2177 5624 3779 5701">
    <p class='ocr_par' dir='ltr' id='par_1_116' title="bbox 2177 5624 3779 5701">
     <span class='ocr_line' id='line_1_116' title="bbox 2177 5624 3779 5701; baseline 0.004 -26"><span class='ocrx_word' id='word_1_946' title='bbox 2177 5625 2291 5698; x_wconf 68' lang='lat' dir='ltr'><strong>jam</strong></span> <span class='ocrx_word' id='word_1_947' title='bbox 2336 5630 2678 5701; x_wconf 85' lang='lat' dir='ltr'><strong>corruptione</strong></span> <span class='ocrx_word' id='word_1_948' title='bbox 2708 5629 2887 5685; x_wconf 87' lang='lat' dir='ltr'><strong>carnis</strong></span> <span class='ocrx_word' id='word_1_949' title='bbox 2929 5628 3236 5692; x_wconf 86' lang='lat' dir='ltr'><strong>transierat,</strong></span> <span class='ocrx_word' id='word_1_950' title='bbox 3288 5626 3463 5695; x_wconf 81' lang='lat' dir='ltr'><strong>major</strong></span> <span class='ocrx_word' id='word_1_951' title='bbox 3488 5635 3615 5683; x_wconf 83' lang='lat' dir='ltr'><strong>erat</strong></span> <span class='ocrx_word' id='word_1_952' title='bbox 3661 5624 3779 5681; x_wconf 74' lang='lat' dir='ltr'><strong>illo.</strong></span> 
     </span>
    </p>
   </div>
  </div>
