3988 6186
306 348 444 406 1357

1435 329 1810 398 EXPOSl'IIO
1846 341 1916 397 IN
1952 340 2386 400 MATTHJEUM.

3427 341 3563 398 ηδε

302 463 428 534 quis
469 460 647 516 adhuc
687 460 741 514 in
787 458 975 531 praelio
1013 458 1212 523 stabat,
1245 463 1300 512 et
1342 450 1676 524 corruptibili
1720 470 1885 512 carne
1913 468 1961 527 Α
1981 453 2126 510 bona
2156 471 2319 525 opera
2351 456 2620 519 faceretis,
2648 464 2701 511 ct
2731 456 3003 511 saltaretis
3034 457 3100 511 ad
3124 464 3369 512 nostram
3401 457 3566 511 melo-

303 552 524 608 indutus
547 558 665 605 erat
695 567 708 602 :
739 557 1023 619 propterea
1049 554 1228 617 potest
1253 555 1400 602 recte
1437 542 1662 614 intelligi
1695 544 1760 600 de
1794 544 1884 599 illo

300 643 415 713 qui,
445 640 693 713 quamvis
731 639 941 695 meritis
964 653 1163 708 parvus
1191 645 1356 703 esset,
1396 635 1522 690 inde
1551 641 1730 689 tamen
1756 636 1883 703 quia

296 737 408 807 iam
442 731 843 802 corruptionem
868 730 1053 785 carnis
1075 737 1450 782 transeensam
1478 726 1733 788 habebat,
1773 742 1884 779 ma-

298 826 384 895 ior
410 824 617 881 Joanne
637 830 777 886 erat,
804 821 917 891 qui,
950 821 1005 874 in
1034 835 1197 875 carne
1225 819 1451 891 positus,
1482 833 1708 887 peccare
1736 828 1886 887 pote-

302 924 387 967 rat
408 922 464 968 et
485 911 736 966 amittere
760 910 989 981 gratiam
1024 909 1138 972 Dei,
1171 915 1454 979 propterea
1481 907 1653 977 major
1681 906 1770 960 ille
1796 906 1885 960 illo

297 1011 436 1057 erat.
483 1004 524 1054 Α
574 1000 755 1054 diebus
799 1008 973 1054 autem
1020 999 1246 1053 loorvtis
1291 1014 1452 1069 usque
1491 1013 1629 1051 nunc
1670 1013 1885 1067 regnum

300 1092 547 1147 caelorum
583 1092 683 1145 vim
722 1090 941 1161 patitur.
990 1089 1125 1157 Quia
1168 1089 1283 1158 ipse
1328 1088 1535 1157 primus
1578 1086 1889 1157 praedicavit

300 1180 428 1251 quia
456 1178 909 1251 appropinquahit
929 1193 1154 1249 regnum
1181 1178 1466 1243 cmlorum,
1491 1186 1547 1232 et
1571 1177 1661 1247 qui
1691 1176 1889 1231 vellent

299 1271 675 1342 paenitentiam
699 1268 883 1340 agere,
914 1276 1122 1339 pateret
1144 1268 1225 1323 eis
1252 1268 1449 1323 aditus.
1474 1267 1682 1322 Exinde
1709 1280 1887 1338 caepe-

301 1369 431 1415 runt
461 1358 733 1430 publicani
762 1368 817 1412 et
843 1365 1178 1428 peccatores,
1209 1358 1301 1427 qui
1344 1356 1490 1429 digni
1534 1365 1689 1411 erant
1717 1363 1888 1411 morte

298 1465 402 1521 pro
428 1449 541 1505 suis
568 1448 868 1513 fraudibus,
898 1462 1058 1519 agere
1087 1448 1458 1518 paenitentiam
1488 1456 1543 1501 et
1567 1448 1809 1518 aspirare
1832 1448 1886 1501 in

298 1559 468 1616 regno
489 1543 604 1597 Dei.
636 1541 705 1596 Et
735 1541 944 1596 violenti
970 1541 1181 1611 rapiunt
1208 1539 1360 1594 illud.
1392 1539 1495 1595 Per
1518 1538 1886 1609 paenitentiam

298 1636 607 1694 eﬂiciuutur
641 1634 788 1704 digni
813 1633 975 1697 coelo,
1003 1633 1094 1702 qui
1121 1630 1337 1687 fuerant
1364 1631 1510 1701 digni
1538 1628 1770 1686 inferno.
1792 1628 1889 1684 Vel

297 1726 465 1781 etiam
487 1724 708 1797 grandis
742 1723 996 1779 violentia
1024 1728 1108 1777 est
1132 1731 1190 1776 ut
1218 1721 1400 1785 homo,
1421 1720 1514 1790 qui
1540 1720 1590 1774 in
1623 1727 1768 1774 terra
1795 1732 1889 1772 na-

1984 547 2148 612 diam,
2181 554 2320 601 sicut
2341 546 2557 601 saltavit
2588 547 2752 601 David
2779 555 2903 602 ante
2929 562 3112 602 arcam
3138 547 3366 612 Domini,
3390 555 3444 601 ct
3471 564 3563 601 no-

1984 634 2178 689 luistis.
2226 634 2381 690 Unde
2427 650 2565 688 unus
2606 649 2669 688 ex
2704 634 2783 687 eis
2812 634 3066 689 diccbat:
3106 633 3340 689 Cantabo
3378 634 3566 688 dilecto

1986 741 2096 778 meo
2117 725 2375 779 canticum
2399 723 2652 794 patruelis
2678 724 2778 775 mei
2806 725 2963 778 einea’
2985 740 3114 777 sum.
3482 724 3485 725 ⁷

2055 832 2475 889 Lamentavimus
2521 835 2692 900 vobis,
2727 843 2786 888 ut
2823 850 2919 891 vos
2944 836 3009 888 ad
3039 837 3407 906 ptenitentiam
3441 852 3567 907 pro-

1984 938 2323 987 vocaremus,
2354 933 2407 977 et
2443 939 2543 978 nec
2574 925 2675 978 hoc
2716 922 2895 979 facere
2930 924 3207 990 voluistis,
3250 935 3568 995 spernentes

1986 1024 2297 1085 utrumque,
2320 1022 2374 1068 et
2399 1014 2854 1078 exhortationem,
2882 1022 2934 1067 et
2955 1014 3330 1083 paenitentiam
3354 1015 3421 1070 de
3445 1030 3569 1086 pec-

1985 1105 2123 1160 catis
2160 1105 2372 1160 vestris.
2421 1103 2576 1159 Unde
2622 1112 2679 1159 et
2721 1103 2988 1160 Jeremias
3025 1105 3266 1159 dicebat:
3295 1106 3573 1162 Deducam

1985 1197 2127 1252 oculi
2156 1195 2261 1251 mei
2306 1194 2574 1265 lacrymas
2604 1208 2702 1264 per
2730 1195 2871 1250 diem
2904 1203 2958 1250 et
2995 1203 3232 1261 noctem,
3262 1203 3315 1250 et
3349 1210 3454 1251 non
3490 1205 3573 1252 ta-

1989 1297 2164 1355 ceant,
2191 1287 2447 1358 quoniam
2477 1287 2801 1342 contritione
2822 1302 3011 1357 magna
3040 1287 3275 1342 contrita
3307 1295 3394 1343 est
3421 1288 3571 1359 virgo

1988 1381 2097 1435 ﬁlia
2142 1379 2323 1451 populi
2368 1380 2498 1443 mei,
2524 1379 2678 1448 plaga
2719 1380 2955 1449 pessima
2989 1380 3358 1436 vehementer.
3397 1378 3570 1437 Simili

1987 1472 2149 1527 modo
2174 1486 2333 1525 nunc.
2361 1467 2510 1525 Venit
2529 1471 2666 1524 enim
2687 1471 2919 1525 Joannes
2948 1488 3110 1541 neque
3133 1471 3459 1527 manducans
3480 1488 3572 1527 ne—

1987 1578 2087 1633 que
2127 1561 2320 1626 bibens,
2355 1569 2402 1615 et
2436 1561 2616 1614 dicunt
2645 1572 2663 1612 :
2697 1559 3025 1615 Dcrmonium
3044 1561 3225 1626 liabet,
3270 1562 3574 1633 exemplum

1964 1653 2140 1707 vobis
2158 1652 2405 1722 prtebens
2434 1650 2795 1715 abstinentiae,
2824 1664 2927 1704 nec
2960 1649 3117 1704 illum
3164 1650 3377 1706 imitare
3403 1650 3575 1707 volui-

1990 1742 2110 1797 stis.
2138 1742 2270 1798 Veni
2295 1756 2425 1811 ergo
2465 1739 2796 1795 manducans
2834 1747 2890 1796 et
2930 1739 3119 1796 bibens
3153 1740 3464 1807 vobiscum,
3513 1750 3575 1795 ut

298 1824 388 1869 tus
411 1821 517 1878 est,
559 1812 758 1868 emlum
792 1810 922 1866 velit
955 1810 1252 1880 possidere.
1294 1808 1401 1863 Sed
1442 1817 1621 1864 tamen
1654 1808 1771 1863 luec
1807 1815 1892 1863 est

1997 1833 2127 1888 lucri
2163 1848 2261 1888 vos
2301 1831 2569 1897 facerem;
2607 1848 2713 1888 non
2748 1831 2923 1887 solum
2968 1847 3077 1888 non
3125 1847 3215 1888 me
3253 1831 3572 1898 obaudistis,

296 1903 673 1959 misericordia
720 1901 838 1956 Dei.
875 1900 1078 1957 Omnes
1104 1900 1247 1955 enim
1295 1898 1572 1969 propheta:
1596 1906 1653 1952 et
1683 1897 1767 1953 lex
1798 1912 1889 1953 us-

295 2010 403 2065 que
430 1995 497 2049 ad
528 1992 795 2049 Joannem
824 1993 1307 2063 prophetaverunt.
1339 1989 1476 2056 Quia
1500 1987 1760 2058 quidquid
1802 1986 1889 2042 lex

296 2096 353 2140 et
379 2085 657 2156 propheta:
695 2085 762 2139 de
802 2082 1018 2139 Christo
1064 2082 1559 2152 prophetaverunt,
1604 2088 1888 2149 postquam

295 2177 416 2247 ipse
447 2175 595 2230 venit
617 2173 884 2244 completa
915 2180 1083 2228 sunt:
1112 2180 1400 2241 prepterea
1429 2185 1535 2225 non
1583 2169 1891 2225 habuerunt

222 2264 227 2271 ’
296 2265 441 2320 ultra
480 2264 732 2320 ollicium.
770 2263 906 2330 Quia
943 2271 1229 2332 postquam
1279 2277 1374 2316 rex
1423 2261 1590 2328 venit,
1614 2275 1891 2331 praecones

295 2355 484 2410 silent.
521 2354 809 2425 Sequitur:
835 2353 903 2407 Et
944 2354 991 2407 si
1034 2352 1189 2408 vultis
1224 2354 1470 2422 recipere,
1499 2361 1576 2406 est
1616 2350 1767 2406 Elius
1800 2352 1890 2422 qui

295 2460 547 2504 venturus
568 2459 665 2503 est.
694 2448 752 2503 In
782 2447 889 2503 alio
910 2447 1030 2503 loco
1058 2446 1424 2516 interrogatus
1446 2443 1684 2500 Joannes
1708 2444 1751 2498 si
1776 2445 1890 2514 ipse

294 2550 443 2597 esset
472 2540 638 2606 Elias,
669 2540 950 2610 respondit
973 2555 1033 2595 se
1062 2553 1169 2594 non
1197 2550 1345 2602 esse,
1380 2545 1435 2591 et
1457 2551 1601 2591 nunc
1630 2535 1892 2591 Dominus

295 2633 431 2688 dicit
457 2633 585 2702 quia
616 2632 727 2702 ipse
759 2639 863 2685 est.
893 2629 1151 2702 Nunquid
1170 2628 1274 2685 sibi
1296 2627 1556 2683 contrarii
1584 2628 1747 2683 sunt?
1772 2626 1889 2682 Non

290 2723 534 2778 Joannes
559 2723 734 2778 turbis
757 2721 968 2777 stolidis
990 2721 1059 2776 de
1083 2732 1310 2789 corpore
1334 2734 1434 2774 suo
1456 2719 1593 2775 dixit
1610 2718 1754 2789 quod
1782 2734 1889 2773 non

294 2823 444 2872 esset
488 2815 635 2870 Elias
667 2831 682 2867 :
718 2813 978 2868 Dominus
1023 2821 1208 2889 autem
1254 2820 1442 2866 noster
1488 2809 1555 2864 de
1599 2808 1793 2879 spiritu
1837 2816 1893 2861 et

293 2905 657 2963 similitudine
679 2902 905 2959 Joannis
933 2903 1212 2974 discipulis
1238 2902 1351 2957 suis
1380 2900 1711 2971 spiritalibus
1736 2899 1892 2971 spiri-

296 3004 485 3058 taliter
516 3000 726 3056 locutus
769 3006 875 3066 est,
902 2998 1048 3070 quod
1090 2996 1328 3052 Joannes
1357 2996 1410 3051 in
1450 2994 1644 3067 Spiritu
1672 3001 1730 3049 et
1765 3008 1893 3065 ope-

296 3094 514 3149 ratione
554 3091 704 3146 Elias
747 3099 912 3157 esset,
952 3090 1080 3161 quia
1108 3090 1249 3145 sicut
1282 3088 1427 3143 Elias
1457 3087 1754 3143 secundum
1780 3086 1893 3141 Do-

1990 1927 2086 1982 scd
2115 1925 2280 1981 etiam
2323 1924 2638 1980 detraxistis
2673 1925 2915 1981 dicentes
2946 1942 2959 1978 :
2994 1923 3129 1979 Ecce
3163 1924 3317 1979 homo
3344 1939 3507 1978 vorax
3526 1932 3575 1978 et

1989 2025 2202 2087 potator
2243 2015 2386 2080 vini,
2435 2013 2837 2085 publicanorum
2881 2025 2929 2069 et
2971 2022 3303 2085 peccatorum
3351 2013 3572 2067 amicus.

1991 2104 2126 2172 Quia
2166 2118 2266 2176 ego
2304 2118 2428 2160 cum
2462 2102 2766 2174 publicanis
2795 2111 2852 2158 et
2876 2102 3251 2174 peccatoribus
3281 2101 3401 2157 ideo
3424 2117 3578 2156 man-

1992 2196 2280 2261 ducabam,
2327 2201 2388 2249 ut
2430 2193 2559 2248 dum
2599 2196 2669 2249 ab
2706 2194 2787 2249 eis
2824 2193 3123 2265 acciperem
3152 2207 3470 2263 corporeum
3500 2192 3578 2248 ci-

1990 2288 2140 2351 bum,
2164 2286 2268 2357 ipsi
2297 2300 2327 2340 a
2355 2300 2444 2341 me
2475 2284 2785 2355 acciperent
2817 2282 3137 2355 spiritalem.
3170 2282 3355 2337 Graece
3386 2282 3577 2338 melius

1990 2385 2147 2434 sonat
2190 2376 2495 2448 oinopotios
2543 2375 2847 2438 οἱνοπώτλος
2894 2372 3227 2448 [οἰνοπότης]
3276 2390 3438 2444 quam
3466 2373 3578 2428 :La-

1993 2469 2134 2534 tiue,
2177 2468 2303 2538 quia
2332 2466 2520 2524 Graece
2564 2465 2675 2521 vini
2718 2473 2910 2535 potens
2954 2477 3130 2530 sonat,
3152 2463 3350 2518 Latine
3372 2462 3578 2518 bibitor

1992 2560 2123 2614 vini.
2169 2557 2282 2614 Nec
2325 2555 2763 2628 improperabant
2811 2554 2861 2611 ei
2914 2554 3059 2625 quod
3103 2553 3287 2606 vinum
3336 2550 3576 2619 biberet,

1990 2650 2133 2720 quod
2154 2665 2264 2704 non
2284 2655 2369 2704 est
2392 2647 2581 2703 vitium
2612 2646 2657 2702 si
2683 2644 2963 2700 moderate
2988 2649 3232 2713 potetur;
3256 2641 3349 2697 sed
3378 2641 3579 2712 impro-

1990 2741 2256 2811 perahant
2283 2739 2332 2794 ei
2371 2739 2513 2809 quod
2554 2744 2750 2808 potens
2784 2742 2930 2791 esset
2958 2734 3026 2789 ad
3052 2733 3343 2789 bibendum
3369 2730 3575 2786 vinum.

1991 2829 2147 2898 Quod
2164 2837 2361 2884 'tamcn
2401 2828 2455 2881 in
2482 2826 2712 2883 Domino
2741 2822 3081 2880 mendaciter
3117 2820 3582 2891 reprehendebant

1991 2932 2048 2979 et
2074 2921 2529 2993 improperahant,
2575 2919 2718 2975 sicut
2753 2924 2809 2973 et
2833 2916 3058 2987 reliqua,
3092 2914 3219 2984 quia
3250 2914 3454 2983 absque
3483 2912 3581 2967 du-

1993 3015 2082 3071 bio
2110 3014 2245 3070 etin
2291 3012 2412 3068 cibo
2455 3019 2509 3066 et
2549 3011 2602 3065 in
2648 3017 2801 3081 potu,
2833 3023 2897 3064 ac
2925 3008 2979 3063 in
3006 3005 3228 3077 reliquis
3256 3003 3580 3060 necessariis

1994 3107 2247 3162 humanae
2285 3104 2470 3160 carnis
2500 3101 2716 3157 modum
2747 3114 2854 3155 non
2890 3097 3143 3154 excessit.
3175 3094 3245 3149 Et
3275 3093 3579 3166 justiﬁcata

298 3184 432 3238 ιιιίιιί
462 3183 751 3237 alimmum
777 3181 1088 3250 Ρτίενθηίθίν
1111 3181 1187 3234 in
1214 3180 1316 3251 ίδιθ
1332 3178 1594 3250 Ρνπνθηίι
1612 3178 1884 3248 Primum;
1916 3168 1959 3231 (ἶ
1991 3205 2067 3252 est
2093 3197 2347 3269 sapientia
2374 3212 2406 3248 a
2430 3193 2558 3263 ﬁliis
2586 3192 2717 3247 suis.
2744 3189 2804 3245 ld
2829 3198 2933 3255 est,
2964 3188 3077 3259 Ego
3105 3186 3197 3257 qui
3224 3200 3344 3242 sum
3369 3184 3582 3255 sapien-

297 3276 443 3330 sicnt
471 3273 561 3329 ille
590 3281 863 3328 austeram
890 3271 1057 3325 vitam
1080 3271 1282 3325 ducens
1304 3270 1434 3325 etin
1469 3268 1614 3324 victu
1644 3276 1700 3324 et
1733 3269 1786 3322 in
1812 3275 1891 3323 te-

296 3364 591 3437 gumentis,
623 3362 1052 3433 persecutionem
1101 3376 1295 3431 passus
1327 3368 1413 3416 est
1442 3360 1511 3415 ab
1546 3359 1733 3414 Achab
1765 3371 1891 3430 rege

299 3464 361 3510 et
400 3453 616 3510 Jezabcl
663 3453 847 3525 regina
892 3466 992 3522 pro
1035 3452 1150 3506 zelo
1196 3452 1374 3507 cultus
1413 3451 1530 3517 Dei,
1576 3451 1653 3505 ita
1687 3451 1790 3505 iste
1825 3463 1891 3504 eo

302 3562 459 3603 nwre
507 3547 695 3602 vivens
763 3544 1026 3600 sustinuit
1072 3543 1512 3614 persecutionem
1564 3542 1794 3599 Herodis
1837 3548 1895 3598 et

296 3640 626 3696 Jlerodiadis
644 3639 766 3694 zelo
793 3638 925 3711 legis
952 3638 1147 3694 divina:
1173 3653 1345 3708 usque
1369 3636 1459 3709 [ad
1487 3637 1762 3710 mortem].
1789 3638 1892 3705 Qui

301 3729 461 3784 habet
514 3745 667 3784 aures
705 3729 977 3795 audiendi,
1018 3728 1222 3782 audiat.
1270 3726 1590 3797 Ubicunque
1635 3728 1895 3783 Dominus

296 3823 451 3879 hanc
497 3821 790 3877 clausulam
842 3819 1147 3890 subiungit,
1204 3820 1443 3874 intentos
1487 3817 1763 3873 auditores
1826 3817 1892 3873 ad

300 3910 603 3981 spiritalem
650 3910 979 3966 intellectum
1031 3918 1307 3978 provocat.
1354 3910 1554 3965 Omnes
1607 3907 1752 3964 enim
1795 3923 1891 3963 au-

302 4018 399 4059 res
425 4002 690 4071 corporis,
719 4001 813 4071 qui
852 4016 976 4055 eum
1014 4000 1325 4067 audiebant,
1352 4001 1642 4067 habebant,
1669 3999 1762 4055 sed
1793 4015 1892 4054 au-

298 4108 398 4148 res
429 4093 606 4148 cordis
644 4091 971 4161 requirebat,
1003 4091 1201 4160 quibus
1240 4090 1343 4146 ista
1383 4091 1616 4156 dicebat,
1659 4098 1722 4145 ut
1748 4089 1897 4145 vide-

294 4185 441 4239 licet
471 4192 524 4238 et
553 4182 830 4252 superiora
870 4191 926 4237 et
968 4182 1246 4251 sequentia
1280 4181 1594 4252 spiritaliter
1628 4181 1895 4252 intellige-

305 4284 453 4330 rent.
478 4274 768 4343 Sequitur:
794 4271 893 4328 Cui
921 4283 1099 4328 autem
1125 4273 1356 4328 similem
1382 4266 1650 4329 wslimabo
1676 4290 1895 4345 genera-

300 4366 506 4419 tionem
551 4364 749 4418 istam?
772 4364 964 4418 Adhuc
1012 4364 1066 4418 in
1104 4362 1329 4418 Joannis
1372 4363 1529 4418 laude
1563 4373 1894 4433 perseverat.

305 4456 563 4510 Ostendit
598 4454 741 4509 enim
773 4453 918 4523 quod
949 4453 1253 4522 exemplum
1298 4451 1522 4507 Joannis
1563 4453 1895 4524 generationi

1923 4505 1975 4565 D

1993 3287 2068 3343 tia
2098 3286 2191 3342 Dei
2231 3285 2412 3341 Patris
2457 3281 2514 3340 in
2561 3282 2665 3338 hoc
2706 3279 3036 3354 justiﬁestus
3060 3292 3179 3333 sum
3206 3291 3238 3331 a
3273 3274 3399 3331 ﬁliis
3424 3272 3577 3339 meis,

1994 3377 2046 3433 id
2070 3384 2154 3433 est
2181 3376 2251 3432 ab
2274 3372 2533 3446 apostolis
2556 3371 2838 3443 discipulis
2863 3370 3021 3435 meis,
3048 3366 3190 3439 quod
3219 3381 3379 3422 omne
3413 3378 3582 3434 genus

1991 3467 2289 3526 curationis
2316 3475 2373 3521 et
2399 3463 2769 3520 conversionis
2798 3462 2953 3518 vobis
2986 3458 3352 3523 adhibuerim,
3385 3466 3441 3512 et
3464 3471 3582 3511 om~~

1993 3560 2083 3613 nia
2124 3554 2460 3627 rcpuleritis.

2068 3648 2213 3701 Tunc
2244 3645 2393 3716 erepit
2431 3642 2748 3714 exprobrare
2783 3638 3079 3695 civitatibus
3117 3638 3173 3691 in
3206 3637 3394 3709 quibus
3425 3636 3582 3705 facte

1994 3749 2113 3796 sunt
2154 3736 2394 3808 plurima:
2438 3735 2650 3788 uirtutes
2685 3732 2822 3803 ejus,
2852 3729 2991 3803 quod
3026 3745 3130 3783 non
3164 3729 3384 3799 egissent
3404 3727 3579 3799 .ptzui-

1994 3831 2231 3885 tentiam.
2278 3826 2585 3898 Exprohrat
2622 3822 2880 3879 Dominus
2926 3821 3237 3877 civitatibus
3269 3834 3389 3890 qua:
3425 3826 3585 3875 erant

1995 3918 2051 3974 in
2086 3915 2327 3983 Galilaaa,
2359 3930 2458 3987 per
2503 3913 2754 3969 civitates
2802 3911 3050 3967 homines
3100 3908 3194 3981 qui
3241 3908 3490 3965 habitant
3525 3907 3582 3963 in

1995 4008 2127 4080 ipsis
2170 4006 2484 4064 civitatibus
2528 4004 2714 4061 volens
2738 4002 2987 4074 intelligi,
3013 4001 3141 4074 quia
3182 4000 3285 4072 ipsi
3315 3999 3406 4071 qui
3434 3999 3586 4055 vide-

1995 4110 2121 4155 rant
2158 4113 2284 4156 eum
2319 4097 2387 4153 ab
2431 4082 2659 4151 infantia
2699 4093 2845 4166 juste
2884 4100 3265 4149 conversatum
3301 4090 3443 4146 inter
3460 4105 3580 4158 eos,

1996 4208 2103 4248 non
2152 4200 2280 4247 sunt
2330 4189 2549 4256 imitati,
2593 4203 2773 4258 neque
2803 4184 3114 4255 exemplum
3150 4181 3584 4240 conversationis

1996 4281 2133 4353 eius,
2167 4296 2343 4352 neque
2366 4281 2531 4337 verba
2552 4276 2959 4350 praedicationis
2986 4275 3125 4347 ejus,
3152 4290 3274 4331 cum
3311 4272 3404 4328 alii
3430 4271 3583 4327 multi

1998 4374 2180 4431 statim
2206 4382 2267 4428 ut
2295 4388 2417 4428 eum
2445 4371 2729 4427 audierunt
2749 4367 3149 4440 praedicantem,
3182 4362 3429 4421 conversi
3458 4372 3587 4418 sunt

2000 4481 2030 4520 a
2072 4464 2228 4521 malis
2272 4464 2405 4519 suis.
2443 4461 2533 4518 Va:
2565 4462 2680 4526 tibi,
2705 4458 2999 4526 Corozain;
3025 4474 3100 4514 ra:
3126 4458 3238 4524 tibi,
3276 4455 3584 4520 Bethsaida,

308 4549 390 4604 illi
418 4547 737 4617 praetulerit,
762 4547 807 4601 si
834 4546 1034 4600 imitari
1058 4544 1370 4599 voluissent.
1397 4543 1600 4599 Similis
1624 4552 1699 4598 est
1712 4544 1893 4615 pueris

1999 4558 2124 4629 quia
2146 4559 2192 4612 si
2216 4558 2271 4611 in
2296 4554 2432 4626 Tyro
2456 4564 2507 4609 et
2538 4552 2733 4609 Sidone
2778 4552 2933 4622 facta:
2974 4549 3193 4622 fuissent
3228 4549 3440 4604 virtutes
3470 4564 3589 4619 qua

306 4638 609 4695 sedenibus
652 4638 707 4691 in
746 4636 893 4706 foro,
934 4636 1023 4707 qui
1070 4635 1356 4690 clamantes
1396 4634 1749 4706 coaequalibus
1787 4636 1900 4690 suis

309 4733 521 4785 dicunt.
554 4728 745 4784 Pueris
767 4728 1137 4783 assimilantur
1161 4725 1329 4781 Judzei
1359 4734 1580 4797 propter
1612 4740 1738 4781 suas
1764 4726 1900 4781 insi-

310 4826 553 4899 pientias
581 4833 635 4880 et
655 4824 974 4895 pravitates,
1003 4824 1129 4892 quia
1151 4823 1290 4878 sicut
1313 4836 1450 4892 puer
1468 4830 1688 4892 propter
1707 4818 1902 4889 juven-

317 4926 491 4972 tutem
536 4915 848 4986 frequenter
895 4930 1175 4984 perperam
1232 4915 1366 4985 agit,
1413 4914 1664 4969 similiter
1710 4912 1900 4980 Judaai,

314 5011 448 5081 quia
476 5010 625 5080 pueri
649 5017 805 5065 erant
832 5009 1098 5073 sensibus,
1126 5023 1252 5078 erga
1273 5008 1443 5077 legem
1467 5005 1564 5061 Dei
1594 5006 1904 5075 frequenter

314 5103 668 5155 oferrahant.
695 5098 988 5154 Ceeinimus
1009 5097 1150 5152 vobis
1174 5107 1221 5150 et
1244 5113 1345 5150 non
1364 5096 1630 5161 saltastis;
1651 5095 1905 5150 lamenta-

316 5195 490 5248 s'imns
539 5201 586 5245 et
632 5208 736 5246 non
772 5189 1068 5261 planxistis.
1122 5188 1213 5241 Isti
1262 5202 1392 5258 ergo
1437 5187 1587 5256 pueri
1632 5187 1907 5256 propheta:

318 5296 474 5349 sunt,
507 5286 574 5339 de
608 5285 803 5361 quibus
839 5297 977 5337 unus
1012 5282 1146 5335 dicit
1176 5297 1190 5336 :
1222 5279 1359 5334 Ecce
1405 5296 1497 5350 ego
1537 5289 1585 5333 et
1621 5279 1771 5348 pueri
1808 5279 1909 5332 mei

315 5393 455 5449 quos
477 5376 603 5430 mihi
622 5375 765 5429 dedit
785 5374 947 5427 Deus.
979 5372 1045 5426 Et
1080 5370 1359 5440 psalmus:
1388 5369 1473 5424 Ea:
1492 5385 1589 5424 .ore
1622 5368 1906 5437 infantium

317 5480 371 5527 et
406 5470 707 5522 ludentium
736 5466 999 5538 perfecisti
1038 5463 1267 5517 laudem.
1303 5461 1681 5517 Clamaverunt
1709 5457 1908 5513 Judaeis

208 5556 221 5563 ’
320 5564 646 5620 sedentibus
670 5563 723 5617 in
756 5563 893 5627 foro,
921 5561 1045 5626 quia
1075 5559 1165 5613 ubi
1199 5557 1299 5629 ipsi
1327 5564 1483 5611 erant
1508 5562 1729 5625 pr0ptcr
1767 5568 1908 5608 mer-

322 5656 563 5710 cimonia
624 5655 857 5719 illorum,
890 5653 1063 5707 forum
1095 5657 1271 5722 potest
1309 5646 1585 5719 appellari.
1615 5645 1908 5701 Cecinimus

323 5748 491 5808 vobis,
519 5747 571 5801 id
596 5755 699 5813 est,
731 5744 1142 5816 provocavimus
1176 5750 1234 5795 ut
1261 5740 1328 5794 ad
1364 5749 1605 5793 nostrum
1639 5739 1907 5793 canticum

1999 4649 2055 4702 in
2080 4657 2128 4702 te
2148 4648 2303 4718 facta:
2327 4653 2470 4711 sunt,
2512 4643 2636 4698 olim
2673 4643 2729 4697 in
2769 4643 2941 4697 cinere
2964 4650 3013 4695 et
3040 4639 3212 4695 cilicio
3234 4637 3588 4711 paenitentiam

2001 4740 2243 4810 egissent.
2294 4734 2664 4792 Pratl'eruntur
2704 4748 2834 4804 ergo
2863 4731 3039 4803 Tyrus
3076 4738 3132 4787 et
3167 4729 3335 4785 Sidon
3367 4727 3591 4783 urbibus

2003 4829 2257 4896 Galilazaa,
2289 4828 2413 4899 quia
2446 4828 2560 4897 ipse
2589 4825 2765 4897 Tyrus
2795 4831 2851 4879 et
2880 4821 3045 4878 Sidon
3085 4822 3388 4877 naturalem
3417 4819 3589 4888 legem

2006 4922 2372 4979 calcaverunt.
2422 4920 2542 4975 [sue
2587 4927 2766 4973 autem
2799 4924 2854 4970 et
2880 4914 3055 4986 legem
3092 4913 3396 4969 naturalem
3433 4919 3488 4964 et
3515 4908 3590 4961 le-

2006 5027 2125 5082 gem
2152 5011 2343 5066 litteras
2378 5016 2725 5079 transgressae
2759 5012 2904 5069 sunt,
2934 5010 2989 5058 et
3021 4999 3458 5073 praedicationem
3495 4998 3593 5052 Do-

2007 5102 2137 5158 mini
2165 5098 2439 5171 despectui
2466 5099 2789 5153 habuerunt.
2812 5094 3066 5166 Legimus
3086 5092 3229 5147 enim
3260 5104 3421 5160 supra
3447 5088 3590 5159 quod

2006 5192 2339 5249 circumierit
2363 5188 2624 5244 Dominus
2643 5200 2833 5241 omnes
2855 5185 3101 5240 civitates
3129 5190 3185 5236 et
3203 5180 3370 5243 vicos,
3394 5193 3592 5234 curans

2008 5298 2222 5339 onmem
2282 5279 2672 5342 inﬁrmitatem,
2716 5276 2879 5331 etiam
2933 5282 2989 5328 et
3035 5273 3176 5327 inter
3214 5285 3310 5326 eos
3355 5268 3595 5323 nutritus

2014 5383 2118 5430 est.
2140 5372 2410 5429 Corozain
2451 5369 2554 5425 fuit
2594 5368 2850 5439 oppidum
2887 5365 3138 5431 Calilzeaz,
3173 5363 3226 5418 in
3256 5361 3492 5418 secundo
3517 5359 3594 5414 la-

2015 5467 2140 5537 pide
2165 5465 2560 5534 Capharnanm.
2588 5462 2684 5516 Est
2710 5475 2840 5516 vero
2859 5472 3004 5513 nunc
3030 5458 3324 5519 desertum,
3350 5460 3405 5508 et
3429 5452 3595 5507 inter-

2017 5565 2261 5629 pretatur
2299 5554 2644 5609 ministerium
2686 5567 2877 5606 meum.
2922 5546 3257 5604 Conveniens
3287 5545 3468 5614 itaque
3516 5542 3596 5597 iu-

2020 5647 2334 5718 terprelatio
2375 5645 2602 5700 Domino
2638 5642 2876 5705 Christo,
2912 5639 3054 5710 quod
3095 5636 3453 5693 ministerium
3480 5630 3598 5701 ejus

2021 5737 2177 5792 fuerit
2209 5751 2238 5789 a
2268 5735 2427 5789 Patre
2467 5732 2568 5788 sibi
2611 5732 2980 5798 commissum,
3029 5728 3191 5784 etiam
3216 5725 3335 5784 illos
3370 5736 3595 5779 conver-
