3988 6186
441 305 588 362 Αἲξ)

1227 299 1614 354 CllltlSTlANl
1652 298 2062 355 DRUTHMARI
2099 294 2558 352 CORBEIENSIS
2595 295 2891 352 MUNACHI

3569 303 3700 358 I36)

450 429 562 472 tere
588 415 678 484 qui
713 414 782 468 ibi
829 412 1164 466 habitabant.
1199 409 1498 464 Bethsaida:
1527 409 1643 463 duae
1681 419 1805 462 sunt
1835 424 1943 463 uno
1965 409 2022 463 in
2051 413 2096 469 Α
2124 406 2278 476 cujus
2303 407 2534 460 nominis
2563 407 2754 474 duplex
2791 406 3114 476 signiﬁcatio
3141 416 3243 471 est,
3287 410 3412 477 quia
3445 427 3554 464 una
3589 428 3706 480 per.

449 506 681 568 nomine,
715 519 840 566 una,
874 501 1154 554 Bethsaida
1187 501 1416 568 piscina,
1461 514 1579 568 qum
1615 500 1887 568 probatica
1929 515 2020 553 co-

447 595 885 668 gnominabatur,
916 593 1005 646 ubi
1034 591 1263 660 languidi
1287 589 1570 657 jacebant;
1604 589 1708 643 alia
1736 589 2020 643 Bethsaida

451 689 503 741 in
526 684 763 744 Galiliea,
790 683 980 738 civitas
1003 680 1248 741 Andreze,
1274 688 1328 732 et
1354 679 1519 744 Petri,
1541 688 1595 732 et
1623 678 1871 748 Philippi,
1901 694 2022 747 qme

451 780 795 848 interpretata
839 776 1034 829 dicitur
1071 775 1255 826 domus
1298 783 1618 825 venatorum.
1649 769 1710 823 Et
1739 777 2020 822 venatores

449 876 672 938 possunt
699 865 830 920 etin
861 865 1001 917 bono
1027 873 1081 917 et
1113 863 1164 914 in
1197 861 1336 915 malo
1365 860 1554 928 accipi,
1593 859 1729 912 sicut
1759 867 1814 911 et
1849 857 2021 926 pisca-

453 971 615 1014 tores.
651 957 872 1027 Propter
897 955 1014 1008 illos
1056 969 1184 1023 ergo
1231 951 1518 1022 discipulos
1567 949 1777 1004 Domini
1825 950 1914 1018 qui
1953 964 2020 1002 ex

449 1053 562 1121 ipsa
593 1051 759 1106 secuti
790 1058 913 1103 sunt
943 1047 1246 1110 Dominum,
1275 1053 1451 1114 potest
1495 1043 1548 1096 in
1589 1043 1781 1096 bonam
1816 1050 2021 1109 partem

450 1142 642 1211 accipi,
660 1138 802 1210 quod
825 1139 921 1206 ipsi
945 1137 1120 1190 venati
1149 1143 1276 1189 sunt
1301 1134 1507 1202 aliquos
1533 1147 1600 1188 ex
1624 1132 1889 1200 gentibus,
1918 1130 2022 1184 sic-

451 1241 508 1284 ut
537 1239 590 1282 et
630 1227 838 1296 piscati.
863 1226 994 1280 Nam
1023 1233 1078 1279 et
1099 1225 1231 1278 alias
1261 1232 1542 1276 venatores
1561 1235 1773 1290 semper
1799 1221 1850 1274 in
1881 1220 2021 1274 malo

449 1322 802 1390 accipiuntur.
865 1318 1096 1371 Sodoma
1159 1318 1542 1386 interpretatur
1597 1331 1751 1384 pecus
1805 1322 2024 1383 propter

449 1418 667 1480 peccata
693 1425 812 1472 sua,
842 1424 960 1476 quae
989 1407 1300 1476 insipienter
1323 1413 1381 1458 ιιι
1407 1421 1560 1474 pecus
1587 1403 1715 1471 egit,
1745 1411 1800 1456 et
1827 1402 1894 1456 ob
1919 1401 2023 1456 hoc

449 1523 478 1558 a
528 1503 774 1574 przesenti
816 1500 1062 1556 incendio
1106 1499 1159 1553 in
1213 1506 1529 1567 perpetuum
1571 1494 1843 1566 [deputata
1894 1493 2018 1564 est].

449 1596 577 1662 Quae
616 1609 755 1647 nunc
783 1589 1068 1660 prazfertur
1105 1589 1328 1643 urbibus
1365 1586 1618 1650 Galil-.eze,
1655 1595 1832 1640 tamen
1863 1593 2022 1638 utra:-

447 1699 552 1752 que
585 1682 853 1752 pessimae,
884 1681 1006 1750 quia
1055 1687 1110 1733 et
1151 1680 1250 1733 hoc
1291 1679 1433 1746 quod
1470 1676 1726 1731 Dominus
1757 1677 1809 1730 in
1835 1673 2020 1744 prada—

2124 495 2258 548 tinet
2281 497 2346 548 ad
2368 495 2758 550 confessionem
2783 506 3126 564 peccatorum
3151 513 3256 566 qua
3288 500 3484 554 delicta
3521 514 3707 557 nostra

2123 583 2446 638 confitemur
2474 583 2721 650 Domino,
2753 600 2856 638 non
2879 587 3032 654 quasi
3071 587 3274 655 ignaro,
3307 592 3394 643 cui
3437 593 3576 645 nihil
3611 609 3707 646 oe.-

2122 671 2353 735 eultum,
2410 671 2504 726 sed
2551 673 2816 727 confessio
2864 673 2922 726 fit
2959 677 3164 729 erroris
3201 677 3484 746 professio,
3532 691 3595 735 ut
3639 685 3710 736 sit

2124 760 2246 814 fluis
2270 762 2476 830 peccati
2504 761 2647 830 quod
2669 763 2722 816 in
2749 775 3038 834 conspectu
3067 764 3183 832 ejus
3207 768 3571 836 detestamur;
3604 774 3707 826 alia

2123 861 2298 906 autem
2347 852 2618 908 confessio
2659 863 2742 908 est
2787 870 2908 922 quae
2948 857 3015 908 ad
3055 856 3262 910 laudem
3313 867 3370 912 et
3405 862 3708 930 gratiarum

2121 940 2386 994 actionem
2414 942 2670 1010 pertinet,
2696 952 2754 996 ut
2777 943 2830 995 in
2857 943 2958 998 hoc
2983 943 3099 998 loco
3125 963 3136 996 :
3171 945 3436 1014 Conﬁteor
3455 950 3570 1014 tibi,
3601 951 3706 1004 1⁸η-

2121 1039 2200 1082 ter
2219 1029 2331 1084 cali
2354 1039 2402 1083 et
2437 1041 2612 1085 εει-ταν.

2193 1120 2388 1174 Omnia
2417 1121 2544 1174 mihi
2572 1122 2772 1175 tradita
2810 1133 2930 1176 sunt
2970 1142 3003 1177 a
3035 1123 3196 1179 Patre
3222 1143 3355 1181 meo.
3391 1127 3701 1184 Secundum

2121 1226 2241 1265 eam
2285 1210 2508 1265 formam
2539 1227 2642 1280 qua
2673 1215 2835 1268 homo
2859 1213 3034 1270 factus
3066 1225 3150 1270 est
3191 1218 3306 1272 lucc
3353 1219 3612 1288 loquitur,
3635 1222 3704 1274 de

2121 1300 2308 1355 electis
2349 1301 2556 1355 scilicet
2592 1302 2684 1371 qui
2725 1304 2984 1357 credituri
3031 1315 3158 1358 sunt
3189 1305 3242 1358 in
3283 1321 3428 1371 eum,
3467 1316 3521 1361 et
3559 1311 3700 1363 unde

2121 1391 2253 1444 dicit
2281 1391 2476 1456 omnia,
2509 1392 2830 1446 subauditur
2866 1393 3048 1447 electa.
3079 1393 3212 1449 Nam
3242 1398 3537 1452 secundum
3567 1400 3702 1452 divi-

2123 1481 2346 1534 nitatem
2375 1490 2502 1536 tunc
2540 1481 2734 1534 tradita
2779 1491 2924 1545 sunt,
2955 1484 3170 1550 quando
3207 1484 3273 1539 de
3301 1485 3464 1540 Patre
3486 1487 3702 1556 genitos

2121 1582 2224 1626 est.
2265 1573 2323 1626 Si
2345 1573 2474 1642 quid
2501 1573 2814 1642 qmestionis
2841 1573 2894 1626 in
2915 1575 3018 1629 hoc
3039 1577 3206 1630 verbo
3235 1577 3450 1631 videtur
3477 1577 3697 1642 habere,

2127 1669 2322 1723 melius
2346 1669 2506 1723 silere
2532 1679 2663 1738 puto
2691 1685 2853 1738 quam
2876 1671 3073 1724 cursim
3103 1687 3247 1725 nunc
3272 1683 3566 1742 exponere,
3601 1673 3701 1726 do-

450 1775 594 1828 tione
631 1773 767 1842 ejus,
815 1772 968 1840 forte,
994 1769 1305 1824 adverbium
1328 1766 1641 1829 dubitantis,
1674 1764 1870 1834 posuit,
1901 1778 2023 1831 per—
2055 1752 2101 1810 Β
2129 1774 2228 1814 nec
2275 1761 2340 1814 ad
2399 1760 2643 1814 latiorem
2694 1760 3082 1830 expositionem
3141 1773 3502 1832 opportunum
3568 1773 3702 1818 tem-

451 1864 628 1918 fidium
674 1863 1035 1916 habitatorum
1084 1875 1202 1928 qua:
1239 1859 1290 1912 in
1338 1871 1400 1912 ea
1444 1857 1660 1910 fuerunt
1703 1855 2020 1926 designavit.

449 1957 650 2009 'l‘amen
678 1968 772 2023 per
799 1954 910 2007 lucc
933 1952 1092 2005 verba
1119 1951 1472 2004 ostenduntur
1511 1948 1720 2002 diversa
1761 1955 2024 2001 tormenta

447 2063 565 2101 esse
587 2045 637 2098 in
667 2043 894 2108 inferno,
927 2053 983 2096 ut
1010 2042 1100 2110 qui
1125 2041 1242 2110 plus
1263 2040 1506 2110 peccavit
1533 2039 1824 2102 crucietur,
1854 2045 1910 2090 et
1934 2035 2024 2104 qui

451 2139 648 2202 minus,
678 2134 879 2188 leviora
931 2133 1130 2188 sentiat
1172 2140 1459 2185 tormenta.
1511 2129 1625 2184 Non
1663 2137 1745 2184 est
1775 2143 1902 2182 vero
1933 2142 2026 2181 ne—

447 2241 598 2280 cesse
627 2225 866 2280 scribere
893 2239 1012 2291 quae
1054 2221 1284 2276 Sodoma
1325 2219 1488 2274 fuerit
1513 2219 1596 2274 vel
1623 2234 1780 2288 quem
1822 2219 2025 2272 exitum

449 2319 722 2385 habuerit,
755 2319 878 2387 quia
907 2317 1156 2371 omnibus
1183 2324 1306 2370 nota
1347 2323 1429 2369 est
1471 2313 1716 2368 historia.
1751 2313 1815 2366 Et
1853 2311 2027 2366 adhuc

447 2410 752 2464 videntibus
775 2417 951 2462 terror
971 2405 1231 2461 tremendi
1261 2404 1522 2459 examinis
1543 2403 1859 2465 ostenditur,
1883 2402 2026 2455 ideo-

445 2517 551 2569 que
581 2500 647 2552 ah
679 2497 929 2553 omnibtts
955 2505 1038 2552 est
1065 2497 1303 2551 cavenda
1335 2495 1472 2549 actio
1501 2492 1634 2560 ejus.

1011 2605 1238 2660 CAPUT
1288 2606 1458 2659 XXX.
1774 2611 1858 2620 ““

521 2679 790 2749 Confessio
821 2675 1028 2730 Domini
1055 2676 1122 2728 ad
1147 2675 1378 2739 Patrem,
1406 2685 1452 2728 et
1469 2676 1658 2745 jugum
1690 2677 1802 2745 ejus
1826 2673 1950 2726 leve.

525 2769 586 2823 In
613 2769 701 2822 illo
739 2778 964 2835 tempore
1012 2765 1322 2836 respondens
1358 2763 1533 2818 Iesus.
1572 2763 1638 2817 lu
1671 2763 1761 2818 illo
1801 2774 2026 2833 tempore

449 2861 590 2931 quod
621 2861 752 2915 dicit
779 2859 845 2912 ad
884 2859 986 2912 hoc
1016 2856 1232 2926 respicit
1259 2857 1400 2926 quod
1429 2857 1653 2920 dixerat,
1701 2855 1842 2910 Tunc
1880 2855 2024 2924 carpit

449 2957 602 3008 Jesus
645 2954 980 3023 exprobrare,
1012 2953 1134 3021 quia
1165 2952 1216 3004 in
1249 2950 1335 3004 illa
1376 2949 1788 3019 exprobratione
1815 2949 2024 3003 illarum

447 3044 726 3097 civitatum
752 3042 972 3111 perfidia
1009 3041 1310 3096 Judmorum
1340 3041 1710 3112 praetenditur,
1736 3055 1839 3108 qua
1865 3039 2025 3094 Chri-

447 3142 587 3186 stum
616 3141 770 3186 crant
800 3131 1091 3199 repulsuri;
1128 3132 1178 3183 in
1208 3131 1520 3199 prielatione
1559 3131 1796 3201 gentiutn
1837 3129 2026 3184 civita-

449 3231 642 3284 tatum,
686 3229 873 3290 gentes
923 3221 1206 3274 crediturae
1260 3219 1629 3297 designantur.
1685 3220 1749 3272 Et
1805 3221 2026 3275 interest

448 3313 537 3367 illa
568 3309 834 3365 confessio
865 3309 1006 3379 quod
1037 3325 1178 3362 nunc
1225 3319 1308 3362 est
1348 3309 1741 3380 gloriﬁcaturus
1785 3308 2022 3364 Patrem.

448 3402 602 3468 Quod
628 3401 758 3454 dicit
787 3399 1120 3470 respondens,
1146 3400 1463 3453 subauditur
1490 3399 1554 3453 ad
1596 3399 1826 3453 Patrem.
1855 3397 2027 3466 Conﬁ-

447 3503 562 3546 teor
583 3491 696 3551 tibi.
725 3489 964 3553 Domine,
1001 3487 1156 3543 Pater
1191 3489 1303 3543 αι’ιί
1333 3500 1379 3542 et
1418 3500 1588 3542 terrm.
1613 3488 2025 3543 Confessionum

449 3596 644 3652 genera
673 3581 779 3634 duo
800 3589 924 3634 sunt
949 3599 961 3632 :
995 3595 1157 3633 unum
1187 3595 1288 3648 qua
1318 3589 1570 3648 peccator
1598 3578 1882 3632 confitetur
1905 3594 2027 3648 pec-

449 3680 567 3723 cata
611 3685 704 3723 sua
732 3686 746 3734 ;
779 3669 880 3722 alia
923 3668 1187 3722 confessio
1233 3683 1350 3735 qua!
1397 3667 1462 3719 ad
1493 3667 1702 3720 laudem
1735 3667 2026 3736 gratiartun

449 3762 662 3815 actione
697 3761 945 3829 pertinet,
978 3775 1136 3828 quam
1170 3759 1221 3812 in
1260 3760 1360 3812 hoc
1401 3757 1690 3828 Evangelio
1721 3757 2028 3827 frequenter

448 3851 675 3921 legimus
720 3849 1002 3904 Dominum
1043 3847 1315 3902 Christum
1353 3849 1417 3901 ad
1455 3847 1667 3899 Patrem
1703 3846 1922 3910 fecisse;
1962 3847 2028 3901 de

448 3959 554 4012 qua
588 3958 728 3994 nunc
767 3940 1009 4009 sequitur
1039 3955 1052 3994 :
1098 3938 1235 4004 Quia
1265 3937 1584 3990 absrondisti
1622 3937 1732 3988 Iure
1762 3955 1793 3988 a
1825 3937 2030 4005 sapien-

449 4033 585 4086 tibus
617 4041 662 4083 et
692 4031 1030 4100 prudentibus
1053 4039 1100 4082 et
1133 4028 1365 4082 revelasti
1391 4046 1450 4082 eu
1481 4027 1730 4097 parvulis.
1763 4027 2028 4097 Sapienti-

448 4123 549 4176 bus
577 4121 782 4176 Scribis
810 4133 865 4174 et
910 4119 1196 4172 Pharismis
1230 4119 1381 4183 dicit,
1430 4134 1535 4172 non
1581 4117 1725 4186 quod
1767 4117 1865 4186 ipsi
1905 4133 2028 4172 vere

449 4220 633 4266 essent
656 4211 949 4280 sapientes,
997 4210 1089 4264 sed
1127 4209 1250 4278 quia
1291 4209 1391 4263 sibi
1432 4208 1749 4263 videbantur
1791 4223 1909 4262 esse
1945 4225 2029 4260 sa-

449 4303 656 4373 pientes
683 4309 736 4356 et
764 4301 1072 4371 prudentes.
1106 4300 1170 4353 Et
1205 4299 1440 4352 revelain
1466 4315 1526 4352 ea
1568 4297 1817 4369 parvulis.
1862 4297 1918 4351 Id
1948 4307 2031 4353 est

449 4390 760 4454 humilibus,
789 4389 1043 4459 apostolis
1064 4389 1312 4444 videlicet
1344 4389 1495 4442 meis.

518 4481 745 4537 Faciunt
786 4491 964 4535 autem
1010 4481 1310 4550 philosophi
1357 4480 1710 4536 differentiam
1756 4483 1894 4536 inter
1939 4499 2024 4536 sa-

449 4573 702 4643 pientiam
747 4579 802 4625 et
839 4571 1196 4640 prudentiam,
1247 4571 1485 4624 dicentes
1531 4571 1854 4640 sapientiam
1902 4563 2023 4626 esse

449 4662 751 4716 divinarum
788 4661 1167 4730 cognitionem,
1210 4660 1548 4730 prudentiam
1599 4671 1776 4716 autem
1817 4663 2023 4716 divina-

449 4765 570 4804 rum
615 4749 1074 4818 lnunanarumque
1123 4749 1468 4819 agnitionem.
1512 4747 1695 4803 Potest
1731 4753 1891 4804 etiam
1937 4768 2022 4806 sa-

447 4841 688 4912 pientum
719 4847 774 4896 et
809 4840 1127 4910 prudentum
1169 4839 1382 4893 nomine
1417 4853 1548 4909 gens
1583 4837 1888 4894 .ludzeorum
1942 4842 2021 4896 in-

447 4930 634 5001 telligi,
664 4945 782 4999 qua:
811 4929 914 4985 sibi
940 4930 1154 4998 sapiens
1195 4946 1314 4984 esse
1349 4928 1461 4983 visa
1492 4937 1571 4982 est
1603 4931 1823 4998 propter
1852 4929 2020 4998 legent

447 5030 502 5074 et
547 5017 923 5091 prophetarum
962 5021 1258 5074 doctrinam
1304 5035 1462 5089 quam
1509 5019 1708 5088 accepit
1733 5036 1746 5084 ;
1775 5018 1866 5073 sed
1895 5021 2019 5089 quia

448 5113 586 5166 male
611 5127 729 5166 eam
757 5113 1102 5180 interpretata
1129 5121 1209 5164 est
1238 5120 1288 5164 et
1321 5110 1600 5174 intellexit,
1623 5119 1907 5180 propterea
1943 5112 2022 5165 in-

449 5213 654 5258 certam
694 5213 748 5258 et
775 5205 1038 5258 occultam
1079 5203 1172 5257 Dei
1203 5203 1516 5272 sapientiam
1556 5205 1608 5257 in
1636 5220 1696 5256 ea
1724 5204 2020 5274 intelligere

451 5307 555 5345 non
577 5293 765 5361 potuit.
797 5292 1037 5348 Gentiles
1064 5307 1192 5346 vero
1213 5294 1441 5346 humiles
1465 5294 1799 5364 appellantur
1826 5307 1874 5348 et
1907 5310 2021 5364 par-

449 5381 580 5442 vuli,
624 5383 749 5451 quia
775 5422 790 5446 ,
816 5392 1166 5452 agnoscentes
1211 5383 1564 5452 ignorantiam
1609 5400 1779 5446 suam,
1811 5385 2018 5437 Domini

451 5472 881 5539 pwlicaticuem
907 5475 1088 5527 statim
1119 5482 1175 5526 ut
1203 5474 1422 5527 audiere
1455 5491 1756 5544 suscepere.
1785 5475 1890 5539 Ita,
1919 5475 2020 5527 Pa-

452 5569 548 5624 ter,
575 5564 696 5632 quia
724 5566 797 5616 sic
840 5565 938 5633 fuit
979 5565 1227 5634 placitum
1264 5573 1382 5618 ante
1424 5575 1489 5618 te.
1525 5565 1870 5626 Subauditur,
1899 5583 2020 5635 gra-

431 5645 544 5702 tias
567 5665 685 5721 ago.
713 5652 818 5707 ista
840 5654 1106 5710 confessio
1131 5655 1314 5710 Graece
1342 5655 1766 5726 hexouiologesis
1795 5657 2010 5723 dicitur,

2125 1865 2226 1919 pus
2252 1851 2578 1915 inveniatur,
2605 1851 2749 1920 quia,
2783 1851 2922 1906 sicut
2951 1869 3183 1908 canones
3213 1855 3532 1924 pnecipiunt
3553 1896 3568 1918 ,
3599 1856 3700 1909 ob-

2127 1959 2300 1998 seura:
2349 1943 2676 2012 quaestiones
2731 1944 2783 1997 in
2843 1945 3052 2013 populis
3107 1946 3394 2002 reticentiae
3431 1957 3574 2000 sunt.
3631 1947 3701 1999 Et

2128 2050 2278 2088 nemo
2329 2034 2464 2086 novit
2509 2031 2556 2084 F
2561 2032 2710 2086 ilium
2757 2035 2858 2087 nisi
2906 2033 3090 2097 Pater,
3127 2033 3554 2105 neque—Patrem
3583 2038 3699 2105 quis

2127 2126 2264 2178 novit
2307 2123 2405 2177 nisi
2455 2121 2501 2174 F
2506 2123 2648 2178 ilius.
2678 2123 2784 2178 Ista
2825 2126 3014 2180 notitia
3061 2129 3356 2181 secundum
3407 2129 3702 2182 divinitatis

2127 2223 2374 2269 naturam
2408 2214 2744 2286 intelligitur,
2766 2231 2870 2284 qua
2895 2215 3056 2270 Pater
3084 2224 3140 2270 et
3167 2215 3333 2271 Filius
3360 2233 3497 2272 unus
3527 2217 3698 2281 Deus;

2127 2314 2184 2360 et
2210 2306 2335 2374 quia
2363 2304 2532 2360 Filius
2560 2306 2626 2360 de
2647 2305 2807 2360 Patre
2821 2307 3166 2374 processerit,
3202 2307 3283 2362 vel
3312 2308 3434 2376 quia
3462 2319 3701 2364 Μενίδας

2129 2395 2290 2450 Pater
2309 2435 2322 2460 ,
2369 2405 2608 2450 :eternus
2637 2395 2824 2462 Filius,
2852 2408 3089 2451 aeternus
3109 2408 3165 2452 et
3191 2397 3416 2467 Spiritus
3441 2409 3698 2454 sanctus:

2127 2496 2183 2541 et
2227 2490 2353 2558 quia
2393 2503 2607 2558 semper
2647 2489 3026 2544 inenarrabilis
3070 2490 3157 2544 illa
3191 2490 3408 2544 scientia
3439 2492 3698 2545 humanis

2039 2637 2048 2642 ,
2128 2578 2468 2633 sermonibus
2494 2587 2600 2644 est,
2651 2580 2793 2648 quod
2820 2588 2874 2632 et
2899 2579 3164 2648 Propheta
3189 2579 3347 2634 dicit:
3379 2579 3699 2634 Geni-ratio-

2127 2688 2239 2724 nem
2281 2672 2396 2742 ejus
2439 2673 2556 2741 quis
2594 2672 2860 2726 enarrabit
2885 2673 2910 2724 .9
2936 2671 3088 2738 Quod
3113 2683 3288 2726 autem
3311 2674 3560 2740 sequitur
3585 2690 3598 2724 :
3633 2673 3698 2724 Et

2127 2761 2210 2812 cui
2239 2761 2452 2813 voluerit
2485 2758 2656 2814 Filius
2683 2759 2927 2814 revelare.
2965 2760 3243 2815 Manifeste
3266 2761 3536 2815 credimus
3557 2760 3702 2830 quod

2127 2866 2302 2920 neque
2315 2853 2558 2906 docentis
2583 2852 2818 2907 hominis
2836 2853 3073 2907 exterius
3087 2861 3168 2907 est
3192 2853 3380 2915 virtus,
3405 2853 3508 2906 nisi
3533 2853 3702 2922 ipsius

2129 2941 2346 2996 Domini
2362 2943 2588 2998 interius
2609 2943 3004 2997 incrementum
3021 2943 3220 2997 dantis.
3236 2941 3370 2996 Nam
3383 2946 3440 2996 in
3461 2943 3568 2996 alio
3585 2942 3701 2996 loco

2132 3039 2185 3091 in
2231 3037 2332 3091 hoc
2379 3037 2567 3092 eodem
2609 3037 2898 3108 Evangelio
2941 3037 3214 3108 legimus:
3265 3035 3432 3091 Nemo
3471 3039 3605 3091 venit
3630 3039 3699 3090 ait

2128 3143 2231 3190 me,
2261 3126 2362 3178 nisi
2389 3125 2550 3180 Pater
2576 3142 2720 3179 meus
2749 3129 2968 3180 traxerit
3001 3143 3140 3180 eum.
3179 3127 3256 3180 Ex
3291 3127 3486 3195 quibus
3514 3127 3698 3180 verbis

2126 3232 2288 3269 unam
2314 3217 2682 3286 operationem
2719 3216 2898 3271 Patris
2936 3226 2992 3272 et
3021 3217 3143 3272 Filii
3183 3227 3237 3272 et
3267 3218 3501 3287 Spiritus
3527 3217 3700 3272 sancti

2127 3307 2496 3379 intelligimus,
2511 3319 2564 3363 et
2589 3309 2739 3362 firma
2759 3311 2862 3364 fide
2881 3311 3154 3365 credimus
3177 3311 3303 3381 quia
3327 3312 3428 3365 nisi
3453 3321 3700 3382 tangente

2126 3407 2312 3452 sancto
2335 3397 2539 3466 Spiritu
2557 3399 2648 3468 qui
2673 3416 2812 3454 unus
2833 3409 2917 3454 est
2943 3401 3103 3464 Deus,
3128 3417 3302 3470 tneque
3322 3402 3544 3456 credere
3576 3403 3698 3470 quis

2124 3498 2332 3557 potest,
2365 3505 2537 3557 neque
2563 3489 2858 3560 intelligere
2897 3491 3018 3559 quis
3047 3491 3382 3545 divinitatem
3409 3501 3603 3560 potest.
3635 3491 3698 3544 Et

2125 3579 2210 3632 cui
2241 3579 2428 3632 revelat
2459 3578 2638 3644 Pater,
2666 3581 2852 3634 revelat
2879 3579 3052 3634 Filius
3072 3623 3085 3642 ,
3114 3581 3304 3635 revelat
3326 3581 3552 3650 Spiritus
3578 3597 3698 3633 san-

2127 3680 2260 3722 ctus.
2319 3671 2456 3736 Quia
2502 3687 2605 3725 una
2647 3682 2731 3726 est
2769 3673 3016 3742 operatio
3063 3673 3351 3727 individua:
3397 3672 3696 3726 Trinitatis.

2137 3757 2312 3812 Venite
2333 3761 2402 3812 ad
2426 3778 2523 3824 me,
2558 3778 2732 3816 omnes
2759 3765 2852 3832 qtti
2881 3761 3132 3816 laboratis
3162 3772 3208 3814 et
3240 3763 3442 3815 onerati
3473 3763 3618 3824 estis,
3647 3774 3694 3812 et

2125 3865 2218 3916 ego
2245 3849 2474 3915 reficiam
2513 3867 2617 3904 vos.
2677 3850 2786 3906 Hoc
2833 3853 2887 3905 in
2929 3852 3048 3906 loco
3088 3859 3141 3904 et
3183 3859 3373 3920 gentes
3423 3850 3492 3902 ad
3527 3850 3698 3920 paeni-

2130 3943 2350 3996 tentiam
2383 3950 2570 4007 vocat,
2619 3952 2674 3996 et
2697 3957 2886 3997 onmes
2925 3943 3012 4011 qui
3057 3942 3158 3996 sub
3185 3941 3424 4011 pondere
3459 3948 3702 4010 peceato-

2131 4049 2248 4087 rum
2277 4035 2426 4102 gravi
2451 4031 2583 4103 jugo
2621 4035 2940 4088 tenebantur
2959 4034 3224 4103 oppressi.
3259 4031 3466 4095 Judaei,
3499 4033 3592 4101 qui
3617 4046 3702 4083 ze-

2128 4126 2236 4181 lum
2268 4127 2359 4180 Dei
2392 4127 2694 4188 habebant,
2740 4141 2894 4180 suam
2933 4127 3248 4194 quarebant
3271 4123 3562 4192 justitiam,
3592 4122 3700 4177 Deo

2129 4232 2234 4271 non
2263 4225 2422 4270 erant
2451 4215 2712 4283 subjecti;
2745 4226 2932 4286 gentes
2955 4231 3114 4276 vero,
3147 4217 3460 4286 ignorantes
3484 4215 3700 4269 Creato-

2129 4324 2268 4370 rem,
2294 4315 2348 4361 et
2377 4307 2616 4361 colentes
2638 4317 2944 4362 creaturam
2971 4322 3072 4374 pro
3098 4307 3378 4368 Creatore,
3410 4307 3512 4359 sub
3537 4320 3699 4358 onere

2130 4399 2432 4452 daunonum
2477 4395 2823 4470 serviebant,
2876 4396 3003 4450 facti
3047 4395 3252 4465 lapides
3297 4405 3353 4449 et
3395 4395 3537 4463 ligna
3567 4410 3699 4462 quos

2129 4488 2398 4550 colebant,
2429 4486 2720 4541 secundum
2752 4487 3092 4541 Psalmistam
3112 4526 3129 4549 ,
3159 4486 3253 4554 qui
3288 4486 3418 4539 dicit
3444 4504 3458 4538 :
3492 4485 3696 4539 Similes

2128 4577 2234 4631 illis
2263 4577 2392 4646 [iant
2419 4579 2506 4646 qui
2541 4575 2740 4643 faciunt
2783 4593 2844 4629 ea
2867 4616 2882 4640 ,
2925 4586 2972 4629 et
3007 4592 3184 4629 omnes
3215 4576 3307 4645 qui
3345 4575 3615 4642 conﬁdunt
3643 4577 3694 4625 in

2127 4670 2221 4722 eis.
2281 4668 2537 4737 Sequitur
2573 4685 2584 4720 :
2628 4667 2696 4720 Et
2723 4683 2816 4736 ego
2847 4667 3077 4734 reﬁciam
3106 4683 3212 4719 vos.
3247 4666 3528 4728 Videlicet,
3551 4665 3694 4717 aufe-

2129 4758 2294 4811 rendo
2325 4767 2542 4827 peccata
2579 4773 2608 4810 a
2654 4757 2810 4811 vobis
2848 4772 2948 4824 per
2984 4757 3310 4824 baptismum
3361 4756 3690 4824 requiescere

2129 4847 2342 4902 faciam.
2401 4847 2634 4901 Cravem
2677 4856 2855 4900 autem
2896 4862 3018 4902 esse
3051 4849 3324 4902 sarcinam
3353 4857 3688 4916 [secutorum

2130 4936 2411 4990 Psalmista
2434 4937 2686 5000 ostendit,
2702 4937 2792 5007 qui
2820 4937 2929 4990 ait:
2957 4937 3229 5002 Quomodo
3251 4937 3550 5007 iniquitates
3569 4952 3689 4989 metr

2127 5043 2471 5096 supergressa:
2513 5036 2631 5080 sunt
2671 5037 2827 5096 caput
2860 5043 3030 5081 nteant
3065 5041 3084 5079 :
3129 5038 3176 5080 et
3201 5027 3338 5081 sicut
3368 5044 3500 5082 onus
3543 5043 3686 5095 graec

2127 5127 2355 5188 gravant
2382 5127 2504 5170 sunt
2531 5133 2686 5186 super
2709 5133 2809 5170 me.

2204 5207 2388 5262 Tollite
2405 5207 2597 5278 fugam
2643 5223 2812 5260 meum
2847 5223 3004 5277 super
3044 5224 3152 5260 vos.
3215 5205 3330 5260 Hoc
3347 5216 3474 5296 ρει,
3504 5212 3686 5273 sponte

2128 5299 2308 5354 venite
2347 5307 2402 5352 et
2446 5297 2651 5352 credite
2685 5298 2738 5350 in
2770 5313 2874 5360 me,
2923 5307 2975 5352 et
3021 5297 3318 5352 submit-tite
3347 5296 3482 5351 colla
3516 5303 3686 5349 vestra

2126 5389 2224 5443 sub
2247 5389 2375 5458 jugo
2408 5402 2524 5441 meo
2567 5387 2689 5452 levi,
2738 5389 2864 5457 quia
2909 5402 3078 5456 usque
3117 5388 3277 5441 modo
3314 5397 3532 5455 gravata
3563 5391 3681 5438 sunt

2125 5477 2257 5530 colla
2285 5486 2482 5541 vestra,
2513 5484 2565 5530 et
2591 5477 2776 5531 attrita
2805 5487 2930 5532 sunt
2959 5477 3057 5533 sub
3076 5476 3200 5546 iugo
3223 5476 3382 5547 legis.
3416 5476 3566 5533 Unde
3593 5489 3681 5543 p0-

2125 5578 2240 5620 stea
2269 5565 2456 5621 Petrus
2488 5567 2812 5620 causabatur
2840 5568 3022 5622 dicens
3055 5587 3066 5621 :
3103 5567 3298 5638 thuid
3338 5568 3492 5620 vultis
3523 5568 3680 5618 inmo—

2129 5676 2247 5712 nere
2263 5659 2451 5730 jugum
2477 5675 2632 5729 super
2661 5660 2880 5714 cervices
2908 5672 3129 5728 nostras,
3165 5661 3307 5730 quod
3331 5675 3493 5729 neque
3515 5672 3680 5727 partes
