3952 6186
285 327 408 383 [36!

1413 319 1772 379 EXPOSITIO
1807 321 1874 376 IN
1914 319 2352 375 MATTH/EUM.

3380 323 3525 381 156?;

275 437 458 499 nostri,
489 451 650 506 neque
681 453 774 490 nos
819 447 1027 506 portare
1058 436 1322 505 potuimus
1361 433 1688 504 aliquando?
1722 433 1836 487 Non
1866 436 1916 494 Α
1941 438 1995 484 et
2025 430 2145 485 ideo
2171 433 2323 500 quasi
2349 433 2594 489 homines
2618 434 2957 500 esuriebant,
2982 444 3036 490 et
3064 435 3295 492 inediam
3321 451 3511 493 conso-

273 528 414 582 enim
438 527 635 582 invitus
655 525 848 596 aliquis
870 527 1092 581 credere
1111 532 1306 594 potest,
1335 525 1436 580 nisi
1467 526 1836 580 voluntarius:

275 622 580 682 propterea,
601 612 768 668 tollite
789 613 976 684 jugum
1004 629 1172 667 meum
1196 630 1350 683 super
1374 631 1481 678 vos,
1507 615 1630 683 quia
1652 614 1840 685 jugnm

274 703 563 758 credulitas
591 712 671 758 est
696 744 710 769 ,
756 718 860 772 qua
887 703 1115 773 quisque
1141 704 1309 758 Deum
1343 705 1504 774 elegit
1539 705 1760 760 credere
1788 711 1844 759 et

275 795 446 862 sequi.
488 795 570 848 Et—
605 795 786 848 discite
835 813 866 848 a
896 812 976 848 me
1023 797 1146 866 quia
1198 797 1339 850 mitis
1387 813 1504 850 sum
1546 807 1596 850 et
1629 797 1840 850 humilis

277 884 449 936 corde.
480 885 660 953 ipsum
691 893 774 938 est
805 885 990 954 jugum
1031 885 1172 955 quod
1211 900 1376 953 super
1401 901 1501 940 nos
1533 885 1720 940 tollere
1749 886 1843 940 de-

277 974 484 1039 bemus,
517 983 570 1028 et
596 973 791 1028 collum
820 973 1168 1038 submittere,
1199 981 1260 1028 ut
1287 975 1444 1029 mites
1471 974 1639 1029 simus
1658 982 1714 1029 et
1739 974 1840 1028 hu-

277 1065 433 1119 miles
454 1065 635 1120 corde.
681 1065 832 1120 Miles
859 1072 914 1119 et
941 1065 1206 1119 mansueti
1237 1080 1358 1120 eum
1387 1065 1638 1118 omnibus
1665 1064 1839 1128 bonis,

277 1158 398 1230 quia
427 1166 481 1214 et
509 1157 622 1226 ipsa
655 1155 973 1228 simplicitas
998 1164 1266 1225 estquam
1301 1155 1354 1208 in
1386 1153 1644 1209 columbae
1666 1154 1844 1223 specie

282 1250 482 1304 imitari
501 1247 768 1316 jubcmur.
789 1246 946 1314 Quia,
973 1253 1234 1314 quantum
1261 1259 1328 1298 ex
1355 1243 1511 1298 nobis
1530 1251 1632 1307 est,
1655 1257 1842 1311 pacem

278 1339 534 1393 debemus
563 1338 761 1392 habere
791 1350 911 1388 cum
941 1333 1191 1388 omnibus
1212 1331 1538 1386 hominibus.
1570 1329 1698 1397 Quae
1719 1338 1846 1384 sunt

281 1431 506 1484 virtutes
552 1443 688 1496 quas
730 1427 990 1482 Dominus
1016 1423 1300 1479 discendas
1327 1437 1448 1477 esse
1481 1421 1846 1492 prazmonuit?

282 1518 394 1572 Non
421 1518 580 1582 dixit,
601 1517 800 1571 Discite
821 1531 852 1569 a
883 1530 966 1570 me
996 1523 1238 1568 mortuos
1262 1513 1543 1575 suscitare,
1576 1513 1846 1566 daemones

281 1611 547 1681 ell'ugare,
588 1615 758 1679 supcr‘
778 1625 928 1663 mare
953 1607 1110 1662 siccis
1143 1607 1365 1676 pedibus
1395 1606 1672 1660 ambulare
1699 1647 1713 1670 ,
1750 1607 1847 1662 sed

281 1708 380 1760 hoc
409 1705 550 1774 quod
575 1718 858 1773 possumus
884 1702 1104 1766 imitari,
1130 1700 1356 1763 scilicet,
1389 1707 1446 1753 ut
1483 1699 1642 1753 mites
1675 1697 1842 1751 simus

277 1805 331 1852 et
362 1794 590 1851 humiles
631 1795 810 1848 corde.
852 1792 906 1845 In
953 1791 1058 1844 alio
1086 1791 1248 1845 etiam
1296 1790 1412 1844 loco
1457 1788 1587 1843 dicit
1615 1806 1626 1841 :
1659 1787 1723 1840 In
1750 1787 1846 1840 hoc
1878 1775 1920 1833 Β

279 1893 583 1960 cognoscent
604 1899 778 1936 omnes
811 1883 932 1952 quia
964 1881 1063 1934 mei
1091 1881 1213 1932 estis
1237 1877 1502 1948 discipuli,
1532 1878 1578 1930 si
1612 1875 1847 1929 dilectio-

279 1993 394 2029 tum
431 1975 718 2028 habueritis
748 1973 1057 2026 adinvicem.
1114 1971 1215 2024 Ista
1252 1980 1377 2025 sunt
1421 1971 1520 2024 tria
1551 1969 1704 2039 signa
1749 1982 1848 2036 per

279 2083 398 2135 qum
424 2065 624 2121 Christi
649 2063 893 2132 discipuli
917 2064 1320 2134 dignoseuntur.
1359 2061 1460 2128 Qui
1483 2061 1585 2116 ista
1612 2060 1714 2114 tria
1740 2075 1845 2113 non

279 2157 478 2210 habere
503 2153 928 2224 deprehenditur
951 2192 968 2217 ,
1020 2168 1126 2206 non
1163 2166 1284 2206 esse
1321 2151 1523 2206 Christi
1551 2148 1846 2220 discipulus

277 2244 634 2308 convincitur,
655 2243 904 2312 quamvis
932 2242 1150 2297 nomine
1175 2253 1329 2296 tenus
1356 2241 1566 2296 dicatur
1589 2240 1848 2296 Christia—

279 2351 402 2390 nus.
438 2334 552 2390 Non
587 2343 668 2390 est
691 2335 756 2388 de
789 2334 872 2388 his
899 2335 965 2388 de
995 2333 1192 2404 quibus
1217 2334 1482 2402 sequitur.
1523 2333 1592 2386 Et
1624 2333 1848 2386 invenie-

281 2429 346 2480 tis
371 2427 593 2496 requiem
617 2425 892 2479 animabus
922 2426 1122 2479 vestris.
1146 2423 1260 2479 Non
1286 2424 1554 2494 promittit
1577 2431 1847 2493 tempora-

282 2521 374 2583 lia,
406 2519 498 2574 sed
528 2517 845 2588 spiritualia,
879 2519 1004 2588 quia
1027 2533 1146 2588 qua:
1175 2517 1446 2583 videntur,
1477 2515 1845 2586 corruptibilia

283 2616 405 2662 sunt
434 2617 488 2662 et
513 2609 620 2664 cito
646 2615 927 2663 transerunt
951 2648 966 2672 ,
996 2624 1116 2678 qua:
1145 2615 1322 2662 autem
1354 2615 1474 2676 post
1503 2615 1730 2661 mortem
1757 2607 1846 2676 ju-

281 2703 381 2757 stis
409 2703 622 2768 dantur,
655 2712 856 2758 acterna
883 2712 939 2758 et
974 2704 1440 2758 immarcescibilia
1463 2713 1604 2758 sunt.
1652 2703 1846 2773 Iugum

280 2793 417 2846 enim
448 2810 618 2847 meum
644 2810 799 2846 suave
818 2802 925 2856 est,
962 2803 1008 2846 et
1043 2811 1172 2847 onus
1199 2810 1368 2848 meum
1397 2792 1520 2848 leue.
1571 2791 1851 2858 Quomodo

281 2891 457 2952 potest
497 2897 615 2937 esse
661 2883 764 2936 hoc
806 2884 946 2952 quod
988 2883 1245 2937 Dominus
1287 2884 1436 2947 dicit,
1467 2883 1653 2954 jugum
1696 2899 1849 2936 suum

283 2989 402 3027 esse
433 2973 604 3027 levius
631 2988 791 3040 quam
816 2971 1002 3043 jugum
1037 2973 1166 3042 legis
1194 2973 1330 3026 fuit?
1374 2972 1479 3028 Sed
1511 2974 1556 3028 si
1585 2973 1852 3028 subtiliter

281 3064 704 3134 perpendimus,
774 3063 1106 3118 inveniemus
1161 3063 1362 3118 leviora
1415 3079 1534 3118 esse
1581 3072 1846 3134 praicepta

285 3154 556 3225 Evangelii
587 3170 750 3224 quam
780 3153 932 3225 legis.
981 3155 1036 3208 In
1067 3155 1180 3224 lege
1207 3149 1351 3210 enim
1385 3155 1548 3208 multa
1579 3163 1846 3225 praecepta

283 3254 409 3300 sunt
455 3260 574 3314 qua:
625 3245 850 3314 apostoli
900 3253 1167 3299 testantur
1214 3261 1320 3300 non
1361 3260 1520 3314 posse
1567 3245 1845 3314 compleri,

284 3336 408 3404 quia
439 3336 490 3388 in
522 3335 639 3404 lege
677 3349 840 3404 opera
879 3333 1244 3403 requiruntur,
1275 3350 1394 3404 qua:
1430 3333 1522 3403 qui
1559 3333 1747 3388 fecerit
1770 3335 1849 3386 vi-

284 3435 373 3480 vet
397 3427 448 3480 in
475 3427 571 3480 eis.
630 3425 687 3480 In
718 3426 1006 3496 Evangelio
1050 3426 1295 3480 voluntas
1336 3427 1612 3495 qutcritur,
1645 3441 1765 3496 qua:
1803 3426 1848 3481 si

287 3520 446 3574 etiam
473 3517 724 3575 effectum
751 3535 854 3574 non
879 3519 1163 3582 habuerit,
1203 3519 1484 3586 praemium
1525 3525 1704 3572 tamen
1743 3533 1848 3572 non

289 3610 518 3674 amittit;
569 3619 625 3665 et
673 3625 736 3665 ea
783 3608 937 3662 nobis
983 3607 1366 3678 praecipiuntur
1400 3621 1521 3676 qua:
1566 3621 1852 3676 possumus

292 3702 616 3766 observare,
670 3701 920 3756 videlicet
966 3714 1034 3753 ne
1076 3699 1544 3768 concupiscamus.
1586 3697 1641 3750 In
1683 3696 1852 3750 veteri

287 3791 405 3861 lege
435 3792 480 3845 si
510 3807 643 3861 opus
683 3789 953 3854 adfuerit,
984 3797 1040 3843 et
1067 3787 1314 3842 voluntas
1343 3785 1604 3850 defuerit,
1634 3787 1854 3856 punitur

291 3880 381 3949 qui
406 3879 624 3942 fecerit;
670 3866 724 3932 i6
772 3877 1056 3946 Evangelia
1101 3892 1164 3929 ex
1215 3875 1490 3929 voluntate
1529 3874 1754 3944 quilibet
1771 3874 1854 3944 ju-

294 3969 522 4024 dicatur.
565 3968 721 4022 Verbi
769 3968 964 4039 gratia,
1010 3967 1055 4020 si
1098 3967 1289 4020 mulier
1317 3982 1573 4036 oppressa
1617 3965 1857 4022 fueritet

293 4059 654 4115 contaminata
683 4073 782 4126 per
813 4057 940 4122 vim,
965 4056 1208 4124 quamvis
1237 4055 1484 4111 voluntas
1507 4055 1768 4123 defuerit,
1804 4057 1857 4112 in

291 4150 454 4205 veteri
475 4149 588 4220 lege
609 4156 826 4218 propter
849 4162 984 4217 opus
1007 4146 1244 4216 punitur.
1281 4144 1336 4199 In
1369 4145 1658 4216 Evangelio
1678 4157 1857 4202 autem

291 4241 414 4308 quia
444 4237 694 4292 voluntas
715 4235 904 4300 defuit,
920 4244 976 4288 et
996 4233 1303 4289 violentiam
1320 4249 1568 4304 perpessa
1592 4242 1695 4299 est,
1716 4234 1858 4303 apud

295 4331 460 4385 Deum
485 4329 637 4398 virgo
662 4327 954 4396 judicatur.

859 4413 1084 4470 CAPUT
1124 4414 1314 4469 XXXI.
1335 4467 1346 4473 -

554 4512 631 4566 De
657 4527 716 4564 eo
741 4509 880 4580 quod
902 4507 1146 4576 discipuli
1174 4507 1344 4575 spicas
1367 4505 1580 4560 vellunt.

366 4603 430 4657 In
469 4602 560 4656 illo
596 4611 820 4670 tempore
866 4599 992 4652 abiit
1029 4597 1184 4652 Jesus
1220 4597 1434 4651 sabbato
1475 4615 1566 4668 per
1588 4606 1740 4660 sata;
1779 4597 1860 4650 di-

294 4695 477 4764 scipuli
513 4703 686 4748 autem
723 4691 838 4762 ejus
877 4691 1160 4744 esurientes
1201 4696 1458 4758 coeperunt
1486 4686 1669 4742 vellere
1691 4687 1861 4756 spicas

295 4799 343 4841 et
372 4785 710 4840 manducare.
752 4782 881 4837 Sata
917 4783 1169 4836 dicuntur
1210 4781 1493 4835 seminata.
1558 4779 1688 4833 Erat
1735 4795 1863 4833 con-

297 4879 522 4934 suetudo
547 4877 599 4931 in
630 4876 716 4930 illa
753 4884 912 4947 gente
955 4881 1011 4927 et
1052 4873 1135 4928 lex
1163 4881 1223 4926 ut
1259 4873 1349 4942 qui
1391 4872 1551 4926 vellet
1581 4871 1782 4941 ingredi
1809 4871 1860 4924 in

299 4982 525 5022 messem
551 4965 784 5036 proximi
812 4964 917 5030 sui,
954 4970 1008 5017 et
1032 4963 1314 5017 comedere
1339 4963 1405 5016 de
1430 4961 1632 5030 grauis,
1662 4959 1864 5015 faceret

297 5068 556 5131 quantum
587 5058 767 5121 vellet,
811 5057 1178 5110 tantummodo
1223 5055 1358 5110 falce
1389 5071 1456 5108 ne
1492 5061 1734 5108 meteret.
1779 5051 1869 5106 Si-

299 5155 494 5208 militer
535 5153 588 5208 in
628 5153 841 5206 vineam
883 5149 1188 5219 ingrediens
1214 5189 1228 5213 ,
1277 5147 1582 5202 eomederet.
1621 5158 1865 5198 racemos

297 5255 556 5316 quantum
588 5244 887 5307 sulliceret,
930 5241 1074 5296 foras
1103 5257 1168 5294 ne
1203 5238 1436 5294 efferret.
1478 5237 1582 5290 Pro
1609 5236 1712 5290 hac
1739 5247 1867 5302 ergo

301 5341 432 5410 lege,
471 5337 715 5410 discipuli
743 5336 1066 5397 esurientes,
1108 5349 1225 5386 cum
1263 5328 1551 5384 ambularet
1590 5327 1744 5380 Jesus
1772 5341 1864 5394 per

301 5433 458 5494 uiam,
487 5429 730 5500 discipuli
762 5427 1259 5499 prwgrediebantur,
1297 5431 1345 5476 et
1383 5419 1636 5474 vellebant
1659 5418 1861 5488 spicas;

298 5531 348 5576 et
371 5519 630 5584 fricabant
660 5521 900 5574 manibus
929 5528 976 5572 et
1001 5515 1406 5570 nranducabant.
1439 5511 1692 5582 Legimus
1718 5509 1862 5564 enim

303 5613 356 5664 in
385 5612 484 5665 hoc
506 5611 789 5681 Evangelio
823 5611 962 5680 quod
990 5616 1146 5664 erant
1170 5607 1260 5676 qui
1291 5604 1576 5659 veniebant
1603 5610 1660 5656 et
1681 5601 1866 5656 crede—

303 5701 432 5759 bant
463 5701 612 5754 tnnlti
639 5741 652 5764 ,
703 5709 756 5754 et
794 5717 900 5754 non
937 5699 1204 5755 habebant
1229 5695 1458 5766 spatium
1485 5691 1862 5757 manducandi,

1943 520 2213 585 labantur,
2238 521 2320 575 vel
2343 523 2506 576 etiam
2539 524 2739 579 indicat
2763 525 2927 579 vitam
2956 534 3228 581 austeram
3253 529 3377 598 quia
3401 545 3506 584 non

1942 611 2202 665 haberent
2237 611 2424 681 epulas
2462 623 2818 682 praeparatas,
2850 616 2943 670 sed
2978 616 3206 686 simplici
3235 619 3354 674 cibo
3384 634 3510 675 eon-

1943 701 2075 754 tenti
2104 709 2306 756 essent.
2363 699 2625 756 Pharisa'i
2661 714 2834 757 autent
2871 705 3096 760 videntes
3127 708 3372 764 dixerunt
3410 709 3457 763 ei
3491 723 3508 760 :

1945 795 2078 849 Ecce
2102 794 2347 864 discipuli
2373 796 2448 848 tui
2475 795 2676 864 faciunt
2699 796 2837 866 quod
2855 813 2958 851 non
2985 797 3100 852 licet
3129 799 3301 867 facere
3326 801 3510 854 sabba-

1943 885 2028 939 tis.
2071 883 2168 939 Hie
2207 892 2431 954 apparet
2471 885 2613 954 quod
2637 886 2707 940 ob
2737 885 2938 940 nullam
2975 887 3137 941 aliam
3178 905 3395 944 causam
3427 905 3510 945 se-

1943 976 2246 1044 quebantur
2290 976 2572 1030 Dominutn
2597 1017 2612 1041 ,
2662 976 2766 1030 nisi
2796 976 3230 1046 reprehensionis
3263 981 3507 1036 obtentu.

1943 1065 2094 1132 Quod
2121 1079 2250 1120 vero
2279 1063 2412 1118 nihil
2459 1065 2643 1118 dicunt
2685 1067 2750 1120 de
2795 1065 2992 1120 damno
3031 1065 3252 1120 alterius
3293 1069 3505 1130 messis,

1945 1157 2046 1211 nisi
2076 1155 2408 1210 solummodo
2430 1155 2496 1210 de
2525 1155 2811 1215 violatione
2841 1156 3072 1220 sabbati,
3100 1170 3198 1225 pro
3227 1156 3314 1211 illa
3347 1173 3509 1213 causa

1944 1247 2221 1300 dimittunt
2256 1260 2416 1314 quam
2458 1245 2706 1314 superius
2729 1245 2884 1299 dixit.
2925 1243 3058 1298 Nam
3085 1252 3140 1298 et
3173 1245 3526 1314 Longobardi.

1943 1339 2188 1393 eamdem
2239 1338 2408 1408 legem
2437 1337 2640 1392 habent
2666 1338 2732 1392 de
2772 1337 2883 1408 ipsa
2925 1353 3086 1393 causa
3115 1379 3130 1404 ,
3177 1347 3232 1392 et
3271 1339 3528 1408 plurimae-

1943 1428 2063 1481 alize
2097 1435 2318 1498 gentes,
2355 1436 2415 1480 ut
2457 1426 2672 1496 quando
2707 1426 2902 1496 aliquis
2932 1428 2986 1481 in
3029 1441 3260 1486 messem
3303 1429 3416 1484 sive
3457 1424 3545 1481 in'

1946 1521 2156 1574 vineam
2185 1519 2481 1583 introierit,
2521 1518 2807 1572 manducet
2843 1527 3104 1588 quantum
3131 1518 3382 1581 voluerit,
3433 1517 3514 1574 fo-

1948 1626 2037 1666 ras
2066 1625 2132 1666 ne
2162 1609 2368 1664 efferat.
2392 1610 2674 1665 Habebam
2700 1625 2826 1664 vero
2849 1608 3015 1664 Judazi
3044 1610 3096 1664 in
3123 1612 3510 1666 consuetudine

1947 1712 2006 1756 ut
2032 1703 2082 1757 in
2112 1703 2198 1758 die
2241 1698 2368 1758 ante
2411 1701 2692 1756 sabbatum
2734 1711 2986 1771 pararent
3033 1701 3136 1757 sibi
3180 1702 3331 1757 cibos
3377 1718 3514 1772 quos

1949 1793 2294 1848 comedet-ent
2333 1793 2386 1848 in
2416 1792 2688 1856 crastino,
2720 1800 2772 1845 et
2812 1789 2937 1846 inde
2981 1799 3205 1846 vocatur
3246 1792 3358 1860 ipse
3401 1792 3516 1846 dies

1949 1893 2100 1938 sexta
2124 1883 2254 1938 feria
2281 1897 2597 1952 parasceve,
2619 1883 2722 1936 hoc
2749 1883 3185 1952 estprazparatio,
3212 1883 3266 1936 in
3291 1883 3516 1936 sabbato

1947 1993 2075 2031 vero
2105 1991 2279 2047 neque
2308 1977 2457 2030 cibos
2490 1981 2776 2044 pararent,
2832 1987 3005 2043 neque
3036 1972 3212 2044 ignem
3260 1973 3516 2027 accende-

1949 2077 2084 2124 rent.
2128 2068 2239 2122 Ilac
2262 2067 2328 2122 de
2354 2081 2519 2120 causa
2553 2065 3018 2135 reprehendebant
3049 2063 3248 2118 Christi
3285 2063 3517 2132 discipu-
3605 2071 3610 2074 '

1949 2163 2046 2228 los,
2074 2176 2244 2233 quare
2268 2161 2364 2232 ipsi
2394 2161 2497 2216 hoc
2528 2159 2788 2215 facerent.
2833 2159 3090 2216 Dominus
3127 2158 3364 2214 ostendit
3393 2159 3515 2227 quia

1949 2255 2265 2324 spiritaliter
2312 2253 2708 2308 observandum
2761 2261 2844 2306 est
2889 2252 3212 2317 sabbatum,
3263 2257 3318 2306 et
3354 2250 3514 2304 etiam

1948 2347 2072 2413 quia
2105 2347 2215 2414 ipse
2237 2353 2381 2398 esset
2410 2343 2666 2398 Dominus
2689 2341 2897 2396 sabbati
2924 2350 2979 2395 et
3019 2341 3142 2411 quia
3171 2347 3391 2409 propter
3416 2339 3517 2392 h0-

1949 2437 2145 2490 mincm
2181 2435 2370 2488 fuisset
2416 2442 2754 2504 przcceptum.
2780 2433 3084 2488 sabbatum.
3127 2431 3270 2485 Dixit
3313 2432 3386 2485 eis
3427 2429 3518 2483 Je-

1948 2540 2036 2576 sus
2064 2537 2080 2574 :
2122 2523 2244 2575 Non
2279 2521 2474 2591 legistis
2507 2521 2633 2591 quid
2663 2521 2842 2590 fecerit
2882 2519 3046 2573 Dat-id
3075 2519 3284 2590 quando
3313 2517 3517 2575 esuriit,

1948 2623 1995 2665 et
2014 2613 2102 2682 qui
2127 2629 2244 2665 cum
2273 2629 2330 2666 eo
2361 2623 2528 2676 erant,
2553 2612 2812 2681 quomodo
2839 2611 3046 2664 intravit
3080 2611 3135 2663 in
3165 2609 3378 2664 domum
3413 2608 3521 2662 Do-

1948 2704 2096 2766 mini,
2125 2713 2171 2756 et
2199 2719 2358 2772 panes
2393 2701 2763 2772 propositionis
2787 2700 3025 2764 comedit,
3051 2717 3181 2770 quos
3209 2716 3312 2754 non
3335 2699 3518 2752 licebat

1949 2795 1996 2846 ei
2023 2794 2172 2846 edere
2198 2811 2359 2864 neque
2384 2794 2464 2845 Itis
2501 2793 2592 2863 qui
2638 2808 2755 2846 cum
2798 2809 2856 2844 eo
2881 2801 3052 2856 erant,
3081 2792 3182 2844 nisi
3204 2791 3327 2844 solis
3349 2805 3524 2844 sacer-

1951 2882 2202 2935 dotibus?
2243 2882 2324 2935 Λᾶ
2368 2880 2748 2936 confutandam
2792 2878 3098 2934 Iudaeorum
3146 2878 3521 2948 reprehensio-

1951 2988 2074 3026 nem
2103 2973 2302 3027 veteris
2331 2972 2644 3027 recordatur
2673 2971 2912 3025 historiae
2940 2985 3059 3039 qute
3076 2969 3131 3024 in
3153 2969 3292 3024 libro
3313 2968 3520 3038 Regum

1954 3062 2207 3128 refertur,
2239 3063 2442 3117 scilicet
2470 3062 2610 3130 quod
2642 3061 2826 3124 David,
2867 3060 3076 3131 fugiens
3101 3077 3129 3114 a
3157 3059 3338 3126 Saule,
3367 3061 3531 3114 venit.

1953 3153 2018 3206 ad
2049 3152 2394 3207 Achimeleeh
2425 3151 2756 3206 sacerdotem
2776 3191 2790 3216 ,
2823 3157 2880 3206 et
2905 3149 3043 3203 dixit
3071 3150 3119 3204 ei
3141 3189 3156 3214 ,
3185 3150 3324 3204 sicut
3349 3149 3520 3210 scitis,

1952 3244 2093 3314 quod
2119 3260 2210 3298 rex
2238 3259 2360 3298 eum
2390 3243 2656 3308 mitteret,
2697 3250 2752 3297 et
2787 3241 3138 3310 p0stulaverit
3167 3241 3235 3296 ab
3263 3255 3328 3295 eo
3355 3255 3521 3310 panes

1951 3336 2016 3389 ad
2040 3333 2490 3398 manducandum,
2522 3331 2607 3386 vel
2634 3331 2768 3385 alios
2788 3331 2969 3396 cibos;
3000 3337 3054 3384 et
3077 3329 3164 3384 ille
3187 3344 3291 3383 non
3321 3329 3526 3384 habens

1951 3427 2086 3481 alios
2106 3441 2294 3496 panes,
2323 3425 2532 3480 dederit
2553 3423 2601 3477 ei
2631 3423 2752 3477 illos
2779 3423 2870 3492 qui
2913 3430 3068 3475 erant
3109 3421 3162 3474 in
3189 3436 3373 3475 mensa
3400 3435 3524 3491 pro-

1953 3517 2259 3587 positionis,
2315 3515 2509 3584 quibus
2535 3529 2639 3567 non
2671 3512 2864 3566 licebat
2891 3510 3034 3565 vesci
3072 3511 3178 3564 nisi
3205 3526 3234 3563 a
3264 3512 3514 3564 sacerdo-

1959 3605 2103 3658 tibus
2147 3611 2240 3656 aut
2283 3603 2486 3656 Levitis
2509 3641 2523 3664 ,
2555 3609 2609 3655 et
2638 3599 2771 3654 nihil
2806 3600 2949 3654 aliud
2981 3598 3390 3668 interrogaverit
3421 3599 3524 3652 nisi

1957 3695 2000 3747 si
2031 3693 2212 3746 mundi
2240 3700 2472 3747 essenta
2505 3691 2837 3744 mulieribus.
2876 3689 3144 3744 lntellexit
3167 3687 3256 3743 ille
3279 3703 3524 3742 summus

1957 3785 2208 3835 sacerdos
2251 3780 2413 3833 etiam
2460 3779 2603 3848 quod
2648 3775 2940 3832 secundum
2983 3776 3280 3846 prophetia:
3317 3775 3520 3828 dictum

1959 3872 2130 3943 magis
2152 3871 2388 3942 placeret
2417 3871 2665 3934 Domino,
2691 3868 2868 3922 facere
2895 3866 3318 3922 misericordiam
3351 3867 3400 3920 in
3431 3867 3528 3920 ah-

1955 3977 2062 4031 quo
2091 3977 2188 4017 suo
2213 3961 2458 4031 proximo
2478 4001 2492 4026 ,
2525 3975 2686 4030 quam
2715 3957 2909 4012 offerre
2936 3957 3326 4012 holocaustum.
3389 3955 3523 4020 Quia

1958 4053 2218 4110 Dominus
2252 4067 2360 4106 non
2391 4053 2460 4106 ob
2498 4051 2658 4103 aliam
2689 4063 2908 4104 causam
2937 4045 3192 4116 prtecepit
3220 4045 3322 4100 sibi
3348 4044 3527 4098 offerri

1959 4145 2164 4200 hostias
2187 4143 2289 4197 nisi
2318 4158 2384 4196 ne
2421 4141 2577 4196 idolis
2614 4139 3044 4202 immolarentur,
3074 4136 3213 4192 sicut
3253 4135 3367 4204 ipse
3393 4133 3522 4188 dicit

1959 4238 2012 4292 in
2047 4237 2294 4306 psalmo:
2338 4232 2590 4303 Nunquid
2631 4230 2958 4284 mandumbo
2998 4244 3181 4284 carnes
3227 4237 3521 4280 taurorum.

1959 4339 2048 4382 aut
2073 4329 2376 4398 sanguinem
2391 4327 2650 4378 hircorum
2664 4321 2892 4393 potabo?
2934 4320 3011 4374 Ae
3033 4321 3078 4375 si
3101 4320 3242 4373 dicat
3272 4317 3529 4372 Dominus

1959 4423 2025 4476 ad
2051 4421 2387 4477 Pharisr'cos:
2419 4416 2475 4472 Si
2504 4417 2592 4471 ille
2619 4418 2804 4471 beatus
2817 4413 3066 4468 sacerdos
3095 4427 3201 4466 non
3237 4409 3526 4479 reprehen-

1962 4514 2124 4574 ditur,
2158 4511 2266 4565 imo
2298 4509 2561 4570 laudatur,
2601 4507 2691 4576 qui
2731 4504 3153 4561 misericordiam
3181 4500 3414 4572 prmtulit
3441 4516 3528 4552 sa-

1961 4602 2187 4666 crilicio,
2215 4614 2384 4670 quare
2416 4615 2520 4654 non
2562 4597 2806 4652 eamdem
2843 4609 3060 4649 causam
3088 4591 3444 4648 consideratis
3475 4589 3528 4642 in

1965 4692 2241 4762 discipulis
2266 4691 2434 4745 meis?
2469 4702 2776 4758 quanquam
2814 4687 2956 4741 inter
2981 4686 3114 4740 istos
3138 4691 3194 4738 et
3226 4681 3391 4736 David
3419 4696 3527 4734 ma-

1964 4801 2066 4855 gna
2099 4783 2396 4838 dilferentia
2437 4783 2540 4846 sit,
2583 4781 2707 4851 quia
2758 4789 2812 4834 et
2863 4779 2952 4832 ille
2991 4775 3226 4846 fugiebat
3263 4775 3316 4828 in
3347 4772 3536 4826 dieluts

1967 4873 2404 4936 Nemneuiarum,
2431 4871 2628 4940 quibus
2655 4883 2758 4922 non
2790 4867 2984 4920 licebat
3015 4863 3261 4918 incedere
3289 4861 3392 4915 nisi
3427 4875 3534 4914 uno

1963 4961 2234 5024 milliario,
2267 4969 2320 5012 et
2346 4960 2508 5013 etiam
2537 4972 2702 5027 panes
2739 4961 3086 5009 consecratos
3115 4965 3250 5020 quos
3280 4965 3382 5003 non
3415 4949 3536 5001 lice-

1965 5055 2058 5108 bat
2084 5054 2248 5107 laicos
2285 5052 2528 5106 homines
2559 5049 2720 5102 cdere
2749 5046 3000 5101 comedit.
3040 5044 3190 5110 Quod
3223 5056 3352 5093 vero
3379 5039 3532 5100 dicit,

1966 5143 2045 5195 Itis
2065 5143 2154 5211 qui
2186 5157 2303 5193 cum
2325 5155 2384 5193 eo
2416 5146 2604 5200 erant,
2647 5151 2753 5190 non
2786 5135 3009 5205 legimus
3049 5131 3191 5202 quod
3223 5130 3295 5183 ibi
3341 5127 3534 5195 aliquis

1968 5248 2090 5287 cum
2114 5231 2203 5285 illo
2225 5229 2388 5284 fuerit
2413 5269 2427 5293 ,
2475 5228 2568 5281 sed
2595 5243 2661 5280 ex
2695 5243 2758 5281 eo
2787 5225 2928 5296 quod
2961 5222 3159 5278 dixerit
3189 5219 3256 5273 ad
3279 5217 3536 5272 sacerdo—

1971 5335 2112 5379 tem:
2151 5323 2336 5376 Pueris
2363 5321 2572 5376 condixi
2620 5321 2674 5373 in
2718 5319 2866 5372 illum
2914 5327 2960 5371 et
3004 5315 3152 5369 illum
3181 5313 3376 5375 locum,
3419 5325 3537 5364 crc-

1970 5417 2144 5470 dimus
2171 5414 2311 5482 quod
2342 5419 2436 5466 attt
2469 5410 2641 5466 secuti
2685 5425 2807 5462 eutn
2849 5407 3083 5470 fuerint,
3123 5412 3217 5457 aut
3244 5418 3338 5472 per
3375 5399 3539 5453 aliam

1971 5509 2110 5560 viam
2137 5505 2350 5558 obviam
2381 5504 2429 5558 ei
2455 5501 2722 5556 venerint.
2767 5501 2844 5552 lix
2882 5497 2970 5552 illa
3015 5492 3399 5550 consuetudine
3427 5504 3530 5558 qua

1975 5599 2164 5651 beatus
2191 5595 2278 5650 ille
2313 5596 2393 5648 vir
2433 5592 2783 5660 interrogavit
2825 5591 2866 5643 si
2899 5586 3082 5642 tnun'ii
3111 5591 3292 5639 essent
3319 5577 3468 5649 pueri
3503 5591 3530 5628 ,κ

1976 5685 2286 5742 mulieribus
2311 5726 2324 5750 ,
2361 5693 2684 5755 praeceptum
2720 5689 2802 5735 est.
2837 5681 2889 5733 in
2935 5677 3228 5732 canonibus
3261 5671 3424 5724 etiam
3453 5665 3550 5722 his.
