3952 6186
461 337 600 393 I363

1237 335 1630 392 CHRISTIANI
1664 335 2076 393 DRUTHMARI
2114 334 2562 394 CORBEIENSIS
2601 331 2906 394 MONACHI

3585 329 3717 384 156$

453 451 547 520 qui
573 449 814 521 legitime
844 446 1100 525 conjuges
1140 446 1372 511 habent,
1404 456 1460 500 et
1485 446 1886 501 communicare
1913 459 2034 499 cor-
2065 447 2112 506 A
2142 449 2446 514 comedere,
2472 458 2557 504 est
2581 455 2802 502 exutum
2843 460 3112 516 quemque
3165 444 3425 500 membris
3466 442 3722 498 Ecclesia:

453 553 554 609 pus
578 549 634 592 et
661 537 978 606 sanguinem
1006 535 1218 590 Domini
1242 536 1458 601 debent,
1493 542 1548 590 ct
1576 543 1728 590 sexta
1751 533 1885 589 feria
1915 534 2036 588 abs-

456 631 694 686 tinentes
731 627 803 682 ab
822 629 939 694 eis,
966 627 1149 682 abluto
1193 642 1419 696 corpore
1462 635 1518 682 et
1557 627 1931 691 vestimentis,
1979 626 2034 680 in

454 719 542 774 die
590 717 749 772 tertia
796 718 1221 771 communicent.
1290 716 1394 768 Aut
1443 731 1546 769 non
1599 715 1794 785 legistis
1833 717 1888 769 in
1928 714 2038 786 lege

451 808 593 880 quod
619 807 852 862 sabbatis
891 805 1186 861 sacerdotcs
1215 805 1269 859 in
1297 804 1487 876 templo
1521 803 1793 858 sabbatum
1822 803 2033 866 violam,

451 911 500 956 et
528 901 642 956 sine
665 900 886 954 crimine
908 909 1028 952 sunt
1046 899 1072 952 ?
1095 898 1333 952 Sabhato
1359 898 1501 952 enim
1537 899 1846 951 sacerdotes
1881 895 2037 950 victi-

455 1000 574 1039 mas
617 984 998 1048 immolabant,
1036 981 1354 1053 jngulantcs
1389 982 1587 1035 arietes
1635 990 1690 1035 et
1735 989 1952 1045 tauros,
1983 989 2035 1036 et

452 1082 760 1131 cremantes
815 1089 980 1144 super
1025 1081 1231 1128 struem
1284 1073 1572 1145 lignorum.
1636 1073 1703 1126 Et
1741 1075 2033 1128 secundum

451 1164 620 1218 alium
647 1163 1036 1234 evangelistam
1057 1205 1074 1228 ,
1122 1163 1225 1218 hoc
1253 1162 1460 1216 addidit
1491 1163 1640 1231 quod
1665 1163 1884 1232 quando
1911 1177 2032 1217 eve-

450 1254 532 1308 nit
554 1263 622 1308 ut
639 1253 818 1308 infans
841 1253 932 1307 die
970 1252 1196 1307 sabbato
1225 1264 1507 1318 nascatur,
1555 1253 1662 1308 alio
1687 1253 1773 1308 die
1797 1253 2032 1318 sabbati,

452 1353 513 1398 ut
544 1343 627 1398 lex
660 1343 948 1414 impleatur
989 1359 1109 1412 quae
1153 1345 1398 1414 pnecipit
1438 1345 1789 1410 circumcidi,
1839 1355 2029 1401 octava

449 1438 539 1492 die
561 1437 990 1492 circumciditur.
1056 1437 1126 1492 Et
1165 1436 1330 1493 Iosue
1356 1453 1544 1494 muros
1578 1436 1797 1494 Iericho
1827 1449 2030 1509 septem

450 1530 642 1584 diebus
679 1545 802 1584 cum
826 1531 1066 1586 exercitu
1094 1530 1433 1597 circumivit;
1465 1532 1610 1602 quod
1641 1532 1914 1588 Machabei
1951 1535 2031 1588 in-

2139 538 2507 608 incorporari;
2540 547 2594 592 et
2621 537 2870 606 discipuli
2909 544 3036 590 ante
3083 535 3371 590 Dominum
3415 535 3724 592 incedentes

2139 633 2242 686 hoc
2266 631 2491 696 faciunt,
2531 632 2658 702 quia
2717 640 2843 685 ante
2897 631 3146 686 doctores
3190 629 3506 699 pnedicant,
3556 637 3614 682 et
3653 629 3726 683 sic

2139 722 2309 790 tangit
2337 721 2599 778 Dominus
2628 739 2725 778 cor
2745 732 2797 776 ut
2829 722 3072 777 credant.

2709 833 2934 890 CAPUT
2966 833 3179 889 XXXII.

2551 905 2628 958 De
2654 914 2842 959 sanata
2872 922 3031 958 manu
3057 905 3230 959 arida.

2205 995 2276 1050 Et
2304 1013 2420 1050 cum
2442 996 2562 1050 inde
2591 997 2857 1056 transiret,
2900 996 3036 1049 venit
3075 995 3130 1051 in
3159 1009 3478 1068 synagogam
3523 1011 3724 1056 eorum,

2132 1095 2180 1140 et
2205 1101 2321 1139 ecce
2341 1086 2494 1139 homo
2520 1101 2733 1138 manum
2756 1084 2950 1138 habens
2999 1083 3226 1138 aridam.
3282 1081 3419 1138 Cum
3471 1098 3610 1152 ergo
3629 1083 3728 1137 Do-

2134 1180 2313 1234 minus
2361 1179 2476 1248 ipsa
2527 1179 2614 1234 die
2657 1177 2991 1248 pervenisset
3035 1177 3088 1231 in
3138 1191 3466 1248 synagogam
3518 1191 3726 1240 eorum,

2132 1268 2280 1323 venit
2315 1269 2479 1323 homo
2503 1276 2632 1323 ante
2675 1267 2852 1338 ipsum
2903 1275 2956 1322 et
3001 1267 3328 1338 precabatur
3370 1266 3605 1321 dicens:
3631 1266 3728 1320 Do-

2131 1362 2306 1428 mine,
2325 1362 2514 1430 adjuva
2542 1375 2647 1426 me,
2681 1360 2808 1430 quia
2831 1374 2994 1430 opere
3023 1375 3280 1415 manuum
3309 1374 3558 1414 mearum
3589 1359 3728 1412 vire-

2130 1455 2280 1519 ham,
2309 1461 2365 1508 et
2385 1453 2544 1508 modo
2568 1452 2907 1516 mendicabo,
2961 1452 3067 1506 nisi
3102 1458 3157 1505 tu
3183 1451 3473 1521 adjuveris.
3535 1450 3730 1506 Fuerat

2131 1545 2276 1600 enim
2299 1544 2694 1600 caementarius.
2726 1542 2794 1596 Et
2819 1541 3098 1606 Pharisaei,
3129 1550 3419 1612 antequam
3467 1541 3592 1610 ipse
3628 1541 3728 1594 ali-

451 1624 757 1694 telligentes
786 1631 844 1679 et
869 1624 1301 1691 considerantes,
1327 1633 1638 1681 statuerunt
1659 1635 1870 1696 postea,
1895 1634 1954 1680 ut
1984 1626 2032 1682 si
2127 1636 2257 1706 quid
2319 1635 2553 1699 diceret,
2615 1634 3020 1705 interrogabant
3076 1647 3201 1687 eum
3254 1632 3501 1688 dicentes
3535 1650 3550 1686 :
3588 1631 3728 1686 licet

449 1715 572 1783 quis
597 1715 676 1770 eis
708 1730 945 1786 pugnam
980 1714 1208 1769 inferret
1247 1715 1506 1782 sabbato,
1546 1715 1809 1772 bellarent
1838 1717 2029 1774 adver-

2131 1729 2360 1786 sabbatis
2381 1744 2568 1783 curare
2582 1728 2611 1782 ?
2630 1727 2700 1782 Ut
2723 1734 3042 1782 accusarent
3071 1740 3217 1790 eum,
3245 1725 3299 1780 id
3319 1733 3420 1788 est,
3438 1726 3483 1779 si
3507 1724 3733 1790 faceret,

451 1823 571 1862 sum
601 1821 736 1861 eos:
787 1812 842 1860 et
877 1803 1157 1871 fecerunt,
1187 1815 1243 1860 et
1287 1806 1592 1862 habuerunt
1641 1807 1928 1874 victorias,
1976 1816 2032 1862 et

2146 1821 2286 1892 μιθέὶ
2319 1829 2796 1892 transgressorem,
2821 1827 2874 1872 et
2895 1819 2940 1873 si
2963 1833 3066 1873 non
3094 1817 3317 1882 faceret,
3349 1817 3621 1888 potuisset
3644 1817 3735 1869 ad.

449 1899 818 1970 probaverunt
867 1897 1010 1966 quod
1053 1913 1160 1951 non
1204 1896 1514 1966 displiceret
1546 1899 1672 1954 Deo.
1712 1899 1818 1955 Sed
1845 1899 2034 1954 simili-

2146 1927 2318 1978 .uvare
2347 1921 2402 1968 et
2427 1913 2613 1968 nollet.
2656 1911 2916 1966 Dominus
2971 1919 3143 1965 autem
3193 1913 3268 1964 sic
3312 1911 3585 1980 respondit
3639 1911 3734 1965 eis.

407 2059 416 2067 _
451 1999 531 2044 ter
555 1987 832 2043 convincit
873 2002 968 2043 eos
998 1987 1102 2041 alia
1133 1987 1250 2043 vice
1272 2028 1286 2053 ,
1323 1988 1540 2056 quando
1567 1991 2036 2059 reprehendebant

449 2097 570 2136 eum
596 2080 664 2135 de
686 2078 911 2134 muliere
948 2087 1158 2144 sanata,
1192 2079 1338 2150 quod
1359 2080 1458 2150 ipsi
1481 2095 1672 2150 pecora
1706 2097 1799 2136 sua
1823 2081 1876 2136 in
1904 2083 2034 2137 sab—

449 2174 576 2226 hato
611 2169 969 2240 adaquarent,
997 2178 1051 2225 et
1071 2170 1116 2225 si
1147 2170 1459 2226 deciderent
1487 2171 1542 2225 in
1569 2182 1813 2242 puteum,
1846 2187 2036 2228 eruere

449 2264 790 2318 festinarent.
837 2261 966 2316 Dico
993 2272 1167 2316 autent
1193 2263 1336 2316 vobis
1365 2263 1509 2334 quod
1533 2263 1722 2335 templo
1752 2265 1924 2335 major
1961 2275 2036 2319 est

446 2354 552 2408 hic.
590 2352 708 2408 Non
741 2361 828 2408 est
871 2353 925 2408 in
957 2353 1063 2408 isto
1090 2352 1208 2408 loco
1237 2353 1321 2408 hic
1360 2369 1695 2424 pronomen,
1728 2355 1820 2410 sed
1847 2355 2038 2410 adver-

456 2447 605 2500 '|.ium
632 2454 716 2500 est
739 2445 868 2512 loci,
895 2446 1024 2515 quia
1059 2445 1311 2501 videlicet
1340 2447 1432 2516 qui
1469 2447 1541 2502 ibi
1582 2447 1907 2517 loquebatur
1941 2447 2039 2502 Do-

464 2535 641 2590 minus
670 2544 788 2589 erat
814 2533 1052 2600 sabbati,
1103 2536 1228 2604 quia
1274 2535 1388 2605 ipse
1430 2544 1550 2590 erat
1582 2537 1674 2605 qui
1709 2544 2040 2606 prazccpcrat

447 2624 731 2680 observari
754 2623 1076 2688 sabbatum;
1107 2640 1172 2680 ac
1205 2627 1250 2680 si
1273 2624 1479 2681 diceret
1505 2645 1520 2680 :
1560 2626 1617 2680 Si
1643 2626 1812 2680 David
1843 2641 2038 2696 panem

448 2713 700 2769 illicitum
751 2713 920 2768 edens
966 2720 1024 2768 et
1067 2713 1378 2769 sacerdotes
1432 2713 1637 2769 hostias
1688 2730 1786 2784 pro
1844 2715 2040 2785 populo

447 2801 795 2860 immolantes
823 2802 940 2858 sine
965 2802 1193 2858 crimine
1219 2810 1346 2858 sunt
1363 2811 1418 2857 et
1448 2805 1590 2874 apud
1625 2804 1796 2860 Deum
1820 2814 1876 2860 et
1901 2806 2042 2876 apud

445 2909 561 2960 vos,
585 2901 788 2964 quanto
829 2892 1002 2966 magis
1047 2906 1148 2964 ego
1192 2893 1285 2962 qui
1337 2908 1432 2948 rex
1473 2901 1531 2948 et
1578 2894 1831 2950 sacerdos
1885 2912 2044 2952 verus

445 3001 590 3050 sum,
615 2991 672 3040 et
701 2982 882 3053 templi
911 2983 1172 3039 Dominus
1197 2989 1250 3036 et
1270 2983 1502 3051 sabbati,
1543 2999 1648 3039 non
1698 2987 1899 3056 possim
1923 2987 2044 3042 abs-

445 3091 552 3146 que
591 3075 746 3145 culpa
786 3073 1078 3144 discipulos
1114 3088 1262 3130 meos
1303 3073 1548 3140 reddere,
1590 3090 1712 3130 cum
1741 3092 1840 3146 pro
1865 3077 2034 3131 homi-

448 3181 576 3220 num
605 3165 778 3219 salute
805 3179 910 3218 non
935 3163 1148 3218 licuerit
1175 3171 1302 3218 ante
1329 3164 1407 3218 eis
1433 3163 1612 3219 edere.
1657 3164 1719 3220 Si
1741 3176 1915 3219 autem
1937 3167 2039 3220 sci-
2065 3137 2109 3198 Ο

449 3257 574 3310 retis
600 3254 726 3327 quid
758 3263 854 3317 est,
883 3251 1300 3307 Misericordiam
1327 3251 1443 3307 volo
1469 3260 1519 3307 et
1565 3271 1668 3307 non
1697 3254 2038 3324 sacriﬁcium,

451 3361 718 3417 nunquam
746 3345 1183 3398 condemnassetis
1211 3345 1527 3398 innocentes.
1568 3343 1758 3400 Melius
1783 3344 2042 3400 intellexit

447 3437 762 3494 Ahimclech
791 3435 920 3490 illud
951 3435 1172 3490 verbum
1201 3451 1364 3504 quam
1394 3450 1489 3490 vos
1517 3454 1530 3488 :
1560 3435 1651 3506 qui
1674 3450 1779 3490 non
1809 3437 2042 3492 habebat

448 3527 750 3598 exemplum
771 3536 894 3582 ante
917 3527 1140 3596 factum,
1162 3534 1220 3580 et
1234 3534 1411 3580 tamen
1435 3541 1538 3580 non
1557 3526 1821 3582 dubitavit
1844 3525 2040 3592 facere,

449 3620 677 3675 ﬁrmiter
706 3620 882 3674 sciens
911 3618 1056 3686 quod
1082 3632 1202 3686 qum
1229 3617 1282 3670 in
1313 3618 1517 3672 mundo
1554 3626 1680 3672 sunt
1721 3617 1888 3684 facta,
1939 3619 2040 3673 nisi

447 3712 514 3766 de
541 3708 816 3765 adoranda
831 3717 891 3763 et
915 3708 1181 3764 laudando
1204 3705 1334 3772 Deo,
1355 3717 1574 3779 propter
1596 3710 1866 3766 hominem
1893 3727 2045 3765 crea-

453 3815 504 3860 ta
541 3813 596 3860 et
630 3813 895 3876 praecepta
925 3813 1070 3858 sunt.
1099 3802 1246 3858 Talis
1275 3811 1360 3858 est
1379 3803 1744 3858 consideratio
1785 3805 2044 3859 adhiben~

452 3897 520 3950 da
558 3895 610 3950 in
641 3895 900 3949 omnibus
926 3893 1248 3949 necessariis
1283 3895 1532 3948 humanae
1583 3892 1912 3965 fragilitatis,
1955 3901 2046 3948 aut

453 3987 507 4040 in
531 3983 752 4054 jejuniis
782 3983 1001 4039 indictis
1031 3985 1174 4039 circa
1202 3985 1466 4050 inlirmos,
1491 3985 1604 4039 sive
1628 3985 1679 4039 iu
1705 3983 2047 4040 abstinentiis

453 4098 481 4132 a
507 4079 666 4144 ciliis,
695 4077 821 4149 quia
847 4075 1026 4132 carnis
1055 4093 1186 4132 cura
1217 4077 1270 4131 iu
1293 4075 1576 4131 desideriis
1628 4075 1746 4129 ﬁeri
1796 4076 2048 4146 prohibe-

456 4182 568 4237 tur,
601 4188 706 4226 non
752 4171 804 4225 in
845 4169 1283 4224 necessitatibus.
1340 4167 1540 4224 Omnes
1585 4167 1882 4238 prtepositi,
1929 4169 2044 4240 cpi-

454 4261 628 4332 scopi,
645 4262 866 4320 ahhates
885 4269 973 4314 aut
1001 4260 1216 4330 reliqui,
1243 4260 1449 4315 discere
1477 4259 1673 4314 debent
1697 4260 1856 4316 istum
1887 4263 2049 4316 versi-

452 4349 632 4406 culum
655 4351 865 4406 Domini
887 4369 901 4406 :
926 4350 1348 4406 Miscricordiam
1375 4349 1516 4418 volo,
1549 4359 1602 4406 et
1623 4352 1904 4406 scientiam
1929 4352 2043 4416 Dei,

2137 2007 2207 2064 Ut
2233 2007 2396 2062 etiam
2425 2015 2648 2077 propter
2678 2003 2964 2060 avaritiam
3005 2017 3192 2057 eorum
3232 2003 3546 2058 ostenderet
3593 2004 3736 2072 ipsos

2135 2100 2338 2154 violare
2365 2099 2671 2161 sabbatum,
2705 2095 2846 2164 quod
2877 2095 2932 2148 in
2952 2108 3076 2148 eum
3107 2092 3605 2162 reprehendebant,
3645 2091 3735 2160 qui

2137 2206 2236 2262 pro
2263 2188 2632 2245 misericordia
2663 2186 2864 2241 faceret
2891 2193 3064 2240 totum
3107 2183 3258 2254 quod
3282 2181 3506 2238 faceret.
3550 2181 3743 2238 Phari-

2137 2281 2231 2338 saei
2255 2281 2399 2336 enim
2427 2279 2572 2334 omni
2603 2279 2687 2334 die
2709 2292 2900 2332 manus
2929 2275 2996 2330 ad
3026 2290 3088 2330 os
3107 2275 3468 2332 extendebant
3485 2275 3562 2328 ad
3585 2290 3735 2328 man-

2136 2375 2443 2431 ducandum
2474 2381 2530 2428 et
2553 2372 2868 2428 bibendum.
2896 2368 3072 2425 Homo
3121 2369 3228 2424 iste
3269 2365 3592 2437 spiritaliter
3646 2383 3735 2437 ge-

2138 2483 2240 2522 nus
2267 2467 2560 2520 humanum
2584 2462 2848 2532 designat,
2896 2461 2987 2530 qui
3036 2467 3323 2530 postquam
3369 2473 3590 2513 manum
3642 2474 3737 2511 ex-

2141 2555 2310 2611 tendit
2337 2555 2404 2610 ad
2426 2548 2609 2610 cibum
2631 2555 2874 2619 vetitum,
2915 2553 3332 2608 condemnatum
3368 2551 3562 2607 habuit
3609 2551 3734 2604 bra-

2140 2645 2544 2712 chium,donec
2585 2644 2735 2699 venit
2787 2643 3150 2700 Christuszet
3179 2643 3430 2698 extendit
3478 2643 3534 2696 in
3575 2655 3739 2696 cruce

2141 2737 2518 2794 immaculatas
2544 2753 2735 2794 manus
2762 2752 2862 2808 pro
2914 2737 3166 2792 manibus
3206 2736 3614 2792 incontinenter
3645 2751 3739 2790 ex-

2144 2829 2336 2894 tensis,
2379 2838 2436 2883 et
2479 2827 2558 2882 sic
2602 2835 2786 2898 postea
2851 2841 3022 2898 genus
3084 2827 3380 2881 humanum
3455 2827 3642 2882 docuit
3688 2833 3742 2880 et

2143 2919 2392 2990 exemplo
2435 2917 2579 2974 illius
2607 2917 2676 2972 ad
2723 2917 3122 2988 eleemosynam
3168 2923 3225 2973 et
3263 2916 3334 2971 ad
3381 2916 3523 2972 bona
3574 2930 3738 2986 opera

2146 3028 2339 3068 manus
2366 3011 2675 3066 extendere.

2685 3100 2910 3156 CAPUT
2950 3098 3184 3154 XXXIII.

2141 3196 2220 3252 De
2247 3195 2326 3250 ira
2355 3193 2624 3248 Pharist
2631 3208 2744 3245 rum
2759 3207 2883 3262 erga
2896 3189 3202 3256 Dominum,
3216 3198 3263 3242 et
3276 3188 3544 3260 prophetia
3560 3186 3588 3242 1
3592 3189 3740 3242 snit.

2211 3288 2477 3342 Exeuntes
2512 3293 2687 3338 autem
2735 3279 2998 3336 Pharistei
3033 3278 3310 3334 comitium
3359 3277 3597 3348 fecerunt
3647 3277 3740 3329 ad-

2141 3393 2316 3434 versus
2365 3391 2484 3429 eum
2525 3371 2786 3444 quomodo
2811 3369 3087 3440 perderent
3127 3384 3265 3422 eum.
3300 3365 3457 3423 Unde
3484 3365 3738 3420 meliores

2143 3469 2445 3524 debuerunt
2471 3465 2613 3530 ﬁeri,
2630 3463 2752 3522 inde
2780 3461 3076 3517 deteriores
3101 3459 3276 3515 ell'ecti
3305 3466 3450 3514 sunt.
3472 3457 3580 3528 Ipsi
3597 3458 3738 3514 enim

2143 3562 2350 3617 centies
2389 3561 2444 3614 in
2475 3559 2563 3614 die
2594 3571 2786 3611 manus
2813 3553 3174 3612 extendebant
3202 3550 3269 3606 ad
3295 3566 3553 3613 ossuum,
3588 3557 3647 3605 et
3673 3550 3743 3602 in-

2144 3654 2286 3708 vidia
2312 3649 2637 3714 stimulante,
2655 3664 2752 3719 pro
2767 3664 2868 3702 una
2884 3644 3246 3700 extendebant
3267 3639 3564 3716 [extensa]
3591 3639 3739 3695 inﬁr-

2145 3743 2218 3797 mi
2265 3741 2521 3802 hominis,
2577 3753 2765 3792 necem
2809 3735 3078 3792 Salvatori
3145 3733 3620 3789 machinabantur.
3644 3729 3741 3785 Hie

2145 3841 2320 3886 autem
2376 3830 2564 3893 sciens,
2597 3826 2805 3881 recessit
2853 3825 2993 3879 inde.
3020 3822 3264 3878 Recessit
3318 3830 3378 3876 ut
3421 3820 3744 3889 homo,qnia

2147 3921 2390 3977 nondum
2419 3926 2642 3974 venerat
2663 3919 2794 3972 hora
2815 3932 2920 3988 qua
2947 3915 3085 3974 mori
3117 3913 3294 3978 vellet,
3317 3927 3419 3968 nec
3443 3921 3566 3968 erat
3588 3912 3742 3966 locus

2145 4021 2298 4069 extra
2325 4009 2661 4066 Hierusalem
2691 4009 2782 4064 ubi
2809 4007 2918 4078 pati
2943 4004 3256 4062 deberet.Et
3278 4005 3445 4058 secuti
3464 4014 3590 4058 sunt
3609 4019 3749 4064 aut.

2146 4113 2192 4158 et
2215 4102 2417 4156 curavit
2440 4117 2526 4155 eos
2556 4116 2752 4154 omnes.
2777 4098 2878 4166 Qui
2909 4098 2996 4168 pia
3029 4096 3132 4152 [ide
3151 4102 3402 4166 qurerunt
3433 4095 3746 4157 Dominum,

2148 4194 2428 4250 inveniunt
2449 4208 2570 4246 eum
2594 4191 2773 4260 :quia,
2790 4189 2946 4260 juxta
2975 4187 3514 4256 Psalmistam,prope
3538 4197 3618 4240 est
3642 4183 3748 4238 Duo

2149 4286 2319 4339 minus
2346 4281 2584 4338 omnibus
2615 4281 2970 4336 invocantibus
2990 4296 3108 4334 eum
3129 4281 3182 4333 in
3214 4280 3447 4334 veritate.

2221 4373 2289 4428 Et
2322 4372 2526 4428 curauit
2551 4388 2642 4426 eos
2670 4389 2870 4437 omnes,
2887 4373 3076 4435 honos,
3101 4371 3168 4425 ah
3191 4368 3612 4423 inﬁrmitatibus
3633 4369 3750 4422 ani-

455 4445 574 4516 plus
617 4460 778 4515 quam
808 4443 1201 4499 holocaustum.
1227 4441 1480 4497 Dominus
1508 4453 1582 4497 est
1609 4445 1744 4496 enim
1768 4443 1910 4513 ﬁlius
1953 4445 2043 4498 Ito-
2072 4485 2124 4546 Β
2151 4482 2250 4521 ,ηπ
2277 4473 2332 4520 ει
2359 4464 2621 4534 corporis.
2647 4462 2712 4517 Et
2753 4463 2994 4534 prtcccpit
3023 4464 3199 4528 eis,ne
3231 4459 3578 4530 manifestam
3613 4462 3752 4531 face-

450 4535 608 4588 minis
629 4534 788 4588 etiam
817 4533 1040 4586 sabbati.
1071 4532 1416 4602 liypcrbaton
1449 4540 1533 4588 est
1563 4534 1614 4588 in
1637 4534 1742 4590 hoc
1755 4533 1893 4599 loco,
1924 4551 2045 4590 ver-

451 4626 642 4678 borum
669 4621 804 4676 ordo
835 4621 1099 4676 turbatus.
1133 4621 1230 4675 Est
1276 4630 1454 4674 autem
1496 4621 1632 4676 ordo
1679 4623 1827 4683 talis.
1870 4621 2044 4677 Filius

451 4714 674 4770 hominis
705 4723 778 4768 est
810 4713 1065 4768 Dominus
1089 4712 1248 4766 etiam
1278 4711 1503 4777 sabbati,
1535 4713 1660 4782 quia
1696 4723 1912 4769 creator
1932 4729 2047 4769 o:n-

451 4806 602 4862 nium
629 4811 750 4858 erat
773 4793 1011 4874 quicum
1053 4804 1134 4858 eis
1171 4803 1492 4874 loquebatur
1518 4811 1573 4858 et
1599 4815 1900 4876 praeceptor
1924 4810 2047 4863 sab-

451 4897 586 4953 bati.
625 4895 846 4968 Mystice
873 4895 1122 4966 discipuli
1165 4911 1262 4967 per
1312 4903 1432 4951 sata
1478 4904 1780 4964 transeunt,
1816 4901 2044 4970 apostoli

455 4991 540 5046 vel
564 4991 816 5046 doctores
839 5006 962 5045 cum
992 4991 1339 5046 considerant
1371 4990 1642 5060 quomodo
1687 5005 2043 5060 unumquemc

455 5100 560 5152 que
595 5085 804 5154 possint
827 5085 892 5138 ad
918 5082 1144 5138 salutem
1173 5080 1532 5154 [adducere],
1554 5090 1610 5137 et
1652 5081 1798 5137 illam
1844 5082 2041 5139 famem

423 5209 426 5212 -
457 5172 905 5244 patiuntur-juxta
933 5173 1235 5242 exemplum
1265 5173 1474 5228 Domini
1513 5173 1603 5244 qui
1633 5173 1766 5229 dixit
1795 5193 1806 5228 :
1839 5174 1950 5246 Ego
1973 5177 2046 5230 ci-

458 5264 577 5316 bam
604 5266 766 5318 habeo
818 5265 1158 5327 manducare,
1183 5273 1230 5316 et
1262 5280 1406 5316 meus
1451 5263 1597 5318 cibus
1643 5275 1714 5318 est
1757 5278 1812 5319 ut
1851 5265 2045 5336 fat-iani

459 5356 773 5410 immutatam
816 5353 1004 5420 Patris
1023 5357 1140 5409 mei.
1179 5354 1312 5409 Cum
1361 5365 1541 5410 autem
1589 5367 1870 5413 transeunt
1895 5401 1909 5421 ,
1941 5361 2054 5413 vel—

459 5447 579 5502 lunt
625 5447 824 5517 spicas,
850 5438 976 5516 quia
1007 5447 1208 5501 vellunt
1236 5460 1331 5500 eos
1359 5465 1386 5503 a
1420 5450 1652 5504 terrenis
1678 5449 2052 5506 delectationi-

381 5543 402 5553 ’
458 5537 562 5593 bus
587 5537 858 5607 inquibus
888 5538 1086 5592 conﬁxi
1121 5546 1292 5592 erant.
1336 5537 1555 5594 Fricare
1607 5555 1736 5596 vero
1777 5545 2048 5612 manibus,

460 5637 550 5680 est.
591 5642 688 5698 per
729 5628 971 5697 exempla
1000 5639 1308 5684 sanctarum
1363 5629 1770 5701 Scripturarum
1794 5652 1823 5689 a
1853 5651 2051 5692 concu-

463 5717 724 5785 piscentia
750 5719 932 5776 carnis
955 5723 1107 5790 quasi
1137 5738 1166 5778 a
1191 5721 1437 5778 folliculis
1461 5738 1678 5795 exuere.
1711 5725 1890 5784 Grana
1921 5745 2050 5786 vero

2145 4567 2277 4613 rent.
2297 4555 2607 4610 Secundum
2631 4553 2914 4610 historiam
2941 4553 3068 4608 fecit
3088 4553 3228 4607 sicut
3254 4553 3440 4614 homo,
3457 4551 3753 4608 occultavit

2143 4665 2202 4706 se
2229 4649 2296 4704 ah
2329 4648 2412 4702 his
2436 4647 2526 4716 qui
2565 4645 2706 4702 male
2732 4647 3048 4716 quaerebant
3084 4651 3145 4698 ut
3177 4658 3298 4698 eum
3329 4642 3651 4712 perderent.
3688 4639 3751 4693 lit

2143 4740 2520 4811 adimpleretnr
2557 4739 2696 4811 quod
2731 4740 2930 4792 dictum
2971 4747 3046 4793 est
3084 4753 3176 4809 per
3213 4735 3413 4790 Isaiam
3444 4736 3752 4806 prophetam

2146 4833 2594 4900 dicentem.Qund
2621 4833 2770 4897 dicit,
2817 4841 2872 4886 ut
2922 4829 3246 4900 impleretur,
3267 4827 3335 4883 ad
3375 4829 3483 4882 hoc
3533 4827 3754 4897 respicit

2087 4975 2096 4984 .
2146 4928 2289 4998 quod
2322 4927 2472 4992 dicit,
2507 4935 2554 4980 et
2578 4925 2776 4979 curavit
2809 4941 2896 4979 eos
2919 4939 3115 4990 omnes,
3132 4923 3256 4993 quia
3297 4920 3398 4976 hoc
3423 4918 3614 4974 fuerat
3638 4934 3755 4991 pro-

2146 5019 2425 5090 phetatum
2451 5025 2507 5072 et
2544 5031 2640 5086 per
2673 5014 2860 5070 Isaiam
2885 5022 2941 5068 et
2965 5029 3063 5085 per
3099 5011 3412 5082 alios,quod
3441 5011 3560 5080 ipse
3590 5025 3752 5064 cura-

2146 5117 2302 5164 turus
2329 5115 2475 5162 esset
2493 5105 2834 5161 infirmitates
2858 5105 3161 5159 animarum
3195 5110 3252 5158 et
3279 5115 3596 5172 corporum.
3622 5099 3755 5153 Ecce

2146 5214 2277 5269 puer
2301 5213 2463 5250 utens.
2491 5197 2568 5250 Ex
2599 5211 2828 5267 persona
2857 5195 2949 5250 Dei
2980 5195 3159 5250 Patris
3185 5179 3286 5249 hoc
3309 5193 3436 5248 dicit
3463 5192 3754 5262 propheta.

2152 5286 2308 5340 Pueri
2337 5294 2571 5354 quatuor
2587 5284 2761 5339 modis
2791 5285 3064 5338 dicuntur.
3104 5282 3244 5338 Puer
3268 5283 3334 5340 ab
3362 5289 3526 5336 :elatc
3549 5290 3610 5336 et
3632 5297 3758 5352 pro-

2153 5385 2274 5445 pter
2296 5375 2600 5439 infantiam,
2626 5390 2761 5444 pucr
2786 5382 2992 5443 septem
3031 5386 3468 5442 annorum,puer
3489 5386 3594 5441 pro
3621 5371 3755 5425 obe—

2155 5469 2378 5533 dicntia,
2393 5476 2472 5532 ut,
2495 5470 2642 5538 pueri
2663 5465 2853 5530 David;
2871 5482 3006 5536 puer
3020 5481 3116 5537 pro
3131 5466 3353 5521 stultitia
3365 5463 3626 5530 ,ut,Ptter
3644 5478 3761 5517 cca-

2155 5568 2264 5612 tam
2317 5574 2574 5613 annorum
2628 5557 2904 5620 morietur;
2922 5573 3056 5628 puer
3093 5573 3194 5628 per
3241 5555 3610 5612 innocentiam
3643 5553 3756 5613 hie.

2155 5645 2291 5701 Ecce
2323 5663 2454 5718 puer
2489 5663 2657 5702 meus.
2687 5646 2830 5717 Puer
2855 5647 3001 5702 enim
3045 5661 3076 5702 a
3103 5646 3340 5718 puritate
3368 5645 3590 5706 dicitur,
3623 5643 3756 5714 quia

2154 5735 2268 5802 ipse
2283 5751 2448 5802 purus
2463 5735 2562 5791 fuit
2575 5752 2604 5791 a
2618 5744 2860 5804 peccato.
2877 5734 3043 5803 Quem
3055 5735 3206 5808 elegi.
3223 5736 3308 5792 Ad
3325 5733 3759 5805 redemptionem
