3988 6186
302 286 438 341 15ἕί5

1435 259 1810 336 ΕΧΡΟΞῘῚἹΟ
1853 277 1921 332 IN
1966 281 2399 341 MATTIIASUM.

3441 298 3581 352 ISCG

299 396 484 452 minuti
539 394 831 448 incarnari.
861 392 1092 448 Dilectus
1147 411 1305 447 meus.
1334 395 1446 449 Pr.e
1499 386 1713 445 cu‘lt‘l'is
1748 389 1887 444 Sicut
1917 395 1965 454 Λ
1995 402 2171 452 ceret;
2204 396 2296 448 sed
2335 397 2460 464 quia
2515 407 2700 467 aperte
2749 401 2978 458 virtutes
3028 401 3249 470 ﬁebant,
3296 415 3350 460 et
3379 424 3576 478 negare

299 486 623 558 unigenitus.
645 485 708 538 In
736 501 838 556 quo
868 483 1178 553 complacuit
1211 486 1399 538 animm
1447 497 1596 545 ntea',
1614 479 1737 550 quia
1772 481 1886 550 ipse

297 581 459 633 faciet
479 578 804 632 voluntatem
838 591 1011 631 meam
1044 577 1602 647 irrcprcheusihiliter.
1624 575 1745 628 llazc
1770 590 1886 630 om-

299 672 386 724 nia
415 670 709 724 secundum
739 668 1130 722 lmmanitatem
1166 668 1477 736 accipienda
1511 675 1636 721 sunt
1657 683 1758 736 qua
1794 667 1887 719 ho—

300 779 386 815 mo
410 761 524 815 fieri
551 761 804 830 dignatus
833 767 934 812 est.
951 759 1218 812 Cteternm
1248 760 1299 812 in
1330 743 1612 812 divinitate
1640 774 1778 811 unus
1805 766 1888 811 est

301 852 445 905 Dens
481 867 602 905 cum
636 852 751 919 ipso
774 850 863 918 qui
896 852 1010 903 haec
1043 850 1277 918 loquitur
1305 850 1358 902 in
1382 849 1657 919 propheta.
1687 846 1888 903 Ponam

295 944 536 1012 spiritum
567 959 735 995 meum
779 959 934 1011 super
962 959 1100 995 eum.
1125 942 1239 995 Non
1288 943 1354 995 ad
1404 957 1732 1005 mensuram,
1751 941 1891 995 sicut

295 1042 514 1087 sanctos
573 1048 740 1096 mres,
772 1033 866 1086 sed
897 1041 1158 1102 quantum
1207 1048 1401 1100 corpus
1456 1048 1648 1101 capere
1695 1033 1885 1101 potuit.

295 1127 566 1178 Jndicium
591 1126 827 1195 gentibus
860 1126 1137 1179 nuntiabit.
1170 1127 1285 1193 Quo
1311 1125 1586 1195 judicandi
1623 1134 1747 1181 sunt
1793 1128 1888 1181 b0—

297 1224 350 1276 ni
383 1232 437 1276 et
463 1222 585 1276 mali
613 1222 1202 1286 etdiscerncndi,sicut
1247 1223 1356 1291 ipse
1400 1230 1583 1291 postea
1623 1220 1888 1275 facturum

295 1329 355 1366 se
377 1327 498 1368 esse
529 1320 764 1366 testatur
788 1312 974 1366 dicens
996 1311 1158 1365 :Cum
1188 1313 1389 1366 sederit
1415 1313 1553 1367 illius
1578 1313 1809 1366 hominis
1835 1314 1889 1365 in

295 1402 424 1455 sede
439 1375 739 1471 majesta‘tis
762 1418 892 1465 suae,
920 1412 1024 1457 etc.
1056 1402 1175 1456 Non
1201 1404 1494 1468 contendet,
1511 1421 1670 1468 neque
1695 1403 1890 1457 clama-

295 1492 387 1544 bit.
408 1491 520 1545 Non
539 1491 823 1546 contendet
839 1509 961 1546 cum
989 1492 1188 1560 aliquo,
1205 1493 1326 1561 quia
1350 1508 1534 1562 pacem
1552 1493 1890 1561 portahitore

294 1591 352 1633 et
397 1597 579 1650 opere.
627 1582 810 1651 Neque
835 1583 1102 1636 clamabit.
1137 1584 1353 1637 Clamor
1407 1585 1492 1638 hic
1540 1584 1605 1637 ad
1649 1593 1890 1638 contem-

296 1676 536 1746 ptionem
589 1675 841 1744 pertinet.
861 1674 1120 1744 Sequitur
1175 1677 1348 1728 enim:
1386 1676 1566 1745 Neque
1595 1675 1786 1746 aliquis
1836 1678 1891 1729 in

1989 500 2092 538 non
2118 496 2388 554 poterant,
2421 487 2474 540 in
2513 489 2707 543 malam
2748 505 2955 561 partem
2987 507 3304 550 convertere
3335 498 3578 552 niteban-

1990 583 2093 639 tur,
2123 577 2275 645 qnasi
2302 591 2398 646 per
2429 577 2824 636 incantationes
2845 623 2858 646 ,
2892 584 3035 638 sicut
3061 587 3199 656 magi
3231 587 3283 640 in
3318 583 3575 658 rEgypto,

1989 666 2203 722 faceret.
2245 670 2488 723 virtutes.
2542 668 2646 724 Sed
2693 671 2766 724 illi
2801 673 3002 741 majora
3047 676 3198 746 signa
3248 675 3424 733 facere
3470 696 3575 733 non

1987 768 2252 830 poterant,
2296 761 2388 815 sed
2419 770 2639 830 propter
2669 774 2949 832 peccatum
2977 767 3274 823 Pharaonis
3307 771 3572 840 permissa

1989 862 2112 906 sunt
2141 854 2218 907 eis
2253 853 2431 922 aliqua
2468 853 2664 908 facere.
2711 854 2813 909 Hic
2852 875 2954 912 non
2996 858 3136 927 ejicit
3177 861 3437 916 da'mones
3475 863 3575 917 nisi

1990 942 2043 995 in
2073 941 2362 996 Beelzebub
2396 943 2630 1014 principe
2655 944 3054 1000 tla'moniorum.
3091 946 3406 1016 Beelzebub,
3439 952 3576 1006 sicut

1991 1033 2159 1098 scitis,
2194 1033 2292 1086 fuit
2313 1033 2511 1086 idolum
2535 1034 2801 1100 Accaron,
2829 1037 2920 1105 qui
2946 1037 3329 1107 interpretatur
3356 1043 3433 1094 vir
3456 1057 3574 1094 mu-

1989 1140 2216 1177 scarum.
2257 1123 2439 1178 Zebub
2478 1127 2620 1179 enirn
2659 1143 2841 1180 musca
2877 1128 3092 1182 dicitur.
3126 1128 3295 1184 λιιόωί
3328 1133 3472 1186 enim
3499 1135 3570 1188 ob

1990 1218 2176 1271 sordes
2206 1217 2527 1272 immolatitii
2567 1221 2796 1285 cruoris,
2831 1235 2924 1275 seu
2958 1236 3051 1291 pro
3079 1223 3437 1287 immunditia,
3469 1224 3570 1278 hoc

1992 1306 2210 1360 nomine
2233 1305 2479 1361 Accaron
2498 1309 2785 1372 vocabant,
2811 1317 2864 1363 et
2892 1310 3064 1378 ipsum
3098 1310 3258 1364 etiam
3284 1311 3580 1380 principem

1992 1396 2405 1451 dmmoniorum.
2451 1397 2518 1451 Et
2548 1398 2689 1452 sicut
2729 1397 2918 1454 beatus
2968 1400 3109 1453 Beda
3157 1401 3308 1466 dicit,
3342 1417 3449 1456 non
3487 1404 3580 1456 de-

1991 1488 2180 1542 bemus
2210 1488 2263 1541 in
2293 1488 2398 1542 line
2420 1491 2655 1544 nominis
2676 1491 2836 1543 aliam
2868 1491 3104 1545 litteram
3127 1492 3304 1562 legere
3334 1508 3494 1562 quam
3531 1495 3577 1547 b.

2062 1577 2342 1632 Dtemones
2376 1586 2554 1633 autem
2607 1580 2735 1634 dicti
2777 1580 2985 1644 Graece,
3034 1581 3190 1649 quasi
3237 1581 3475 1646 demnas,
3530 1585 3583 1636 id

1993 1675 2074 1720 est
2101 1668 2273 1736 periti.
2317 1668 2463 1724 Inest
2489 1671 2633 1723 enim
2660 1670 2763 1724 illis
2792 1669 3032 1740 cognitio
3059 1685 3238 1724 rerum
3270 1671 3389 1740 plus
3419 1689 3588 1752 quam.

295 1766 482 1835 pluteis
505 1765 703 1819 audiet.
724 1766 831 1820 Iloc
860 1775 942 1819 est
971 1767 1022 1820 in
1052 1766 1158 1820 lata
1191 1767 1273 1819 via
1311 1782 1430 1834 qutc
1466 1768 1611 1821 ducit
1637 1768 1706 1852 ad
1749 1784 1891 1822 mor-
1923 1743 1967 1801 Β
1998 1762 2326 1828 hominibus,
2367 1763 2564 1834 partim
2597 1763 2892 1818 subtilioris
2923 1779 3117 1817 sensus
3148 1764 3426 1828 acumine,
3462 1782 3584 1834 par-

298 1867 406 1909 tem
440 1858 492 1909 in
525 1871 628 1924 qua
669 1857 818 1909 multi
852 1858 1222 1921 inveniuntur,
1254 1859 1376 1926 quia
1412 1874 1517 1912 non
1548 1859 1773 1913 audiunt
1801 1877 1893 1914 vo-

296 1965 415 2001 cem
465 1945 1085 2002 Salvatoris.Calamum
1141 1960 1445 2020 quassatum
1495 1968 1595 2004 non
1645 1963 1887 2006 conteret.

294 2037 552 2091 Calamus
573 2048 862 2107 quassatus
887 2046 968 2092 est
989 2049 1239 2107 pet-cator
1255 2039 1443 2107 jacens
1465 2041 1564 2095 sub
1585 2056 1748 2096 onere
1763 2057 1889 2112 pec-

293 2137 566 2192 catorum,
584 2128 848 2184 contritus
872 2144 902 2182 a
930 2129 1146 2184 diabolo
1174 2139 1230 2184 ut
1255 2146 1360 2185 non
1382 2133 1551 2201 possit
1575 2133 1782 2203 erigere
1805 2149 1895 2187 ca-

295 2227 426 2286 put;
457 2231 616 2286 quem
661 2219 920 2274 Dominus
959 2235 1064 2272 non
1109 2219 1280 2274 solum
1335 2237 1438 2274 non
1503 2223 1893 2286 contrivit,sed

295 2310 464 2361 etiam
489 2325 704 2363 manum
729 2311 913 2364 auxilii
933 2311 1011 2365 sui
1039 2313 1296 2380 porrexit,
1310 2313 1493 2366 dicens
1510 2332 1521 2366 :
1541 2312 1776 2382 Conﬁdo,
1792 2315 1892 2383 fili,

298 2403 639 2454 remittuntur
664 2403 757 2454 tibi
778 2414 992 2472 peccata
1021 2413 1131 2458 tua.

377 2490 442 2542 Et
472 2490 636 2544 linunt
671 2492 936 2562 fumigans
976 2509 1078 2545 non
1108 2493 1414 2563 exstinguet.
1445 2493 1708 2565 Allegoria
1731 2503 1813 2551 est
1841 2506 1895 2550 et

296 2583 355 2636 in
388 2583 595 2639 calamo
624 2595 679 2638 et
710 2587 760 2639 in
790 2587 917 2639 lino.
938 2586 1038 2641 Per
1080 2587 1243 2641 linum
1270 2603 1469 2658 corpus
1519 2590 1772 2654 hominis,
1803 2606 1898 2660 per

297 2673 507 2728 fumum
563 2677 781 2744 parvula
834 2679 1019 2732 notitia
1056 2678 1197 2733 fidei.
1227 2677 1418 2733 Linum
1473 2679 1741 2750 fumigans
1791 2697 1895 2734 non

295 2765 583 2831 exstinxit,
610 2767 703 2820 sed
738 2778 792 2822 et
827 2769 1063 2836 perfecte
1091 2771 1344 2836 erudivit,
1369 2772 1586 2827 dicens:
1613 2772 1691 2825 Tu
1731 2773 1898 2826 credis

298 2858 354 2908 in
387 2854 583 2910 Filium
628 2858 762 2911 Dei?
793 2859 858 2911 Et
888 2860 974 2912 ille
998 2861 1156 2924 dixit,
1183 2860 1314 2926 Quis
1347 2872 1440 2926 est,
1502 2871 1556 2914 ut
1599 2862 1808 2914 credam
1843 2863 1898 2915 in

295 2964 414 3000 eum
441 2949 466 3000 Ζ)
501 2948 567 3000 Et
594 2949 668 3001 ait
702 2967 713 3001 :
749 2949 814 3000 Et
845 2950 1020 3003 vidisti
1063 2967 1203 3014 eum,
1259 2961 1305 3003 et
1334 2953 1421 3020 qui
1466 2950 1696 3022 loquitur
1731 2961 1899 3005 tecum

299 3046 414 3110 ipse
441 3052 536 3095 est.
565 3043 632 3094 Et
654 3043 928 3112 procidens
959 3043 1196 3096 adoravit
1222 3059 1360 3096 eum.

1997 1855 2093 1908 tim
2123 1856 2455 1924 experientia
2489 1856 2660 1926 longa:
2691 1857 2837 1920 vitae,
2869 1856 2994 1925 quia
3026 1855 3202 1924 angeli
3231 1855 3356 1910 boni
3393 1858 3584 1922 creati,

1996 1961 2091 2015 per
2120 1946 2428 2015 superbiam
2468 1947 2592 2000 mali
2623 1947 2795 2001 effecti
2829 1955 2969 2002 sunt.
2999 1947 3157 2001 Jesus
3195 1957 3389 2013 autent,
3418 1949 3584 2002 sciens

1996 2039 2333 2107 cogitationes
2356 2055 2556 2102 eorum,
2584 2039 2714 2092 dixit
2737 2040 2829 2091 eis.
2851 2039 2964 2092 Non
2987 2039 3086 2108 ipsi
3110 2039 3290 2094 verbis
3311 2039 3585 2100 dixerunt,

1997 2131 2089 2184 sed
2113 2130 2165 2183 in
2201 2131 2457 2185 cordibus
2480 2131 2613 2195 suis,
2647 2133 2714 2185 ad
2746 2132 3104 2200 cogitationes
3134 2145 3325 2186 eorum
3359 2147 3582 2200 respon-

1996 2220 2076 2274 dit
2117 2229 2175 2274 ut
2217 2223 2295 2276 sic
2349 2223 2798 2291 compellerentur
2854 2223 3104 2286 credere,
3169 2223 3435 2288 scientes,
3494 2238 3582 2278 se-

1997 2313 2230 2366 cundum
2259 2314 2464 2367 dictum
2499 2313 2836 2377 Salomonis,
2881 2314 3085 2368 nullum
3125 2315 3289 2368 alium
3329 2317 3468 2371 scire
3496 2330 3586 2370 co-

1998 2406 2286 2476 gitationes
2303 2409 2601 2472 hominum,
2626 2408 2728 2461 nisi
2759 2408 2932 2462 solum
2959 2410 3148 2462 Deum.
3180 2407 3345 2463 Omne
3373 2425 3586 2478 regnum

1997 2497 2052 2550 in
2086 2499 2310 2568 seipsum
2349 2500 2573 2552 divisum
2619 2497 2960 2562 desolnbitur,
3004 2507 3053 2551 et
3086 2500 3254 2552 omnis
3286 2499 3466 2552 civitas
3509 2495 3587 2551 vel

1999 2589 2187 2644 domus
2227 2591 2398 2644 divisa
2441 2601 2623 2644 contra
2657 2607 2710 2643 se
2738 2607 2841 2642 non
2893 2589 3081 2643 stabit-
3114 2590 3267 2643 Sicut
3296 2603 3518 2660 regnum
3541 2590 3587 2643 si

2001 2680 2141 2733 intra
2176 2696 2237 2734 se
2279 2682 2508 2736 divisum
2553 2679 2744 2744 fuerit,
2790 2681 2898 2734 cito
2939 2678 3239 2734 destruitur
3270 2688 3325 2733 et
3355 2679 3586 2749 deperit,

2001 2769 2079 2824 sic
2105 2771 2269 2824 etiam
2297 2788 2518 2841 regnum
2547 2772 2764 2835 diaboli,
2805 2772 2848 2825 si
2889 2771 3121 2825 divisum
3152 2776 3267 2834 est,
3303 2769 3413 2824 cito
3442 2769 3586 2824 deci-

1999 2858 2111 2924 det,
2129 2862 2253 2929 quia
2279 2861 2547 2916 discordia
2572 2862 2738 2915 multa
2766 2877 2930 2931 regna
2947 2861 3138 2930 dejecit
3160 2867 3216 2913 et
3235 2857 3584 2913 annihilavit:

2002 2951 2290 3005 concordia
2337 2967 2465 3005 vero
2506 2953 2572 3006 de
2601 2952 2784 3020 parvis
2814 2965 3003 3020 magna
3050 2950 3175 3004 fecit
3215 2959 3270 3004 et
3305 2949 3586 3017 exaltavit,

2006 3042 2140 3094 sicut
2178 3043 2354 3097 adhuc
2394 3044 2550 3098 hodie
2574 3043 2836 3097 videmus.
2879 3043 2924 3097 Ο
2963 3041 3154 3108 Judaei,
3183 3043 3334 3098 scitis
3360 3057 3582 3114 regnum

373 3131 549 3185 Donec
569 3131 742 3201 ejiciat
768 3133 836 3184 ad
853 3133 1415 3202 oictoriamjttdicium.
1442 3133 1593 3187 Sicut
1614 3131 1743 3187 fecit
1766 3147 1889 3186 cum
1918 3127 1961 3187 C
1994 3128 2222 3185 divisum
2267 3133 2486 3197 dialmli,
2521 3149 2689 3202 quare
2717 3148 2811 3187 vos
2858 3133 2910 3185 in
2943 3148 3106 3202 regno
3141 3131 3257 3199 ejus
3281 3132 3444 3186 vultis
3467 3147 3589 3187 esse

297 3222 431 3275 vicit
476 3222 751 3276 diabolum
792 3223 1121 3294 resurgendo
1151 3231 1206 3276 et
1227 3223 1586 3278 ascendendo.
1605 3222 1674 3276 Et
1715 3225 1769 3276 in
1798 3241 1890 3276 no—

297 3316 441 3366 mine
487 3314 600 3383 ejus
643 3325 817 3384 gentes
859 3315 1158 3384 sperabunt.
1189 3314 1302 3369 IIoc
1336 3315 1455 3369 luce
1483 3315 1682 3371 clarius
1724 3324 1890 3386 patet,

300 3405 428 3472 quia
483 3413 543 3459 ut
578 3421 767 3460 omnes
815 3422 980 3476 prope
1021 3408 1310 3461 crederent
1337 3407 1387 3461 in
1412 3408 1686 3472 eum,th
1729 3408 1892 3462 verba

303 3496 456 3549 Isaia:
483 3497 596 3565 ipse
630 3497 756 3566 legit
787 3498 839 3550 in
865 3511 1133 3568 synagoga
1161 3496 1470 3552 Judteorum
1501 3514 1622 3553 cum
1659 3499 1895 3554 surrexit

303 3592 373 3639 ad
411 3587 780 3658 legendum,et
820 3587 1003 3641 fideles
1029 3597 1084 3642 et
1111 3587 1353 3643 infideles
1384 3589 1434 3641 in
1463 3589 1577 3656 ipsa
1627 3603 1895 3658 synagoga

299 3687 672 3745 cognoverunt
695 3676 838 3747 quod
861 3678 926 3731 de
955 3693 1020 3731 eo
1047 3677 1258 3731 fuerant
1287 3677 1386 3730 ista
1410 3677 1749 3745 prophetata.

841 3789 1068 3844 CAPUT
1114 3789 1352 3843 XXXIV.

552 3859 629 3914 De
660 3861 988 3914 da’moniaco
1023 3872 1206 3913 Clll‘fllO
1237 3876 1372 3913 C(L’CO
1395 3869 1443 3912 et
1469 3870 1631 3914 ηιαιο.

386 3951 530 4005 Tunc
567 3953 772 4006 oblatus
801 3961 875 4005 est
903 3968 1037 4005 unus
1076 3951 1393 4006 dwmonium
1429 3952 1622 4005 habens
1645 3962 1692 4005 et
1728 3969 1895 4005 circus

303 4056 358 4100 et
396 4055 570 4098 mutus
591 4087 604 4108 ,
634 4055 682 4098 et
715 4046 913 4099 curavit
944 4061 1062 4098 eum
1090 4046 1162 4097 ita
1190 4055 1244 4096 ut
1277 4043 1574 4114 loqueretur
1599 4056 1648 4099 et
1679 4046 1892 4098 videret.

303 4135 551 4189 Audistis
586 4135 836 4205 superius
865 4135 931 4189 de
965 4135 1054 4189 illo
1080 4136 1172 4204 qui
1205 4143 1385 4188 mutus
1412 4135 1583 4189 fuerat
1617 4145 1672 4190 et
1702 4137 1897 4191 surdus

299 4233 360 4278 et
384 4226 770 4290 daemoniacus,
811 4227 952 4295 quod
984 4234 1206 4280 curatus
1240 4227 1396 4280 fuerit
1432 4243 1461 4279 a
1493 4227 1632 4293 Deo;
1671 4229 1770 4282 iste
1795 4228 1899 4282 fuit

302 4334 503 4380 caecus,
546 4319 597 4371 in
632 4319 852 4388 reliquis
897 4318 1087 4372 similis
1139 4319 1231 4372 illi.
1275 4319 1399 4372 Tria
1440 4320 1710 4388 generalia
1742 4321 1892 4390 signa

303 4411 363 4463 in
390 4410 492 4465 isto
524 4410 662 4465 facta
694 4421 818 4464 sunt
853 4429 864 4463 :
899 4429 928 4463 a
965 4411 1230 4464 dzemonio
1275 4411 1535 4466 liberatus
1575 4422 1688 4477 est,
1718 4413 1893 4467 visum

1995 3221 2238 3277 faciendo
2269 3223 2598 3278 voluntatem
2621 3225 2776 3294 ejus?
2803 3223 2872 3277 Et
2898 3225 2942 3276 si
2967 3241 3058 3294 ego
3088 3225 3143 3276 in
3169 3222 3460 3276 Beelzebub
3489 3223 3596 3292 eji-

1993 3316 2072 3367 cio
2107 3315 2389 3380 diemonia,
2430 3313 2527 3384 ﬁlii
2557 3317 2708 3370 vestri
2756 3317 2807 3369 in
2857 3333 2960 3386 quo
2996 3316 3254 3385 ejiciunt?
3287 3314 3452 3368 Filios
3487 3312 3584 3367 Ju-

1995 3408 2238 3460 dzeorum
2273 3408 2482 3462 duobus
2519 3408 2692 3461 modis
2737 3422 3026 3476 possumus
3064 3406 3364 3477 intelligere
3403 3423 3416 3458 :
3457 3420 3585 3473 apo-

1995 3499 2182 3562 stolos,
2215 3499 2304 3566 qui
2330 3498 2620 3566 ejiciebant
2648 3500 2918 3552 (temones
2943 3514 3041 3567 per
3069 3507 3392 3567 potestatem
3424 3513 3454 3551 a
3486 3499 3586 3551 Do-

1999 3590 2144 3642 mino
2173 3589 2276 3641 sibi
2316 3589 2519 3651 datam,
2571 3590 2710 3643 sicut
2762 3589 2989 3658 legimus
3035 3589 3086 3640 in
3129 3589 3228 3641 hoc
3274 3586 3586 3656 Evangelia,

1998 3679 2122 3746 quia
2179 3679 2379 3732 reversi
2423 3679 2650 3746 apostoli
2704 3679 2957 3731 dixerunt
3011 3677 3238 3731 Domino
3284 3695 3296 3728 :
3340 3677 3585 3740 Domine,

1989 3768 2048 3819 in
2092 3769 2298 3820 nomine
2329 3778 2418 3819 tuo
2456 3769 2612 3820 etiam
2658 3769 2918 3820 da'ntoniu
2967 3768 3111 3820 nobis
3153 3767 3387 3833 subjecta
3425 3775 3582 3828 sunt;

1996 3857 2079 3913 vel
2130 3857 2268 3911 lilios
2297 3856 2603 3912 Judazorum
2650 3855 2984 3923 adiuratores
3034 3857 3211 3928 gentis
3253 3856 3394 3911 illius
3431 3856 3583 3911 dicit.

2001 3951 2267 4004 Docuerat
2301 3949 2445 4002 enim
2488 3949 2604 4003 illos
2644 3949 2896 4002 Salomon
2937 3965 3030 4004 rex
3079 3948 3338 4018 quasdam
3366 3947 3584 4018 adjura-

2000 4043 2176 4096 tiones
2213 4057 2312 4111 per
2340 4058 2536 4096 nomen
2572 4042 2664 4095 Dei
2710 4050 2765 4095 et
2794 4057 2860 4094 eo
2888 4042 3046 4094 modo
3077 4038 3363 4106 ejiciebant
3392 4041 3591 4116 dieme-

2000 4151 2114 4189 nes.
2161 4135 2271 4189 IIoc
2301 4133 2569 4204 Iosephus
2620 4144 2823 4196 narrat,
2870 4133 3012 4203 quod
3047 4148 3231 4187 coram
3259 4132 3597 4202 Vespasiano

2004 4229 2104 4281 hoc
2133 4226 2378 4282 fecerint.
2417 4228 2472 4282 Si
2502 4229 2871 4296 expulsionem
2901 4229 2952 4281 in
2983 4228 3106 4281 filiis
3137 4228 3336 4281 vestris
3355 4229 3467 4282 Deo
3499 4227 3594 4281 tri-

2002 4318 2188 4382 buitis,
2217 4335 2386 4387 quare
2418 4320 2590 4388 ipsum
2619 4319 2816 4372 factum
2847 4319 2898 4372 in
2937 4334 3020 4372 me
3052 4335 3157 4373 non
3190 4320 3438 4374 eamdem
3476 4319 3593 4372 Ian-

1999 4408 2120 4461 dem
2151 4409 2350 4463 habet?
2381 4410 2444 4463 Et
2475 4412 2518 4463 si
2554 4410 2922 4477 expulsionem
2953 4411 3254 4463 daemonum
3285 4410 3395 4464 Deo
3424 4426 3583 4479 repu-

304 4510 364 4554 ιιι
392 4500 658 4569 loquelam
685 4499 902 4568 recepit.
929 4500 1079 4554 Tunc
1102 4501 1174 4552 ita
1203 4500 1356 4569 juxta
1386 4502 1667 4556 historiam
1695 4502 1894 4558 factum
1922 4471 1974 4529 Β
2011 4501 2158 4562 tatiS,
2183 4515 2470 4568 corporum
2497 4502 2757 4555 sanitates
2779 4503 2863 4554 cui
2894 4501 3200 4571 deputatis?
3239 4501 3366 4555 Ideo
3384 4502 3593 4571 judices

301 4600 394 4643 est
446 4605 459 4642 :
510 4597 563 4642 et
610 4589 957 4658 spiritualiter
1013 4607 1182 4660 genus
1248 4592 1539 4646 humanum
1608 4594 1896 4665 signiﬁcat,

305 4680 454 4748 quod
476 4695 678 4734 acerna
701 4688 817 4734 erat
838 4681 904 4736 de
924 4682 1094 4736 oculis
1119 4682 1488 4751 spiritualihus
1511 4692 1566 4737 et
1591 4700 1696 4738 non
1720 4685 1901 4755 loque-

305 4773 475 4824 batur
502 4786 622 4839 qua!
672 4772 766 4825 Dei
816 4781 992 4836 erant,
1037 4773 1162 4840 quia
1198 4773 1470 4828 daemones
1499 4774 1647 4829 illum
1681 4776 1898 4832 obside-

309 4865 465 4918 bant.
521 4859 784 4917 Similiter
826 4871 949 4917 sunt
989 4880 1176 4918 omnes
1212 4865 1444 4935 pagani,
1478 4876 1532 4920 et
1559 4867 1775 4936 quando
1812 4884 1901 4922 ve-

310 4958 474 5012 niunt
509 4957 576 5010 ad
606 4956 1001 5020 credulitatem,
1032 4957 1370 5026 expelluntur
1399 4958 1464 5012 de
1496 4959 1575 5013 eis
1610 4960 1894 5024 dmmonia,

309 5047 635 5116 aperiuntur
681 5047 821 5100 oculi
868 5047 1046 5102 cordis
1086 5061 1272 5101 eorum
1296 5056 1352 5102 ut
1377 5049 1584 5118 possint
1621 5050 1791 5106 Deum
1821 5053 1898 5105 vi-

311 5140 465 5202 dere,
499 5139 552 5193 id
581 5148 664 5194 est
697 5138 995 5208 intelligere
1020 5146 1076 5191 et
1095 5139 1335 5203 laudare,
1363 5141 1506 5209 quod
1526 5149 1609 5196 est
1633 5141 1898 5212 loquelam

311 5234 579 5301 recipere.
628 5233 695 5286 Et
733 5234 1004 5301 stupebant
1033 5234 1197 5286 turba:
1232 5243 1280 5286 et
1311 5234 1551 5288 dicebant
1586 5250 1604 5286 :
1649 5235 1900 5308 Nunquid

309 5336 390 5380 est
413 5325 558 5392 ﬁlius
579 5326 742 5379 David
762 5327 787 5379 ξ)
807 5326 1000 5381 'I‘urbte
1022 5327 1376 5392 mirabantur,
1403 5336 1458 5381 et
1480 5327 1728 5382 volebant
1756 5329 1899 5383 illum

313 5418 499 5471 dicere
549 5417 616 5471 de
664 5418 917 5486 progenie
961 5418 1126 5472 David
1166 5433 1286 5473 esse
1337 5427 1391 5472 et
1440 5420 1506 5473 de
1555 5419 1904 5487 Bethlehenr,

313 5508 464 5563 unde
488 5508 731 5564 sciebant
762 5510 1039 5565 Christum
1075 5510 1270 5564 debere
1297 5511 1446 5564 nasci
1481 5528 1494 5562 :
1526 5511 1617 5565 sed
1647 5511 1903 5568 Pharisaei

313 5601 784 5665 centradicebant,
815 5602 967 5670 quasi
995 5615 1168 5670 neque
1206 5602 1271 5656 de
1303 5601 1468 5655 David
1501 5603 1772 5673 progenie,
1811 5619 1904 5657 ne-

316 5711 427 5768 que
466 5697 533 5753 de
567 5697 879 5753 Bcthlehem
909 5709 1083 5767 esset,
1115 5715 1290 5769 neque
1320 5699 1541 5754 virtutes
1573 5716 1639 5753 ex
1673 5700 1782 5755 Deo
1819 5699 1900 5753 fa-

2009 4595 2164 4647 ueslt'i
2193 4595 2294 4662 ipsi
2324 4603 2494 4647 erunt.
2539 4594 2595 4648 Si
2619 4594 2683 4647 ad
2707 4595 3101 4648 exorcistarum
3129 4595 3593 4664 cmnparationem

2007 4687 2155 4752 dicit,
2190 4703 2295 4740 non
2334 4697 2676 4757 potestatem,
2711 4690 2757 4743 si
2797 4690 2861 4741 ad
2895 4690 3165 4759 apostolos
3206 4690 3442 4758 refertis,
3465 4692 3593 4761 quia

2011 4779 2112 4848 ipsi
2157 4778 2421 4834 sedebunt
2462 4795 2625 4850 super
2651 4781 2809 4835 sedes
2847 4782 3152 4847 duodecim,
3189 4791 3244 4837 et
3276 4783 3596 4853 judicabant

2010 4869 2292 4924 duodecim
2335 4871 2506 4925 tribus
2536 4871 2722 4924 Israel.
2754 4870 2814 4924 Si
2855 4883 3026 4926 autem
3066 4890 3160 4943 ego
3189 4875 3249 4926 in
3273 4874 3460 4943 spiritu
3497 4873 3596 4925 Dei

2002 4964 2156 5033 ejicio
2196 4965 2493 5026 daemonia,
2523 4965 2684 5032 igitur
2727 4965 2956 5033 pervenit
2995 4966 3050 5017 in
3093 4982 3181 5019 vos
3216 4980 3427 5036 regnum
3468 4964 3587 5017 Dei.

2001 5059 2244 5114 lronicus
2271 5069 2354 5114 est
2382 5060 2433 5112 in
2466 5059 2568 5127 hoc
2605 5057 2720 5111 loco
2753 5065 2956 5126 tropus,
2995 5058 3085 5127 qui
3123 5072 3220 5126 per
3248 5057 3588 5111 contrarium
3670 5117 3678 5135 ⁵

2004 5151 2342 5221 intelligitur,
2379 5149 2518 5202 sicut
2547 5155 2630 5202 est
2661 5147 2712 5200 in
2747 5148 2953 5217 psalmo
2986 5162 2999 5199 :
3033 5145 3090 5201 Si
3113 5147 3400 5201 introibant
3428 5147 3481 5199 in
3509 5163 3590 5199 re-

2005 5244 2177 5314 quiem
2217 5257 2406 5304 meum,
2455 5242 2557 5294 hoc
2587 5248 2688 5304 est,
2739 5255 2845 5293 non
2894 5239 3210 5294 introibant.
3247 5237 3508 5292 Similiter
3533 5238 3588 5290 in

2009 5333 2111 5386 hoc
2151 5331 2268 5385 loco
2301 5330 2422 5382 talis
2461 5336 2544 5381 est
2573 5343 2764 5382 sensus
2797 5343 2810 5380 :
2841 5328 2976 5393 Quia
3019 5340 3149 5398 ergo
3195 5327 3248 5380 in
3279 5326 3449 5396 digito
3497 5325 3592 5379 Dei

2008 5436 2108 5494 ego
2140 5421 2298 5489 ejicio
2341 5420 2625 5484 dannonia,
2656 5436 2762 5490 pro
2794 5428 2946 5474 certe
2987 5435 3093 5473 non
3132 5419 3376 5489 pervenit
3409 5418 3462 5472 in
3497 5433 3594 5472 vos

2009 5529 2240 5584 regnum
2262 5514 2378 5568 Dei.
2409 5512 2544 5579 Quia
2576 5513 2857 5567 scientiam
2891 5513 2984 5566 Dei
3020 5511 3230 5566 habetis
3256 5526 3368 5582 qua
3392 5511 3592 5565 bonum

2007 5623 2336 5677 cognoscere
2379 5607 2604 5677 potestis
2632 5615 2685 5660 et
2717 5623 2754 5660 a'
2792 5606 2934 5660 malo
2981 5605 3311 5670 discernere,
3358 5604 3450 5660 sed
3499 5618 3595 5673 ptr

2008 5700 2264 5754 invidiam
2294 5699 2666 5757 contradicitis
2692 5701 2832 5756 bono
2855 5714 2974 5755 meo
2994 5699 3164 5770 operi,
3194 5700 3315 5756 ideo
3342 5712 3448 5754 non
3473 5710 3527 5768 p4
3544 5710 3592 5748 r-
