3988 6186
459 273 594 327 ίῦύῗ

1233 267 1620 322 CilRlSTlANl
1661 266 2071 323 DRUTlIMARl
2109 264 2561 321 CORBEIENSIS
2601 264 2901 321 MONACIH

3586 273 3715 329 {2263

457 385 604 439 venit
637 382 688 437 in
722 398 815 436 vos
851 396 1074 451 regnum
1106 381 1218 434 Dei.
1257 381 1422 436 Video
1457 391 1689 435 vestram
1724 379 2027 451 perfidiam,
2060 382 2105 439 A
2135 378 2332 432 Paulus
2370 379 2544 449 inquit
2574 396 2586 432 :
2626 377 2803 433 Nolite
2836 396 3010 433 errare
3038 396 3057 434 :
3085 397 3248 451 neque
3287 382 3590 451 fornicarii,
3629 405 3719 442 ηε-

453 492 560 546 qua
586 488 679 529 vos
701 473 754 527 in
784 472 926 526 malo
950 470 1189 541 elegistis
1213 470 1431 535 durare,
1452 471 1570 524 ideo
1594 472 1704 523 haec
1726 468 2029 523 certissime

452 569 593 622 dico.
625 566 861 635 Regnum
891 563 988 618 Dei
1009 563 1093 619 vel
1118 563 1225 617 vita
1253 572 1477 626 aeterna,
1505 562 1587 615 vel
1612 562 1726 630 ipse
1746 562 2025 624 Dominus,

450 658 537 713 vel
577 658 738 711 etiam
769 655 1048 724 Scriptura
1096 664 1302 709 sancta.
1354 654 1503 709 Unde
1551 653 1806 708 Dominus
1848 654 2022 707 dixit:

452 748 733 817 Auferetur
753 768 785 803 a
809 750 949 804 vobis
974 766 1187 820 regnum
1215 748 1326 802 Dei.

526 839 625 894 Aut
667 840 926 910 quomodo
967 848 1132 909 potest
1174 841 1447 910 quisquam
1486 840 1686 893 intrare
1720 839 1772 891 in
1813 839 2026 891 domum

450 931 630 1001 fortis,
654 940 701 984 et
725 948 847 984 vasa
875 930 988 999 ejus
1014 929 1254 998 diripere,
1288 930 1389 982 nisi
1413 930 1560 998 prius
1596 929 1887 998 alligaverit
1918 928 2025 997 for-

449 1033 574 1087 tem,
597 1035 642 1076 et
665 1033 788 1077 tunc
812 1023 1023 1075 domum
1050 1021 1163 1090 ejus
1183 1021 1390 1088 diripiet
1409 1022 1434 1074 ?
1461 1021 1560 1075 Dat
1581 1022 1634 1075 in
1661 1021 1769 1075 alio
1795 1035 2025 1089 evange-

448 1115 570 1169 lista
609 1113 1039 1178 similitudinem,
1068 1113 1210 1182 quod
1239 1123 1296 1165 ut
1331 1111 1486 1167 fortis
1521 1121 1762 1167 armatus
1791 1113 2027 1167 custodit

446 1204 646 1258 atrium
681 1220 858 1268 suum,
893 1204 944 1256 in
973 1219 1105 1273 pace
1134 1213 1259 1258 sunt
1299 1205 1476 1257 omnia
1513 1220 1634 1273 qua:
1670 1205 1924 1274 possidet.
1967 1204 2025 1259 Si

446 1306 621 1349 autem
666 1295 855 1364 fortior
917 1295 1007 1348 illo
1058 1296 1421 1365 superveniens
1472 1296 1648 1349 vicerit
1694 1312 1841 1361 eum,
1901 1297 2022 1348 uni-

446 1402 591 1438 versa
645 1401 794 1437 arma
833 1384 946 1453 ejus
994 1384 1165 1452 aufert
1228 1386 1283 1438 in
1344 1383 1528 1455 quibus
1582 1384 1907 1453 conﬁdebat,
1975 1396 2022 1437 et

443 1474 611 1544 spolia
650 1476 766 1544 ejus
794 1474 1088 1528 distribuet.
1125 1474 1199 1529 De
1229 1489 1287 1529 se
1324 1483 1375 1527 et
1412 1474 1623 1528 diabolo
1654 1475 1824 1542 ipsam
1860 1490 2021 1543 para-

443 1566 621 1620 bolam
666 1567 889 1632 dicens,
939 1567 1063 1635 quia
1116 1576 1406 1636 antequam
1465 1567 1722 1621 Dominus
1770 1567 1824 1620 in
1881 1566 2023 1620 hunc

444 1655 702 1710 mundum
737 1656 947 1710 veniret
974 1657 1348 1724 corporaliter,
1387 1658 1601 1711 diabolo
1623 1656 1893 1712 serviebat
1921 1658 2021 1711 iste

2130 488 2228 541 que
2246 470 2401 524 idolis
2424 471 2724 535 servientes,
2751 486 2911 541 neque
2937 469 3188 536 adulteri,
3214 489 3377 543 neque
3400 475 3609 543 molles,
3632 496 3722 532 ne.

2128 578 2228 632 que
2268 560 2623 615 masculorum
2676 561 3063 625 concubitores,
3120 579 3279 634 neque
3332 564 3499 634 fures,
3554 585 3722 639 neque

2129 653 2299 715 avari,
2339 667 2503 721 neque
2538 650 2758 715 ebriosi,
2800 667 2963 720 neque
2998 652 3261 715 maledici,
3289 671 3454 726 neque
3494 674 3720 726 rapaces

2130 757 2344 810 regnum
2369 739 2467 793 Dei
2504 739 2859 809 possidebunt.
2896 740 2962 795 Et
2992 742 3057 796 de
3082 742 3166 796 his
3198 751 3410 810 tamen,
3446 746 3490 800 si
3524 747 3578 801 in
3605 749 3721 802 line

2130 830 2264 886 tales
2290 831 2491 884 inventi
2529 829 2748 894 fuerint,
2780 831 2864 885 vel
2894 832 2946 885 in
2979 833 3081 887 hoc
3110 832 3366 888 ﬁnierint.
3414 838 3516 890 Aut
3550 838 3721 906 facite

2128 920 2364 974 arborem
2391 921 2578 973 bonam
2600 960 2615 985 ,
2645 931 2692 974 et
2722 921 2927 990 fructus
2955 924 3069 990 ejus
3103 923 3295 988 bonos;
3338 935 3430 978 aut
3471 928 3718 981 arborem

2128 1009 2340 1075 naulum,
2385 1020 2433 1063 et
2463 1012 2667 1079 fructus
2698 1012 2814 1082 ejus
2848 1016 3037 1067 malos.
3066 1014 3140 1068 De
3168 1016 3348 1086 seipse
3372 1017 3443 1071 die
3462 1017 3523 1082 it,
3568 1021 3717 1087 quod

2125 1100 2250 1170 quia
2279 1100 2417 1153 bona
2452 1117 2614 1170 opera
2662 1102 2790 1167 sint,
2817 1102 3024 1157 scilicet
3054 1105 3315 1159 sanitates
3340 1106 3619 1162 hominum
3647 1120 3714 1163 et

2127 1191 2286 1244 verba
2318 1206 2436 1260 qua:
2467 1193 2533 1247 de
2566 1193 2681 1263 ipso
2706 1193 3092 1261 procedebant.
3121 1193 3178 1249 Si
3207 1196 3322 1264 ipsa
3355 1198 3493 1251 bona
3526 1209 3709 1262 erant.

2124 1283 2391 1350 quomodo
2438 1293 2687 1351 poterant
2730 1299 2849 1338 esse
2893 1283 3070 1355 aliqua
3107 1285 3292 1339 mala?
3335 1286 3522 1357 Neque
3563 1290 3712 1343 enim

2124 1382 2301 1443 potest
2331 1374 2445 1429 ﬁeri
2476 1384 2533 1428 ut
2566 1391 2632 1430 ex
2675 1375 2815 1429 malo
2851 1376 3059 1429 oriatur
3104 1377 3302 1430 bonum
3333 1376 3424 1430 aut
3455 1394 3521 1433 cx
3566 1379 3714 1434 bono

2124 1463 2345 1518 malum.
2399 1464 2668 1535 Siquidem
2697 1482 2761 1519 ex
2783 1465 2961 1534 fructu
3004 1467 3160 1519 arbor
3190 1469 3515 1537 agnoscitur.
3570 1470 3711 1537 Quia

2124 1558 2263 1613 sicut
2318 1575 2498 1613 ramus
2553 1576 2691 1613 unus
2740 1575 2846 1613 non
2894 1568 3073 1629 potest
3121 1561 3398 1616 diversum
3467 1561 3710 1618 fructum

2125 1656 2332 1721 facere,
2366 1656 2564 1710 bonum
2598 1662 2651 1707 et
2685 1654 2881 1708 malum
2902 1695 2915 1716 ,
2960 1669 3059 1708 nec
3083 1652 3151 1709 de
3174 1669 3282 1709 uno
3309 1654 3583 1710 foramine
3607 1671 3713 1725 po-

432 1747 695 1801 .mundus.
736 1746 898 1801 Venit
929 1746 1187 1801 Dominus
1214 1758 1268 1802 et
1302 1748 1523 1802 abstulit
1550 1764 1703 1803 arma
1735 1748 1871 1818 ejus,
1901 1748 2019 1802 inli-
2051 1727 2094 1785 Β
2126 1756 2228 1802 test
2255 1749 2406 1803 exire
2433 1748 2605 1802 dulcis
2634 1756 2689 1803 et
2710 1764 2895 1802 amara
2931 1764 3091 1817 aqua,
3125 1750 3203 1804 sic
3230 1767 3369 1804 unus
3402 1750 3566 1806 homo
3591 1767 3701 1807 non

440 1839 590 1894 doles
616 1848 897 1908 potentes,
928 1854 1023 1908 per
1061 1854 1195 1906 quos
1224 1840 1547 1907 operabatur
1584 1839 1842 1908 quidquid
1886 1839 2021 1892 vole-

442 1932 558 1996 bat,
592 1930 707 1985 sive
735 1944 888 1983 arma
911 1930 1027 1996 ejus
1055 1930 1323 1999 inquibus
1348 1930 1642 1984 habitabat.
1674 1929 1851 2000 Spolia
1882 1929 2019 1999 ejus,

438 2022 758 2076 innocentes
784 2029 837 2075 et
867 2022 935 2074 ab
963 2037 1028 2076 eo
1070 2022 1274 2091 decepti
1302 2039 1315 2086 ;
1361 2023 1441 2077 vel
1469 2038 1594 2076 vasa
1626 2022 1762 2091 ejus,
1808 2024 1929 2077 illos
1955 2024 2022 2077 de

439 2110 635 2181 quibus
663 2111 967 2180 expellebat
993 2112 1260 2167 daemones
1285 2120 1340 2168 et
1373 2113 1512 2167 sicut
1542 2113 1642 2168 istc
1667 2113 1734 2167 de
1755 2127 1863 2182 quo
1886 2113 2021 2166 ratio

439 2216 543 2273 est,
574 2206 658 2261 vel
694 2206 782 2260 alii
817 2205 968 2260 multi
1011 2207 1076 2259 de
1112 2207 1308 2275 quibus
1344 2206 1589 2277 superius
1622 2205 1867 2260 audistis.
1918 2205 2022 2270 Qui

437 2314 540 2351 non
566 2306 641 2351 est
688 2314 908 2362 mecum,
939 2306 1121 2351 contra
1160 2313 1239 2351 me
1278 2306 1373 2351 est.
1398 2297 1464 2351 Et
1488 2297 1554 2351 de
1580 2295 1794 2351 diabolo
1828 2295 2021 2350 intelli-

437 2389 668 2460 gendum
715 2399 833 2456 est,
881 2406 946 2445 eo
991 2390 1134 2459 quod
1189 2389 1434 2444 diabolus
1482 2404 1698 2458 semper
1746 2387 2019 2444 contraria

435 2495 600 2550 opera
646 2480 778 2537 facit
820 2480 1108 2536 Salvatori.
1166 2481 1257 2536 Ille
1291 2482 1438 2550 cupit
1488 2482 1696 2535 animas
1744 2481 2019 2534 hominum

440 2577 625 2624 tenere
667 2571 942 2640 captivas,
995 2572 1253 2625 Dominus
1300 2570 1564 2636 liberare;
1634 2569 1721 2624 ille
1766 2568 2022 2639 praedicat

442 2659 605 2723 idola,
636 2660 724 2715 hic
758 2660 917 2715 unius
939 2660 1034 2714 Dei
1067 2660 1344 2725 notitiam;
1384 2660 1641 2714 Dominus
1676 2666 1825 2712 amat
1853 2658 2020 2712 virtu—

444 2759 544 2816 tes,
574 2750 818 2805 diabolus
833 2751 980 2805 vitia.
1006 2750 1235 2821 Ideoque
1256 2749 1372 2803 dico
1389 2748 1527 2804 vobis
1544 2767 1559 2803 :
1576 2746 1742 2803 Omne
1755 2759 2022 2819 peccatum

435 2850 484 2894 et
533 2841 854 2911 blasphemia
893 2843 1185 2896 remittetur
1231 2842 1558 2907 hominibus,
1603 2842 1816 2911 spiritus
1848 2851 2022 2895 autem

438 2934 772 3004 blasphemia:
806 2952 909 2989 non
938 2935 1242 2989 remittetur.
1279 2932 1342 2988 Et
1368 2935 1663 3005 quicunque
1694 2933 1881 2986 dixerit
1913 2948 2021 2986 ver-

438 3024 558 3077 bum
589 3034 772 3078 contra
798 3022 996 3078 Filium
1026 3025 1273 3090 hominis,
1306 3026 1595 3078 remittetur
1625 3024 1705 3084 ei;
1734 3023 1822 3093 qui
1848 3032 2020 3076 autem

439 3113 631 3167 dixerit
669 3124 850 3167 contra
890 3112 1146 3184 Spiritum
1179 3124 1415 3168 sanctum
1438 3156 1453 3181 ,
1495 3131 1598 3167 non
1634 3115 1922 3169 remittetur
1947 3112 2018 3177 ei,

441 3221 603 3274 neque
624 3205 679 3257 in
701 3204 798 3258 hoc
817 3205 1035 3269 srrculo,
1058 3221 1219 3274 neque
1240 3206 1295 3259 in
1317 3206 1517 3273 futuro.
1538 3206 1606 3261 Et
1626 3204 1897 3274 quomodo
1917 3204 2019 3258 hoc

440 3303 621 3364 potest
646 3309 787 3359 esse,
823 3310 946 3348 cum
977 3295 1133 3348 multi
1161 3295 1348 3349 Ariani
1380 3296 1470 3365 qui
1512 3295 2021 3365 blasphemaverunt

441 3391 499 3444 in
526 3387 785 3458 Spiritum
811 3388 1313 3459 sanctum,quando
1338 3389 1602 3443 minorem
1625 3386 1788 3441 Patre
1815 3386 2019 3441 etFilio

441 3479 715 3545 dixerunt,
741 3486 799 3534 et
818 3487 995 3534 tamen
1018 3486 1351 3535 revertentes
1384 3478 1450 3533 ad
1478 3477 1871 3548 paenitentiam,
1896 3492 2019 3531 sus-

441 3570 583 3640 cepti
623 3578 678 3624 et
703 3569 839 3625 salvi
867 3570 993 3624 facti
1028 3569 1187 3624 sunt?
1221 3569 1327 3624 Sed
1356 3578 1534 3623 tamen
1575 3569 1642 3623 de
1664 3569 1749 3624 bis
1774 3568 1973 3623 dicitur
2005 3587 2016 3620 :

443 3661 551 3726 Qui
574 3678 693 3715 cum
729 3663 897 3716 sciant
928 3663 1218 3727 veritatem,
1251 3669 1426 3731 aperte
1464 3662 1658 3730 seipsos
1691 3659 2021 3729 blasphemia:

436 3754 653 3808 tradunt
680 3764 891 3825 propter
920 3754 1191 3808 invidiam.
1242 3752 1375 3806 Nam
1410 3762 1465 3807 et
1490 3754 1577 3822 qui
1617 3752 1815 3806 dixerit
1840 3753 1894 3806 in
1922 3754 2021 3808 I‘a-

444 3854 608 3909 trem,
634 3844 717 3899 vel
744 3844 966 3911 Filium,
988 3858 1092 3899 non
1115 3845 1193 3898 sic
1215 3843 1405 3897 leviter
1427 3842 1737 3896 remittetur
1764 3843 2019 3914 (illuximc

444 3940 490 3992 si
519 3939 822 4008 baptizatus
859 3948 915 3994 et
952 3937 1253 3993 catholicus
1284 3937 1491 4009 fuerit),
1525 3938 1627 3992 nisi
1665 3937 1878 4009 dignius
1907 3953 2020 4007 pm-

441 4029 664 4085 nituerit
692 4045 789 4099 per
820 4030 1183 4101 lacrymarum
1215 4037 1271 4085 et
1305 4029 1610 4085 orationum
1649 4030 2019 4085 assiduitatem

424 4137 507 4175 .ac
532 4120 718 4176 crebra
739 4120 966 4189 jejunia.
990 4121 1200 4176 Etenim
1223 4122 1349 4191 quia
1372 4136 1467 4191 per
1487 4121 1746 4191 Spiritum
1772 4130 2018 4177 sanctum

444 4210 504 4265 tit
534 4212 782 4267 remissio
819 4220 1186 4282 peccatorum,
1236 4211 1481 4282 quisquis
1520 4212 1574 4265 in
1614 4211 2019 4266 similitudinem

438 4303 637 4359 diaboli
680 4313 739 4360 et
777 4305 1086 4379 angelorum
1133 4303 1252 4373 ejus
1297 4312 1485 4360 contra
1532 4304 1817 4360 scientiam
1866 4321 2018 4359 suam

440 4393 782 4465 maiestatem
809 4395 1028 4451 deitatis
1046 4409 1361 4465 oppugnare
1382 4409 1486 4449 non
1512 4395 1764 4465 trepidat,
1791 4412 1898 4449 non
1928 4396 2018 4450 ha-

438 4483 532 4538 bet
561 4484 934 4539 remissionem
978 4484 1035 4538 in
1076 4492 1367 4548 aeternum,
1394 4485 1489 4539 sed
1518 4499 1641 4540 reus
1684 4485 1790 4539 erit
1828 4487 2013 4540 aeterni

439 4578 653 4643 delicti;
704 4578 820 4633 sive
868 4577 959 4632 ille
1011 4577 1142 4632 dicit
1203 4576 1592 4646 blaSphemiam
1646 4578 1700 4632 in
1755 4578 2015 4648 Spiritum

440 4679 689 4726 sancutm
701 4670 795 4741 qui
811 4685 913 4724 non
936 4669 1108 4724 credit
1122 4668 1492 4724 remissionem
1507 4678 1880 4740 peccatorum,
1893 4680 1947 4727 et
1962 4673 2016 4726 in

444 4761 547 4817 hoc
570 4769 899 4831 perseverat.
922 4757 1032 4814 Nec
1055 4773 1160 4812 non
1184 4759 1361 4813 ethoc
1381 4758 1560 4814 dicere
1576 4773 1862 4829 possumus
1877 4760 2019 4830 quod

440 4852 703 4910 Dominus
720 4850 1045 4921 praevidebat
1066 4850 1184 4906 illos
1199 4850 1264 4906 ad
1288 4865 1423 4920 quos
1449 4850 1562 4905 time
1578 4850 1897 4919 loquebatur
1913 4867 2019 4905 non

438 4959 561 5002 esse
583 4944 900 5007 credituros,
917 4950 974 4998 et
986 4943 1051 4999 de
1075 4943 1179 4998 illis
1192 4942 1495 5013 specialiter
1508 4943 1609 4997 hoc
1622 4943 1850 4998 dicebat.
1865 4942 2020 5010 Quod

439 5052 569 5093 vero
583 5037 711 5093 dicit
727 5050 834 5091 non
849 5035 1227 5090 remittendum
1243 5049 1413 5103 neque
1428 5034 1478 5088 in
1499 5034 1598 5089 hoc
1612 5034 1830 5099 smculo,
1847 5049 2021 5103 neque

442 5128 494 5182 in
527 5128 735 5189 futuro,
764 5126 921 5182 datur
944 5124 1167 5196 intelligi
1200 5140 1320 5181 esse
1344 5127 1411 5181 de
1441 5126 1760 5195 quibusdam
1784 5127 2023 5195 peccatis

441 5220 493 5273 in
519 5218 620 5273 alia
650 5218 760 5273 vita
794 5217 1193 5280 remissionem,
1214 5216 1340 5286 quia
1374 5217 1518 5285 quod
1543 5216 1609 5271 de
1632 5230 1739 5270 uno
1771 5224 2020 5287 negatur,

439 5325 785 5381 consequens
803 5320 890 5366 est
910 5319 968 5366 ut
993 5312 1058 5367 de
1088 5310 1357 5381 aliquibus
1384 5309 1554 5380 possit
1592 5309 1838 5379 intelligi.
1868 5307 2021 5363 Sicut

440 5409 525 5456 est
548 5403 613 5457 de
634 5402 813 5458 otioso
835 5417 1108 5469 sermone,
1144 5403 1211 5459 de
1241 5400 1695 5472 concupiscentiis
1719 5399 1864 5454 etde
1889 5398 2022 5454 levi-

441 5488 542 5544 bus
569 5492 827 5559 peccatis.
858 5490 1127 5548 Cze‘erum
1162 5490 1230 5547 de
1265 5490 1604 5562 gravioribus
1626 5505 1733 5545 non
1765 5489 2022 5545 audemus

443 5576 589 5633 aliud
628 5579 809 5635 dicere
843 5597 1006 5650 quam
1053 5582 1197 5652 quod
1240 5579 1475 5637 Joannes
1518 5581 1649 5637 dicit
1686 5599 1700 5635 :
1733 5577 2020 5635 Peccatum

446 5680 607 5733 usque
635 5673 704 5721 ad
733 5682 950 5724 mortem
975 5712 994 5737 ,
1026 5689 1127 5727 non
1158 5672 1274 5728 dico
1313 5681 1368 5726 ut
1405 5672 1525 5744 quis
1558 5680 1698 5742 roget
1728 5687 1822 5742 pro
1844 5686 1924 5726 eo.
1953 5669 2022 5726 Et

2122 1848 2297 1910 potest
2349 1855 2469 1894 esse
2526 1839 2698 1893 bonus
2743 1848 2799 1893 et
2847 1839 3039 1894 malus.
3104 1839 3229 1895 limo
3271 1842 3453 1896 omnia
3501 1843 3568 1898 de
3614 1844 3713 1899 illo

2123 1931 2287 1985 verbo
2329 1932 2471 2000 quod
2500 1930 2779 1995 dixerant,
2828 1932 2882 1983 in
2911 1929 3196 1985 Beelzebub
3226 1933 3370 2002 ejicit
3403 1934 3665 1988 (immania
3688 1976 3708 1999 ,

2122 2025 2264 2078 dicta
2292 2032 2435 2078 sunt.

2196 2112 2477 2184 Progenies
2507 2116 2833 2183 viperarum,
2863 2116 3123 2186 quomodo
3142 2119 3359 2187 potestis
3380 2117 3513 2174 bona
3538 2119 3709 2191 loqui,

2123 2222 2241 2258 cum
2271 2206 2385 2259 sitis
2430 2204 2554 2258 mali
2578 2204 2603 2259 ?
2630 2204 2874 2260 Ostenlit
2919 2208 2986 2262 de
3039 2208 3169 2277 ipsis
3213 2210 3358 2277 quod
3401 2210 3542 2265 sicut
3578 2212 3711 2267 mali

2123 2306 2282 2350 erant
2308 2296 2358 2350 in
2387 2296 2670 2365 operibus,
2704 2306 2860 2351 erant
2888 2297 3054 2352 etiam
3081 2298 3133 2352 in
3162 2300 3346 2363 corde,
3373 2302 3514 2370 quod
3535 2316 3711 2357 mem-

2123 2387 2219 2440 bra
2246 2401 2435 2455 regere
2465 2387 2647 2451 debet,
2685 2388 2811 2456 quia
2845 2388 3072 2443 interior
3096 2397 3183 2443 est
3208 2392 3550 2455 conscientia,
3584 2408 3713 2463 qua:

2123 2478 2363 2534 exterius
2394 2480 2635 2534 membra
2678 2480 2836 2549 regit.
2885 2480 3065 2547 Quare
3091 2483 3361 2550 progenies
3402 2484 3708 2551 viperarum

2124 2577 2401 2632 vocentur,
2444 2570 2693 2639 superius
2718 2571 2920 2625 dictum
2948 2579 3051 2626 est.
3090 2570 3177 2625 Ea:
3210 2573 3529 2627 abundantia
3562 2576 3708 2628 enim

2123 2661 2297 2714 cordis
2332 2679 2389 2714 os
2430 2661 2679 2732 loquitur.
2734 2661 2890 2717 Sicut
2934 2663 3083 2717 rivus
3131 2665 3430 2720 decurrens
3456 2667 3706 2721 eumdem

2124 2750 2288 2806 habet
2317 2767 2564 2821 saporem
2588 2768 2749 2822 quem
2770 2760 2826 2807 et
2861 2754 2982 2808 fons
3003 2750 3068 2808 de
3095 2769 3201 2823 quo
3224 2757 3419 2819 oritur,
3456 2757 3710 2813 similiter

2122 2852 2178 2898 et
2211 2844 2376 2900 homo
2409 2845 2476 2898 de
2501 2845 2604 2899 hoc
2631 2845 2774 2914 quod
2822 2846 3060 2901 abundat
3084 2847 3331 2912 interius,
3361 2847 3570 2917 profert
3613 2864 3711 2904 ex-

2124 2936 2296 2990 terius
2327 2937 2381 2990 in
2412 2950 2576 3006 opere
2603 2945 2660 2991 et
2694 2936 2984 2992 locutione.
3018 2937 3086 2991 Et
3124 2938 3248 2992 inde
3285 2939 3530 3008 sequitur
3559 2958 3570 2992 :
3602 2939 3710 2995 Bo—

2126 3044 2225 3081 nus
2255 3043 2386 3098 ergo
2424 3028 2683 3083 Dominus
2709 3028 2960 3084 Christus
2989 3028 3053 3083 de
3076 3029 3208 3083 bono
3241 3029 3486 3084 thesauro
3506 3031 3705 3100 profert

2126 3119 2284 3183 bona,
2307 3128 2353 3172 et
2393 3118 2565 3173 malus
2593 3119 2768 3183 homo,
2802 3120 3072 3183 diabolus,
3100 3119 3191 3188 qui
3222 3120 3384 3174 homo
3405 3119 3709 3189 appellatur

2123 3218 2345 3279 propter
2404 3207 2683 3273 invidiam,
2731 3217 2786 3262 et
2827 3209 3088 3264 Pharisrei
3141 3210 3209 3264 de
3255 3209 3394 3264 malo
3445 3211 3709 3264 thesauro

2124 3300 2472 3370 proferebant
2500 3300 2661 3355 mala.
2698 3300 2827 3353 Dico
2860 3310 3032 3354 autem
3056 3301 3197 3355 vobis
3224 3300 3360 3371 quod
3390 3316 3543 3354 omne
3567 3301 3709 3354 otio‘

2123 3410 2238 3447 sum
2289 3394 2498 3447 verbum
2539 3393 2678 3461 quod
2722 3391 2882 3446 locuti
2940 3393 3134 3461 fuerint
3180 3393 3440 3457 flamines,
3487 3392 3706 3446 reddent

2126 3485 2377 3537 rationem
2415 3484 2479 3537 de
2511 3500 2569 3537 eo
2591 3484 2644 3537 in
2673 3482 2758 3537 die
2774 3482 2987 3551 judicii.
3018 3482 3100 3538 Ad
3131 3482 3260 3537 illud
3283 3483 3426 3552 quod
3451 3483 3703 3553 superius

2123 3573 2337 3628 dixerat
2386 3574 2731 3642 blasphemia:
2772 3573 3010 3642 Spiritus
3053 3574 3223 3629 sancti
3266 3575 3369 3628 ista
3410 3572 3709 3643 adiungun-

2125 3671 2230 3727 tur,
2281 3664 2433 3731 quasi
2477 3664 2620 3717 dicat
2656 3681 2667 3716 :
2701 3662 2817 3717 Non
2858 3664 3031 3718 solum
3058 3661 3128 3719 de
3167 3662 3503 3734 blasphemia
3550 3671 3709 3717 erunt

2123 3756 2400 3810 cruciandi
2431 3756 2484 3809 in
2514 3755 2727 3810 inferno
2752 3756 2842 3825 qui
2874 3754 3098 3819 faciunt,
3128 3755 3301 3809 sedet
3325 3756 3394 3811 de
3418 3755 3708 3809 detractio-

2124 3848 2302 3912 nibus,
2340 3864 2527 3902 verum
2554 3849 2720 3902 etiam
2751 3850 2818 3901 de
2847 3848 2992 3902 omni
3025 3849 3202 3902 otioso
3231 3848 3423 3903 verbo.
3461 3847 3703 3901 Otiosum

2123 3938 2346 3991 verbum
2391 3947 2475 3991 est
2503 3938 2648 4008 quod
2689 3937 2868 4008 aliqua
2914 3938 3149 3992 utilitate
3195 3946 3365 3992 caret.
3414 3937 3705 3997 Cmterum,

2121 4028 2415 4098 maiignum
2447 4028 2591 4098 quod
2625 4029 2692 4082 ad
2739 4028 2929 4082 vitium
2960 4028 3127 4081 trahit
3154 4037 3250 4083 aut
3290 4029 3360 4083 ad
3386 4027 3705 4082 ebrietatem

2122 4120 2471 4185 sectandam,
2514 4128 2609 4173 aut
2643 4119 2709 4173 ad
2753 4119 3025 4173 luxuriam
3067 4118 3427 4182 iniciendam,
3461 4117 3705 4187 asperius

2115 4211 2467 4282 judicabitur.
2500 4211 2771 4266 Detractio
2796 4211 2939 4265 enim
2962 4209 3188 4264 mortale
3214 4218 3299 4264 est
3320 4209 3551 4275 crimen,
3579 4210 3703 4278 quia

2121 4304 2211 4374 qui
2255 4302 2492 4357 detrahit
2540 4302 2909 4357 eradicabitur
2940 4302 3006 4355 de
3035 4309 3180 4356 terra
3230 4300 3554 4365 viventium,
3604 4300 3705 4353 hoc

2121 4403 2205 4449 est
2239 4410 2343 4449 non
2392 4393 2614 4448 habebit
2651 4393 2723 4447 ibi
2750 4392 2989 4447 radicem
3038 4391 3084 4446 si
3131 4391 3184 4445 in
3225 4391 3327 4445 hoc
3357 4389 3581 4445 finierit.
3620 4388 3702 4441 Ex

2124 4486 2287 4540 verbis
2314 4486 2420 4540 tuis
2439 4483 2838 4554 justiﬁcaberis,
2877 4493 2926 4537 et
2964 4499 3029 4538 ea:
3061 4482 3229 4537 verbis
3262 4482 3369 4535 tuis
3394 4481 3703 4535 condemna-

2124 4579 2278 4633 beris.
2319 4576 2422 4644 Qui
2469 4574 2622 4639 dicit,
2660 4574 2917 4628 Dominus
2956 4571 3112 4627 Jesus
3152 4574 3207 4625 in
3261 4571 3466 4642 Spiritu
3504 4580 3698 4625 sancto.

2124 4669 2267 4739 quod
2310 4666 2567 4738 prmeepit
2609 4665 2896 4735 Apostolus
2935 4663 3244 4726 dicendum,
3294 4663 3513 4731 quando
3555 4660 3696 4720 dicit,

2128 4760 2296 4815 Nemo
2340 4768 2508 4829 potest
2549 4759 2722 4812 dicere
2772 4756 3027 4810 Dominus
3071 4755 3226 4809 Iesus
3268 4754 3371 4807 nisi
3409 4754 3463 4807 in
3505 4751 3699 4822 Spiritu

2124 4860 2327 4914 sancto,
2366 4857 2544 4919 potest
2564 4848 2846 4919 iustificari
2877 4862 2945 4902 ex
2977 4846 3160 4900 verbis
3185 4845 3317 4899 suis.
3353 4843 3564 4912 Quique
3584 4856 3700 4895 eon-
3762 4880 3775 4890 .

2124 4940 2327 4995 siderat
2365 4940 2506 5008 quod
2538 4937 2773 4994 .laeobus
2798 4936 3075 5006 apostolus
3099 4935 3178 4990 ait
3208 4953 3220 4987 ε
3253 4933 3516 5004 Linguam
3556 4931 3700 5002 (sub-

2125 5030 2340 5085 auditur
2377 5028 2595 5101 malam)
2638 5027 2815 5082 nullus
2846 5028 3115 5081 hominum
3159 5034 3327 5095 potest
3376 5024 3700 5085 doinare;ct

2124 5121 2267 5191 quod
2294 5119 2551 5174 Salomon
2573 5119 2727 5183 dixit,
2754 5118 2899 5173 Mors
2919 5127 2974 5173 et
2999 5117 3107 5171 vita
3129 5116 3183 5169 in
3210 5113 3464 5168 manibus
3489 5112 3693 5181 linguae.

2127 5211 2395 5267 lntellexit
2449 5211 2718 5281 quomodo
2764 5218 2943 5280 potest
2992 5209 3150 5263 homo
3201 5204 3552 5262 condemnari
3608 5217 3700 5272 per

2128 5303 2383 5372 linguam.
2438 5301 2709 5370 Quidquid
2751 5302 2896 5355 enim
2945 5300 3107 5354 Arius
3155 5298 3392 5353 maxime
3441 5293 3695 5366 peccavit,

2125 5408 2224 5463 per
2247 5394 2486 5463 linguam
2515 5391 2762 5460 deliquit.
2794 5389 2900 5445 Per
2921 5390 3156 5461 linguam
3182 5386 3542 5443 committitur
3574 5380 3699 5437 illud

2125 5493 2408 5558 peccatum
2437 5484 2581 5554 quod
2616 5484 2863 5555 superius
2898 5483 3075 5547 dixit,
3106 5481 3248 5552 quod
3276 5497 3385 5535 non
3413 5476 3699 5535 remittitur

2126 5593 2301 5649 neque
2330 5578 2384 5633 in
2419 5580 2523 5633 hoc
2552 5576 2765 5641 sazculo,
2787 5591 2962 5646 neque
3001 5577 3055 5631 in
3087 5574 3285 5630 futuro.
3321 5572 3468 5627 Tunc
3496 5584 3690 5640 respon-

2126 5669 2315 5724 derunt
2344 5667 2393 5723 ei
2417 5667 2632 5741 quidam
2656 5667 2720 5721 de
2751 5665 2949 5721 Scribis
2983 5676 3031 5721 et
3076 5662 3397 5729 Plzaristeis,
3430 5662 3691 5716 dicentes:
