3952 6186
530 321 660 374 1571

1309 319 1699 375 CHRISTIAM
1742 319 2150 375 Dllll'l'llllAlll
2191 321 2638 377 CORBEIENSIS
2678 321 2981 377 MONACIII

3681 322 3797 374 15ῗέ

521 430 1248 500 desereretprzmlicationem
1277 441 1498 500 propter
1519 429 1798 484 carnalem
1820 431 2098 500 cognatio-
2129 431 2181 492 Α
2206 433 2512 487 audierunt.
2558 433 2718 487 Aliud
2761 435 2943 488 cecidit
2991 434 3045 487 iu
3087 443 3281 487 terram
3323 433 3514 487 bonam
3568 445 3625 486 et
3673 436 3798 486 dabit

521 537 668 576 nem.
721 521 828 577 Sed
881 521 997 592 ipse
1038 522 1276 577 ostendit
1325 521 1449 590 quia
1503 521 1692 576 melior
1727 530 1812 577 est
1843 522 2102 592 spiritalis

521 611 833 666 fraternitas
879 625 1042 680 quam
1071 610 1330 664 carnalis.
1383 609 1440 664 Si
1469 625 1600 664 vero
1647 619 1892 681 uti-teque
1941 611 2103 666 simul

473 753 478 758 .
521 715 666 768 sunt,
693 705 889 775 duplex
921 707 1124 761 bonum
1151 713 1254 769 est,
1289 703 1349 757 si.
1369 711 1429 757 ut
1459 713 1576 756 erat
1608 692 1660 756 in
1687 710 1872 755 sancta
1905 701 2100 766 Maria,

521 797 647 866 quia
701 809 878 852 mater
920 797 1157 852 efficitur
1205 797 1346 866 quis,
1379 811 1500 849 ctun
1531 795 1728 862 aliquis
1753 809 1850 863 per
1881 795 2102 848 verbum

521 888 640 957 ejus
676 889 729 944 in
761 889 981 944 Christo
1025 887 1343 949 renascitur,
1385 887 1525 940 sicut
1563 885 1761 939 Paulus
1801 885 1968 941 dicit:
1998 881 2106 938 Per

492 991 496 994 ’
528 981 871 1053 Erangelium
900 998 992 1052 ego
1023 998 1108 1035 ros
1135 982 1312 1050 genui.

591 1073 658 1127 In
685 1073 776 1127 illo
805 1073 890 1126 die
912 1072 1088 1127 exiens
1111 1071 1269 1124 Iesus
1297 1071 1362 1124 de
1382 1071 1558 1134 domo,
1582 1069 1790 1124 sedebat
1818 1085 1967 1124 secus
1993 1085 2107 1123 nta-

522 1182 599 1230 re,
625 1175 670 1219 et
703 1173 1030 1234 congregatae
1058 1173 1178 1216 sunt
1200 1163 1269 1215 ad
1289 1179 1406 1215 eum
1433 1161 1598 1214 turba:
1625 1159 1824 1226 multae,
1850 1169 1956 1216 etc.
1988 1160 2104 1214 Non

520 1255 692 1319 solum
721 1254 865 1309 dicta
901 1253 1148 1316 Domini,
1178 1253 1272 1307 sed
1303 1260 1356 1305 et
1389 1251 1527 1306 facta
1556 1251 1714 1322 plena
1752 1259 1879 1305 sunt
1907 1261 2107 1322 myste-

519 1347 634 1402 riis.
672 1346 824 1414 Quod
855 1345 1113 1400 Dominus
1143 1344 1208 1399 de
1234 1345 1392 1399 domo
1421 1343 1508 1398 illa
1535 1359 1786 1414 egressus
1824 1358 1946 1398 esse
1973 1341 2110 1398 dici-

523 1447 637 1502 tur,
676 1437 767 1492 ubi
801 1436 971 1492 Judzei
1005 1435 1232 1491 nefanda
1273 1437 1433 1492 verba
1465 1437 1516 1490 in
1547 1451 1669 1491 eum
1693 1435 2007 1503 iactabant,
2041 1435 2108 1489 ad

525 1542 676 1583 mare
719 1527 900 1591 venit,
938 1526 1260 1580 ostendebat
1301 1525 1612 1579 relicturum
1655 1539 1714 1579 se
1749 1523 1988 1578 Judaaam
2037 1524 2108 1578 ob

523 1617 775 1671 meritum
806 1615 1110 1670 facinorum
1143 1623 1196 1670 et
1224 1616 1511 1670 verborum
1541 1611 1922 1677 nefandorum,
1958 1623 2013 1667 et
2041 1612 2110 1668 ad

523 1714 712 1776 gentes
744 1707 1094 1762 transiturum
1114 1747 1128 1770 ,
1159 1721 1276 1775 quae
1314 1705 1688 1776 signiﬁcantur
1720 1719 1814 1773 per
1842 1719 1992 1758 mare
2023 1712 2106 1758 tu-

525 1796 729 1849 midum
779 1803 940 1866 atque
985 1795 1306 1850 ﬂuctuosum
1356 1812 1370 1850 :

523 1894 686 1940 vento
716 1885 1050 1948 movebatur,
1089 1884 1338 1940 similiter
1366 1892 1420 1938 et
1445 1893 1636 1955 gentes
1671 1883 1818 1938 omni
1847 1883 2106 1939 doctrina:

524 1977 818 2047 agitatione
847 1977 1213 2032 mutabantur.
1257 1977 1393 2031 Nam
1423 1986 1610 2030 notum
1649 1983 1732 2030 est
1763 1976 2012 2030 omnibus
2042 1976 2109 2030 de

522 2081 631 2136 quo
658 2066 793 2120 mari
827 2067 990 2128 dicat,
1029 2067 1235 2120 scilicet
1264 2067 1330 2120 de
1360 2066 1476 2119 lactt
1507 2065 1767 2129 Genesar,
1797 2067 1886 2120 ubi
1920 2066 2109 2121 solitus

519 2163 638 2210 erat
659 2157 902 2220 introire,
926 2165 978 2212 et
1004 2157 1068 2212 tle
1092 2157 1213 2210 navi
1234 2157 1431 2212 docere
1458 2157 1663 2212 turbas.
1693 2157 1824 2210 Erat
1849 2166 2032 2211 autem
2054 2157 2108 2211 in

519 2243 742 2299 Galilaea
789 2244 1132 2310 Judaeorum,
1177 2247 1383 2302 habens
1424 2248 1478 2302 in
1516 2247 1848 2318 longitudine
1887 2258 2107 2302 centum

524 2339 881 2412 quadraginta
917 2341 1110 2404 stadia,
1135 2351 1188 2394 et
1219 2342 1269 2394 in
1297 2341 1579 2396 latitudine
1605 2341 1984 2410 quadraginta,
2015 2343 2110 2396 ba-

522 2428 659 2484 bens
686 2431 738 2484 in
771 2447 832 2487 se
858 2431 1039 2484 omnia
1067 2445 1264 2501 genera
1294 2430 1521 2500 piscium
1547 2430 1638 2500 qui
1663 2439 1818 2484 extra
1851 2446 1999 2484 mare
2030 2429 2110 2483 in-

520 2520 834 2574 veniuntur.
873 2520 1090 2574 ﬂabens
1133 2536 1349 2590 quoque
1393 2535 1556 2590 super
1595 2535 1654 2575 se
1694 2521 1942 2575 civitates
1979 2521 2108 2575 tedi-

521 2611 725 2678 beatas,
757 2626 811 2666 et
836 2627 934 2683 pro
962 2613 1275 2668 diversitate
1309 2612 1671 2682 adjacentium
1703 2611 2103 2682 provinciarum

519 2703 604 2758 vel
638 2703 915 2758 civitatum
936 2745 952 2770 ,
983 2704 1198 2760 diversa
1232 2705 1448 2758 nomina
1489 2704 1838 2770 sortiebatur,
1869 2713 1930 2758 ut
1959 2720 2109 2760 mare

520 2795 755 2850 Galilteai
793 2811 823 2849 a
865 2797 1174 2865 provincia,
1217 2805 1273 2851 et
1311 2812 1462 2852 mare
1508 2796 1770 2868 Tyberias
1813 2813 1842 2852 a
1889 2797 2107 2853 civitate

519 2889 848 2955 vocabatur;
887 2887 1132 2944 Genesar
1169 2899 1349 2944 autem
1385 2888 1576 2944 Graeco
1605 2889 1864 2944 vocabulo
1891 2889 2108 2945 diceba-

517 2987 611 3034 tur
639 2997 652 3032 :
678 2979 832 3048 quasi
863 2995 1130 3049 generans
1157 2979 1258 3034 sibi
1287 2995 1500 3045 aurum,
1531 2980 1596 3034 de
1621 2980 1802 3052 seipso
1831 2979 2106 3037 ferebatur

517 3072 762 3126 excitare
793 3080 1160 3141 tempestates.
1191 3072 1428 3128 Haustus
1463 3074 1581 3144 ejus
1609 3075 1795 3146 purior
1819 3084 1875 3131 et
1911 3076 1977 3130 ad
2002 3091 2101 3146 po-

519 3160 744 3214 tandum
771 3135 944 3218 dulcis
975 3170 1030 3217 et
1059 3163 1272 3218 habilis.
1309 3135 1734 3231 Littusvdicitur,
1765 3181 1830 3222 eo
1861 3135 2104 3238 quod-ibi
2133 3135 2178 3198 ο

521 3251 764 3306 illidatur
791 3268 950 3322 aqua,
975 3253 1026 3308 id
1054 3263 1158 3320 est,
1187 3256 1520 3326 percutiatur
1544 3257 1827 3314 veniendo.
1852 3259 1982 3313 Erat
2013 3273 2109 3313 au—

521 3348 628 3394 tem
659 3342 986 3398 conveniens
1011 3343 1161 3398 locus
1188 3345 1256 3399 ad
1282 3345 1608 3411 docendum,
1637 3347 1760 3416 quia
1789 3355 2000 3417 poterat
2029 3350 2110 3403 vi-

521 3427 634 3482 deri
663 3438 718 3484 ct
749 3431 922 3485 audiri
956 3432 1024 3486 ab
1053 3436 1335 3500 omnibus,
1367 3445 1422 3490 et
1448 3453 1552 3491 non
1587 3446 1794 3507 poterat
1823 3439 2106 3510 comprimi

519 3533 549 3572 a
581 3521 767 3587 turba,
805 3519 868 3575 Et
897 3521 1102 3578 locutus
1133 3536 1206 3578 est
1240 3527 1314 3580 eis
1353 3527 1520 3581 multa
1555 3528 1610 3582 in
1644 3529 1929 3598 parabolis.
1961 3529 2106 3586 Con-

522 3611 750 3666 suetudo
791 3622 908 3668 erat
951 3617 1141 3671 incolis
1185 3617 1289 3672 illis
1327 3633 1448 3673 cum
1489 3620 1932 3677 similitudinibus
1960 3623 2106 3692 loqui

518 3700 890 3772 frequentius,
927 3692 1129 3762 idcirco
1174 3708 1432 3763 Dominus
1475 3726 1679 3765 morem
1717 3727 1876 3780 quem
1921 3714 2110 3768 audire

516 3793 663 3848 soliti
693 3805 850 3850 erant
880 3801 1142 3868 sequitur.
1179 3800 1314 3857 Ecce
1351 3802 1442 3872 qui
1475 3803 1696 3856 seminat
1721 3805 1869 3858 exiit.
1908 3805 2008 3859 Dat
2038 3807 2109 3861 si-

517 3885 878 3942 militudinem
926 3889 992 3944 de
1040 3898 1252 3944 terrena
1296 3893 1655 3948 semiuatione
1681 3935 1694 3958 ,
1739 3896 1883 3963 quod
1943 3893 2150 3952 simiii'

518 3979 682 4036 modo
717 3982 879 4036 etiam
911 3985 1172 4054 spiritalis
1207 3987 1406 4057 agitur.
1441 3986 1584 4044 Eaiit
1611 3991 1700 4061 qui
1726 3991 1968 4045 seminat.
2000 3992 2106 4046 Do-

519 4069 699 4126 Ininus
725 4071 901 4129 .lesus.
942 4073 1086 4130 Eaiit
1125 4093 1156 4128 a
1206 4076 1394 4144 Patre,
1424 4080 1705 4135 descendit
1727 4082 1792 4136 de
1819 4083 1979 4136 cmlo.
2013 4081 2108 4138 Se-

519 4157 722 4212 minare
751 4177 924 4216 semen
954 4179 1128 4217 suum.
1163 4164 1397 4222 Verbum
1434 4169 1728 4241 Evangelii.
1770 4169 1841 4225 Et
1867 4173 1992 4226 dum
2022 4191 2105 4227 sc-

521 4248 707 4312 minat,
740 4250 888 4306 aliud
905 4255 1090 4309 cecidit
1113 4273 1260 4312 secus
1288 4260 1444 4313 viam.
1471 4259 1526 4314 ltl
1555 4271 1656 4325 est,
1683 4261 1737 4316 in
1766 4263 1886 4318 illos
1913 4265 2109 4320 cecidit

520 4351 660 4406 qnos
681 4340 927 4400 diabolus
945 4347 1083 4401 solet
1109 4347 1420 4419 frequenter
1443 4353 1662 4408 visitare
1693 4365 1746 4410 ct
1769 4358 1922 4426 quasi
1953 4357 2106 4412 inha-

516 4425 711 4486 bitare.
739 4433 806 4488 Et
835 4436 954 4491 ideo
979 4440 1260 4494 concaleat
1290 4458 1472 4498 semen
1507 4445 1656 4499 verbi
1693 4425 1816 4516 quia
1847 4448 2024 4503 aufert
2051 4460 2107 4505 et
2131 4475 2184 4533 Β

515 4521 888 4586 superinducit
933 4527 1071 4580 alias
1122 4545 1302 4585 curas.
1352 4532 1506 4599 Quod
1549 4535 1821 4592 diemunes
1858 4539 2104 4594 volucres

517 4619 816 4679 vocantur,
847 4617 970 4683 quia
1000 4617 1310 4672 discurrunt
1334 4637 1432 4689 per
1457 4638 1580 4677 acra
1621 4625 1674 4679 in
1714 4643 1918 4682 morem
1955 4631 2104 4684 volu-

517 4713 695 4753 crum.
721 4701 790 4756 Et
811 4703 958 4758 aliud
979 4706 1160 4760 cecidit
1188 4725 1343 4778 super
1361 4721 1580 4780 petram.
1605 4713 1822 4775 Petram
1848 4719 2105 4775 Dominus

520 4787 774 4845 duritiam
814 4795 993 4850 cordis
1026 4799 1306 4876 exposuit;
1349 4807 1586 4867 terram,
1621 4805 1780 4860 fidem
1819 4809 2100 4877 stabilem;

517 4879 710 4949 solem,
732 4882 995 4942 fervorem
1018 4893 1410 4960 persecutionis
1431 4909 1558 4964 qua,
1575 4895 1700 4950 dum
1724 4898 1896 4968 surgit
1919 4900 2106 4956 adver-

518 4970 674 5037 sitas,
709 4985 907 5046 negant
935 4979 1218 5038 Dominum
1251 4983 1335 5038 vel
1365 4983 1620 5042 deserunt
1652 4987 1938 5058 justitiam.
1981 4993 2102 5047 Alia

521 5069 696 5114 autem
726 5065 1020 5122 ceciderunt
1049 5071 1102 5124 in
1133 5073 1308 5142 spinas
1331 5086 1378 5129 et
1409 5087 1678 5131 creverunt
1701 5079 1886 5149 spiam,
1909 5090 1956 5136 et
1983 5083 2099 5152 suf-

517 5149 823 5244 {ocauerunt
841 5173 922 5210 ea.
953 5157 1148 5228 Spinas
1171 5164 1386 5222 divitias
1407 5167 1665 5224 Dominus
1687 5185 1806 5226 esse
1830 5149 2098 5244 exposuit.

517 5237 743 5303 Quando
768 5243 854 5299 bis
879 5247 1204 5316 praedicatur
1225 5255 1448 5310 verbum
1471 5259 1560 5327 qui
1589 5259 1785 5316 divites
1805 5237 1951 5329 sunt,
1974 5273 2103 5323 tunc

511 5339 642 5382 cum
682 5333 876 5400 gaudio
912 5340 1214 5409 suscipiunt
1253 5348 1498 5403 verbum.
1542 5349 1648 5406 Sed
1687 5369 1808 5408 cum
1851 5356 1981 5410 hora
2011 5359 2102 5414 illa

517 5421 828 5492 transierit,
867 5435 924 5484 et
961 5431 1064 5502 ipsi
1101 5437 1308 5492 reversi
1347 5438 1548 5496 fuerint
1583 5444 1650 5499 ad
1687 5445 1832 5517 ipsas
1865 5449 2098 5519 divitias,

515 5521 851 5611 pungunt-ex
880 5519 1098 5580 homine
1132 5525 1261 5596 ipsa:
1281 5538 1448 5598 partm
1473 5536 1870 5604 suggestiones,
1893 5549 1950 5594 et
1976 5541 2102 5611 quia

519 5599 704 5700 subest
735 5606 840 5663 illis
863 5625 1022 5680 posse
1050 5611 1192 5686 quod
1220 5620 1518 5690 voluerint,
1557 5624 1760 5682 faciunt
1787 5632 1930 5700 quod
1961 5599 2104 5689 delc-

521 5690 786 5752 ctatioues
831 5716 1154 5772 suggerunt,
1201 5721 1254 5765 α
1295 5713 1568 5769 dimittunt
1611 5733 1732 5787 «iure
1774 5690 1826 5773 in
1875 5721 2101 5778 ecclesia

2205 523 2456 592 fructum,
2491 525 2637 579 aliud
2663 527 3022 590 centesimum,
3047 524 3194 578 aliud
3220 526 3649 596 sexagesimum,
3673 528 3803 579 aliud

2203 617 2544 686 trigesimum.
2583 616 2890 672 Secundum
2939 617 3281 688 agricultura:
3327 619 3610 673 rationem
3667 619 3802 673 inve-

2204 709 2352 763 nitur
2387 718 2531 765 terra
2581 710 2980 776 transmarina,
3025 727 3146 782 qua:
3183 712 3592 782 multiplicetur
3633 713 3688 766 in
3729 729 3805 766 se-

2204 801 2350 855 mine
2377 801 2581 857 centies
2606 801 2690 856 vel
2713 803 2980 872 scxagies,
3008 817 3101 857 seu
3127 801 3332 856 tricies.
3360 801 3418 857 In
3445 812 3647 857 nostra
3679 812 3808 857 terra

2205 891 2307 945 hoc
2329 907 2436 946 non
2467 893 2761 960 invenitur,
2785 894 2910 963 quia
2936 905 3117 948 nostra
3141 903 3285 948 terra
3315 894 3368 948 in
3393 894 3811 964 comparatione

2205 979 2349 1036 illius
2381 988 2537 1036 terere
2563 981 2618 1036 in
2647 997 2754 1052 qua
2781 983 3044 1038 Dominus
3072 985 3188 1038 hme
3217 983 3581 1054 loquebatur.
3618 986 3811 1039 smilis

2205 1081 2325 1136 est,
2371 1074 2525 1143 quasi
2565 1074 2850 1130 silvestris.
2891 1075 2967 1128 De
3007 1075 3273 1145 spirituali
3309 1091 3438 1130 vero
3469 1077 3697 1130 semine
3735 1077 3806 1131 ille

2207 1159 2413 1231 profert
2449 1164 2809 1218 centesimum
2858 1164 2950 1234 qui
2990 1181 3114 1221 eum
3152 1165 3275 1220 aliis
3321 1167 3629 1220 virtutibus
3673 1168 3809 1234 virgo

2207 1267 2439 1322 corpore
2471 1262 2526 1308 et
2559 1255 2742 1310 animo
2766 1266 3078 1325 perseverat
3100 1298 3113 1321 ,
3145 1257 3286 1312 sicut
3324 1267 3517 1312 sancta
3566 1257 3737 1312 Maria
3763 1272 3810 1312 et

2211 1342 2392 1396 multa:
2441 1344 2692 1415 virgines.
2743 1345 3152 1416 Sexagesimum
3205 1347 3442 1402 fructum
3491 1349 3680 1403 refert
3727 1350 3812 1418 qui

2212 1434 2382 1487 multo
2425 1442 2666 1505 tempore
2695 1437 2748 1491 in
2779 1438 3042 1494 viduitate
3077 1439 3283 1508 justam
3318 1458 3382 1495 ac
3409 1442 3622 1494 bonam
3654 1443 3812 1494 vitam

2211 1524 2392 1590 ducit,
2429 1533 2488 1579 ut
2514 1525 2669 1580 Arma
2697 1526 2860 1594 fecit,
2897 1544 3016 1598 quae
3053 1530 3105 1584 in
3145 1531 3250 1586 boc
3276 1531 3587 1602 Evangelio
3613 1531 3812 1586 collau-

2211 1617 2388 1672 datur.
2431 1619 2790 1689 Trigesimum
2819 1638 3036 1692 quoque
3075 1623 3310 1678 frttctum
3354 1625 3575 1695 profert
3603 1627 3700 1697 qui
3738 1643 3814 1680 so-

2213 1711 2391 1764 ciatur
2418 1709 2672 1782 conjugio
2698 1721 2752 1766 et
2789 1713 3028 1782 legitimo
3059 1723 3298 1786 tempore
3325 1715 3488 1770 fuerit
3521 1734 3687 1782 usus,
3717 1734 3812 1770 ce-

1426 1795 1552 1866 qnia
1600 1795 1741 1850 sicut
1784 1793 1912 1848 illud
1957 1795 2105 1848 omni
2143 1782 2186 1842 Β
2216 1800 2348 1854 teris
2391 1796 2608 1870 quoque
2661 1803 2952 1858 virtutibus
3003 1813 3260 1869 ornatur,
3311 1821 3414 1858 non
3469 1806 3817 1860 obliviscitur

2211 1899 2478 1961 praecepta
2522 1893 2604 1947 sui
2639 1894 2932 1958 creatoris,
2973 1903 3037 1949 ut
3071 1895 3382 1950 Zacharias.
3420 1895 3485 1950 Ili
3517 1907 3661 1952 sunt
3694 1915 3816 1968 ergo

2211 1991 2324 2037 tres
2356 1983 2574 2038 ordines
2611 1984 2906 2040 electorum
2953 2002 3050 2056 per
3093 2003 3230 2058 quos
3271 1987 3518 2042 Ecclesia
3573 1997 3810 2044 constat.

2211 2074 2340 2140 Qum:
2371 2083 2574 2130 restant
2619 2078 2777 2132 simul
2821 2095 2943 2133 cum
2991 2080 3202 2135 Domini
3240 2082 3591 2151 expositione
3623 2099 3804 2153 prose-

2210 2181 2458 2234 quemur.
2503 2166 2572 2222 Et
2613 2168 2913 2224 accedentes
2959 2170 3206 2241 discipuli
3237 2171 3514 2226 dixerunt.
3556 2175 3811 2241 Quaeren-

2211 2257 2338 2312 dum
2362 2266 2446 2315 est
2474 2259 2745 2340 quomodo
2773 2262 3104 2316 accesserint
3123 2262 3370 2332 discipuli
3397 2263 3469 2318 ad
3498 2265 3808 2327 Dominum,

2210 2363 2333 2402 cum
2366 2349 2418 2402 in
2445 2350 2571 2404 navi
2602 2359 2778 2412 esset,
2815 2351 3069 2406 videlicet
3093 2368 3215 2407 eum
3245 2354 3362 2424 ipso
3387 2364 3553 2409 erant
3583 2357 3644 2410 in
3673 2358 3802 2410 navi.

2213 2439 2350 2505 Quia
2382 2441 2524 2496 vobis
2549 2442 2729 2495 datum
2761 2454 2832 2496 est
2859 2461 3009 2498 nosse
3035 2448 3340 2516 mysterium
3365 2449 3516 2519 regni
3540 2450 3802 2510 cc'ontat,

2209 2526 2316 2582 illis
2346 2539 2522 2583 autem
2551 2547 2656 2585 non
2683 2543 2756 2585 est
2792 2533 2996 2588 datum.
3045 2533 3198 2589 Vobis
3217 2577 3232 2595 ,
3269 2546 3501 2608 propter
3527 2538 3697 2592 ﬁdem
3735 2557 3804 2594 te-

2209 2625 2353 2672 ctam
2394 2627 2448 2672 et
2487 2619 2810 2674 cbaritatcm
2851 2637 2970 2690 qua:
3013 2625 3065 2677 iu
3105 2624 3260 2678 vobis
3295 2633 3459 2690 sunt,
3503 2627 3656 2698 digni
3687 2629 3805 2683 estis

2209 2707 2351 2761 scire
2381 2715 2436 2762 et
2467 2707 2768 2780 intelligere
2798 2723 3009 2768 secreta
3037 2713 3160 2780 Dei;
3194 2713 3268 2769 illi
3301 2731 3434 2770 vero
3461 2727 3696 2789 propter
3731 2720 3802 2772 iu-

2209 2799 2408 2853 vidiam
2431 2817 2591 2869 quam
2615 2802 2817 2858 habent
2839 2821 2944 2860 non
2970 2814 3095 2862 sunt
3116 2807 3260 2878 digni
3287 2809 3430 2862 scire
3452 2821 3677 2866 secreta
3699 2809 3802 2873 Dei,

2209 2890 2336 2959 quia
2382 2892 2435 2946 in
2477 2892 2782 2948 malivolam
2809 2895 3048 2950 animam
3092 2913 3198 2952 non
3243 2899 3490 2954 introibit
3521 2901 3800 2971 sapientia.

2209 2981 2378 3036 Erant
2418 2985 2562 3038 enim
2607 2987 2752 3041 inter
2775 3004 2870 3042 eos
2905 2987 3058 3042 multi
3095 2989 3220 3044 boni
3254 3000 3310 3045 et
3338 2991 3497 3045 multi
3528 2991 3692 3052 mali;
3720 3008 3807 3045 eos

2211 3074 2302 3142 qui
2333 3076 2458 3130 boni
2489 3086 2644 3132 erant
2675 3079 2927 3149 tangebat
2957 3081 3216 3136 Dominus
3246 3081 3296 3135 in
3329 3083 3592 3136 cordibus
3629 3091 3690 3136 ut
3723 3095 3804 3136 aut

2211 3175 2619 3224 reverterentur
2642 3179 2732 3224 aut
2767 3183 3212 3243 perseverarent,-
3229 3189 3510 3244 usquequo
3538 3174 3806 3247 intelligo-

2211 3267 2330 3312 rent
2355 3260 2496 3338 quod
2527 3278 2818 3332 parumper
2845 3265 3152 3320 audierant.
3184 3265 3287 3332 Qui
3315 3267 3453 3320 enim
3489 3266 3676 3331 habet,
3711 3268 3802 3320 da-

2211 3347 2349 3402 bitur
2381 3349 2428 3402 ei
2467 3362 2515 3404 et
2545 3352 2852 3406 abundabit.
2895 3356 3028 3422 Quia
3064 3357 3156 3426 qui
3202 3356 3457 3412 habuerit
3491 3357 3665 3412 ﬁdem
3702 3359 3804 3414 sive

2211 3439 2527 3498 cluat-intem
2549 3485 2565 3510 ,
2594 3445 2824 3515 accipiet
2862 3455 2915 3502 et
2955 3447 3189 3518 reliquas
3219 3449 3466 3502 virtutes.
3495 3448 3610 3513 Qui
3639 3459 3798 3502 aue-

2212 3550 2316 3587 uan
2343 3534 2493 3588 habet
2527 3535 2873 3608 (subauditur
2901 3539 3257 3610 charitatcm),
3287 3551 3336 3594 et
3373 3539 3518 3609 quod
3549 3538 3712 3594 habet
3736 3540 3798 3610 (id

2211 3639 2328 3696 est,
2361 3631 2574 3686 videtur
2607 3641 2668 3686 ut
2699 3633 2917 3704 habeat)
2943 3633 3213 3701 auferetur
3248 3635 3312 3688 ab
3348 3651 3427 3688 eo.
3467 3633 3602 3687 Ideo
3637 3636 3694 3688 in
3721 3651 3798 3704 pa-

2213 3718 2407 3772 rabolis
2431 3719 2616 3774 loauor
2643 3721 2716 3775 eis
2735 3762 2748 3786 ,
2775 3723 2899 3794 quia
2932 3723 3160 3776 ridentes
3191 3740 3295 3776 non
3321 3723 3519 3776 rident.
3557 3721 3678 3777 Hoc
3706 3731 3800 3780 est.

2211 3809 2382 3863 oculis
2421 3811 2667 3880 corporis
2711 3813 2932 3877 vident,
2963 3821 3016 3868 ct
3046 3813 3231 3869 oculos
3261 3814 3442 3869 cordis
3476 3814 3689 3868 habere
3718 3829 3802 3866 no-

2213 3901 2332 3956 lunt
2369 3919 2590 3972 pr0pter
2629 3907 2886 3960 invidiam
2930 3917 2986 3962 et
3036 3907 3492 3962 incredulitatem.
3540 3906 3806 3961 Similiter

2209 3994 2492 4051 audientes
2535 3998 2760 4052 auribus
2797 3999 3073 4068 corporis,
3123 3999 3350 4053 auribus
3392 3999 3580 4053 cordis
3630 3998 3806 4052 imbuit

2209 4083 2401 4140 audire
2446 4093 2504 4140 ut
2549 4087 2870 4159 intelligant.
2918 4089 2985 4144 Et
3025 4090 3128 4144 boc
3167 4091 3555 4160 pmphetatum
3605 4089 3712 4143 fuit
3747 4088 3807 4142 ab

2208 4173 2368 4237 Isaia,
2388 4175 2514 4246 quia
2537 4177 2636 4247 ipsi
2661 4178 2877 4248 repulsu
2886 4180 2928 4234 ri
2945 4189 3128 4235 essent
3143 4180 3590 4250 praedicationem
3612 4198 3802 4235 meam.

2212 4264 2578 4322 Incrassatum
2607 4278 2681 4322 est
2715 4287 2805 4323 cor
2840 4269 3018 4341 populi
3053 4271 3234 4341 hujus.
3271 4269 3346 4324 De
3372 4271 3646 4341 peccatis.
3679 4269 3804 4338 Qui:

2209 4357 2350 4413 sicut
2379 4359 2657 4429 saginatur
2684 4363 2863 4416 anima
2899 4378 2995 4433 per
3023 4365 3184 4418 verba
3217 4363 3328 4426 Dei,
3361 4363 3626 4418 similiter
3651 4365 3802 4432 impia

2210 4451 2390 4504 anima
2419 4451 2758 4511 incrassatur
2781 4453 2845 4508 de
2874 4454 3030 4508 malo.
3064 4453 3128 4508 Et
3155 4455 3281 4524 quia
3311 4453 3542 4507 auribus
3570 4455 3806 4524 graviter

2211 4539 2502 4595 audierunt
2547 4541 2614 4597 de
2663 4543 2874 4598 Domini
2927 4546 3352 4615 prtedicatione,
3404 4547 3804 4616 reprehendere.

2209 4633 2551 4688 studuerunt.
2605 4635 2672 4688 Et
2709 4652 2878 4705 quare
2913 4639 2996 4692 eis
3037 4639 3139 4692 hoc
3166 4639 3376 4694 venerit
3411 4641 3692 4708 propheta
3723 4657 3802 4694 se-

2207 4725 2391 4793 quitur
2442 4726 2628 4782 dieens
2674 4745 2686 4780 :
2733 4726 2928 4782 Oculos
2973 4746 3096 4783 suos
3143 4729 3466 4784 clauserunt.
3521 4730 3802 4785 Pnecessit

2209 4815 2403 4869 duritia
2427 4857 2441 4880 ,
2487 4825 2542 4870 et
2580 4834 2676 4872 cor
2713 4819 3092 4891 impmnitens,
3125 4838 3246 4892 qua:
3282 4837 3376 4876 eos
3417 4838 3527 4876 non
3557 4823 3804 4892 permisit

2209 4908 2449 4961 converti
2478 4917 2536 4962 ut
2556 4920 2901 4964 sanarentur.
2945 4909 3111 4966 Vestri
3147 4923 3318 4966 autem
3359 4913 3499 4966 beati
3539 4913 3687 4966 oculi
3719 4913 3802 4982 qui

2210 4997 2402 5060 rident,
2427 5009 2474 5052 et
2500 5016 2654 5054 aures
2677 5011 2780 5054 rest
2789 5019 2860 5056 ra-
2879 5019 2996 5072 qua!
3016 4991 3260 5057 audiuitt.
3285 5003 3433 5073 Ipsos
3452 5001 3656 5058 oculos
3675 5016 3804 5073 qms

2211 5087 2264 5142 in
2291 5089 2490 5146 Juda-is
2515 5091 2930 5162 blaspliemavit,
2963 5095 3110 5166 ipsos
3139 5095 3321 5150 laudat
3350 5096 3403 5150 in
3432 5095 3728 5165 apostolis,
3752 5105 3802 5148 et

2209 5197 2368 5236 aures
2399 5183 2648 5238 similiter
2671 5185 2976 5255 spiritales,
3009 5187 3204 5256 quibus
3229 5187 3484 5243 videbant
3521 5197 3578 5242 et
3614 5189 3800 5243 audie-

2209 5274 2341 5328 bant
2377 5274 2715 5331 Salvatorem
2735 5319 2748 5342 ,
2779 5277 2905 5346 quia
2944 5278 3116 5334 oculis
3151 5280 3332 5334 carnis
3360 5294 3486 5334 eum
3527 5279 3724 5335 videre
3751 5289 3802 5330 es

2205 5381 2313 5420 non
2347 5367 2557 5446 cordis,
2599 5368 2740 5424 sicut
2767 5385 2890 5424 eum
2922 5371 3058 5425 vidit
3087 5368 3323 5426 Herodes
3350 5381 3406 5426 et
3429 5369 3671 5437 Pilatus,
3695 5388 3802 5426 ma—

2204 5456 2287 5526 gis
2311 5466 2394 5510 est
2420 5459 2800 5515 condemnatio
2821 5477 2982 5530 quam
3013 5461 3260 5518 salvatio.
3285 5462 3448 5516 Amen
3465 5465 3668 5533 quippe
3689 5464 3803 5516 dico

2204 5545 2378 5610 vobis,
2417 5548 2556 5616 quod
2590 5547 2744 5602 multi
2773 5551 3038 5621 propheta:
3071 5561 3120 5605 et
3149 5552 3288 5622 justi
3318 5554 3594 5620 cupierunt
3630 5553 3803 5607 ridere

2204 5653 2322 5704 qua:
2351 5637 2565 5702 videtis,
2597 5649 2646 5693 et
2678 5656 2782 5694 non
2814 5641 3071 5696 uiderunt.
3109 5641 3360 5708 Scilicet,
3387 5658 3516 5698 cum
3546 5643 3807 5698 viderunt

2209 5726 2260 5779 in
2295 5729 2515 5798 spiritu,
2551 5730 2691 5786 sicut
2721 5731 3079 5790 Abraham-et
3111 5735 3311 5806 David,
3348 5735 3802 5792 desideraverunt
