3952 6186
189 285 340 367 ιδτδ,

1318 277 1681 335 ΕΧΡοΞιΠιΟ
1719 278 1784 332 l.\'
1829 278 2262 336 MATTIUEUM.

3319 292 3452 346 Ιῦῖι

182 403 350 461 etiam
378 398 630 469 verisque
657 396 829 453 oculis
854 394 1038 450 videre
1057 433 1073 461 ,
1114 392 1259 449 sicut
1286 393 1548 464 apostoli,
1580 407 1768 462 corpo—
1798 395 1844 453 Α
1872 391 2020 462 ginta
2048 390 2347 460 consurgit.
2382 390 2534 448 Unde
2565 392 2617 447 in
2658 396 2895 464 compnti
2934 397 3141 455 ratione
3176 408 3457 476 sexaginta
3540 449 3546 457 μ

181 493 391 550 talibus
431 498 488 546 et
527 487 888 560 spiritalibus,
927 488 1051 556 quia
1087 500 1211 541 cum
1245 484 1449 540 scirent
1480 482 1769 552 appropin-

182 597 353 657 quare
379 579 754 636 liberationem
777 593 951 643 suam,
974 584 1035 631 ut
1060 591 1168 631 non
1199 575 1385 629 tandiu
1416 575 1470 628 in
1501 579 1769 642 potestate

182 674 533 731 tenebrarum
574 670 945 725 detinerentur
988 669 1144 723 sicuti
1185 667 1344 738 longo
1384 674 1627 734 tempore
1670 664 1766 718 de-

184 764 317 820 tenti
342 770 470 818 sunt
508 776 679 830 usque
710 769 855 816 tunc.
890 759 1044 816 Unde
1072 768 1128 814 et
1166 757 1352 813 dolens
1379 756 1480 814 Job
1507 756 1718 811 dicebat
1749 775 1762 809 :

181 854 246 910 Si
283 854 604 916 sustinuero,
641 851 878 921 infernus
924 853 1109 906 domus
1146 866 1261 904 mea
1300 857 1409 916 est,
1448 849 1502 902 in
1543 847 1765 902 tenebris

177 946 342 1001 stravi
371 945 560 998 lectum
588 960 783 997 meum.

257 1037 361 1092 Vos
398 1053 520 1107 ergo
547 1037 724 1091 audite
749 1035 1057 1107 parabolam
1086 1037 1409 1091 seminantis.
1441 1035 1638 1090 Audite
1663 1034 1762 1089 ob-

175 1145 339 1185 scura
367 1128 508 1183 dicta
543 1142 664 1181 cum
704 1127 1037 1182 reseratione
1066 1127 1448 1182 similitudinis.
1480 1125 1633 1180 Nunc
1671 1141 1765 1180 ex-

172 1222 331 1293 ponit
358 1218 648 1291 Apostolus
676 1219 820 1289 quod
845 1218 1010 1287 aliqui
1039 1219 1095 1272 in
1126 1217 1278 1273 turba
1307 1232 1413 1272 nou
1435 1215 1655 1272 fuerunt
1684 1216 1764 1270 di-

173 1314 267 1385 gni
288 1313 496 1368 audire.
525 1309 709 1365 Omnis
730 1310 818 1382 qui
840 1310 985 1364 audit
1009 1309 1219 1364 verbum
1242 1309 1406 1379 regni.
1432 1307 1764 1363 Subauditur

170 1407 294 1462 Dei.
325 1406 416 1461 illa
447 1403 701 1477 parabola
732 1403 837 1458 illis
859 1402 1138 1473 speciatim
1161 1401 1353 1457 attinet
1375 1402 1471 1471 qui
1493 1409 1621 1456 tunc
1640 1414 1762 1455 eam

171 1497 485 1561 audierunt,
510 1496 604 1553 sed
627 1495 686 1549 lit
706 1493 901 1549 similis
923 1494 1064 1548 ratio
1083 1493 1259 1547 adhuc
1279 1492 1332 1546 in
1362 1491 1599 1547 Ecclesia
1621 1493 1758 1563 ejus.

174 1587 361 1642 Omnis
390 1587 481 1657 qui
505 1586 656 1639 audit
686 1584 892 1639 verbum
922 1583 1098 1654 regni,
1124 1591 1171 1637 et
1197 1599 1300 1636 non
1324 1581 1591 1653 intelligit,
1625 1584 1761 1639 venit

168 1678 413 1733 diabolus
439 1687 486 1732 et
513 1676 647 1730 tollit
666 1675 805 1746 quod
825 1675 1134 1729 seminatum
1156 1684 1230 1727 est
1256 1674 1311 1727 in
1340 1674 1495 1728 corde
1518 1675 1652 1744 ejus.
1677 1673 1761 1730 Ob

1871 497 1967 553 per
1989 490 2322 537 coarctatum
2345 482 2631 539 articulum
2653 488 2994 556 exprimitur.
3017 491 3119 559 Qui
3146 495 3265 551 sine
3286 514 3454 557 uxore

1869 581 1982 636 est,
2013 571 2174 627 debet
2206 573 2447 643 cogitare
2476 590 2595 644 qua:
2629 575 2841 634 Domini
2871 590 2998 637 sunt
3036 593 3090 639 et
3119 601 3225 642 non
3250 604 3371 645 esse
3397 592 3451 647 in

1870 662 2096 728 deliciis,
2126 678 2300 733 neque
2328 664 2408 719 vir
2431 682 2607 736 neque
2640 669 2853 734 mulier,
2879 688 2946 728 ne
2973 685 3218 734 mortuus
3242 680 3295 735 in
3324 697 3451 738 con-

1868 762 2053 823 spectu
2085 754 2180 809 Dei
2207 754 2561 824 dijudicetur;
2594 767 2653 813 ut
2678 759 2876 817 Paulus
2899 763 2964 819 de
2989 766 3172 834 vidua,
3199 771 3372 827 vivens
3396 775 3451 829 in

1867 842 2068 898 deliciis
2105 857 2311 899 mortua
2346 857 2440 901 est.
2481 847 2723 917 Triginta
2764 866 2978 922 quoque
3023 855 3079 909 in
3112 861 3449 928 expositione

1867 951 1962 989 sua
2000 937 2154 1005 quasi
2197 952 2400 991 marem
2439 952 2502 993 ac
2546 938 2804 994 feminam
2835 946 3154 1015 praetendit,
3184 966 3306 1006 cum
3346 953 3447 1023 ipsi

1866 1033 2078 1086 articuli
2111 1034 2261 1103 quasi
2294 1034 2589 1090 osculando
2620 1051 2679 1090 se
2703 1048 3053 1108 coruungaut.

1934 1125 2110 1180 Aliam
2140 1126 2451 1196 parabolam
2484 1129 2764 1198 proposuit
2789 1129 2894 1185 illis
2919 1131 3102 1187 dicens
3129 1149 3141 1184 :
3173 1131 3354 1188 Simile
3372 1144 3447 1190 est

1863 1236 2079 1289 regnum
2116 1218 2362 1274 caelorum
2399 1221 2597 1274 homini
2627 1224 2799 1291 patri,
2836 1223 2925 1293 qui
2953 1225 3225 1279 seminavit
3256 1226 3446 1281 bonum

1861 1327 2035 1365 semen
2066 1312 2119 1365 in
2147 1328 2275 1388 agro
2303 1328 2420 1365 suo.
2448 1311 2516 1366 Et
2537 1313 2698 1366 istam
2724 1314 3037 1381 parabolam
3067 1315 3327 1373 Dominus
3355 1334 3449 1373 ex»

1861 1404 2137 1473 positurus
2158 1411 2262 1468 est,
2289 1403 2381 1458 sed
2410 1411 2587 1457 tamen
2612 1418 2890 1459 sumamus
2910 1420 2973 1460 ea
2991 1421 3111 1475 quae
3130 1406 3248 1476 ipse
3266 1408 3403 1463 dixit
3428 1428 3442 1462 :

1863 1494 1966 1558 Qui
2003 1494 2224 1548 seminat
2259 1494 2447 1548 bonum
2478 1511 2685 1559 semen,
2721 1494 2861 1564 ﬁlius
2889 1496 3116 1552 hominis
3144 1512 3163 1550 :
3193 1516 3318 1570 ager
3350 1502 3448 1556 iste

1860 1585 2104 1639 mundus.
2135 1584 2392 1655 Sequitur
2415 1581 2448 1640 ἐ
2496 1585 2629 1640 Cum
2670 1596 2842 1640 autem
2873 1587 3155 1644 dormirent
3189 1592 3445 1647 homines.

1860 1676 2122 1731 Videlicet
2147 1691 2271 1731 eum
2296 1676 2540 1747 magistri
2583 1677 2945 1733 Ecclesiarum
2978 1694 3083 1734 non
3122 1691 3306 1753 essent
3329 1690 3443 1737 stu-

168 1771 276 1825 lzoc
308 1767 463 1823 debet
491 1745 863 1822 omnishomo
885 1765 976 1834 qui
998 1764 1148 1819 audit
1166 1764 1220 1818 in
1251 1763 1480 1819 ecclesia
1508 1766 1755 1830 verbum,
1788 1745 1835 1804 Β
1861 1771 2001 1825 diosi
2021 1771 2089 1824 ad
2112 1745 2478 1825 meditandum
2501 1770 2679 1825 divina
2703 1771 2934 1841 eloquia.
2959 1770 3111 1838 Quod
3132 1748 3326 1830 cavere
3350 1776 3445 1830 de-

168 1860 448 1930 inquirere
477 1872 758 1930 quousque
793 1856 1054 1927 intelligat
1086 1864 1141 1910 et
1181 1856 1235 1910 in
1261 1870 1398 1925 opus
1424 1856 1619 1910 mittat.
1651 1856 1755 1910 Hic

167 1963 245 2007 est
277 1952 363 2024 qui
393 1968 538 2005 secus
570 1951 707 2005 viam
735 1950 1025 2004 seminatus
1054 1957 1149 2003 est.
1181 1947 1340 2004 Juxta
1380 1949 1526 2005 viam
1559 1950 1756 2005 daemo-

165 2062 299 2102 num
323 2088 340 2110 ,
371 2061 539 2117 quam
573 2044 777 2100 habent
815 2043 1034 2114 maligni
1076 2043 1129 2098 in
1172 2044 1341 2100 corde
1377 2044 1520 2099 illius
1555 2043 1754 2101 factam

166 2138 309 2193 mala
337 2138 554 2191 assulae
581 2133 890 2206 cogitando.
927 2132 1133 2189 Deillis
1165 2133 1297 2189 nihil
1326 2134 1525 2189 dicitur
1550 2135 1638 2191 ltic
1663 2136 1752 2205 qui

165 2243 269 2284 nec
303 2228 490 2283 audire
530 2228 823 2297 dignantur
858 2226 1103 2296 corporis
1137 2241 1300 2294 aure,
1335 2227 1428 2297 qui
1470 2228 1592 2299 plus
1637 2229 1756 2285 istis

164 2335 248 2375 ret
273 2319 563 2374 halentur.
600 2317 704 2385 Qui
733 2329 907 2374 autem
932 2335 1088 2389 super
1114 2329 1313 2389 petram
1342 2320 1629 2374 seminatus
1655 2329 1753 2385 est,

161 2415 251 2464 hu:
286 2411 476 2482 estqui
505 2411 712 2465 verbum
739 2412 889 2465 audit
920 2422 968 2466 et
993 2412 1240 2465 continuo
1268 2427 1386 2465 cum
1415 2413 1609 2482 gaudio
1634 2431 1754 2467 sus-

163 2504 293 2567 crpit
319 2502 449 2557 illud
479 2517 498 2555 .'
529 2519 630 2557 non
665 2503 818 2558 habet
849 2511 1027 2557 autem
1055 2503 1314 2567 radicem,
1340 2503 1431 2557 sed
1454 2513 1528 2558 est
1554 2513 1751 2575 tempo-

161 2596 317 2648 ralis.
361 2592 622 2649 Dominus
665 2594 916 2665 exponit,
957 2602 1243 2664 propterea
1278 2609 1386 2649 non
1416 2602 1501 2649 est
1534 2609 1754 2651 necesse

159 2698 438 2753 exponere
476 2703 489 2739 :
529 2691 621 2740 sed
660 2685 864 2741 similes
891 2694 1016 2740 sunt
1047 2685 1205 2740 modo
1248 2686 1412 2755 tepidi
1439 2685 1749 2754 Christiani,

159 2772 255 2837 qui
285 2781 509 2842 propter
538 2776 673 2828 iram
703 2773 932 2843 alicujus
965 2775 1229 2845 potentis,
1258 2774 1373 2831 sive
1402 2759 1632 2844 donum,
1661 2779 1755 2836 cle-

160 2875 350 2917 seruut
386 2865 673 2918 veritatem
709 2870 758 2917 et
791 2870 1184 2918 convertuntur
1211 2863 1279 2919 ad
1308 2863 1652 2936 injustitiam.
1685 2866 1753 2922 Et

159 2959 242 3007 est
277 2954 459 3022 aliqua
499 2951 802 3008 differentia
835 2953 978 3007 inter
1015 2953 1162 3008 illum
1192 2955 1284 3024 qui
1315 2955 1371 3009 in
1406 2952 1754 3011 tribulatione

160 3046 365 3100 deserit
389 3044 711 3109 veritatem,
742 3052 798 3099 et
830 3044 921 3113 qui
952 3045 1154 3114 absque
1186 3045 1535 3102 tribulatione
1558 3054 1751 3117 sponte

161 3137 423 3206 relinquit
451 3134 740 3205 justitiam.
788 3136 940 3192 Unde
980 3145 1036 3192 ct
1068 3137 1349 3208 sequitur:
1374 3135 1544 3192 Facta
1575 3149 1751 3193 autem

158 3228 501 3283 tribulatione
538 3239 751 3299 propter
788 3227 997 3282 verbum
1044 3222 1292 3283 continuo
1332 3227 1749 3284 scandalizatur.

160 3319 270 3387 Qui
299 3319 440 3374 enim
468 3319 676 3389 absque
705 3317 1056 3374 tribulatione
1079 3319 1371 3375 veritatem
1397 3319 1628 3385 deserit,
1660 3335 1753 3389 pe-

153 3411 252 3481 jor
284 3420 367 3466 est
408 3427 571 3481 quam
608 3425 869 3482 paganus.
918 3408 1023 3475 Qui
1060 3418 1234 3465 autem
1272 3411 1563 3466 seminatus
1594 3420 1668 3465 est
1698 3412 1754 3465 in

157 3502 360 3574 spinis,
387 3502 469 3556 hic
497 3511 573 3557 est
603 3502 693 3572 qui
718 3500 927 3555 verbum
952 3500 1137 3565 audit,
1167 3510 1214 3554 et
1244 3499 1542 3555 sollicitudo
1568 3500 1753 3555 sa’culi

156 3593 321 3647 istius
352 3600 399 3646 et
440 3590 658 3662 fallacia
698 3591 1001 3645 divitiarum
1040 3591 1263 3660 su/focat
1308 3591 1537 3645 verbum.
1598 3588 1753 3645 Sicut

161 3681 315 3735 enim
351 3680 517 3750 spinae
554 3687 832 3750 pungunt,
871 3678 949 3735 sic
978 3680 1142 3734 etiam
1182 3674 1495 3747 frequenler
1525 3686 1753 3750 tangunt

163 3770 560 3827 sollicitudines
576 3769 774 3825 divites
802 3769 1071 3839 quomodo
1094 3769 1305 3839 possint
1330 3769 1634 3839 acquirere,
1658 3771 1753 3839 qui

162 3881 278 3936 quo
305 3865 427 3935 plus
456 3864 681 3931 habent,
709 3862 829 3934 plus
854 3862 1166 3919 desiderant
1197 3876 1212 3915 :
1246 3863 1377 3933 quia

261 4009 453 4062 Crescit
471 4021 605 4060 amor
624 4008 827 4071 nummi,
847 4014 1080 4072 quantum
1101 4008 1204 4068 ipsa
1225 4008 1433 4070 pecunia
1456 4007 1650 4057 crescit.

162 4133 364 4204 Tangit
404 4133 546 4188 enim
585 4146 713 4187 cura
756 4140 992 4187 mentem
1033 4132 1304 4202 quomodo
1339 4131 1754 4201 acquisitionem

162 4225 460 4290 custodiat,
486 4223 654 4294 tangit
679 4238 808 4277 cura
844 4237 876 4276 a
902 4237 1009 4290 quo
1047 4222 1131 4277 his
1157 4222 1399 4277 vorando
1437 4223 1749 4296 incumbat;

163 4317 313 4372 sicut
338 4313 425 4368 ille
453 4314 544 4383 qui
582 4314 797 4369 dicebat
830 4332 842 4366 :
874 4311 1051 4367 Habes
1089 4314 1313 4383 reposita
1342 4311 1509 4366 multa
1539 4311 1674 4365 bona
1699 4312 1753 4366 in

163 4424 338 4464 annos
376 4408 629 4478 plurimos
666 4422 684 4459 :
724 4404 1012 4476 requiesce,
1056 4404 1293 4470 comede,
1332 4404 1475 4469 bibe,
1519 4402 1750 4473 epulare.

163 4500 412 4557 Fallaces
436 4513 567 4563 vero
593 4497 866 4562 dicuntur,
889 4496 1013 4566 quia
1038 4494 1231 4549 fallunt
1249 4504 1301 4550 et
1330 4494 1606 4564 decipiunt
1630 4508 1758 4548 con-

163 4590 431 4656 ﬁdentes,
467 4596 527 4643 ut
565 4587 642 4642 illi
680 4601 996 4657 responsum
1024 4593 1107 4641 est
1139 4600 1153 4639 :
1184 4584 1301 4639 Hac
1345 4593 1494 4639 nocte
1523 4584 1755 4637 animam

165 4692 317 4734 tuam
350 4685 575 4749 repetent
610 4694 642 4731 a
669 4685 750 4730 te:
773 4692 890 4746 quae
918 4684 1038 4730 ante
1060 4675 1261 4746 parasti
1289 4674 1443 4744 cujus
1467 4671 1652 4728 erunt?

243 4774 347 4840 Qui
371 4790 491 4829 vero
512 4774 567 4827 in
594 4773 785 4827 bonam
808 4782 1002 4826 terram
1027 4772 1314 4827 seminatus
1335 4781 1430 4836 est,
1455 4772 1539 4825 hic
1565 4779 1639 4825 est
1666 4770 1757 4841 qui

167 4866 320 4922 audit
354 4866 563 4921 verbum
597 4876 645 4920 et
677 4864 921 4936 intelligit
962 4875 1009 4919 et
1052 4865 1283 4934 fructum
1319 4864 1472 4934 affert
1496 4905 1511 4928 ,
1552 4873 1601 4918 et
1630 4864 1755 4932 facit

168 4957 321 5012 aliud
343 4957 679 5011 centesimum
697 4996 713 5023 ,
748 4956 896 5011 aliud
922 4956 1300 5026 sexagesimum
1319 4995 1335 5020 ,
1358 4964 1407 5008 et
1430 4953 1578 5008 aliud
1603 4955 1761 5025 trige-

167 5050 383 5104 simum.
405 5047 512 5103 Per
530 5047 909 5114 centesimum,
940 5046 1271 5116 virginitatis
1294 5045 1408 5099 sive
1434 5045 1612 5101 omnis
1634 5059 1759 5114 pcr-

169 5142 336 5196 fectio
367 5141 657 5206 virtutum,
697 5141 821 5211 quia
862 5140 1208 5196 centenarias
1235 5140 1509 5210 perfectus
1538 5147 1624 5194 est
1661 5154 1760 5192 nu-

170 5246 388 5295 merus;
434 5238 492 5285 et
535 5231 679 5287 sicut
720 5230 1086 5300 computando
1130 5228 1478 5285 centenarias
1519 5229 1585 5282 de
1628 5227 1759 5281 [iuva

170 5322 373 5377 transit
412 5320 466 5377 in
496 5322 771 5377 dexteram
790 5361 805 5386 ,
845 5322 924 5375 sic
962 5320 1008 5375 is
1035 5320 1127 5391 qui
1156 5319 1517 5391 virginitatem
1548 5327 1603 5373 et
1634 5332 1758 5388 per-

166 5413 465 5469 lectionem
488 5412 748 5468 virtutum
777 5410 1120 5467 immaculate
1142 5410 1396 5475 custodit,
1420 5409 1487 5464 de
1508 5410 1760 5480 praesenti

171 5502 373 5560 smculo
395 5504 451 5559 in
473 5503 642 5559 vitam
663 5510 923 5559 aeternam
952 5501 1197 5557 transiet.
1220 5499 1323 5557 Per
1341 5500 1756 5572 sexagesimum,

173 5597 553 5653 continentem
582 5597 715 5662 vita,
744 5596 985 5667 perfecta
1015 5609 1180 5666 opere
1208 5601 1263 5649 et
1290 5594 1519 5657 ratione,
1547 5592 1674 5663 quia
1702 5592 1758 5648 in

173 5695 330 5745 sexta
363 5688 449 5744 die
475 5688 618 5744 Deus
647 5701 811 5757 opera
838 5702 934 5742 sua
968 5684 1222 5758 perfecit,
1252 5692 1308 5740 et
1334 5684 1401 5741 de
1423 5691 1578 5740 sexto
1604 5697 1759 5739 sexa-

1858 1860 1989 1915 bent
2013 1861 2248 1930 episcopi
2288 1868 2343 1914 et
2370 1861 2645 1930 praepositi
2676 1861 3026 1917 ecclesiarum
3069 1876 3137 1917 ne
3163 1862 3230 1918 de
3262 1865 3342 1919 eis
3369 1864 3445 1919 si-

1855 1951 2059 2005 militer
2085 1951 2321 2016 dicatur,
2344 1952 2439 2006 sed
2462 1951 2661 2007 debent
2680 1951 2885 2009 instare
2909 1960 2963 2008 et
2991 1968 3087 2023 per
3106 1968 3164 2008 se
3183 1969 3437 2026 suosque,

1856 2052 2121 2112 quantum
2152 2052 2373 2113 possunt
2391 2083 2405 2108 ,
2434 2051 2495 2098 ut
2523 2044 2845 2099 annuntient
2874 2044 3067 2114 populo
3100 2054 3323 2114 peccata
3349 2060 3444 2101 eo-

1855 2149 2010 2198 rum,
2058 2142 2118 2187 ut
2163 2134 2342 2189 sciant
2379 2148 2500 2203 quae
2545 2149 2740 2191 cavere
2779 2133 3011 2189 debeant
3045 2141 3100 2189 et
3138 2133 3373 2205 qualiter
3408 2151 3439 2189 a

1854 2224 2093 2278 venienti
2119 2222 2298 2294 gladio
2334 2223 2627 2278 custodire.
2659 2222 2866 2277 Bonum
2894 2240 3086 2277 semen.
3122 2222 3293 2279 Filius
3322 2223 3439 2280 Dei.

1854 2311 2112 2366 Inimicus
2160 2311 2297 2381 ejus.
2347 2311 2635 2377 Diabolus,
2683 2313 2774 2382 qui
2823 2312 3076 2370 inimicus
3114 2312 3208 2368 Dei
3240 2320 3296 2369 et
3343 2314 3449 2370 lto-

1854 2407 2060 2462 minum
2091 2415 2198 2471 est,
2231 2423 2297 2463 ex
2332 2422 2439 2477 quo
2469 2408 2523 2462 in
2553 2406 2807 2477 paradiso
2844 2406 2995 2461 illum
3017 2406 3255 2477 positum
3281 2406 3437 2464 vidit.

1852 2495 2097 2552 Zizania.
2146 2497 2271 2553 Filii
2317 2497 2515 2553 diaboli
2557 2512 2656 2567 per
2690 2512 2877 2567 opera.
2910 2495 3088 2553 Herba
3127 2506 3176 2551 et
3215 2497 3440 2567 fructus.

1853 2588 2051 2659 Opera.
2099 2589 2411 2645 Accedentes
2465 2598 2638 2643 autem
2682 2588 2819 2642 servi
2864 2586 3286 2658 patrisfamilias.
3331 2587 3442 2644 An-

1852 2679 1957 2751 geli
1983 2679 2216 2735 Domini.
2246 2678 2504 2733 Inimicus
2532 2678 2708 2733 homo.
2748 2676 3036 2743 Diabolus,
3071 2677 3138 2734 de
3173 2692 3281 2748 quo
3308 2678 3444 2736 dici-

1853 2780 1942 2827 tur
1971 2787 1986 2826 :
2020 2772 2282 2842 Exsurge,
2309 2772 2549 2836 Domine,
2584 2788 2689 2826 non
2716 2770 3042 2841 confortetur
3066 2771 3241 2825 homo.

1926 2862 2008 2918 Ne
2052 2863 2188 2932 forte
2233 2862 2533 2934 colligentes
2577 2864 2805 2917 zizania.
2858 2862 3077 2916 Zizania
3103 2901 3120 2926 ,
3170 2875 3293 2931 qua:
3333 2861 3442 2918 alio

1850 2953 2069 3009 nomine
2121 2953 2306 3008 lolium
2343 2954 2560 3019 dicitur,
2605 2951 2768 3022 juxta
2802 2953 3188 3024 agriculturam
3225 2961 3310 3008 est
3352 2969 3445 3010 sc-

1854 3058 1978 3098 men
2010 3059 2277 3115 nequam,
2308 3047 2450 3115 quod
2480 3048 2727 3102 nascitur
2762 3049 2907 3103 inter
2947 3047 3207 3117 speltam,
3238 3047 3305 3104 de
3337 3063 3443 3118 qua

1852 3134 1977 3205 quis
2025 3142 2156 3191 tunc
2198 3137 2417 3205 quando
2457 3137 2730 3208 colligitur
2768 3138 3094 3203 comederit,
3136 3153 3244 3193 non
3283 3137 3445 3193 habet

1851 3222 2071 3295 plenum
2103 3239 2320 3279 sensum
2353 3225 2420 3279 ad
2448 3225 2637 3279 horam
2662 3241 2677 3290 ;
2709 3227 2783 3281 i'a
2809 3227 3116 3296 quicunque
3141 3242 3171 3281 a
3200 3227 3310 3283 Deo
3340 3227 3446 3283 dis-

1852 3315 2049 3380 sentit,
2081 3330 2189 3369 non
2218 3322 2303 3370 cst
2328 3305 2497 3384 plenae
2527 3315 2744 3371 mentis.
2774 3315 2873 3371 Hic
2899 3325 3077 3371 autem
3106 3317 3233 3371 mali
3273 3318 3448 3372 homi-

1852 3421 1980 3471 nes,
2022 3407 2250 3463 Domino
2278 3416 2617 3478 exponente,
2644 3409 3038 3481 intelliguntur.
3086 3409 3233 3466 Servi
3271 3422 3444 3467 autem

1853 3497 2116 3552 dixerunt.
2157 3495 2402 3565 Vis,imus
2431 3507 2477 3551 et
2502 3496 2795 3568 colligimus
2828 3501 2930 3553 ea?
2954 3499 3025 3553 Et
3050 3502 3156 3566 ait,
3190 3500 3315 3556 Non
3336 3542 3352 3568 ,
3382 3519 3449 3558 ne

1852 3585 1987 3655 forte
2026 3586 2322 3655 colligentes
2364 3588 2602 3654 zizania,
2647 3589 2923 3643 eradicetis
2956 3606 3075 3643 cum
3107 3591 3183 3644 eis
3227 3602 3278 3645 et
3311 3593 3446 3647 triti-

1852 3691 1990 3728 cum.
2034 3673 2203 3729 Sinite
2236 3684 2457 3748 utraque
2493 3693 2722 3732 crescere
2759 3695 2921 3750 usque
2963 3679 3034 3734 ad
3065 3696 3302 3736 messem.
3341 3682 3453 3739 Hic.

1853 3767 2049 3823 debent
2068 3783 2260 3824 omnes
2289 3782 2466 3838 reges,
2492 3770 2729 3840 episcopi
2753 3780 2809 3826 et
2834 3771 3107 3842 praepositi
3135 3774 3449 3844 exemplum

1857 3871 2066 3928 capere,
2089 3874 2158 3914 ne
2171 3859 2239 3914 de
2264 3858 2489 3916 incertis
2515 3860 2694 3915 causis
2717 3860 2980 3930 judicium
3007 3873 3260 3931 premant
3285 3876 3449 3922 ante-

1852 3966 2016 4022 quam
2056 3953 2331 4008 veraciter
2367 3952 2575 4008 crimen
2614 3962 2929 4023 agnoscant.
2969 3951 3147 4009 Herba
3179 3957 3321 4010 enim
3352 3957 3453 4012 im-

1852 4043 2151 4114 perfectam
2181 4052 2397 4098 aetatem
2424 4044 2712 4114 significat,
2742 4044 2825 4098 vel
2853 4033 3063 4100 occulta
3093 4060 3255 4115 opera
3274 4086 3290 4112 ,
3326 4062 3461 4117 quas

1854 4134 2034 4190 omnia
2064 4134 2376 4190 sustinenda
2414 4141 2540 4189 sunt
2574 4149 2745 4204 usque
2768 4134 2836 4189 ad
2861 4134 3154 4204 perfectam
3191 4137 3452 4207 cognitio'

1853 4241 2000 4282 nem.
2046 4225 2181 4280 Nam
2224 4225 2370 4295 quod
2415 4226 2607 4280 beatus
2642 4224 2843 4279 Paulus
2879 4226 3136 4295 praecepit
3175 4242 3188 4279 :
3233 4226 3454 4295 Auferte

1855 4316 2058 4371 malum
2084 4334 2149 4372 ex
2172 4317 2313 4371 vobis
2332 4355 2348 4381 ,
2376 4316 2444 4371 de
2469 4316 2673 4385 apertis
2711 4323 2766 4370 et
2801 4315 3102 4371 manifestis
3128 4317 3453 4386 pnevarica-

1782 4438 1837 4497 Ι)
1864 4414 2075 4468 toribus
2100 4410 2363 4483 praecipit.
2397 4409 2550 4477 Quod
2586 4410 2748 4475 dicit,
2779 4425 2843 4463 ne
2869 4409 3004 4477 forte
3045 4409 3343 4481 colligentes
3380 4412 3457 4464 zi-

1860 4505 2040 4569 zania,
2069 4503 2345 4558 eradicetis
2373 4512 2421 4556 et
2445 4502 2677 4555 triticum
2700 4541 2716 4568 ,
2747 4512 3039 4572 utrumque
3072 4502 3127 4557 in
3160 4503 3265 4559 hoc
3304 4503 3460 4559 dicto

1861 4607 1917 4652 et
1947 4596 2045 4650 Dei
2070 4594 2331 4665 patientia
2361 4601 2714 4659 monstratur,
2743 4593 2869 4662 quia
2896 4593 3010 4663 ipse
3036 4594 3307 4664 patienter
3332 4610 3453 4650 ma-

1866 4686 1943 4742 los
1971 4692 2252 4756 exspectat
2279 4692 2339 4739 ut
2365 4691 2774 4750 convertantur,
2811 4700 2916 4739 non
2941 4699 3237 4741 conversos
3262 4685 3458 4742 durius

1863 4778 2117 4842 damnat,
2144 4783 2201 4830 et
2223 4775 2351 4846 quia
2385 4774 2474 4829 hic
2522 4774 2613 4844 qui
2638 4774 2796 4829 hodie
2823 4774 3030 4828 zizania
3068 4775 3283 4829 videtur
3308 4774 3448 4842 fore,

1863 4883 1984 4924 cras
2008 4875 2183 4939 potest
2217 4880 2339 4921 esse
2369 4865 2608 4921 triticum
2640 4864 2753 4919 Dei.
2792 4863 2861 4918 In
2890 4874 3117 4934 tempore
3145 4864 3327 4919 messis
3360 4866 3447 4919 di-

1862 4974 1977 5012 cam
2002 4956 2317 5012 messoribus
2346 4969 2364 5006 :
2391 4952 2630 5023 Colligite
2649 4953 2874 5025 primum
2901 4952 3133 5017 ciconia,
3163 4961 3213 5005 et
3236 4950 3454 5020 alligate

1860 5065 1923 5102 ea
1956 5046 2234 5118 fasciculos
2279 5044 2349 5098 ad
2384 5042 2812 5097 comburendum.
2857 5040 2995 5108 Quia
3033 5041 3284 5096 videlicet
3318 5049 3453 5096 tunc

1862 5141 2148 5194 mittentur
2186 5135 2337 5191 avari
2377 5150 2500 5190 cum
2531 5133 2740 5198 avaris,
2765 5132 3026 5188 luxuriosi
3063 5147 3187 5187 cum
3216 5131 3452 5185 luxurio-

1862 5231 1971 5295 sis;
2002 5236 2059 5284 et
2082 5225 2453 5295 unusquisque
2481 5223 2571 5279 cui
2604 5222 2799 5279 similis
2835 5221 2938 5277 fuit
2968 5221 3022 5276 in
3061 5220 3342 5286 similibus,
3371 5219 3452 5276 illi

1864 5319 2161 5377 sociabitur
2192 5317 2245 5371 in
2276 5316 2470 5387 poenis.
2502 5314 2796 5380 Triticum,
2820 5312 2986 5385 justi;
3018 5313 3270 5369 horreum
3291 5351 3307 5376 ,
3335 5310 3451 5368 vita

1864 5419 2086 5465 aeterna.
2118 5406 2287 5461 Mittet
2314 5404 2459 5474 ﬁlius
2484 5405 2710 5459 hominis
2734 5402 2945 5474 angelos
2968 5418 3113 5467 suos,
3136 5412 3185 5456 et
3208 5400 3452 5473 colligant

1863 5500 1926 5553 de
1948 5514 2104 5569 regno
2130 5497 2267 5566 ejus,
2296 5495 2363 5550 de
2386 5492 2645 5558 Ecclesia,
2673 5493 2849 5547 omnia
2872 5491 3150 5557 scandala,
3172 5491 3263 5561 qui
3286 5506 3449 5547 scan-

1864 5588 2218 5645 dalizaverint
2245 5586 2448 5642 electos
2478 5598 2627 5648 suos,
2650 5592 2699 5637 et
2730 5598 2817 5637 eos
2844 5581 2935 5652 qui
2964 5580 3167 5651 faciunt
3194 5581 3446 5651 iniquita-

1862 5693 1987 5737 tem.
2014 5680 2133 5736 Non
2166 5678 2325 5746 dicit,
2355 5676 2448 5747 qui
2484 5675 2763 5741 fecerunt,
2804 5672 2898 5728 sed
2926 5671 3018 5742 qui
3054 5672 3231 5735 adhuc
3262 5672 3317 5730 iu
3345 5673 3445 5729 llos
