3952 6186
536 313 665 371 1575

1306 302 1694 360 ClllliSTlANl
1734 298 2144 357 DRUTHMARI
2182 296 2629 352 CORBEIENSIS
2668 294 2970 351 MONAClll

3652 295 3765 349 £578

532 438 705 484 erant.
734 426 816 480 Ibi
842 426 937 480 erit
965 425 1116 493 ﬂetus
1140 431 1185 475 et
1212 420 1404 475 stridor
1428 420 1677 473 dentium.
1706 417 1809 471 Per
1838 415 2017 470 ﬂetum
2044 422 2097 468 ct
2125 415 2173 474 A
2200 413 2369 467 versis
2400 411 2531 465 locis
2555 411 2764 465 diverse
2796 408 3076 478 accipitur.
3112 407 3263 462 Nunc
3294 409 3348 462 in
3375 410 3484 463 hac
3522 410 3773 479 parabit;

534 517 816 572 stridorem
846 513 1081 567 dentium
1112 518 1167 565 et
1194 509 1357 563 nimia
1386 516 1649 562 tormenta
1675 515 1728 560 et
1756 521 1884 560 vera
1919 519 2099 559 resur-

534 606 702 661 rectio
723 617 1005 673 corporum
1035 602 1361 670 designatur.
1386 598 1528 652 Tunc
1544 598 1679 667 justi
1706 595 1971 666 fulgebunt
1996 595 2105 648 sic-

535 705 590 748 ut
627 694 706 748 sol
730 694 784 747 in
814 709 969 762 regno
997 690 1194 745 Patris.
1227 690 1485 744 Dominus
1511 688 1601 741 lux
1628 687 1862 742 caalestis
1881 727 1895 749 ,
1939 694 1994 740 et
2023 686 2103 740 sol

535 785 588 838 in
629 800 691 838 ea
729 783 870 847 erit,
917 791 971 836 et
1011 781 1181 836 sancti
1228 778 1598 849 participando
1642 777 1938 830 claritatem
1986 777 2104 847 ejus

535 874 686 942 quasi
715 872 792 927 sol
818 871 1108 938 fulgebunt.
1138 868 1316 924 Simile
1336 879 1409 922 est
1434 885 1646 938 regnum
1672 868 1913 921 caelorum
1940 884 2103 936 grano

536 963 753 1032 sinapis.
795 960 848 1013 In
879 958 1127 1028 pnesenti
1157 956 1392 1011 Ecclesia
1423 955 1787 1025 unusquisque
1820 954 1988 1008 lidelis
2017 970 2104 1008 ac-

536 1054 701 1122 cipiat
724 1053 940 1104 verbum
965 1048 1257 1117 Evangelii,
1283 1056 1336 1100 ct
1360 1048 1612 1099 recondat
1637 1046 1688 1098 in
1712 1061 1841 1115 agro
1864 1059 1980 1108 suo,
2007 1045 2109 1098 hoc

537 1150 619 1195 est
640 1182 653 1205 ,
687 1141 738 1194 in
775 1148 992 1208 pectore
1022 1148 1075 1191 et
1111 1138 1161 1191 in
1192 1131 1352 1190 corde
1383 1151 1501 1189 suo.
1543 1134 1694 1198 Quod
1734 1134 2003 1187 minimum
2031 1142 2107 1186 est

539 1233 775 1284 ontnibus
808 1228 1105 1284 seminibus.
1149 1224 1280 1279 Cum
1323 1235 1493 1277 autem
1535 1225 1777 1286 creverit,
1826 1223 1995 1292 major
2032 1232 2106 1276 est

540 1322 776 1373 omnibus
815 1319 1058 1373 oleribus.
1102 1316 1252 1371 Sicut
1292 1325 1374 1369 est
1415 1316 1656 1369 doctrina
1699 1314 1969 1385 Evangelii
2007 1333 2020 1367 :
2053 1314 2104 1367 in

540 1411 677 1464 facie
705 1410 923 1463 minima
959 1415 1180 1476 apparet
1208 1415 1262 1459 et
1292 1407 1345 1459 in
1385 1404 1656 1459 auditione
1675 1445 1689 1467 ,
1719 1405 1809 1458 sed
1836 1405 1887 1458 in
1914 1405 2109 1459 virtute

541 1499 852 1568 ﬂagrantior
883 1505 1045 1567 atque
1072 1496 1419 1550 excellentior
1457 1495 1665 1549 cunctis
1699 1495 1978 1549 doctrinis.
2008 1493 2110 1548 Ju-

540 1588 669 1641 da'is
695 1587 1035 1651 scandalum,
1070 1586 1302 1657 gentibus
1338 1603 1363 1638 s
1386 1584 1557 1638 ultitia
1603 1585 1764 1638 visum
1795 1584 1912 1653 fuit.
1943 1584 2108 1638 Deum

544 1687 815 1745 mortuum
847 1677 1010 1731 fuisse
1035 1693 1132 1746 pro
1162 1676 1331 1731 servis
1355 1676 1497 1739 suis,
1526 1683 1581 1729 et
1613 1676 1972 1729 rcsurrexisse
1996 1685 2105 1729 ter—

544 1771 615 1823 tia
643 1770 747 1824 die.
780 1768 886 1823 Sed
914 1777 1091 1823 tamen
1127 1769 1269 1822 nulla
1299 1768 1540 1822 doctrina
1566 1768 2001 1838 philosophorum
2031 1768 2110 1822 sic
2137 1754 2182 1813 Β

546 1860 783 1929 implevit
821 1859 1074 1914 mundum
1102 1859 1239 1913 sicut
1275 1858 1372 1912 ista
1394 1900 1408 1922 ,
1444 1874 1541 1912 nec
1555 1858 1671 1911 ‘ulla
1700 1858 1942 1912 doctrina
1975 1872 2112 1926 pne-

546 1953 712 2007 mium
751 1951 852 2006 luit
892 1952 1010 2005 vitae
1050 1961 1263 2005 :etema:
1298 1951 1398 2004 nisi
1438 1951 1488 2004 in
1524 1951 1645 2005 hac.
1682 1949 1767 2003 Ita
1797 1961 1851 2003 ut
1880 1949 2110 2003 volucres

545 2044 657 2099 ειεΙὶ
683 2044 885 2097 veniant
912 2052 958 2096 et
984 2042 1211 2095 habitent
1234 2042 1286 2095 in
1311 2043 1467 2095 ramis
1489 2042 1623 2109 ejus.
1652 2041 1906 2095 Volucres
1924 2081 1937 2104 ,
1971 2056 2109 2110 pra:-

545 2135 815 2188 dicatores
835 2132 1035 2187 szeculi.
1054 2132 1207 2185 Rami
1228 2132 1403 2200 hujus,
1426 2131 1667 2200 exempla
1688 2130 2108 2199 Scripturarum,

546 2241 641 2295 per
672 2241 791 2295 quas
818 2225 1010 2278 anima:
1042 2224 1223 2278 ﬁdeles
1249 2224 1313 2276 ad
1342 2223 1581 2277 ecclestia
1607 2222 1817 2286 volare,
1844 2230 1899 2276 et
1927 2221 2109 2292 negle-

544 2317 648 2370 ctis
672 2315 1037 2383 temporalium
1062 2312 1439 2383 cupiditatibus
1463 2328 1660 2377 rerum,
1679 2328 1890 2367 sursum
1914 2313 2112 2365 habere

547 2423 641 2461 cor
681 2414 1091 2460 consueverunt.
1133 2404 1312 2458 Simile
1359 2414 1432 2458 est
1474 2421 1685 2473 regnum
1730 2404 1973 2457 caelorum
2010 2405 2113 2472 [er-

547 2506 736 2558 mento,
766 2496 906 2561 quod
937 2506 1199 2563 acceptum
1227 2493 1414 2547 mulier
1440 2494 1704 2547 abscondit
1738 2495 1791 2546 in
1821 2494 1992 2562 farina
2021 2511 2110 2547 sa—

545 2585 612 2637 tis
642 2583 826 2636 tribus.
856 2584 1198 2637 Fcrmentum
1224 2598 1252 2634 a
1294 2581 1547 2635 lcrvendo
1574 2582 1794 2645 dicitur,
1835 2583 1886 2635 id
1915 2595 1997 2637 est
2024 2599 2113 2637 ca-

546 2672 861 2737 lefaciendo,
908 2680 961 2727 et
992 2671 1052 2726 (lt
1093 2672 1159 2726 de
1197 2671 1310 2726 fece
1349 2672 1454 2724 vini
1494 2684 1584 2725 aut
1619 2672 1882 2726 cervisize.
1924 2672 2111 2728 Satum

548 2776 717 2831 genus
748 2775 1013 2815 mensurae
1048 2769 1133 2814 est
1164 2761 1367 2814 habens
1406 2761 1641 2815 modium
1675 2777 1840 2815 unum
1878 2769 1933 2815 et
1960 2762 2116 2816 dimi-

546 2852 713 2906 dium.
746 2853 803 2905 lu
834 2852 963 2906 satis
989 2852 1158 2906 tritius
1188 2851 1363 2905 modia
1395 2860 1626 2920 quatuor
1653 2858 1707 2905 et
1734 2851 2032 2917 dimidium,
2060 2860 2116 2906 et

546 2940 746 2995 dictum
787 2942 928 3009 apud
972 2941 1239 2996 Hmbrtcos
1285 2942 1427 3011 quod
1465 2940 1555 3010 qui
1607 2942 1827 2996 metitur
1870 2943 2113 2996 eamdem

545 3047 850 3085 mensuram
889 3032 1044 3085 levet.
1072 3031 1308 3085 Primam
1336 3031 1642 3099 parabolam
1681 3032 1748 3086 de
1780 3048 1837 3086 se
1870 3041 1926 3086 ct
1961 3032 2114 3086 audi-

2202 496 2438 572 praesens
2466 501 2702 555 Ecclesia
2730 515 2949 569 regnum
2975 498 3233 553 cmlorum
3264 499 3616 569 intelligitur.
3647 502 3774 569 Ager

2203 603 2416 658 autem,
2471 592 2696 646 latitudo
2744 591 3044 645 divinarum
3089 588 3518 657 Scripturarum.
3573 591 3635 645 In
3684 608 3774 660 quo

2202 699 2331 753 agro
2355 680 2627 735 invenitur
2656 681 2967 743 thesaurus,
2999 679 3051 733 id
3078 671 3167 732 est'
3185 679 3448 733 Dominus
3481 690 3678 749 noster
3701 679 3778 735 Je-

2204 787 2296 826 sus
2323 770 2601 833 Christus,
2631 769 2755 838 quia
2783 783 2883 837 per
2907 767 3217 837 Scripturas
3243 769 3397 822 nobis
3423 771 3781 824 annuntiatns

2202 872 2306 928 est,
2335 878 2365 915 a
2394 862 2671 932 prophetis
2696 873 2750 915 et
2778 858 3050 929 apostolis.
3078 859 3241 924 Quem
3265 862 3355 930 qui
3381 862 3605 926 inrenit,
3634 863 3781 916 debet

2203 954 2381 1009 omnia
2433 960 2787 1021 postponere,
2826 960 2883 1005 et
2919 950 3041 1003 vilia
3082 950 3133 1003 in
3179 964 3364 1004 amore
3401 951 3528 1020 ejus
3568 966 3783 1020 conus)-

2205 1052 2321 1098 tare
2339 1085 2353 1108 ,
2380 1051 2439 1097 ut
2465 1043 2612 1097 illum
2642 1042 2813 1111 possit
2838 1050 2963 1095 ante
2987 1041 3163 1094 omnia
3199 1050 3256 1094 et
3290 1056 3455 1112 super
3485 1044 3679 1097 omnia
3705 1047 3754 1099 di

2206 1135 2391 1205 ligere.
2431 1135 2596 1200 Quem
2631 1135 2720 1205 qui
2764 1135 2983 1197 invenit,
3025 1133 3304 1188 abscondit
3334 1134 3388 1187 in
3427 1136 3678 1203 pectoris
3704 1138 3780 1189 sui

2206 1228 2493 1289 absconso,
2526 1242 2634 1280 non
2674 1226 2725 1279 in
2767 1225 3008 1278 avaritiae
3034 1225 3241 1284 studio.
3277 1226 3351 1279 ibi
3382 1241 3549 1279 amor
3574 1243 3781 1281 servare

2206 1315 2437 1369 volentis
2479 1313 2816 1382 exprimitur.
2858 1311 2922 1364 Et
2958 1328 3068 1381 pra:
3100 1312 3292 1382 gaudio
3326 1313 3493 1368 illius.
3539 1315 3782 1385 Magnum

2208 1406 2456 1474 gaudium
2500 1420 2621 1459 esse
2655 1412 2835 1473 potest
2863 1404 3102 1458 invenire
3152 1419 3211 1458 se
3247 1412 3301 1457 et
3330 1406 3476 1459 scire
3518 1406 3671 1460 illum
3699 1423 3788 1475 per

2208 1512 2367 1567 quem
2395 1499 2458 1551 de
2481 1497 2689 1551 inferno
2713 1495 2927 1550 liberari
2964 1497 3134 1565 possit
3158 1505 3211 1549 et
3235 1497 3343 1550 vita
3370 1498 3535 1551 beata
3564 1499 3784 1567 perfrui.

2217 1588 2400 1642 Vendit
2426 1589 2663 1641 universa
2690 1604 2806 1656 (μα’
2839 1588 2989 1640 habet
3015 1599 3062 1640 et
3091 1588 3211 1641 emit
3241 1605 3423 1657 agrum
3446 1590 3630 1643 illum.
3658 1591 3787 1657 Quia

2210 1680 2262 1733 in
2318 1679 2585 1733 universis
2624 1680 2735 1734 suis
2780 1680 3080 1733 actionibus
3118 1689 3172 1734 et
3206 1683 3652 1750 possessionibus
3702 1686 3788 1739 Dei

2209 1770 2538 1824 voluntatem
2582 1771 2741 1825 debet
2784 1770 2954 1839 sequi.
2984 1769 3130 1825 Talis
3178 1772 3485 1840 negotiator
3536 1773 3639 1827 fuit
3664 1776 3791 1828 Zac-

2210 1861 2420 1925 chazus,
2460 1861 2551 1930 qui
2590 1876 2711 1914 eum
2747 1869 2892 1914 esset
2928 1860 2994 1917 in,
3022 1875 3303 1930 sycomoro
3330 1869 3389 1914 ut
3426 1861 3642 1916 videret
3682 1864 3789 1917 the.

2209 1967 2428 2006 saurnm
2453 1968 2611 2022 quem
2640 1968 2819 2007 emere
2847 1962 3046 2021 posset,
3079 1953 3316 2020 suscepit
3333 1968 3460 2007 eum
3490 1955 3545 2008 in
3574 1955 3788 2010 domum

2210 2056 2362 2094 suam
2397 2049 2451 2094 et
2475 2040 2611 2095 dixit
2634 2059 2647 2093 :
2679 2041 2785 2094 Pro
2811 2042 2915 2094 hoc
2940 2041 3212 2103 thesauro,
3238 2041 3282 2094 si
3314 2042 3402 2094 cui
3440 2042 3653 2111 aliquid
3675 2044 3785 2096 abs-

2213 2135 2330 2200 tuli,
2373 2135 2426 2189 in
2457 2134 2814 2203 quadruplum
2852 2134 3017 2189 reddo
3056 2143 3111 2188 et
3139 2134 3409 2203 reliquum
3439 2135 3510 2188 do
3538 2138 3787 2206 pauperi-

2208 2227 2327 2280 bus.
2359 2226 2554 2280 Iterum
2596 2225 2763 2280 simile
2784 2235 2859 2279 est
2896 2242 3105 2296 regnum
3132 2224 3380 2279 calorum
3411 2226 3617 2279 homini
3646 2245 3789 2297 nego-

2211 2319 2389 2371 tiatori
2432 2319 2681 2387 gurrrenti
2723 2318 2883 2371 bonas
2930 2320 3262 2387 margaritas.
3312 2318 3381 2371 Et
3420 2318 3666 2373 Ecclesia
3698 2322 3786 2373 hoc

2212 2408 2264 2460 in
2293 2406 2410 2459 loco
2438 2407 2750 2476 intelligitur
2782 2420 3026 2477 regnum,
3072 2406 3124 2459 in
3153 2422 3259 2474 qua
3314 2407 3557 2461 Ecclesia
3602 2424 3786 2461 omnes

2210 2496 2497 2550 Christiani
2535 2496 2897 2565 negotiatores
2938 2495 3071 2549 tales
3115 2510 3236 2549 esse
3284 2497 3505 2555 debent,
3558 2510 3616 2550 ut
3647 2513 3784 2565 qure-

2213 2595 2334 2641 rant
2363 2593 2681 2656 margaritas
2709 2587 2896 2648 bonas,
2921 2586 3152 2654 optimas
3180 2586 3567 2655 intelligentias
3590 2588 3644 2640 in
3679 2589 3782 2653 lege

2212 2689 2265 2735 ct
2292 2681 2586 2751 prophetis.
2614 2678 2747 2733 Cum
2785 2688 2965 2733 autem
3006 2678 3311 2732 invenerint
3346 2679 3609 2747 optimam
3653 2696 3787 2732 mar-

2212 2770 2438 2838 garitam
2468 2768 2751 2822 Dominum
2780 2767 3071 2829 Christum,
3115 2783 3309 2822 omnes
3354 2768 3666 2836 voluptates
3696 2770 3787 2822 bu-

2204 2859 2296 2928 jus
2342 2860 2521 2915 seculi
2567 2867 2933 2917 contemnant,
2990 2858 3376 2912 ut.Christum
3430 2859 3787 2913 lucrifaciam.

2214 2950 2362 3004 Talis
2418 2950 2723 3019 negotiator
2770 2948 2872 3002 l‘uit
2935 2948 3023 3002 ille
3071 2949 3375 3009 eunuchus,
3430 2949 3523 3018 qui
3577 2960 3789 3003 venerat

2215 3040 2444 3094 adorare
2476 3040 2527 3093 in
2555 3037 2874 3102 Jerusalem,
2906 3046 2959 3092 et
2997 3038 3367 3091 revertebatur
3412 3041 3610 3092 scatens
3638 3054 3793 3107 super

546 3121 751 3176 toribus
782 3122 895 3174 suis
921 3120 1073 3184 dicit,
1100 3120 1258 3173 aliam
1282 3122 1348 3174 de
1382 3121 1466 3173 his
1494 3137 1611 3188 qua:
1638 3121 1881 3176 diabolus
1906 3122 2112 3176 immis—
2137 3102 2181 3163 (ἶ
2212 3143 2429 3184 currum
2469 3140 2646 3192 suum,
2685 3135 2740 3180 et
2781 3140 3028 3195 quierens
3068 3125 3122 3178 in
3167 3125 3307 3179 libro
3344 3124 3492 3180 Isaia:
3533 3129 3792 3197 margariv

547 3211 659 3263 cuit
684 3219 806 3278 post
836 3209 1045 3262 Domini
1073 3224 1275 3262 semen.
1308 3208 1433 3262 lndc
1460 3208 1693 3262 laudavit
1721 3211 1893 3277 ipsum
1927 3227 2110 3266 semen

545 3318 698 3356 suum
723 3300 1062 3370 quodsimile
1099 3311 1242 3354 esset
1267 3300 1461 3369 sinapi,
1494 3302 1650 3354 modo
1677 3302 1804 3354 dicit
1833 3303 1973 3369 quod
1997 3318 2112 3356 om-

546 3408 642 3447 nes
669 3390 1020 3446 ecclesiastici
1060 3390 1234 3445 facere
1267 3388 1494 3443 debeant
1532 3390 1595 3442 de
1622 3390 1784 3441 verbo
1818 3390 2110 3458 Evangelii,

544 3500 640 3553 per
690 3483 968 3539 mulierem
1013 3482 1197 3536 volens
1247 3481 1464 3550 intelligi
1520 3481 1811 3535 Ecclesiam
1840 3522 1854 3546 ,
1903 3483 1956 3535 in
2005 3499 2111 3552 qua

545 3575 909 3643 unusquisque
936 3572 1028 3642 qui
1055 3573 1118 3627 de
1150 3587 1210 3626 ea
1240 3580 1325 3626 est
1361 3572 1519 3625 debet
1553 3573 1878 3627 abscondere
1918 3573 1971 3626 in
2009 3573 2113 3627 title

545 3670 747 3717 sanctae
790 3661 1099 3723 Trinitatis,
1127 3660 1297 3714 donec
1329 3660 1507 3713 omnia
1537 3674 1656 3728 qua:
1694 3658 1824 3714 facit
1849 3663 2028 3715 omnia
2058 3662 2111 3716 in

546 3752 763 3807 nomine
788 3759 987 3804 sancte
1014 3748 1292 3803 Trinitatis
1311 3747 1493 3803 faciat.
1520 3749 1613 3803 Vel
1640 3751 1745 3804 alio
1770 3752 1927 3805 modo
1958 3769 1970 3803 :
2004 3761 2113 3807 tres

545 3839 820 3909 passiones
846 3849 972 3894 sunt
999 3839 1051 3892 in
1079 3838 1262 3903 nobis,
1292 3839 1400 3903 ira,
1432 3840 1727 3908 cupiditas,
1767 3843 1931 3908 ratio;
1971 3843 2114 3898 inter

546 3931 676 3985 istas
694 3931 973 4000 passiones
994 3929 1270 3984 mittamus
1294 3930 1519 3985 verbum
1532 3932 1822 4001 Evangelii,
1848 3943 1903 3987 et
1923 3950 2111 3991 omnes

545 4022 664 4076 illas
689 4022 967 4091 passiones
993 4036 1060 4075 ex
1087 4022 1253 4075 verbo
1280 4021 1551 4090 Evangelii
1588 4024 1883 4078 condamus
1918 4033 1978 4079 ut
2005 4042 2110 4081 non

544 4111 863 4174 irascamur,
909 4124 1015 4163 non
1053 4110 1527 4179 concupiscamus,
1567 4111 1706 4165 sicut
1740 4112 1792 4166 in
1825 4114 2111 4183 Evangelio

543 4198 815 4269 prmeepit,
844 4206 899 4252 et
924 4198 1185 4252 rationem
1215 4206 1456 4253 nostram
1483 4202 1549 4254 de
1581 4200 1868 4271 Evangelio
1894 4218 2111 4274 compo-

545 4307 757 4347 namus.

615 4400 664 4454 11
669 4418 741 4455 ατ
769 4402 940 4455 omnia
958 4402 1010 4455 in
1031 4403 1291 4471 parabolis
1311 4402 1513 4456 locutus
1534 4411 1606 4457 est
1623 4403 1776 4457 Jesus
1799 4405 1866 4457 ad
1887 4405 2066 4459 turbas
2089 4421 2106 4457 :
2139 4441 2188 4501 Β

541 4500 588 4543 et
614 4491 723 4543 sine
743 4490 1005 4559 parabolis
1033 4506 1137 4543 non
1162 4490 1466 4560 loquebatur
1488 4492 1579 4545 eis.
1604 4492 1704 4558 Qui
1729 4508 1832 4547 non
1861 4494 1971 4547 vult
1991 4511 2112 4550 esse

542 4580 858 4648 discipulus,
887 4580 1037 4634 audit
1068 4581 1228 4634 verba
1261 4581 1312 4633 in
1344 4582 1499 4634 turba
1524 4591 1579 4634 ct
1612 4584 1664 4636 in
1687 4584 1975 4652 parabolis.
2009 4584 2111 4650 Qui

541 4678 624 4725 est
654 4669 944 4739 discipulus
969 4670 1159 4739 dignus
1185 4670 1382 4725 Christi
1415 4680 1650 4726 meretur
1687 4675 1874 4729 audire
1899 4677 2113 4745 exposi-

545 4762 717 4816 tiones
765 4760 1176 4830 parabolarum,
1214 4762 1337 4829 quia
1379 4761 1464 4815 dat
1498 4761 1573 4815 illi
1618 4763 1760 4819 Deus
1797 4780 2013 4819 sensum
2052 4775 2111 4820 ut

544 4847 805 4917 intelligat
842 4845 1167 4916 Scripturas.
1208 4847 1276 4902 Ut
1314 4849 1614 4919 impleretur
1637 4851 1775 4920 quod
1808 4853 2001 4905 dictant
2035 4864 2109 4907 est

540 4955 631 5010 per
670 4939 971 5008 prophetam
1016 4936 1268 4992 dicentem
1310 4953 1330 4992 :
1370 4938 1614 5009 Aperiam
1654 4938 1710 4992 in
1747 4941 2011 5009 parabolis
2053 4960 2110 4997 os

541 5046 732 5083 meum.
758 5028 863 5084 Per
881 5015 1204 5098 ‘prOpbetam
1235 5029 1429 5098 quippe
1449 5028 1616 5083 David
1641 5030 1695 5083 in
1718 5031 2112 5100 septuagesimo

543 5120 746 5189 psalmo
776 5137 789 5174 :
823 5118 1085 5173 Eructabo
1112 5120 1413 5173 abscondita
1451 5137 1483 5172 a
1509 5120 1869 5174 constitutione
1903 5123 2106 5176 mundi.

541 5210 656 5265 Non
683 5210 880 5273 omnia,
909 5210 1004 5264 sed
1029 5209 1206 5277 aliqua
1226 5248 1241 5274 ,
1267 5216 1322 5263 et
1347 5224 1443 5277 per
1469 5210 1700 5278 speciem
1727 5225 1847 5279 qua:
1873 5211 2107 5280 appella-

545 5306 633 5354 tur
657 5300 1011 5369 synecdoche,
1048 5314 1078 5353 a
1122 5307 1233 5353 toto
1260 5315 1387 5369 pars
1416 5298 1781 5369 intelligenda.
1822 5298 2005 5355 Simile
2033 5312 2106 5355 est

542 5404 755 5457 regnum
777 5387 1021 5441 cartorum
1045 5387 1285 5441 thesauro
1306 5387 1604 5441 abscondito
1627 5387 1679 5440 in
1698 5404 1843 5456 agro.
1866 5388 2105 5457 Regnum

543 5478 801 5530 caelorum
838 5488 1070 5545 quatuor
1108 5476 1280 5530 modis
1317 5476 1513 5530 dicitur
1546 5476 1598 5530 in
1632 5476 1734 5530 hoc
1770 5476 2056 5555 Evangelio
2090 5497 2103 5530 :

546 5562 806 5620 Dominus
830 5564 986 5620 Jesus
1009 5565 1273 5627 Christus,
1289 5565 1396 5619 vita
1420 5574 1639 5628 aeterna,
1659 5581 1893 5633 praesens
1920 5567 2104 5621 Eccle—

548 5652 624 5707 sia
645 5690 658 5715 ,
693 5664 745 5706 et
785 5654 1005 5709 latitudo
1037 5654 1435 5725 Scripturarum
1463 5655 1795 5719 divinarum;
1826 5670 1877 5710 et
1907 5673 2000 5726 pro
2028 5658 2105 5712 di-

2215 3230 2316 3275 tas.
2350 3221 2506 3275 Vcnit
2549 3220 2824 3289 Philippus
2862 3227 2917 3273 et
2948 3219 3185 3273 ostendit
3214 3219 3263 3273 ei
3310 3221 3482 3289 ipsam
3530 3221 3790 3287 margari~

2213 3320 2352 3373 tam;
2385 3319 2437 3365 et
2478 3311 2627 3364 misit
2654 3325 2774 3365 eam
2810 3311 2861 3363 in
2901 3317 3133 3379 pectore,
3174 3318 3228 3363 et
3256 3325 3419 3378 super
3460 3312 3648 3365 omnia
3683 3327 3787 3380 qu

2211 3400 2665 3455 habebatdilexit.
2700 3400 2845 3454 Talis
2876 3400 3197 3454 Nicodemus
3222 3408 3275 3453 et
3309 3398 3534 3469 Joseph,
3572 3403 3671 3469 qui
3708 3417 3784 3469 pe-

2214 3493 2302 3546 tiit
2351 3491 2622 3560 capsulam
2673 3491 2763 3545 ubi
2803 3491 2916 3560 ipsa
2965 3492 3253 3560 margarita
3299 3495 3479 3545 fuerat
3522 3506 3556 3543 a
3606 3492 3784 3551 Pilato,

2212 3581 2335 3649 quia
2373 3580 2485 3648 jam
2524 3580 2754 3634 habebat
2798 3590 2853 3632 et
2895 3579 3010 3647 ipse
3051 3580 3295 3634 eamdem
3335 3581 3717 3649 margaritam,
3741 3591 3787 3634 et

2212 3688 2399 3727 omnes
2444 3673 2670 3742 apostoli
2720 3671 2877 3739 hujus
2925 3674 3287 3742 negotiatores
3316 3670 3560 3726 fuemnt.
3596 3674 3786 3727 Iterum

2211 3765 2380 3819 simile
2407 3776 2481 3819 est
2524 3781 2736 3835 regnum
2781 3764 3026 3818 caelorum
3054 3781 3260 3834 sugente
3302 3766 3479 3818 missae
3520 3767 3580 3820 in
3633 3785 3786 3820 auria

2212 3856 2403 3910 Omnia
2449 3857 2539 3910 hic
2566 3871 2662 3925 per
2692 3856 3001 3926 allegoriam
3045 3856 3321 3921 dicuntur,
3365 3866 3424 3910 et
3463 3867 3553 3911 est
3590 3859 3792 3927 species

2212 3947 2479 4017 allegoria:
2504 3947 2758 4016 parabola
2791 3962 2966 4000 rerum
3011 3962 3207 4015 genere
3248 3948 3628 4004 dissimilium.
3674 3952 3790 4019 quia

2212 4046 2267 4090 et
2313 4037 2596 4090 thesaurus
2639 4045 2694 4090 et
2742 4037 3032 4107 margarita
3078 4038 3487 4106 comparatione
3533 4037 3635 4092 Dei
3676 4039 3790 4091 vilia

2212 4132 2356 4187 sunt,
2397 4134 2453 4178 et
2493 4140 2689 4194 sagena
2732 4125 2994 4193 spirituali
3045 4141 3258 4195 sagenze
3288 4126 3539 4191 inferior,
3576 4143 3791 4198 regnum

2211 4217 2469 4270 cmlornm
2494 4216 2757 4280 Ecclesia,
2788 4225 2847 4269 ut
2875 4232 3059 4285 supra.
3098 4216 3201 4270 Per
3239 4230 3499 4286 sagenam
3530 4220 3790 4287 [medica-

2213 4308 2413 4360 tionem
2440 4307 2668 4360 Domini.
2698 4306 2855 4361 Missa
2891 4306 2945 4360 in
2977 4321 3143 4370 mare,
3176 4306 3228 4360 in
3255 4307 3359 4360 isto
3385 4308 3623 4371 saeculo,
3651 4308 3793 4377 quia,

2213 4409 2273 4451 ut
2300 4398 2351 4451 in
2380 4397 2537 4462 mari,
2561 4397 2724 4467 piscis
2752 4397 2955 4466 piscem
2978 4399 3337 4467 persequitur,
3368 4405 3424 4452 et
3449 4407 3546 4452 aut
3568 4401 3792 4457 occidit,

2216 4495 2308 4540 aut
2357 4486 2532 4540 aufert
2560 4489 2628 4540 ab
2657 4502 2722 4540 eo
2754 4487 2896 4555 quod
2944 4495 3140 4555 potest.
3182 4486 3279 4541 Est
3324 4486 3633 4554 aliquando
3661 4502 3797 4541 sere-

2216 4592 2363 4638 num,
2396 4576 2685 4644 aliquando
2716 4578 3024 4635 turbatum;
3052 4588 3107 4631 et
3154 4577 3210 4629 in
3255 4576 3456 4631 smculo
3506 4578 3797 4646 aliquando

2214 4685 2355 4738 pax,
2387 4671 2676 4740 aliquando
2722 4670 3142 4740 persecutiones.
3187 4669 3271 4722 Ex
3315 4672 3458 4723 omni
3490 4687 3687 4739 genere
3726 4672 3795 4737 pi-

2215 4761 2379 4814 scium
2405 4761 2724 4829 congregati.
2768 4761 2902 4826 Quia
2925 4776 2991 4812 ex
3019 4761 3268 4814 omnibus
3290 4761 3552 4827 gentibus
3578 4777 3793 4815 conten

2216 4859 2399 4904 tuntur
2438 4850 2505 4903 ad
2543 4850 2731 4904 Deum.
2765 4849 3025 4904 Dominus
3061 4850 3276 4918 quando
3304 4849 3404 4903 ista
3436 4850 3686 4913 dicebat,
3712 4867 3793 4903 sa-

2212 4954 2403 5008 genam
2454 4940 2508 4992 in
2557 4954 2707 4992 mare
2755 4939 3022 5003 mittebat,
3064 4948 3121 4992 et
3161 4939 3439 4993 duodecim
3492 4941 3793 5008 piscatores

2212 5029 2480 5096 quomodo
2529 5030 2802 5098 piscarent
2844 5028 3089 5082 docebat.
3131 5029 3283 5096 Cepit
3322 5044 3526 5098 sagena
3578 5031 3793 5084 Domini

2212 5126 2268 5172 et
2295 5118 2677 5186 discipulorum
2697 5117 2811 5186 ejus
2835 5117 3052 5182 multos,
3079 5127 3135 5171 et
3153 5118 3328 5172 adhuc
3357 5117 3520 5172 hodie
3537 5121 3797 5179 mittitur.

2214 5210 2360 5279 capit
2390 5210 2561 5265 bonos
2584 5218 2640 5264 et
2680 5210 2868 5264 malos.
2896 5209 2962 5262 Et
2993 5226 3109 5263 cum
3139 5213 3366 5273 veniunt,
3406 5211 3461 5263 id
3492 5219 3581 5265 est
3617 5214 3798 5267 tersui-

2214 5316 2339 5353 num
2389 5298 2832 5367 uniuscujusque,
2887 5300 3113 5354 veniunt
3159 5302 3353 5370 angeli,
3395 5302 3572 5354 bonos
3626 5303 3799 5371 pisces

2212 5389 2430 5442 mittunt
2457 5388 2511 5441 in
2543 5389 2804 5457 piscinam
2837 5388 3074 5442 invitam
3099 5400 3380 5454 aeternam,
3404 5389 3584 5444 malos
3615 5402 3794 5445 autem

2210 5476 2264 5529 in
2298 5476 2473 5545 ignem
2513 5484 2795 5538 aeternum,
2824 5484 2884 5529 ut
2923 5477 3153 5546 amplius
3180 5494 3284 5531 non
3315 5478 3579 5532 detorent
3632 5482 3801 5535 hostes

2212 5566 2408 5634 pisces,
2440 5580 2616 5635 neque
2644 5565 2843 5620 faciant
2870 5566 3009 5621 ﬁlios
3033 5567 3238 5622 similes
3268 5568 3392 5631 sibi,
3418 5568 3516 5622 sed
3545 5570 3797 5627 ardeant,

2210 5657 2333 5725 quia
2365 5657 2699 5712 comederint
2724 5659 2893 5713 bonos
2935 5658 3130 5727 pisces.
3165 5659 3310 5714 Talis
3352 5660 3516 5727 piscis
3551 5657 3659 5713 luit
3700 5659 3796 5717 Ja-
