3988 6186
943 273 961 296 κ

227 311 257 366 ἶ
269 310 374 365 377

1361 309 1724 366 exposmo
1760 306 1826 363 IN
1869 276 2304 369 itxrrtna‘uu.

3341 317 3474 374 1578

230 423 427 488 lianus,
455 421 546 489 qui
588 426 742 490 rupta
779 434 976 491 sagena
1006 419 1142 476 exiit
1171 419 1335 487 foras,
1366 429 1420 477 et
1451 423 1579 491 quia
1609 420 1805 476 multos
1835 431 1884 489 Α
1911 425 2125 480 fuerunt
2159 435 2360 480 sancta:
2397 425 2576 480 Mariae
2602 427 2668 482 de
2709 428 2986 483 sororibus
3014 429 3146 483 suis.
3180 429 3298 484 Dixi
3324 431 3476 487 vobis

230 511 440 566 Domini
473 510 649 580 pisces
675 509 926 576 comedit,
965 517 1020 564 et
1049 519 1364 579 persecutus
1389 521 1491 576 est,
1521 524 1799 581 separatus

227 619 258 656 a
287 602 442 656 bonis
467 601 640 654 adhuc
667 599 940 668 coquitur,
973 599 1238 654 vindictas
1261 599 1543 655 exsolvens
1563 616 1661 668 pro
1694 601 1794 654 eis.

225 691 315 744 Sic
345 691 441 743 erit
472 689 526 742 in
561 689 1003 742 consummatione
1037 688 1237 741 strculi.
1269 687 1499 742 Emibunt
1531 689 1720 757 angeli,
1748 699 1795 742 et

222 777 537 848 separabunt
576 775 740 829 malos
786 775 850 828 de
885 777 1054 829 medio
1095 777 1383 844 justorum.
1433 777 1688 843 Quamvis
1742 779 1796 831 in

225 871 329 917 line
361 865 540 917 mundi
575 864 640 918 de
667 863 909 934 pluribus
957 863 1069 928 fiat,
1115 865 1353 932 quotidie
1387 876 1564 920 tamen
1597 865 1657 919 ﬁt
1693 866 1794 920 ista

217 955 510 1024 separatio,
539 965 593 1008 et
619 955 741 1008 mali
778 955 1068 1009 Christiani
1104 964 1159 1009 et
1197 956 1391 1026 pagani
1421 968 1737 1025 separantur
1764 976 1792 1014 a

219 1048 393 1106 lamis,
429 1055 483 1100 et
522 1047 808 1099 mittuntur
838 1047 888 1098 in
920 1045 1189 1099 caminum
1219 1046 1376 1116 ignis.
1406 1046 1581 1102 Liltus
1613 1048 1795 1102 termi-

217 1123 323 1189 nus
353 1135 553 1199 satculi,
591 1135 777 1188 fornax
823 1135 960 1206 ignis
989 1136 1079 1204 qui
1122 1151 1228 1189 non
1267 1137 1658 1206 exstinguetur.
1695 1137 1790 1191 In-

215 1227 488 1280 teilexistis
516 1227 626 1280 ha'c
655 1227 871 1280 omnia?
898 1227 1088 1280 D'cunt
1115 1227 1162 1280 ei
1183 1240 1202 1276 :
1237 1225 1434 1280 Etiam.
1464 1226 1790 1282 Adverbium

215 1317 384 1370 etiam
431 1314 878 1379 estaliirmantis,
928 1315 1032 1370 hoc
1078 1324 1160 1370 est
1209 1315 1455 1370 fecimus.
1504 1315 1791 1384 Apostolos

214 1405 363 1459 solos
393 1405 708 1474 interrogat,
757 1413 811 1457 et
843 1404 1117 1474 perfectus
1151 1404 1427 1474 magister,
1459 1405 1585 1474 quia
1625 1413 1680 1460 et
1713 1405 1790 1475 ip-
1832 1419 1844 1436 ι

213 1511 306 1549 sos
345 1495 632 1566 magistros
659 1493 912 1549 Ecclesiae
937 1494 1239 1558 erudiebat,
1269 1503 1324 1548 et
1350 1496 1492 1549 sicut
1530 1509 1789 1566 sagenam

211 1587 280 1640 de
325 1585 508 1640 multis
534 1585 777 1649 maculis,
810 1585 892 1639 sic
917 1585 982 1640 de
1019 1584 1202 1639 multis
1238 1579 1500 1655 exemp’lis
1545 1584 1789 1654 Scriptu-

213 1691 397 1729 rarum
425 1675 800 1744 prtedicatione
836 1675 1089 1730 ordinare
1117 1675 1363 1730 docebat.
1414 1675 1566 1730 Unde
1607 1685 1661 1730 et
1703 1693 1788 1732 se-

1901 517 2148 586 supcrius
2175 532 2343 585 quare
2387 518 2454 570 ad
2501 526 2708 588 tempus
2752 519 3015 589 placuerit
3056 521 3166 576 Deo
3199 537 3228 574 a
3255 523 3474 591 quibus-

1899 606 2022 659 dam
2059 605 2259 674 Joseph
2289 606 2393 660 dici
2442 617 2649 676 patrem
2681 623 2856 672 suum,
2887 625 3010 663 cum
3055 625 3152 679 pro
3179 620 3328 665 certo
3367 629 3472 666 non

1899 696 2080 750 fuerit.
2116 697 2279 751 Maria
2306 697 2656 752 illuminatria:
2681 699 2898 764 dicitur,
2929 701 3054 768 quia
3087 703 3269 772 genuit
3289 701 3466 756 lumen

1897 802 2102 841 verum.
2131 785 2278 840 Unde
2300 804 2419 856 ergo
2449 787 2568 840 huic
2593 790 2765 842 omnia
2792 791 2931 842 ista?
2951 791 3006 844 lii
3032 800 3114 844 est
3133 792 3393 861 sapientia
3416 793 3468 844 iu

1896 878 2158 942 doctrina,
2187 879 2414 934 virtutes
2443 879 2496 933 in
2523 880 2754 936 sanitate
2785 881 3084 935 homimnn.
3113 881 3182 934 Et
3207 882 3469 936 scandali-

1896 969 2154 1023 zabantur
2185 971 2240 1022 in
2281 985 2363 1023 eo.
2414 957 2471 1024 lii
2499 970 2809 1031 scandalum
2841 978 2896 1024 et
2943 971 3082 1024 iram
3135 972 3470 1040 accipiebant

1897 1057 2062 1111 Deum
2083 1059 2373 1124 hominem,
2401 1060 2537 1114 sicut
2560 1059 2758 1114 Paulus
2783 1059 2915 1114 dicit
2943 1077 2956 1112 :
2992 1058 3104 1112 Nos
3126 1061 3469 1128 pra‘dicamus

1895 1147 2181 1213 Christum,
2220 1149 2422 1204 ludatis
2449 1149 2774 1212 scandalum,
2804 1158 2850 1203 et
2875 1148 3108 1219 gentibus
3132 1148 3431 1202 stultitiam.

1962 1239 2116 1294 Jesus
2159 1250 2334 1295 autent
2381 1243 2514 1294 dixit
2552 1243 2666 1295 eis:
2699 1240 2820 1294 Non
2847 1253 2920 1295 est
2965 1241 3213 1311 prapheta
3239 1242 3350 1294 sine
3377 1243 3471 1294 hoc

1893 1345 2038 1394 nare,
2065 1329 2165 1382 nisi
2207 1331 2260 1382 in
2288 1330 2462 1399 patria
2491 1347 2587 1383 sua
2615 1341 2664 1383 et
2690 1331 2744 1383 in
2767 1329 2920 1382 domo
2947 1347 3064 1383 sua.
3099 1329 3250 1384 Sicut
3287 1328 3469 1382 Domi-

1892 1431 1992 1470 nus
2017 1417 2166 1480 dixit,
2209 1419 2414 1472 sicfuit
2460 1426 2516 1473 et
2559 1419 2698 1488 apud
2743 1418 2977 1484 Iudaeos,
3035 1427 3090 1472 et
3137 1418 3470 1487 apud,alias

1891 1515 2078 1578 gentes
2129 1524 2374 1578 semper,
2432 1509 2572 1564 sicut
2623 1510 2810 1563 beatus
2850 1508 3211 1578 Hieronymus
3259 1509 3396 1562 dixit
3449 1527 3463 1563 :

1895 1617 1912 1648 ι
1941 1599 2186 1654 invident
2208 1601 2354 1655 cives
2382 1600 2590 1655 civibus
2619 1600 2750 1654 suis.
2784 1618 2802 1650 ι
2836 1598 2968 1652 Nam
3009 1607 3062 1652 et
3091 1599 3256 1652 Eliam
3285 1599 3336 1652 in
3367 1597 3466 1652 Sa-

1891 1697 2042 1757 repta
2070 1687 2305 1744 Sidonia:
2347 1689 2541 1744 mulier
2587 1688 2803 1758 gentilis
2831 1687 2978 1757 pavit
3006 1696 3244 1756 tempore
3284 1685 3462 1752 faunis,

213 1765 442 1833 quitur:
491 1763 618 1817 Ideo
664 1765 830 1817 omnis
861 1763 1030 1817 scriba
1061 1764 1244 1818 doctus
1273 1766 1326 1818 in
1359 1781 1513 1846 regno
1543 1764 1786 1823 caelorum
1816 1787 1860 1846 Β
1887 1776 2052 1834 Jonas
2099 1781 2151 1835 ίη
2199 1781 2314 1835 suis
2363 1796 2462 1836 nec
2499 1795 2693 1834 nomen
2745 1764 2953 1844 imbuit,
3013 1778 3154 1846 apud
3200 1776 3464 1832 Νίηίνίωε

208 1853 400 1908 similis
426 1863 500 1908 est
555 1854 752 1908 homini
795 1853 1188 1923 patrifamilias.
1243 1853 1372 1908 Ideo
1402 1871 1421 1908 :
1465 1843 1788 1909 subauditur

208 1947 336 2000 volo
367 1955 426 2001 ut
454 1947 760 2017 intelligatis
788 1963 906 2016 quae
953 1949 1118 2014 dico;
1168 1958 1228 2003 ut
1265 1949 1384 2004 sitis
1427 1949 1632 2005 similes
1682 1952 1786 2006 mei

208 2037 300 2106 qui
330 2053 450 2090 sum
490 2037 890 2107 paterfamilias,
919 2048 974 2094 et
1001 2055 1094 2094 vos
1141 2041 1248 2094 mei
1293 2041 1502 2104 scribat,
1552 2051 1612 2096 ut
1648 2042 1789 2098 sicut

207 2143 311 2198 ego
342 2127 608 2197 proferam
652 2145 786 2184 nova
829 2145 897 2186 ex
943 2145 1081 2197 meo,
1122 2139 1178 2186 et
1204 2141 1387 2188 vetera
1423 2134 1488 2189 de
1516 2136 1786 2191 veteribus

207 2223 387 2286 libris,
422 2223 495 2278 ita
525 2233 579 2277 et
599 2240 694 2279 vos
731 2239 856 2278 cum
898 2226 1169 2295 coeperitis
1198 2226 1508 2295 praedicare.
1539 2227 1726 2283 Scriba
1753 2245 1783 2282 a

204 2313 741 2377 scribendo‘dicilur,
779 2315 826 2368 is
875 2315 1123 2370 videlicet
1165 2316 1257 2384 qui
1298 2329 1356 2370 se
1401 2316 1454 2370 in
1503 2319 1785 2388 scripturis

205 2410 446 2455 exercet.
483 2401 547 2455 Et
577 2403 772 2472 factum
793 2413 868 2457 est
887 2421 1004 2457 cum
1023 2416 1426 2460 consummasset
1451 2406 1606 2461 Iesus
1627 2425 1778 2478 para-

203 2489 357 2542 bolas
381 2491 530 2543 istas.
555 2491 943 2548 Consummare
970 2495 1272 2564 sapientum
1307 2503 1388 2549 est
1415 2514 1428 2550 :
1462 2496 1781 2552 stolidorum

205 2587 387 2648 empta
411 2579 721 2650 imperfecta
751 2583 1057 2650 dimittere;
1099 2593 1156 2639 et
1184 2585 1288 2640 hoc
1324 2588 1476 2654 quasi
1504 2587 1781 2658 proprium

203 2671 400 2740 ipsius,
435 2674 560 2743 quia
597 2671 710 2742 jam
761 2674 830 2742 de
881 2675 997 2744 ipso
1047 2677 1386 2746 praemissum
1436 2679 1611 2734 fuerat
1658 2695 1778 2735 cum

202 2763 500 2830 complevit
535 2763 675 2818 Deus
695 2779 830 2834 opus
859 2781 1032 2829 suum,
1066 2775 1120 2821 et
1146 2767 1371 2836 perfecti
1417 2778 1544 2824 sunt
1571 2771 1691 2825 εωιί
1728 2782 1782 2826 et

205 2863 376 2908 terra.
433 2851 660 2907 Transiit
705 2855 846 2920 inde,
893 2863 939 2909 et
973 2857 1174 2911 veniens
1205 2857 1258 2910 in
1281 2867 1476 2912 terram
1526 2875 1699 2925 suam,
1731 2872 1778 2914 et

200 2949 420 3002 docebat
446 2965 534 3002 eos
562 2949 612 3002 in
641 2967 902 3021 synagoga
931 2967 1128 3004 eorum.
1169 2949 1329 3006 Juxta
1370 2953 1651 3007 historiam
1687 2970 1781 3008 au-

201 3040 333 3094 ditis
355 3041 502 3111 quod
536 3057 630 3110 per
651 3042 858 3096 diversa
883 3043 997 3099 loca
1024 3043 1281 3099 Dominus
1307 3045 1507 3108 docuit,
1542 3056 1596 3099 et
1627 3046 1672 3100 si
1701 3055 1781 3100 ta-

1891 1871 2042 1925 valde
2075 1871 2382 1927 tremendus
2427 1871 2548 1925 fuit.
2582 1871 2818 1924 Eliseum
2869 1868 2951 1924 sui
2994 1869 3241 1922 occidere
3282 1869 3468 1922 volue-

1890 1971 2033 2028 runt,
2081 1979 2149 2018 ne
2184 1963 2356 2017 Aman
2395 1962 2564 2034 Syrus
2607 1977 2772 2032 puero
2816 1961 2984 2030 ipsius
3030 1969 3245 2014 centum
3295 1959 3464 2014 libras

1887 2057 2114 2125 argenti,
2162 2065 2218 2110 et
2243 2055 2468 2124 duplicia
2501 2055 2817 2109 vestimenta
2870 2054 3042 2108 daret.
3086 2051 3281 2107 lsaiam
3329 2067 3464 2105 suus

1886 2161 2052 2216 nepos
2099 2146 2371 2201 Manasses
2415 2161 2505 2200 rex
2556 2143 2774 2208 occidit,
2826 2141 3102 2196 Danielem
3152 2140 3462 2212 alienigena:

1887 2253 2054 2307 super
2073 2247 2292 2292 centum
2321 2237 2509 2310 viginti
2536 2235 2846 2305 provincias
2867 2233 3167 2304 principem
3195 2230 3458 2286 fecerunt.

1883 2327 2173 2384 Jeremiam
2209 2329 2288 2382 sui
2317 2329 2369 2383 in
2393 2329 2678 2383 cisternam
2713 2327 2994 2387 miserunt,
3025 2324 3460 2381 Nabuchodono-

1883 2435 1975 2475 sor
2017 2421 2070 2473 in
2102 2435 2298 2490 magno
2345 2420 2548 2473 honore
2589 2434 2708 2473 eum
2759 2417 2964 2479 habuit,
3002 2423 3058 2470 et
3104 2413 3460 2468 Nabuzardan

1881 2509 2294 2566 commendavit.
2325 2509 2443 2577 Ipse
2480 2507 2739 2560 Dominus
2781 2522 2812 2560 a
2837 2505 2952 2559 suis
2977 2503 3139 2558 multa
3168 2503 3305 2556 mala
3334 2517 3460 2572 per-

1883 2614 2070 2668 pessus
2095 2605 2150 2652 et
2172 2597 2482 2669 opprobria,
2516 2597 2763 2666 Ahgarus
2788 2611 2912 2650 cum
2957 2595 3046 2649 illo
3077 2608 3300 2664 regnum
3330 2608 3452 2661 par-

1884 2689 1969 2743 tiri
2003 2688 2193 2742 voluit.
2229 2689 2295 2740 Et
2344 2704 2445 2740 non
2475 2687 2598 2756 [erit
2641 2686 2713 2739 ibi
2755 2685 2948 2739 multas
2985 2687 3217 2749 virtutes,
3252 2694 3462 2754 propter

1879 2781 2298 2834 incredulitatem
2324 2780 2556 2834 illorum.
2587 2778 2766 2834 Potuit
2805 2779 3025 2848 quidem
3068 2786 3327 2846 quantum
3366 2791 3462 2828 v0-

1883 2869 1980 2924 luit
2005 2879 2064 2923 ut
2091 2870 2232 2923 Deus
2274 2869 2474 2933 facere,
2521 2870 2613 2924 sed
2661 2885 2768 2924 non
2816 2868 2960 2930 fecit,
2986 2861 3208 2936 propter
3246 2865 3459 2920 illorum

1880 2959 2378 3012 condemnationem
2405 2959 2644 3022 dimisit;
2676 2959 2803 3028 quia
2843 2965 3043 3026 quanto
3077 2957 3308 3027 quisque
3339 2956 3460 3026 plus

1881 3050 2027 3104 videt
2055 3051 2120 3104 de
2145 3051 2286 3104 bono
2313 3050 2582 3120 exemplo,
2611 3050 2656 3104 si
2703 3066 2807 3104 non
2845 3049 3110 3118 sequitur,
3155 3055 3306 3102 tanto
3341 3047 3459 3118 plus

200 3133 280 3187 les
309 3142 470 3186 erant
499 3134 589 3203 qui
637 3134 833 3188 nollent
861 3137 1040 3190 venire
1067 3136 1136 3191 ad
1167 3137 1489 3191 audiendam
1524 3135 1638 3206 ejus
1681 3139 1778 3194 do-
1807 3125 1850 3186 (ἶ
1883 3140 2288 3194 condemnatur.
2339 3139 2395 3195 Si
2435 3157 2564 3194 vero
2610 3141 2804 3211 refugit
2846 3149 2907 3194 ut
2943 3155 3050 3194 non
3081 3140 3282 3200 videat,
3331 3150 3457 3196 tunc

199 3227 456 3288 rtrinam,
489 3226 601 3295 ipse
625 3229 850 3291 veniret,
905 3238 964 3282 ut
1005 3228 1203 3282 nullam
1245 3230 1647 3283 excusationem
1691 3231 1780 3285 ha-

199 3317 392 3370 berent
421 3317 487 3371 de
513 3318 831 3388 ignorantia.
870 3319 1122 3372 Reversus
1145 3329 1219 3372 est
1244 3318 1296 3372 iu
1327 3317 1605 3385 Galiwam,
1635 3321 1689 3373 in
1712 3320 1782 3372 ci-

198 3409 414 3460 uitatem
448 3407 733 3462 Nazareth.
763 3407 892 3474 Qute
919 3409 1060 3463 dicta
1089 3419 1170 3463 est
1209 3411 1383 3478 patria
1425 3411 1540 3478 ejus
1571 3420 1625 3465 et
1649 3411 1780 3466 civi-

200 3506 286 3550 tas
315 3497 455 3566 ejus,
493 3513 598 3552 non
626 3500 768 3568 quod
799 3501 864 3554 de
894 3513 956 3552 ca
983 3511 1140 3561 esset,
1173 3501 1266 3553 sed
1289 3502 1414 3570 quia
1449 3501 1518 3554 ibi
1545 3502 1780 3556 nutritus

199 3586 402 3640 fuerat.
435 3586 612 3643 Nostis
647 3589 776 3658 quid
807 3599 888 3642 est
921 3603 1210 3659 synagoga.
1242 3588 1328 3642 Ita
1374 3600 1430 3643 ut
1461 3591 1780 3643 mirarentur

197 3691 246 3730 ct
275 3679 524 3734 dicerent.
557 3681 840 3748 Propterea
871 3681 1202 3735 mirabantur
1225 3681 1348 3750 quia
1382 3682 1631 3736 viderant
1653 3697 1777 3735 eum

199 3767 352 3834 iuxta
397 3784 456 3825 se
495 3772 786 3836 nutritum;
829 3787 1099 3841 nunquam
1147 3783 1326 3826 tamen
1366 3771 1611 3827 viderant
1655 3788 1775 3826 cum

201 3859 414 3912 litteras
450 3862 769 3916 discentem.
801 3862 1101 3918 Audiebant
1147 3878 1274 3916 vero
1313 3878 1436 3917 eum
1471 3863 1776 3916 testimonia

199 3950 339 4021 legis
371 3953 750 4020 profcrentem,
779 3969 896 4024 qua:
927 3971 1028 4008 non
1077 3963 1258 4024 posset
1293 3953 1537 4024 proferre
1565 3955 1667 4008 nisi
1709 3955 1780 4008 le-

197 4041 392 4109 gisset.
426 4040 805 4097 Verumtamen
845 4061 948 4098 non
977 4044 1302 4096 mirarentur
1343 4044 1387 4096 si
1434 4058 1554 4098 eum
1581 4059 1778 4114 cogno-

201 4133 428 4193 vissent,
465 4133 589 4201 quia
630 4133 742 4202 ipse
779 4142 894 4188 erat
937 4133 1028 4202 qui
1063 4133 1232 4186 Adam
1276 4131 1534 4186 docuerat
1562 4147 1776 4186 onmem

200 4223 506 4292 physicam,
533 4224 804 4278 Abraham
849 4224 1191 4294 astrologiam
1210 4263 1224 4288 ,
1260 4223 1479 4294 Moysen
1507 4239 1777 4290 grammao

199 4317 394 4379 ticam,
417 4315 754 4370 Salomoncm
782 4317 1118 4387 sapientiam.
1152 4315 1207 4370 Si
1237 4313 1546 4370 Salomonis
1570 4315 1781 4384 sapien-

199 4405 336 4458 tiam
384 4405 564 4459 mirati
611 4415 734 4460 suut
777 4405 1013 4475 plurimi,
1045 4405 1173 4475 quid
1203 4405 1398 4458 mirum
1449 4405 1494 4458 si
1522 4405 1778 4475 magister

198 4495 514 4550 Salomonis
541 4497 782 4552 miranda
813 4496 1161 4566 loquebatur?
1192 4493 1379 4550 Nonne
1417 4505 1585 4548 mater
1629 4495 1774 4565 ejus-

195 4587 321 4638 dem
367 4585 560 4640 dicitur
599 4585 815 4640 Maria?
841 4587 1094 4654 Quamvis
1125 4585 1262 4655 apud
1293 4600 1389 4638 vos
1414 4599 1634 4655 panper,
1661 4585 1775 4655 ipsa

197 4688 288 4731 est
316 4678 386 4733 de
415 4677 574 4732 domo
603 4678 791 4742 David,
823 4677 1007 4748 genuit
1031 4693 1154 4731 eum
1193 4677 1284 4746 qui
1313 4677 1503 4730 ditavit
1538 4663 1773 4730 vestrum

195 4768 532 4823 ditissimum
561 4784 738 4840 regem
777 4767 1142 4830 Salomonem,
1169 4769 1524 4824 Octavianum
1549 4784 1776 4841 regnare

197 4861 470 4930 permisit.
495 4859 550 4914 Si
575 4859 852 4923 voluisset,
879 4869 932 4913 et
976 4860 1132 4914 istam
1165 4869 1223 4914 ut
1260 4860 1481 4932 Libyam
1512 4862 1774 4925 ditasset;

197 4951 298 5004 sed
330 4951 422 5019 qui
457 4951 624 5004 voluit
664 4959 722 5004 ut
746 4951 937 5004 Petrus
965 4959 1019 5004 et
1043 4949 1276 5006 Joannes
1320 4954 1583 5021 primores
1617 4953 1778 5007 disci-

197 5043 318 5112 puli
340 5041 458 5112 ejus
484 5043 721 5098 dicerent
748 5061 760 5094 :
795 5042 1000 5096 Aurum
1026 5049 1080 5096 et
1109 5052 1389 5112 argentum
1423 5059 1528 5097 non
1559 5051 1644 5097 est
1677 5060 1774 5097 no-

197 5137 439 5198 biscum,
477 5135 588 5205 ipse
613 5145 739 5190 ante
781 5135 955 5190 dixit:
1001 5130 1047 5185 F
1051 5131 1172 5187 ilius
1215 5133 1440 5188 hominis
1486 5151 1586 5187 non
1625 5135 1774 5187 habet

195 5225 294 5278 ubi
319 5238 474 5294 caput
501 5241 650 5279 suum
697 5223 928 5277 reclinet.
957 5221 1116 5276 Fabri
1148 5221 1292 5277 ﬁlius
1321 5230 1499 5276 autem
1528 5221 1648 5285 fuit,
1681 5225 1774 5278 sed

195 5330 315 5369 non
348 5314 518 5368 istius.
553 5314 714 5368 Pater
735 5315 851 5383 ejus
893 5327 1161 5366 cauterem
1189 5311 1310 5367 (ξαεΙί
1347 5312 1425 5366 sic
1453 5311 1686 5366 lucidam
1724 5322 1778 5366 et

195 5420 430 5462 curvam
464 5403 756 5459 fabricatus
781 5413 866 5458 est
891 5417 986 5473 per
1027 5402 1169 5456 hunc
1195 5416 1352 5470 quem
1382 5401 1678 5470 despicitis.
1709 5400 1776 5453 Et

201 5498 401 5567 fratres
427 5495 542 5564 ejus
569 5495 798 5549 Jacobas
823 5503 871 5548 et
912 5491 1128 5562 Ioseph,
1173 5501 1218 5544 et
1263 5489 1442 5544 Simon
1485 5499 1531 5542 et
1579 5488 1772 5543 ludas.

199 5588 380 5644 Scitis
403 5589 564 5642 etiam
593 5587 735 5655 quod
762 5584 992 5640 Jacobus
1017 5596 1070 5642 et
1105 5581 1271 5636 Judas
1305 5580 1575 5650 apostolus
1604 5590 1659 5635 et
1679 5580 1776 5636 Jo-

201 5683 347 5752 seph
376 5689 429 5734 et
455 5679 639 5735 Simon
673 5679 864 5733 fratres
885 5678 1052 5747 ipsius
1082 5676 1188 5728 sint
1217 5675 1365 5738 dicti,
1395 5675 1520 5742 quia
1555 5683 1775 5743 nepotes

1881 3231 2043 3284 etiam
2076 3231 2444 3300 iniquissimus
2465 3240 2518 3285 et
2539 3239 2784 3301 apostata
2799 3230 3094 3301 jndicatur,
3122 3239 3178 3284 et
3200 3239 3284 3284 est
3309 3230 3459 3284 simi-

1881 3320 1948 3374 lis
1982 3321 2216 3375 diabolo.

1951 3411 2017 3465 In
2047 3411 2136 3465 illo
2175 3415 2650 3488 tentpore,audivit
2691 3411 2925 3466 Herodes
2957 3411 3221 3465 tetrarcha
3260 3410 3456 3478 famam

1877 3502 2006 3558 Jcsn
2029 3515 2076 3558 et
2112 3506 2184 3558 ait
2213 3507 2388 3575 pueris
2413 3507 2542 3560 suis.
2576 3505 2815 3560 Herodes
2853 3505 2954 3559 iste
2984 3503 3124 3558 filius
3157 3503 3258 3557 fuit
3281 3503 3453 3559 Hero—

1879 3595 1982 3655 dis,
2017 3593 2186 3647 frater
2209 3594 2480 3657 Archelai,
2509 3603 2564 3648 et
2590 3595 2701 3662 ipse
2741 3601 2824 3648 est
2847 3593 2940 3661 qui
2969 3592 3022 3646 in
3056 3591 3306 3660 passione
3347 3591 3454 3644 Do-

1879 3686 2082 3738 minum
2113 3685 2320 3738 remisit
2351 3687 2416 3738 ad
2446 3683 2696 3738 Pilatum.
2729 3685 2836 3739 lste
2863 3699 2993 3755 ergo
3025 3683 3266 3738 Herodes
3289 3681 3456 3736 frater

1880 3773 1980 3827 fait
2032 3772 2295 3842 Philippi;
2343 3783 2528 3842 postea
2574 3773 2727 3828 duxit
2764 3773 3045 3843 Philippus
3093 3773 3259 3825 filiam
3312 3772 3454 3842 regis

1875 3867 2114 3930 Arathae,
2151 3864 2502 3919 Herodiadem
2547 3865 2784 3918 nomine.
2825 3863 3017 3917 Postea
3045 3877 3176 3916 vero
3201 3876 3451 3916 socerum

1877 3954 2012 4023 ejus,
2041 3956 2247 4010 exortis
2285 3955 2604 4023 quibusdam
2634 3963 2822 4008 contra
2861 3968 3120 4025 generum
3161 3951 3452 4006 simultati-

1877 4047 1996 4109 bus,
2031 4045 2214 4100 tulisse
2243 4046 2439 4100 dicitur
2465 4045 2628 4098 filiam
2656 4059 2808 4099 suam
2835 4059 2866 4098 a
2889 4043 3135 4112 Philippo
3169 4049 3224 4098 et
3255 4041 3453 4096 Herodi

1876 4136 2110 4202 dedisse,
2148 4136 2274 4206 quia
2303 4135 2542 4189 llerodes
2585 4135 2805 4205 majoris
2849 4134 3100 4203 potentia:
3141 4141 3280 4188 erat.
3321 4133 3454 4186 Erat

1877 4235 2057 4280 autem
2088 4227 2202 4296 ipsa
2233 4225 2428 4280 mulier
2455 4224 2752 4294 prejtinqua
2779 4224 3038 4277 ambobus
3061 4222 3180 4276 istis
3211 4222 3448 4291 regibus.

1876 4318 2000 4387 quia
2049 4333 2115 4372 ex
2162 4316 2267 4372 tilia
2315 4315 2539 4369 Herodis
2588 4315 2679 4384 qui
2725 4313 2958 4368 infantes
3003 4314 3280 4368 occiderat
3323 4323 3450 4366 nata

1877 4417 2010 4463 erat.
2044 4406 2150 4462 Sed
2177 4417 2354 4462 tamen
2395 4405 2725 4461 consuetudo
2759 4411 2878 4459 erat
2907 4404 3048 4474 apud
3078 4401 3292 4458 Judaeos
3321 4419 3449 4470 pro-

1879 4500 2107 4568 pinquas
2153 4515 2279 4554 suas
2319 4513 2516 4553 uxores
2561 4497 2829 4567 accipere,
2873 4511 2980 4551 non
3012 4504 3188 4550 tamen
3215 4509 3451 4556 sorores,

1882 4605 2052 4658 neque
2095 4589 2231 4644 ﬁlias
2275 4587 2523 4643 avunculi
2572 4588 2654 4642 vel
2692 4595 3014 4642 materterze.
3049 4584 3154 4641 Sed
3194 4586 3318 4655 quia
3364 4585 3450 4640 isti

1879 4695 1943 4734 ex
1972 4695 2071 4734 avo
2099 4689 2250 4734 erant
2280 4679 2504 4750 gentiles
2528 4688 2582 4734 et
2601 4679 2720 4733 avia
2755 4677 2943 4741 Judtci,
2971 4693 3129 4732 avum
3164 4676 3449 4738 Herodem,

1880 4769 1970 4838 qui
2002 4769 2266 4840 gloriosus
2313 4785 2406 4824 rex
2447 4767 2622 4823 fuerat
2664 4768 2803 4838 apud
2847 4767 3137 4831 Romanos,
3168 4765 3454 4820 imitaban-

1885 4869 1972 4914 tur
1985 4868 2040 4914 et
2071 4860 2250 4930 aliqua
2295 4859 2546 4913 tenebant
2581 4859 2646 4912 de
2666 4857 2782 4927 lege
2814 4857 3004 4920 veteri,
3029 4856 3205 4924 aliqua
3235 4870 3451 4922 respue-

1881 4952 2038 5015 bant;
2068 4953 2264 5007 etenim
2293 4953 2459 5006 Deum
2506 4949 2625 5004 οωιί
2674 4947 2991 5010 adorabant,
3042 4953 3098 5000 et
3143 4941 3449 4997 circumcisi

1883 5050 2054 5096 erant.
2088 5041 2296 5095 Audiuit
2345 5039 2578 5094 Herodes
2605 5037 2864 5092 tetrarcha
2905 5035 3103 5106 famam
3151 5033 3297 5086 Jesu.
3348 5030 3449 5084 Te-

1884 5133 2099 5186 trarcha
2127 5130 2370 5185 Griecum
2403 5143 2593 5183 nomen
2621 5137 2705 5182 est
2725 5128 3078 5196 compositum
3107 5137 3171 5176 ex
3201 5130 3446 5191 quatuor,

1881 5240 2000 5295 qua:
2025 5225 2276 5278 dicuntur
2303 5221 2486 5276 Gnece
2534 5228 2700 5282 tetra;
2746 5219 2950 5272 archon
2991 5215 3346 5285 principatus;
3395 5220 3449 5264 et

1880 5315 2149 5368 tetrarcha
2190 5329 2254 5366 ex
2283 5320 2512 5380 quatuor
2535 5309 2803 5380 princeps.
2847 5304 3093 5360 Famam.
3139 5303 3194 5356 ld
3222 5311 3304 5356 est
3333 5299 3444 5370 cpi?

1877 5407 2092 5459 nionem
2120 5404 2184 5456 de
2207 5400 2478 5454 miraculis
2509 5397 2624 5466 ejus
2653 5413 2772 5466 qua:
2800 5396 3050 5451 faciebat.
3079 5392 3146 5446 Et
3172 5393 3246 5444 ait
3272 5391 3446 5461 pueris

1875 5494 2007 5549 suis.
2037 5492 2094 5546 ιιι
2129 5499 2212 5546 est
2235 5489 2650 5558 obsequentibus
2679 5487 2802 5541 sibi.
2831 5485 2933 5539 Hic
2956 5494 3029 5538 est
3065 5481 3298 5536 Joannes
3336 5481 3447 5534 Ba-

1875 5589 2054 5658 ptista,
2083 5601 2241 5655 quem
2263 5599 2362 5654 ego
2401 5581 2658 5637 decollavi
2689 5597 2703 5634 :
2731 5582 2838 5652 ipse
2863 5577 3086 5632 surrexit
3133 5594 3164 5629 a
3205 5575 3444 5637 mortuis,

1877 5687 1922 5730 et
1954 5677 2066 5730 idco
2093 5676 2303 5730 virtutes
2333 5681 2614 5742 operantur
2655 5671 2710 5724 in
2747 5687 2824 5724 co.
2876 5665 3011 5734 Quia
3053 5664 3294 5721 Herodes
3341 5679 3446 5718 nou
