3952 6186
488 277 623 336 1579

1204 225 1211 232 ἢ
1258 266 1651 325 CHRISTIANI
1688 262 2101 322 DRUTHMARI
2137 257 2590 318 CORBEIENSlS
2630 256 2933 314 MONACHI

3637 260 3746 316 εἰῶ

479 393 808 461 cognoverat
832 390 957 435 ante
985 378 1272 434 Dominum
1301 376 1599 439 Christum,
1625 384 1910 446 propterea
1936 374 2061 428 talia
2092 379 2141 437 Α
2168 370 2407 426 Herodes
2434 384 2559 425 cum
2601 383 2769 461 uxore
2796 368 3139 461 suaglnvenit
3166 370 3255 425 tali
3295 372 3461 427 modo
3512 374 3752 430 occidere

481 478 712 536 dicebat.
750 474 888 530 Usus
917 472 1060 527 enim
1090 468 1266 523 fuerat
1305 467 1445 537 apud
1478 466 1694 521 Judaaos
1725 466 1905 535 utqui
1936 480 2063 535 pro-

479 573 642 641 pheta
674 567 884 619 futurus
912 571 1055 617 esset
1095 575 1193 631 pro
1232 558 1338 613 alio
1382 559 1703 628 prophetam
1749 564 2066 625 sequeretur

482 660 738 728 priorem,
771 662 825 709 et
854 654 1157 707 imitaretur
1192 665 1312 703 eum
1339 651 1452 704 suis
1473 649 1704 712 actibus,
1730 657 1789 701 ut
1818 645 1948 702 fecit
1971 644 2065 700 Jo-

484 766 579 804 sue
613 746 848 816 Moysen,
882 744 1090 797 Eliseus
1119 742 1309 806 Eliam,
1355 739 1568 794 Baruch
1604 737 1922 801 Jeremiam,
1959 737 2067 791 Eli-

485 855 635 894 seum
665 836 835 892 Giezi.
866 834 1000 901 Quia
1046 834 1147 887 hoc
1188 847 1293 885 non
1327 832 1573 885 audierat
1601 829 1843 884 llcrodes
1869 829 1935 883 de
1964 830 2068 883 Do-

485 930 630 982 mino
678 925 821 996 quod
879 923 1071 978 fuisset
1124 921 1419 991 discipulus
1478 918 1722 984 Joannis,
1782 927 2066 989 propterea

483 1024 787 1079 aestimabat
818 1020 960 1089 quod
1001 1020 1114 1088 ipse
1144 1025 1288 1072 esset
1321 1016 1576 1070 Joannes.
1607 1014 1750 1068 Bene
1790 1022 1970 1067 autem
2002 1013 2068 1067 de

485 1111 886 1169 resurrectione
913 1116 1197 1164 senserunt
1220 1107 1435 1176 quando
1466 1106 1719 1165 dixerunt
1743 1119 1756 1158 :
1786 1103 1923 1171 Quia
1952 1120 2071 1159 sur-

485 1206 627 1259 rexit
667 1201 926 1265 Joannes,
978 1212 1264 1270 propterea
1315 1198 1445 1252 facit
1496 1197 1726 1252 virtutes
1764 1212 1902 1266 quas
1944 1204 2070 1249 ante

484 1312 591 1351 non
619 1294 775 1360 fecit;
809 1293 963 1363 quasi
994 1293 1260 1351 dixissent
1286 1308 1298 1344 :
1340 1290 1464 1344 Ideo
1496 1289 1657 1345 modo
1678 1288 1914 1343 Joannes
1943 1288 2072 1343 facit

486 1387 734 1450 virtutes,
782 1385 906 1454 quia
960 1382 1285 1437 immortalis
1334 1390 1437 1447 est,
1490 1389 1544 1435 ct
1590 1378 1808 1448 majoris
1858 1380 2073 1434 virtutis

486 1482 608 1546 post
640 1473 1127 1534 resurrectionem;
1163 1472 1366 1526 idcirco
1394 1480 1574 1541 potest
1616 1471 1845 1525 virtutes
1894 1469 2074 1526 facere

490 1580 626 1634 quas
662 1572 787 1619 ante
819 1579 926 1616 non
952 1561 1098 1615 fecit.
1129 1561 1320 1617 Omnia
1344 1561 1488 1616 enim
1514 1575 1740 1629 corpora
1765 1569 2073 1614 sanctorum

490 1655 752 1724 majorem
787 1654 1039 1707 virtutem
1064 1654 1266 1707 habent
1287 1661 1407 1723 post
1431 1651 1881 1706 resurrectionem
1914 1665 2075 1720 quam

2164 461 2427 517 Joannem
2448 461 2566 516 sine
2591 459 2873 515 seditione.
2903 459 3036 515 Nam
3064 469 3350 531 prepterea
3376 463 3631 519 habebat
3652 479 3759 519 eum

2165 554 2456 615 reclusum,
2476 561 2533 605 ut
2547 552 2759 621 quando
2770 553 2996 622 juraret,
3014 553 3166 623 quasi
3193 568 3293 624 pro
3304 556 3677 611 veneratione
3688 573 3763 613 no-

2167 646 2330 700 minis
2361 644 2595 709 Domini,
2624 658 2692 697 ne
2714 643 2959 712 peierare
2978 643 3257 700 videretur
3289 662 3500 702 nomen
3540 647 3763 713 Domini,

2166 745 2453 808 prepterea
2478 734 2752 789 occideret
2779 749 2924 788 eum.
2969 734 3034 788 At
3074 734 3169 789 illa
3193 738 3522 806 pnemonita
3554 755 3589 791 α
3618 747 3767 792 matre

2167 845 2286 882 sua.
2317 826 2564 880 Timehat
2596 826 2741 881 enim
2767 838 2834 880 ne
2863 841 2923 881 se
2956 828 3331 882 reconciliaret
3368 826 3633 884 Herodes
3658 845 3766 885 cum

2170 916 2360 980 fratre,
2416 928 2476 971 ut
2526 916 2743 972 audiret
2793 917 2999 972 monita
3054 917 3298 985 Joannis,
3360 935 3419 976 ct
3464 923 3768 978 dimitteret

2170 1022 2312 1060 eam.
2345 1006 2425 1059 Da
2458 1006 2607 1070 mihi,
2633 1006 2823 1077 inquit,
2851 1007 2935 1060 hic
2978 1007 3032 1061 in
3059 1007 3202 1061 disco
3228 1021 3386 1079 caput
3410 1010 3655 1066 Joannis
3675 1011 3768 1065 Ba-

2170 1099 2362 1168 ptistw.
2390 1097 2585 1152 Discus
2627 1107 2784 1151 antea
2830 1098 2975 1152 iseus
3001 1115 3032 1152 a
3056 1100 3236 1168 specie
3263 1101 3407 1155 scuti
3436 1102 3763 1169 dicebatur;

2173 1186 2316 1240 unde
2344 1195 2400 1241 et
2438 1186 2665 1241 scutella
2702 1195 2887 1256 postea
2935 1186 3121 1243 discus
3153 1198 3400 1254 vocatur,
3452 1193 3771 1261 quoddete-

2173 1296 2314 1334 scas.
2350 1279 2419 1333 Et
2466 1282 2805 1335 contristatus
2849 1292 2924 1335 est
2977 1299 3088 1337 rex.
3135 1283 3491 1342 Consuetudo
3528 1288 3773 1344 historio-

2175 1372 2501 1442 graphorum
2533 1379 2617 1425 est
2649 1372 2728 1425 sic
2751 1386 2972 1427 causam
2998 1374 3239 1430 scribere
3268 1376 3412 1432 sicut
3437 1393 3512 1433 eo
3541 1387 3773 1449 tempore

2177 1480 2206 1518 a
2241 1465 2597 1535 praesentibus
2622 1464 2803 1534 putata
2833 1474 2937 1520 est.
2966 1466 3119 1523 Unde
3151 1475 3208 1523 et
3244 1466 3448 1539 Joseph
3476 1471 3672 1527 dictus
3702 1488 3775 1527 est

2180 1556 2249 1609 ab
2270 1555 2615 1625 evangelistis
2641 1566 2793 1626 pater
2829 1558 3061 1622 Domini,
3093 1573 3220 1613 cum
3255 1562 3543 1617 veraciter
3587 1565 3778 1618 scirent

2182 1660 2288 1699 non
2321 1642 2505 1699 fuisse.
2562 1644 2825 1699 Similiter
2871 1647 2961 1701 hic
3003 1647 3206 1702 dicitur
3245 1664 3342 1704 rex
3392 1652 3776 1714 contristatus,

489 1755 632 1799 ante.
662 1743 897 1798 Herodes
921 1745 1059 1798 enim
1087 1745 1250 1797 lenuit
1278 1742 1575 1809 Joannem;
1606 1742 1837 1797 adduxit
1859 1757 1980 1796 eum
2013 1741 2078 1795 de
2108 1749 2153 1808 Β
2181 1751 2303 1792 cum
2329 1735 2673 1814 simulaverit
2710 1750 2770 1790 se
2805 1738 3037 1802 triStem,
3070 1748 3127 1792 et
3156 1740 3339 1795 animo
3382 1739 3560 1797 laetus
3608 1741 3778 1798 fuerit.

490 1835 707 1890 deserto
732 1834 820 1888 ubi
847 1831 1039 1898 fuerat,
1064 1844 1110 1887 et
1136 1834 1367 1904 religavit
1393 1831 1740 1888 Macheronto
1762 1833 1817 1886 in
1843 1848 2073 1897 carcere,

490 1936 701 1996 propter
728 1923 1082 1978 Ilerodiadem
1125 1941 1340 1978 uxorem
1380 1924 1560 1993 fratris
1589 1925 1691 1978 sui.
1739 1923 1859 1978 Jam
1900 1922 2076 1977 fuerat

492 2017 678 2070 fratris
733 2017 837 2080 sui,
872 2016 966 2070 sed
1012 2026 1139 2072 tunc
1194 2032 1299 2070 non
1345 2024 1482 2070 erat.
1533 2015 1750 2070 Dicebat
1806 2016 1943 2069 enim
1997 2014 2076 2068 illi

490 2105 723 2159 Joannes
749 2119 767 2156 :
799 2103 920 2158 Non
951 2103 1067 2158 licet
1104 2105 1196 2158 tibi
1224 2105 1411 2158 habere
1439 2121 1573 2158 eam.
1614 2104 1833 2158 Scilicet
1862 2104 2078 2159 vivente

492 2197 681 2253 fratre.
722 2198 786 2252 Et
815 2199 981 2254 noluit
1008 2201 1244 2254 occidere
1269 2218 1409 2267 eum,
1455 2201 1545 2255 sed
1591 2201 1764 2254 timuit
1805 2199 2074 2272 populum.

492 2289 723 2367 Legerat
758 2298 937 2344 autem
980 2290 1031 2343 in
1062 2289 1509 2360 Paralipomenon
1539 2293 1681 2360 quod
1711 2290 1837 2347 Joas
1871 2308 1963 2346 rex
2005 2291 2081 2345 ls-

496 2381 606 2435 rael
644 2380 917 2435 occiderat
943 2380 1265 2435 Zachariam
1297 2381 1463 2436 tilium
1508 2381 1711 2437 Joiadae
1740 2383 2075 2448 sacerdotis;

493 2480 549 2525 et
574 2486 672 2541 pro
693 2470 794 2525 hoc
816 2482 1003 2541 postea
1035 2474 1147 2542 ipse
1179 2488 1273 2526 rex
1303 2473 1516 2527 occisus
1548 2460 1745 2538 fuerat,
1773 2484 1827 2527 et
1855 2474 2081 2528 timebat

492 2560 749 2616 similiter
791 2563 855 2616 de
897 2577 975 2628 se,
1008 2563 1135 2632 quia
1159 2561 1396 2617 Joannes
1422 2564 1561 2618 filius
1589 2565 1781 2619 summi
1809 2565 2082 2634 pontificis

495 2652 692 2707 fuerat.
722 2652 886 2708 Addit
912 2655 1098 2709 etiam.
1134 2654 1272 2720 Quia
1303 2657 1435 2710 sicut
1457 2657 1757 2726 prOphetam
1783 2674 1901 2711 eum
1924 2658 2083 2712 Imbe-

496 2743 644 2796 bant.
672 2741 728 2798 ld
769 2751 855 2798 est
896 2744 1295 2799 venerabantur
1326 2760 1447 2799 eum
1492 2753 1552 2800 ut
1595 2747 1935 2817 prophetam.
1985 2747 2083 2802 Die

492 2844 669 2888 autent
697 2833 887 2889 natalis
919 2834 1143 2889 Herodis
1165 2837 1377 2906 quando
1418 2836 1525 2908 ipse
1553 2848 1708 2892 natus
1746 2838 1935 2908 fuerat.
1975 2839 2085 2894 Me-

495 2927 604 2982 rito
653 2926 802 2981 illam
851 2928 1159 2985 celebrabat
1205 2945 1328 2985 cum
1379 2930 1434 2984 in
1482 2931 1584 2985 hoc
1640 2930 1836 2987 saaculo
1875 2938 2085 2985 tantum

495 3018 636 3071 bona
667 3017 950 3072 habiturus
988 3027 1150 3074 esset.
1199 3018 1521 3074 Sanctorum
1572 3021 1691 3076 ideo
1737 3019 1859 3075 finis
1897 3035 2082 3075 eorum

2182 1827 2406 1898 Propter
2428 1828 2792 1897 juramentum
2833 1838 3008 1883 autem
3038 1840 3085 1885 et
3112 1847 3199 1886 eos
3223 1833 3313 1903 qui
3337 1835 3562 1904 pariter
3590 1853 3783 1890 recult-

2180 1918 2363 1974 bebant
2382 1919 2545 1989 jussit
2587 1918 2729 1972 dari.
2759 1918 2896 1986 Quia
2939 1920 3056 1989 ipse
3103 1937 3197 1977 rex
3228 1938 3337 1978 una
3367 1934 3541 1994 parte
3573 1924 3783 1982 Judaras

2179 2019 2318 2077 erat,
2346 2025 2452 2064 non
2482 2019 2660 2064 tamen
2704 2010 2758 2065 in
2792 2026 2900 2066 uno
2927 2012 3145 2068 vasculo
3172 2016 3619 2082 manducahant,
3658 2020 3783 2074 sient

2180 2098 2378 2170 Joseph
2411 2117 2533 2156 cum
2579 2100 2838 2156 fratribus
2867 2102 3000 2169 suis,
3031 2113 3083 2158 et
3111 2119 3237 2161 eum
3274 2105 3589 2179 Egyptiis.
3626 2110 3783 2166 Iisii-

2179 2209 2280 2263 que
2304 2204 2351 2247 et
2378 2191 2653 2246 decollavit
2678 2192 2939 2247 Joannem
2967 2195 3021 2249 in
3043 2212 3272 2253 carcere.
3321 2198 3623 2257 Habemus
3659 2205 3779 2258 scri-

2180 2295 2332 2355 ptum
2368 2303 2385 2336 ι
2424 2283 2567 2354 quod
2596 2284 2775 2338 oravit
2803 2292 2955 2340 stans
2996 2287 3049 2341 in
3078 2288 3256 2344 medio
3281 2292 3539 2347 carceris
3560 2295 3775 2350 dicens:

2182 2375 2410 2430 Domine
2423 2376 2564 2429 Deus
2577 2388 2748 2441 meus,
2773 2377 2840 2431 ad
2856 2386 2908 2433 te
2924 2382 3245 2436 commendo
3265 2383 3528 2452 spiritum
3548 2402 3773 2441 meum.»

2182 2468 2382 2523 Carcer
2409 2476 2491 2523 est
2517 2482 2548 2521 a
2579 2481 2686 2536 quo
2705 2469 3021 2537 prohibetur
3035 2471 3206 2539 exire,
3232 2480 3291 2529 et
3309 2474 3511 2531 dicitur
3538 2492 3734 2534 career
3755 2494 3776 2532 ι

2183 2557 2469 2611 cohibenda
2516 2556 2630 2612 sive
2673 2557 2976 2612 coercendo.
3031 2559 3101 2613 Et
3156 2563 3467 2618 accedentes
3523 2566 3778 2637 ﬁscipuli.

2180 2648 2420 2702 tulerunt
2457 2665 2645 2718 corpus
2689 2660 2736 2703 et
2759 2648 3071 2720 sepelierunt
3094 2651 3251 2720 illud,
3275 2664 3326 2707 et
3350 2657 3630 2712 venientes
3658 2676 3780 2712 uua-

2183 2737 2444 2791 tiaverunt
2469 2736 2617 2792 Jesu.
2649 2737 2765 2794 Non
2797 2748 3089 2795 excusatur
3114 2740 3360 2798 Herodes
3398 2746 3552 2814 quod
3595 2750 3783 2803 invitus

2185 2823 2396 2892 fecerit,
2437 2826 2562 2896 quia
2598 2827 2644 2882 si
2669 2830 2861 2885 matris
2900 2830 2986 2885 vel
3009 2833 3212 2888 sororis
3237 2835 3581 2904 postulasset
3617 2842 3782 2897 inter-

2184 2914 2339 2982 itum,
2374 2917 2755 2987 repudiaturus
2779 2929 2941 2975 esset.
2974 2922 3126 2989 Quod
3148 2940 3249 2995 pro
3269 2929 3485 2983 carnali
3526 2932 3782 3002 repudia-

2184 3014 2341 3063 turus
2367 3019 2507 3075 erat,
2537 3011 2723 3066 debuit
2747 3028 3073 3070 conservare
3116 3017 3172 3071 in
3205 3021 3497 3090 propheta.
3527 3023 3785 3097 Legimus

496 3106 695 3160 natalis
735 3106 1039 3161 celebratur
1060 3148 1075 3173 ,
1118 3109 1244 3177 quia
1284 3117 1411 3162 tunc
1441 3109 1495 3163 in
1526 3109 1670 3164 illam
1715 3111 1879 3164 vitam
1923 3125 2082 3165 rena-
2109 3129 2156 3192 ρ
2187 3100 2243 3155 ill
2269 3098 2512 3192 Ποπιᾎηῦ
2542 3103 2769 3159 “Storia
2800 3105 3128 3163 Flaminium
3156 3110 3350 3167 ducem
3380 3113 3781 3183 Romanorum.

499 3203 728 3249 senatur
762 3195 849 3248 ubi
886 3197 1001 3251 sine
1030 3196 1134 3251 fine
1158 3198 1346 3253 vivent
1368 3198 1420 3251 in
1449 3199 1643 3269 gaudio
1664 3240 1677 3263 ,
1711 3200 1852 3255 sicut
1873 3201 2085 3257 Marcus

499 3284 575 3337 ait
608 3303 620 3338 :
656 3283 777 3353 Ipsa
804 3285 888 3338 die
912 3302 1107 3340 coenam
1134 3286 1254 3356 fecit
1287 3289 1606 3359 principibus
1650 3299 1699 3343 et
1721 3291 1903 3360 primis
1933 3291 2085 3348 Cali-

500 3376 633 3427 laue.
668 3373 920 3444 Legimus
960 3376 1157 3431 multos
1204 3392 1356 3448 rcges
1396 3377 1708 3449 frequenter
1732 3380 1980 3434 convivia
2009 3379 2086 3436 fc-

500 3464 641 3519 cisse
671 3465 771 3518 sibi
796 3464 1044 3529 subditis.
1076 3466 1201 3536 quia
1232 3467 1571 3523 abundabant
1612 3471 1693 3525 eis
1713 3472 1893 3525 omnia
1920 3473 2083 3536 bona,

502 3565 560 3607 ut
588 3553 855 3609 Assuerus
878 3596 893 3621 ,
926 3554 1203 3612 Raltassar
1226 3568 1280 3612 et
1312 3559 1572 3626 Herodes,
1606 3570 1661 3616 et
1689 3562 1843 3616 multi
1872 3562 1983 3617 alii.
2021 3564 2088 3618 Et

502 3646 868 3700 Romanorum
896 3661 1051 3719 reges
1084 3649 1257 3714 multi,
1286 3652 1351 3705 de
1381 3652 1578 3720 quibus
1609 3651 1762 3708 Titus
1790 3655 1841 3708 in
1871 3656 2087 3710 dedica-

503 3736 649 3790 tione
687 3737 882 3792 theatri
911 3740 1146 3809 quinque
1170 3742 1334 3795 millia
1359 3741 1592 3798 ferarum
1626 3744 1821 3815 legitur
1847 3748 2085 3802 occidis-

504 3842 582 3881 se.
615 3826 726 3881 Soli
754 3843 881 3882 vero
911 3830 1214 3884 mortalium
1249 3831 1460 3886 Pharao
1485 3842 1540 3887 et
1570 3832 1807 3890 Herodes
1838 3835 2086 3907 leguntur

503 3918 645 3972 diem
672 3919 972 3974 nativitatis
1003 3935 1112 3974 suae
1139 3920 1463 3987 celebrasse,
1506 3933 1561 3978 et
1602 3924 1817 3994 utrique
1860 3926 2088 3981 homici-

422 4028 425 4029 ν
501 4009 591 4062 die
626 4009 900 4079 polluisse.
933 4008 1040 4065 Sed
1066 4011 1169 4065 iste
1194 4011 1431 4068 llerodes
1456 4022 1605 4068 tanto
1632 4016 1861 4085 nequius
1884 4027 2085 4086 quanto

498 4097 572 4152 de
601 4101 881 4170 propheta,
915 4109 969 4154 et
988 4110 1191 4169 quanto
1219 4112 1341 4172 post
1362 4103 1693 4173 prohibitum
1723 4105 1839 4177 lege
1864 4104 2087 4163 homici-

503 4190 672 4243 dium.
705 4188 924 4245 Saltavit
949 4191 1064 4260 ﬁlia
1092 4193 1256 4264 ipsius
1282 4192 1621 4249 Herodiadis.
1652 4195 1787 4263 Quia
1832 4206 1886 4251 et
1920 4197 2087 4253 Hero-

504 4278 601 4333 des
626 4287 680 4334 et
703 4278 896 4334 mulier
922 4280 987 4357 de
1008 4283 1264 4352 progenie
1294 4282 1520 4359 llerodis
1547 4284 1769 4354 majoris
1794 4288 2083 4343 descende-

502 4371 656 4434 bant,
687 4369 889 4424 idcirco
921 4372 987 4425 de
1023 4372 1138 4442 ipso
1170 4389 1365 4429 nomen
1399 4376 1687 4430 habebant.
1722 4376 1857 4431 Filia
1901 4387 2083 4433 autem

501 4461 673 4528 ipsius
703 4461 900 4516 dicitur
922 4478 1028 4516 non
1061 4463 1310 4530 Herodis,
1351 4483 1471 4536 quae
1494 4456 1573 4522 .de
1594 4467 1709 4523 "alio
1749 4470 1940 4525 marito
1965 4481 2084 4527 erat

501 4558 781 4616 generata.
813 4551 1024 4606 Saltare
1047 4554 1097 4607 in
1131 4557 1393 4611 conviviis
1423 4559 1601 4613 multm
1630 4570 1815 4630 gentes
1845 4579 1945 4633 pro
1988 4565 2086 4619 ho-

502 4656 636 4693 nore
667 4640 884 4705 habent,
910 4645 1061 4712 quasi
1094 4655 1353 4714 appareat
1387 4648 1509 4716 quis
1536 4649 1787 4706 mobilior
1813 4655 1902 4708 sit.
1948 4654 2084 4711 Nam

505 4729 777 4784 Vascones
825 4739 881 4784 et
944 4731 1321 4803 Hispaniarum
1373 4736 1555 4806 populi
1611 4740 1787 4797 adhuc
1832 4744 2083 4811 retinent,

499 4819 643 4890 apud
694 4819 932 4876 Francos
977 4833 1157 4877 autem
1202 4825 1583 4897 impmperium
1634 4837 1733 4883 est.
1789 4831 2084 4891 Saltatorcs

498 4917 682 4963 autem
714 4911 974 4965 nominati
1003 4923 1128 4967 sunt
1171 4913 1239 4967 ab
1270 4928 1295 4955 ιι
1332 4916 1579 4973 Archade
1622 4917 1767 4975 Salio
1805 4938 1962 4993 quem
1990 4925 2083 4980 AS-

500 5015 635 5055 neas
660 5001 716 5054 in
743 5001 949 5056 Italiam
979 5019 1162 5059 secum
1207 5007 1376 5074 duxit,
1424 5009 1622 5079 quique
1652 5011 1835 5068 docuit
1880 5015 2081 5072 Roma-

499 5107 602 5145 nos
628 5092 995 5149 adolescentes
1022 5097 1230 5152 nobiles
1256 5100 1476 5154 saitare.
1511 5100 1761 5172 Legimus
1792 5121 1919 5161 vero
1942 5110 2078 5179 quod

500 5184 709 5255 Sibylla
737 5186 924 5242 decem
958 5188 1175 5260 eglogas
1207 5190 1413 5262 Virgilii
1446 5194 1499 5247 in
1527 5205 1716 5249 senatu
1741 5198 1974 5255 saltavit.

579 5272 785 5329 Placuit
809 5270 1028 5331 Herodi.
1056 5279 1173 5334 Non
1196 5282 1367 5337 solum
1402 5283 1619 5339 saltatio
1651 5285 1725 5339 illi
1746 5286 1967 5356 placuit,
1992 5290 2087 5345 sed

499 5366 668 5421 etiam
715 5369 952 5426 cantatio
984 5387 1144 5441 quam
1188 5375 1447 5439 cantavit,
1492 5374 1679 5433 Graece
1726 5382 2084 5450 compositum

504 5467 737 5513 metrum
777 5461 922 5529 quod
965 5462 1202 5517 saltavit.
1252 5463 1401 5519 Unde
1446 5466 1709 5543 pollicitus
1747 5480 1820 5524 est
1864 5473 1912 5524 ei
1935 5472 2082 5538 dare,

502 5564 622 5600 cum
660 5549 985 5619 jurameuto,
1012 5554 1356 5626 quodcunque
1392 5557 1676 5625 postularet
1723 5561 1787 5615 ab
1831 5577 1911 5616 eo.
1968 5562 2086 5631 Ipse

2108 4509 2162 4568 D

2189 3192 2353 3261 quod,
2378 3191 2445 3247 ad
2471 3193 2786 3263 petitionem
2817 3199 3121 3255 meretricis
3152 3202 3295 3272 apud
3322 3219 3490 3273 quam
3516 3209 3779 3272 cubabat,

2187 3285 2424 3341 lnnniuis
2457 3286 2726 3354 decollati,
2754 3289 2834 3343 rei
2877 3290 3129 3360 capitalis
3153 3294 3420 3362 criminis,
3452 3299 3509 3352 in
3534 3304 3781 3357 convivio

2188 3386 2350 3447 caput
2392 3377 2590 3434 deferri
2618 3378 2857 3448 fecisset,
2883 3383 2954 3437 ob
2993 3383 3097 3441 hoc
3124 3396 3315 3457 postea
3352 3390 3577 3459 pulsum
3615 3397 3777 3457 curia.

2189 3467 2331 3537 quod
2358 3468 2708 3523 homicidium
2734 3472 2982 3527 convivio
3010 3476 3319 3544 miscuerit;
3369 3492 3586 3550 quanto
3618 3492 3778 3557 magis

2188 3556 2506 3611 sceleratior
2549 3556 2652 3612 fuit
2680 3558 2921 3616 Herodes
2958 3574 3014 3618 et
3045 3565 3330 3632 llerodias,
3379 3581 3549 3643 atque
3588 3556 3777 3646 puelli,

2186 3661 2307 3715 qua:
2348 3647 2655 3703 saltationis
2691 3650 2925 3720 pretium
2966 3663 3131 3724 caput
3181 3661 3465 3729 prophetae
3509 3668 3698 3733 petiit,
3728 3684 3777 3723 ut

2187 3735 2414 3791 haberet
2443 3737 2497 3792 in
2536 3747 2806 3808 potestate
2846 3742 3106 3814 linguam,
3151 3763 3221 3803 ne
3265 3762 3528 3823 argueret
3568 3760 3781 3827 nuptis

2187 3826 2372 3882 illicite
2416 3833 2794 3900 perpetratas!
2849 3832 3184 3904 Spiritaliter
3222 3840 3517 3900 decollatio
3558 3826 3783 3904 Joannis

2186 3918 2603 3975 minorationem
2634 3919 2793 3978 fama:
2822 3923 2983 3991 illius,
3010 3942 3118 3997 qua
3146 3928 3399 3989 Christus
3431 3938 3779 4005 credebatur,

2186 4010 2447 4077 insinuat,
2490 4012 2630 4068 sicut
2667 4015 2925 4072 exaltatio
2964 4018 3168 4076 Christi
3213 4023 3267 4077 in
3295 4039 3465 4081 cruce
3490 4031 3780 4099 perfectio-

2186 4116 2311 4155 nem
2353 4101 2480 4159 fidei
2520 4104 2847 4175 designavit,
2894 4109 3022 4178 quia
3067 4111 3181 4181 ipse
3210 4114 3300 4182 qui
3326 4117 3488 4186 prius
3520 4123 3780 4192 propheta

2185 4194 2495 4262 putabatur,
2526 4193 2776 4252 Christus
2801 4201 2885 4253 est
2910 4200 3149 4271 agnitus,
3184 4205 3336 4274 quia,
3373 4208 3523 4264 sicut
3546 4209 3783 4269 Joannes

2185 4284 2340 4350 dixit,
2367 4284 2644 4341 Christum
2679 4290 2967 4358 oportebat
2988 4308 3261 4359 crescere,
3288 4312 3349 4351 se
3374 4308 3565 4354 autem
3595 4305 3779 4358 minii.

2185 4376 2337 4464 Quod
2369 4377 2483 4446 ipsa
2506 4393 2723 4447 quoque
2748 4379 3026 4437 distinctio
3066 4372 3327 4454 temporis
3349 4388 3621 4460 signavit,
3662 4396 3781 4464 quia

2186 4463 2423 4544 Joannes
2463 4481 2530 4522 eo
2568 4476 2813 4538 tempore
2841 4480 3003 4527 natus
3029 4482 3113 4528 est
3148 4491 3258 4546 quo
3292 4476 3387 4532 lux
3416 4481 3625 4538 diurna
3656 4463 3783 4539 inci-

2186 4556 2266 4626 pit
2290 4556 2487 4622 minui,
2530 4566 2585 4612 et
2611 4558 2860 4616 Christus
2888 4578 2953 4617 eo
2995 4573 3238 4636 tempore
3265 4583 3376 4637 quo
3403 4570 3503 4625 lux
3542 4574 3666 4644 ipsa
3703 4577 3775 4630 in-

2186 4649 2318 4719 cipit
2340 4664 2609 4704 crescere.
2634 4650 2831 4707 Narrat
2859 4654 3128 4726 Josephus
3156 4660 3399 4716 vinctum
3422 4663 3702 4722 Joannem
3730 4670 3781 4721 ia

2186 4741 2467 4796 castellum
2517 4742 2925 4801 Macherontum
2973 4750 3288 4819 adductum,
3332 4756 3523 4826 ibique
3564 4768 3784 4816 anaca-

2190 4847 2332 4900 tum;
2358 4843 2415 4890 et
2436 4836 2803 4893 ecclesiastica
2825 4840 2959 4895 dicit
2995 4843 3222 4899 historia
3248 4848 3524 4918 sepultum
3562 4864 3698 4906 mm
3731 4853 3780 4906 in

2190 4929 2433 4993 Sehaste,
2466 4929 2521 4985 id
2568 4939 2652 4985 est
2696 4930 2965 4987 Samaria.
3019 4935 3285 5006 Tempore
3338 4947 3528 4996 autem
3580 4942 3785 4999 Juliani

2188 5021 2553 5091 imperatoris,
2572 5022 2815 5077 videntes
2831 5026 3029 5095 pagani
3049 5027 3355 5098 sepulcrum
3380 5030 3505 5099 ejus
3534 5033 3786 5105 lrequen-

2186 5111 2291 5165 tari
2317 5125 2347 5163 a
2377 5110 2723 5175 Christianis,
2747 5112 2999 5170 eﬂ‘odisse
3021 5132 3169 5184 eum,
3190 5127 3243 5174 et
3276 5135 3378 5189 per
3400 5137 3639 5195 campos
3664 5141 3785 5181 ossa

2187 5201 2306 5271 ejus
2359 5203 2647 5271 sparsisse.
2703 5202 2946 5277 Contigit
2994 5217 3175 5264 autem
3228 5219 3360 5268 tunc
3406 5213 3465 5268 id
3522 5218 3790 5286 temporis

2186 5291 2354 5346 fuisse
2382 5292 2455 5347 ibi
2488 5294 2785 5350 monachos
2813 5295 2881 5350 de
2909 5296 3312 5369 Hierosolymis.
3346 5300 3605 5377 Cumque
3631 5308 3789 5363 cuii.

2186 5391 2377 5454 gerent
2413 5398 2538 5438 ossa
2581 5382 2697 5452 ejus
2731 5400 2855 5440 cum
2881 5386 3003 5442 aliis
3032 5388 3378 5456 Christianis,
3419 5409 3655 5450 rursum
3686 5398 3789 5465 ἰή

2187 5473 2381 5545 pagani
2426 5484 2710 5545 coeperunt
2752 5476 3089 5548 recolligere,
3136 5489 3192 5535 et
3234 5481 3344 5552 igni
3398 5498 3789 5542 concremata.

2189 5563 2437 5619 Slonachi
2463 5580 2592 5621 vero
2620 5580 2740 5635 qum
2781 5566 3109 5638 collegerant
3157 5569 3590 5645 Hierosolymam
3623 5578 3787 5631 deta—

578 5671 604 5698 ι
646 5660 802 5717 Hunc
829 5665 1032 5737 Salius,
1052 5671 1210 5725 simul
1236 5682 1283 5725 et
1312 5670 1531 5739 Patron,
1563 5692 1782 5745 quorum
1807 5677 1939 5732 alter
1966 5680 2231 5735 Acarnan.
2268 5680 2474 5753 (νίκα,
2508 5680 2721 5733 ,κεἠρίά.
2753 5697 2808 5745 v,
2844 5681 2999 5752 298.)
