3952 6186
271 315 399 369 I'Sl

1400 319 1760 377 EXI’OSlTlO
1798 320 1862 375 IN
1904 320 2345 378 MATTIMEUM.

3393 334 3531 391 i582

265 428 441 482 lerunt
474 444 575 484 suo
613 431 795 486 abbati
837 433 1100 502 Philippo.
1133 431 1224 486 llle
1252 445 1380 485 vero
1409 432 1556 486 misit
1584 447 1646 486 ca
1680 431 1846 485 Atha-
1875 434 1922 491 Λ
1949 430 2299 499 perdiderunt
2332 432 2643 500 prophetas,
2670 441 2724 487 et
2762 434 2934 505 legem
2970 434 3244 504 Deij'uale
3282 436 3531 497 faciendo

263 519 419 573 nasio
461 520 715 591 episeopo
746 521 1108 587 Alexandriaz,
1156 531 1213 577 et
1258 522 1330 577 ibi
1385 521 1600 576 fuerunt
1632 530 1847 576 servata

262 624 435 679 usque
460 611 528 665 ad
571 621 813 682 tempora
858 613 1148 668 Theodosii
1192 613 1565 683 imperatoris;
1617 623 1671 667 et
1718 621 1848 667 tunc

262 698 521 754 mandato
560 701 756 769 templo
804 700 1067 771 Sumptis,
1104 701 1177 755 ibi
1212 701 1386 770 posita
1425 710 1573 765 sunt,
1616 709 1671 755 et
1700 701 1848 755 dedi-

261 793 407 845 cavit
450 793 626 863 ipsum
672 798 726 851 in
777 800 996 854 nomine
1041 800 1177 869 ejus.
1211 797 1383 867 Caput
1408 813 1538 851 vero
1590 813 1695 852 non
1748 797 1847 850 fuit

263 893 390 935 tunc
420 884 717 951 inventura,
769 891 864 943 sed
915 900 1158 960 tempore
1207 889 1453 943 Martiani
1505 890 1847 959 imperatoris

264 975 559 1030 revelatum
589 987 672 1032 est
703 980 912 1035 duobus
940 981 1250 1045 monachis;
1278 991 1333 1034 et
1368 981 1688 1035 invenerunt
1716 982 1845 1036 illud

256 1065 407 1134 juxta
436 1069 689 1136 palatium
721 1071 969 1137 Herodis,
996 1074 1084 1128 ubi
1112 1073 1354 1127 infelices
1384 1072 1597 1127 femina:
1613 1073 1846 1128 abscon-

260 1155 452 1238 derant
481 1158 630 1212 illud.
681 1159 923 1216 licroles
952 1177 1080 1217 vero
1118 1163 1211 1231 qui
1258 1178 1383 1215 cum
1428 1164 1650 1227 occidit,
1691 1174 1745 1218 et
1791 1165 1844 1218 in

261 1248 473 1302 Domini
522 1265 645 1304 cum
694 1251 869 1308 Pilato
909 1255 1159 1322 passione
1207 1256 1503 1326 qonsensit,
1557 1258 1846 1327 instigante

259 1356 427 1395 uxore
482 1357 579 1396 sua
624 1353 684 1397 ut
731 1361 956 1415 regnum
1014 1350 1157 1417 quod
1222 1347 1392 1402 frater
1448 1348 1564 1417 ejus
1614 1351 1846 1406 habebat

256 1431 493 1501 Agrippa
560 1434 922 1503 impetraret,
980 1436 1208 1491 Romam
1273 1438 1477 1503 abiret,
1524 1450 1846 1496 consecutus

256 1537 379 1575 eum
401 1531 484 1577 est
516 1522 772 1594 Agrippa,
804 1527 1187 1597 acensavitque
1227 1529 1365 1599 apttd
1405 1529 1672 1585 Caesarem
1703 1533 1845 1601 quod

260 1610 519 1667 rebellare
561 1626 751 1669 contra
779 1632 901 1671 eum
931 1617 1267 1688 disponeret,
1311 1628 1364 1674 et
1393 1636 1544 1675 arma
1581 1622 1844 1678 fabricata

258 1701 499 1757 haberet.
551 1705 704 1770 Quod
752 1708 877 1776 quia
929 1709 996 1763 de
1040 1710 1211 1764 armis
1261 1726 1459 1781 negare
1504 1728 1609 1765 non
1648 1713 1841 1782 potuit,

1947 518 2364 588 ctiutelligendo
2410 519 2602 586 Judzei,
2645 521 2893 579 Christus
2935 526 3131 580 transit
3172 529 3242 583 ad
3285 529 3533 588 desertas

1947 618 2153 677 gentes,
2184 616 2243 661 ut
2278 608 2408 678 ipsa:
2440 609 2777 678 susciperent
2802 614 3028 668 verbum
3058 616 3201 685 quod
3221 615 3393 674 Judaei
3439 637 3530 675 re-

1941 696 2207 766 jecerunt,
2238 707 2294 749 et
2324 696 2456 765 ipsis
2480 698 2571 765 qui
2617 698 2922 768 relinquunt
2963 705 3208 775 proprias
3238 722 3530 763 conversa-

1950 786 2122 839 tiones
2164 794 2383 855 promer
2408 785 2601 853 Deum,
2637 789 2876 843 occurrit
2914 802 2970 847 et
3009 794 3298 851 miseretur
3341 798 3527 854 Domi-

1948 894 2068 930 IIIIS.

2028 965 2242 1037 Vespere
2268 980 2442 1023 autent
2472 970 2632 1039 facto.
2668 985 2997 1028 accesserunt
3034 976 3278 1048 discipuli
3328 988 3398 1034 ad
3437 983 3529 1037 Je-

1946 1076 2081 1113 sum.
2112 1060 2490 1130 Vespertinum
2528 1070 2735 1132 tempus
2789 1046 2952 1117 finem
2991 1046 3310 1122 Saeculorum
3345 1082 3530 1126 osten-

1947 1155 2044 1218 dit,
2076 1155 2129 1208 in
2159 1155 2302 1223 quod
2353 1154 2572 1209 advenit
2601 1154 2851 1211 Salvator
2894 1157 3107 1214 salvare
3141 1175 3313 1230 genus
3346 1163 3531 1217 Imma-

1947 1265 2106 1313 num;
2140 1249 2225 1304 vel
2271 1258 2480 1318 tempus
2509 1250 2726 1319 quando
2769 1250 2822 1304 in
2854 1267 3018 1306 cruce
3066 1269 3227 1308 verus
3265 1256 3344 1309 sol
3370 1273 3530 1311 occu-

1946 1339 2084 1403 buit,
2121 1348 2248 1394 tunc
2272 1340 2525 1394 misertus
2557 1341 2797 1407 gentium
2827 1356 2925 1410 per
2951 1344 3222 1410 apostolos
3252 1360 3398 1405 suos.
3432 1346 3533 1400 De-

1945 1444 2115 1487 sertus
2143 1441 2218 1486 est
2253 1431 2418 1497 locus,
2445 1442 2494 1485 et
2521 1433 2651 1485 liora
2675 1432 2791 1501 jam
2820 1434 3092 1503 praeteriit.
3124 1433 3401 1504 Siquidem
3423 1453 3531 1491 non

1946 1523 2216 1578 habebant
2243 1507 2564 1587 mercatum,
2592 1536 2767 1591 neque
2797 1522 2950 1577 villas
2982 1523 3071 1577 ubi
3107 1525 3412 1591 potuissent
3450 1526 3533 1580 in-

1945 1613 2131 1667 venire
2160 1612 2359 1666 cibum.
2390 1609 2547 1664 Iesus
2575 1620 2750 1665 autem
2776 1611 2909 1664 dixit
2937 1612 3030 1665 eis.
3058 1611 3175 1666 Non
3204 1614 3406 1667 habent
3440 1630 3533 1668 nc-

1946 1719 2099 1757 cesse
2128 1703 2208 1757 ire
2235 1721 2248 1756 :
2280 1701 2533 1757 videlicet
2567 1701 2769 1756 habent
2797 1702 2947 1756 illum
2994 1703 3106 1767 hic,
3137 1704 3229 1772 qui
3258 1706 3406 1772 pavit
3432 1722 3529 1775 po-

256 1793 595 1869 l.ugdunum,
626 1813 749 1866 qua:
776 1799 1100 1870 llurgundia:
1116 1811 1199 1856 est
1218 1804 1430 1869 civitas,
1458 1814 1719 1875 perpetuo
1748 1822 1834 1861 ex-

1945 1791 2131 1862 pulum
2176 1806 2375 1845 manna
2426 1805 2525 1859 per
2550 1790 2911 1861 quadraginta
2942 1806 3114 1845 annos
3147 1800 3204 1846 et
3227 1792 3442 1863 Moysen
3478 1806 3534 1851 et

252 1883 373 1937 silio
390 1883 703 1954 deportatus
736 1899 837 1953 est,
870 1900 925 1945 et
951 1906 1174 1962 regnum
1215 1893 1332 1963 ejus
1365 1894 1614 1965 Agripsz
1655 1896 1841 1950 datum

252 1982 352 2028 est.
388 1975 534 2031 Uxor
564 1994 693 2034 vero
719 1980 835 2049 ejus
861 1983 1009 2037 venit
1050 1984 1117 2037 ad
1148 1985 1531 2054 imperatorem
1580 1988 1840 2057 depreca-

254 2072 369 2119 tura
416 2081 516 2136 pro
544 2070 770 2137 marito;
823 2073 1122 2144 imperator
1167 2084 1349 2130 autem
1393 2091 1492 2145 pro
1526 2076 1696 2133 fratre
1725 2079 1841 2148 ejus

250 2157 482 2227 Agrippa
523 2159 690 2214 voluit
723 2175 845 2216 eam
870 2178 1055 2218 secum
1114 2164 1369 2220 retinere.
1413 2166 1519 2221 Sed
1569 2167 1657 2222 illa
1706 2170 1843 2223 dixit

250 2246 318 2299 ad
345 2246 725 2316 imperatorem
755 2271 769 2304 :
801 2251 906 2307 Pro
936 2254 1105 2320 nihilo
1134 2256 1316 2310 omnia
1350 2256 1490 2312 bona
1538 2267 1629 2312 tua
1660 2260 1797 2315 duco
1822 2279 1835 2314 :

251 2351 351 2391 nec
379 2351 444 2390 ea
475 2338 594 2393 volo
639 2342 901 2411 recipere,
948 2345 1052 2399 nisi
1093 2347 1350 2401 maritum
1384 2348 1703 2405 reddideris.
1738 2351 1834 2405 (lui

251 2426 545 2496 imperator
571 2432 727 2486 dixit.
755 2433 874 2488 Jam
899 2436 1025 2505 quia
1058 2437 1137 2492 sic
1172 2437 1441 2508 loqueris,
1473 2454 1647 2509 neque
1674 2441 1840 2494 mari-

255 2525 368 2571 tum
398 2519 627 2588 videbis,
664 2538 838 2593 neque
875 2527 1109 2595 patriam
1137 2536 1305 2582 tuam.
1336 2528 1402 2582 Et
1437 2529 1551 2598 ipsa
1580 2538 1839 2599 perpetuo

247 2608 440 2663 exsilio
495 2611 762 2669 destinata
810 2625 915 2671 est.
990 2617 1106 2672 Tali
1168 2618 1405 2674 vindicta
1454 2621 1701 2689 punitum
1756 2630 1840 2676 est

247 2698 426 2755 scelus
487 2704 631 2771 quod
681 2706 736 2759 in
792 2707 1019 2762 Domino
1077 2717 1132 2763 et
1182 2710 1234 2763 in
1295 2725 1635 2780 praecursore
1684 2727 1837 2766 com-

249 2789 531 2866 miserunt.
582 2793 736 2849 Nunc
788 2797 951 2851 etiam
1013 2799 1467 2856 iuenarrabilibus
1519 2803 1839 2858 cruciantur

247 2883 554 2938 tormentis.

318 2970 388 3024 Et
415 2973 716 3028 accedentes
740 2976 986 3044 discipuli
1020 2979 1136 3048 ejus
1180 2980 1413 3037 tulerunt
1463 3000 1653 3055 corpus
1698 3002 1834 3056 ejus.

244 3062 502 3132 Discipuli
532 3064 624 3133 qui
653 3065 945 3136 aliquando
980 3069 1124 3125 illius
1161 3069 1393 3138 fuerant,
1438 3082 1565 3129 tunc
1596 3074 1833 3133 Domini.

246 3151 638 3208 Nuntiaverunt
668 3155 914 3212 Domino.
964 3159 1018 3213 Id
1067 3171 1150 3215 est
1194 3162 1296 3231 ipsi
1341 3179 1476 3233 quos
1504 3163 1739 3222 Joannes
1765 3168 1833 3223 ad

248 3241 531 3297 Dominum
576 3245 814 3314 miserat,
858 3251 1133 3317 quomodo
1178 3250 1414 3309 Joannes
1461 3271 1683 3311 cursum
1715 3250 1840 3312 vitae

243 3347 359 3387 sua:
397 3347 831 3391 consummatum
886 3339 1132 3406 haberet,
1185 3350 1241 3397 et
1293 3344 1420 3412 quia
1466 3348 1839 3403 annuntiando

243 3424 419 3494 legem
464 3434 711 3482 mortuus
755 3437 921 3484 esset.
981 3429 1117 3485 Nam
1165 3440 1221 3487 et
1261 3432 1520 3489 Dominus
1566 3452 1665 3507 pro
1721 3437 1837 3508 ipsa

245 3530 409 3571 causa
431 3519 643 3576 occisus
681 3528 767 3575 est
809 3535 840 3574 a
868 3520 1091 3587 Judaeis,
1132 3524 1257 3593 quia
1304 3524 1476 3596 legem
1505 3528 1598 3582 Dei
1629 3544 1838 3585 annun-

249 3605 404 3660 tiaret
431 3608 533 3673 eis,
577 3617 632 3663 et
662 3611 991 3682 quicunque,
1022 3613 1248 3668 zelando
1276 3614 1447 3686 legem
1474 3616 1706 3682 Domini,
1742 3628 1838 3674 aut

243 3698 613 3755 aunuutiando
638 3711 884 3759 mortuus
925 3703 1108 3771 fuerit,
1157 3705 1201 3761 si
1248 3707 1433 3761 odium
1489 3717 1677 3763 contra
1734 3710 1835 3763 ali-

244 3802 404 3856 quem
448 3806 554 3845 non
597 3792 868 3860 habuerit,
899 3797 995 3850 sed
1022 3796 1363 3863 charitatem,
1411 3799 1605 3855 similis
1639 3799 1832 3856 Joanni

242 3888 299 3933 et
327 3884 654 3954 martyribus
678 3885 730 3939 in
755 3885 859 3940 alia
880 3887 990 3943 vita
1016 3889 1142 3943 erit.
1176 3888 1438 3956 Quaerunt
1464 3891 1630 3962 aliqui
1666 3909 1834 3964 quare

243 3970 478 4029 Joannes
508 3975 734 4032 virtutes
780 3993 889 4034 non
931 3978 1122 4034 fecerit
1162 3980 1215 4034 in
1241 3982 1353 4036 vita
1401 3997 1521 4047 sua,
1572 3983 1627 4037 in
1678 3984 1833 4054 cujus

240 4070 363 4117 ortu
392 4073 536 4119 tanta
563 4066 701 4121 facta
732 4076 875 4123 sunt.
901 4069 1037 4137 Quia
1079 4068 1303 4125 Joannis
1348 4080 1503 4143 pater
1538 4080 1702 4128 tanta:
1729 4091 1831 4146 po-

240 4156 423 4212 tentia:
465 4157 584 4225 fuit,
613 4169 669 4216 et
719 4168 899 4219 tantos
945 4173 1198 4233 parentes
1246 4165 1463 4232 habuit,
1504 4177 1563 4221 ut
1592 4168 1831 4224 Herodes

240 4246 485 4302 timuerit
530 4249 598 4305 ab
627 4251 759 4321 ipsis
800 4267 857 4307 se
900 4253 1275 4308 occilendum.
1311 4254 1525 4321 Quanto
1569 4259 1742 4328 magis
1783 4259 1827 4313 si

236 4332 475 4392 Joannes
517 4338 747 4395 virtutes
785 4340 1024 4408 fecisset,
1077 4343 1227 4400 nullo
1264 4346 1422 4400 modo
1466 4361 1589 4400 eum
1633 4347 1833 4418 aliqu's

237 4431 547 4487 occidisset.
580 4433 736 4498 Quod
778 4452 893 4489 cum
935 4437 1166 4492 audisset
1208 4438 1385 4503 Iesus,
1425 4441 1635 4494 secessit
1678 4440 1821 4494 inde.

1850 4482 1902 4542 D

1944 1881 2116 1935 Eliam
2163 1882 2327 1936 verbo
2356 1895 2478 1944 suo,
2510 1879 2673 1934 habet
2702 1894 2896 1948 panem
2929 1895 3115 1935 verum
3157 1882 3250 1951 qui
3295 1884 3361 1937 de
3392 1885 3531 1938 calo

1942 1971 2246 2027 descendit.
2274 1970 2410 2024 Date
2434 1970 2542 2025 illis
2571 1987 2658 2025 vos
2686 1963 3025 2025 manducare.
3058 1971 3322 2028 Provocat
3349 1974 3532 2028 Domi-

1943 2077 2045 2116 nus
2073 2060 2366 2130 discipulos
2395 2075 2524 2115 suos
2565 2060 2633 2114 ad
2662 2059 2966 2131 largitatem
2986 2100 3001 2125 ,
3034 2069 3093 2114 ut
3122 2058 3324 2115 faciant
3354 2064 3531 2116 omni-

1941 2154 2073 2218 bus;
2105 2160 2160 2205 et
2188 2158 2247 2204 ut
2274 2149 2439 2204 velint
2466 2149 2607 2203 ultra
2636 2148 2783 2204 vires
2810 2164 3130 2204 succurrere
3153 2149 3433 2219 proximis.
3466 2151 3531 2205 Et

1941 2244 2148 2300 mavult
2176 2251 2234 2298 ut
2260 2240 2556 2309 indigentia
2585 2241 2741 2311 panis
2772 2255 2800 2294 a
2831 2239 3076 2309 pluribus
3102 2240 3333 2308 cognita,
3359 2243 3532 2295 abun-

1940 2336 2123 2390 dantia
2152 2335 2295 2390 facta
2336 2351 2435 2405 per
2461 2335 2656 2404 ipsum,
2701 2332 2874 2402 major
2901 2333 3203 2404 gratiarum
3242 2335 3386 2389 actio
3412 2334 3527 2388 fiat.

1940 2427 2339 2498 Responderunt
2391 2427 2441 2481 ei
2467 2439 2487 2480 :
2521 2425 2642 2480 Non
2679 2425 2930 2480 habemus
2960 2425 3062 2479 nisi
3101 2425 3328 2495 quinque
3367 2442 3530 2496 panes

1939 2531 1986 2575 et
1999 2521 2133 2574 duos
2152 2520 2341 2591 pisces.
2369 2518 2531 2574 Juxta
2554 2519 2870 2574 historicam
2889 2517 3050 2573 fidem
3066 2519 3144 2572 sic
3158 2518 3431 2573 credimus
3456 2518 3534 2572 fa-

1938 2626 2084 2670 ctum
2098 2615 2150 2669 in
2164 2613 2593 2681 monte'l‘babor,
2602 2612 2756 2682 juxta
2769 2611 3014 2666 altiorem
3031 2610 3361 2666 intellectum
3377 2611 3533 2681 quin-

1938 2723 2043 2778 que
2073 2722 2239 2777 panes
2266 2706 2510 2777 quinque
2536 2706 2704 2760 libros
2732 2704 2902 2775 Moysi
2924 2702 3253 2774 significant.
3282 2702 3373 2757 Ille
3394 2717 3531 2771 puer

1937 2799 2030 2867 qui
2056 2813 2152 2852 eos
2174 2798 2411 2853 habebat
2439 2797 2735 2853 secundum
2761 2795 2925 2850 alium
2954 2792 3345 2864 evangelistam
3378 2794 3523 2865 Moy-

1938 2906 2046 2956 ses,
2071 2889 2227 2959 juxta
2267 2890 2419 2945 istun
2474 2887 2749 2959 significat
2791 2886 3075 2942 Judaicam
3120 2893 3357 2955 gentem,
3406 2902 3528 2955 qua:

1937 2991 2222 3054 acceperat
2251 2983 2423 3052 ipsam
2450 2980 2623 3051 legem
2655 2994 2687 3033 a
2727 2978 2839 3032 Deo
2866 2991 2966 3048 per
3016 2975 3257 3047 Moysen.
3288 2976 3404 3031 Duo
3437 2976 3523 3046 pi-

1938 3089 2057 3130 sces
2084 3074 2459 3145 intelliguntur
2493 3071 2620 3125 libri
2659 3070 3053 3139 Prophetarum
3082 3076 3138 3123 et
3159 3067 3524 3133 Psalmorum,

1939 3169 2063 3238 quia
2091 3174 2144 3221 et
2170 3167 2223 3221 in
2255 3167 2340 3220 his
2366 3165 2543 3219 tribus
2572 3162 2858 3217 ordinibus
2891 3167 3045 3215 vetus
3074 3158 3356 3229 Scriptura
3401 3173 3528 3213 con-

1939 3259 2119 3313 stabat
2141 3266 2271 3311 ante
2299 3255 2593 3310 adventum
2622 3250 2870 3316 Domini,
2901 3250 3043 3306 sicut
3068 3248 3183 3318 ipse
3212 3249 3325 3302 ait:
3358 3245 3529 3318 Opor-

1938 3357 2008 3402 tet
2036 3345 2239 3417 impleri
2264 3345 2440 3398 omnia
2465 3359 2582 3415 quae
2612 3342 2808 3412 scripta
2833 3350 2955 3396 sunt
2996 3341 3055 3393 in
3090 3338 3199 3410 lege
3225 3349 3273 3392 et
3299 3338 3523 3409 prophe-

1936 3439 2005 3492 tis
2030 3448 2077 3491 et
2101 3435 2318 3508 psalmis
2341 3435 2407 3489 de
2433 3450 2535 3487 me.
2573 3431 2650 3487 illi
2682 3432 2922 3502 quinque
2944 3445 3111 3500 panes
3134 3428 3421 3485 hordeacei
3445 3443 3525 3483 se-

1935 3528 2172 3582 cundum
2186 3525 2452 3580 Joannem
2468 3523 2634 3578 fuisse
2650 3520 2979 3584 referuntur,
3002 3519 3130 3590 quia
3154 3519 3528 3573 tantummodo

1937 3619 2051 3673 sola
2081 3617 2309 3672 historia
2334 3616 2388 3670 in
2416 3615 2502 3670 his
2527 3613 2857 3684 sequebatur
2885 3629 2901 3666 :
2931 3611 3185 3667 videlicet
3216 3610 3311 3665 Dei
3341 3611 3529 3679 cegni-

1935 3710 2034 3773 tio,
2062 3708 2263 3762 creatio
2296 3706 2504 3770 mundi,
2552 3718 2853 3772 cursusque
2876 3701 3059 3757 saaculi
3082 3701 3335 3765 labentis,
3372 3708 3529 3754 ante-

1934 3817 2096 3873 quam
2124 3816 2151 3853 a
2180 3800 2412 3856 Domino
2438 3796 2909 3859 benedicerentur,
2940 3802 2994 3847 et
3022 3793 3179 3863 quasi
3217 3794 3378 3848 bruta
3408 3792 3528 3846 ani-

1934 3894 2096 3950 malia
2124 3894 2189 3949 de
2211 3891 2475 3962 asperiori
2500 3889 2622 3945 cibo
2648 3887 3031 3959 pascebantur.
3061 3885 3167 3941 Per
3191 3885 3326 3940 duos
3348 3886 3532 3955 pisces

1934 4000 2039 4040 non
2074 3982 2519 4039 iuconvenienter
2550 3970 2939 4048 prophetarum
2975 3977 3219 4041 oracula,
3273 3985 3327 4031 et
3372 3975 3524 4046 psal-

1932 4092 2143 4132 morum
2167 4074 2310 4129 dieta
2326 4073 2646 4144 figurantur,
2674 4084 2774 4140 per
2796 4085 2916 4139 qum
2936 4076 3150 4139 pastum
3177 4067 3431 4138 populum
3456 4067 3531 4123 de

1931 4169 2047 4238 lege
2076 4167 2280 4223 addidit
2304 4165 2527 4221 delicias
2555 4182 2567 4216 :
2601 4162 2727 4234 quia
2756 4162 2830 4217 ibi
2871 4160 2984 4231 jam
3028 4159 3290 4230 spiritalis
3327 4174 3529 4214 sensus

1930 4272 1985 4319 et
2011 4263 2273 4317 adventus
2299 4257 2516 4313 Domini
2548 4257 2821 4311 invenitur
2840 4265 2896 4310 et
2924 4255 3065 4309 sicut
3088 4254 3264 4324 pisces
3286 4253 3339 4307 in
3363 4253 3529 4323 aquis

1930 4355 2120 4419 latent,
2154 4354 2234 4408 sic
2263 4354 2528 4408 obscurus
2558 4358 2641 4406 est
2670 4363 2862 4403 sensus
2897 4347 2951 4401 in
2991 4346 3292 4416 prophetis.
3324 4346 3532 4414 Aﬁ'erte
3596 4378 3607 4391 ι

1928 4444 2048 4499 illos
2073 4444 2202 4498 mihi
2247 4443 2370 4497 huc.
2398 4441 2564 4509 Quasi
2607 4440 2872 4495 dixisset:
2907 4437 2983 4493 De
3017 4452 3103 4492 me
3136 4436 3417 4506 intelligite
3462 4435 3516 4490 in

239 4517 368 4575 Sive
414 4523 540 4592 quia
592 4525 739 4595 digni
781 4542 889 4581 non
934 4536 1093 4582 erant
1140 4528 1328 4585 audire
1381 4531 1822 4601 praxdicationem
1850 4517 2113 4608 "lcgeet
2138 4533 2440 4605 prophetis.
2464 4532 2534 4587 Et
2559 4531 2817 4602 paulatim
2841 4529 3158 4595 crescendo,
3183 4528 3517 4584 intellectum
3562 4525 3570 4535 '

236 4612 355 4681 ejus
383 4614 455 4669 illi
485 4618 577 4686 qui
616 4631 1005 4675 consenserant
1045 4620 1308 4677 Joannem
1338 4624 1513 4679 occidi
1550 4625 1822 4695 principes

236 4705 492 4775 Galilmaa,
535 4711 627 4780 qui
666 4710 883 4767 fuerunt
928 4712 996 4768 ad
1036 4714 1165 4770 illud
1193 4716 1532 4783 convivium;
1565 4733 1657 4772 seu
1697 4716 1825 4772 fecit

237 4801 380 4857 sicut
412 4802 610 4859 homo:
642 4805 815 4861 noluit
858 4807 1036 4863 locum
1082 4810 1231 4876 dare,
1270 4828 1336 4866 ne
1367 4812 1564 4867 vellent
1594 4814 1820 4869 homici-

235 4891 386 4948 dium
428 4896 720 4953 homicidio
756 4897 1007 4969 jungere.
1049 4900 1202 4968 Quod
1242 4903 1373 4959 dicit
1421 4904 1474 4959 in
1522 4906 1817 4972 desertum,

234 4982 378 5038 ultra
413 4984 700 5042 Jordanem
725 4989 1017 5060 significat.
1044 4990 1113 5045 Et
1138 5003 1329 5047 secuta:
1352 5004 1472 5047 sunt
1513 5012 1630 5049 eum
1653 4996 1819 5051 turba:

232 5076 497 5147 pedestres
539 5080 605 5134 de
647 5080 966 5136 civitatibus.
1000 5082 1255 5139 Amorem
1299 5086 1699 5155 prtedicatiouis
1728 5088 1818 5143 de-

234 5178 539 5224 monstrant
566 5172 660 5242 qui
684 5173 889 5244 absque
908 5172 1192 5243 jnmcntis,
1223 5185 1279 5232 et
1309 5178 1591 5243 vehiculis,
1621 5189 1676 5233 et
1701 5181 1817 5235 sine

235 5262 359 5316 cibo
400 5264 567 5319 secuti
599 5272 755 5329 sunt;
788 5274 845 5320 et
873 5265 999 5335 quia
1048 5264 1309 5323 Dominus
1336 5269 1470 5323 vidit
1511 5284 1698 5325 eorum
1731 5288 1817 5324 ar-

232 5352 446 5419 dorem,
486 5354 689 5412 ideirco
719 5355 848 5414 fecit
876 5352 1017 5413 sicut
1042 5357 1131 5413 bic
1160 5360 1422 5428 sequitur.
1469 5360 1667 5414 Exieus
1692 5362 1816 5415 vidit

231 5448 439 5501 turbam
463 5449 685 5505 multam
711 5460 757 5504 ct
802 5450 1043 5504 misertus
1088 5460 1162 5505 est
1206 5451 1340 5522 ejus.
1391 5451 1458 5506 Et
1496 5452 1710 5507 obviam
1738 5453 1817 5507 eis

232 5538 367 5592 exiit
390 5547 443 5593 ct
472 5540 725 5596 misertus
748 5550 828 5597 est
857 5552 910 5597 et
938 5543 990 5596 iu
1018 5543 1298 5597 sanatione
1323 5543 1698 5614 languidorum
1722 5560 1814 5600 eo-

235 5647 376 5695 rum,
401 5632 531 5686 etin
563 5634 894 5688 saturatione
917 5650 1098 5689 rerum
1135 5635 1519 5705 corporalium.
1551 5635 1817 5692 Recessus

237 5734 420 5778 autem
462 5724 676 5779 Domini
718 5740 745 5777 a
785 5723 985 5782 Jadmis
1031 5725 1317 5797 significat,
1358 5728 1500 5796 quod
1530 5736 1814 5798 postquam

1925 4628 2187 4684 Dominus
2207 4635 2261 4682 et
2287 4625 2570 4681 scientiam
2600 4623 2813 4694 populis
2838 4622 3181 4677 monstravit.
3209 4620 3395 4677 Primo
3417 4637 3516 4675 nas

1925 4720 2155 4775 turalem
2202 4718 2397 4789 legem,
2431 4716 2671 4772 secundo
2719 4714 2891 4786 legem
2925 4714 3139 4778 litterae,
3188 4713 3352 4768 tertio
3392 4727 3518 4783 pro-

1923 4812 2231 4880 phetarum,
2255 4809 2322 4864 ad
2351 4808 2599 4862 ultimum
2636 4803 2914 4875 Evangelii
2932 4804 3188 4875 gratiam,
3215 4804 3359 4873 quod
3381 4811 3437 4857 et
3459 4802 3518 4856 in

1924 4902 2045 4957 cibo
2069 4910 2283 4956 terreno
2305 4898 2554 4970 signavit.
2585 4896 2770 4950 Primo
2792 4895 2858 4949 de
2877 4895 3115 4965 quinque
3138 4896 3367 4964 panibus
3390 4894 3518 4948 hor-

1925 4991 2160 5055 deaceis,
2187 4998 2309 5060 post
2334 4990 2400 5043 de
2428 4995 2634 5056 septem
2656 4985 2747 5054 qui
2776 4999 2882 5040 non
2904 4983 3158 5039 dicuntur
3189 4982 3359 5037 fuisse
3381 4983 3513 5036 hor-

1925 5082 2131 5143 deacei,
2148 5096 2245 5150 per
2255 5092 2393 5148 quos
2413 5075 2722 5146 evangeliea
2746 5084 2801 5129 et
2820 5074 2994 5129 sancti
3009 5073 3243 5143 Spiritus
3262 5072 3514 5127 doctrina

1923 5176 2187 5245 signatur,
2228 5171 2295 5225 ad
2344 5170 2591 5224 ultimum
2623 5167 2690 5221 de
2729 5182 2869 5237 pane
2898 5174 2952 5221 et
2982 5165 3106 5221 vino
3153 5164 3235 5220 sui
3265 5164 3519 5232 corporis

1920 5274 1974 5319 et
1988 5262 2267 5334 sanguinis
2292 5261 2372 5315 eis
2398 5259 2714 5330 mysterium
2736 5257 2984 5313 credens.
3012 5255 3078 5310 Et
3093 5255 3258 5327 jussit
3289 5271 3378 5310 eos
3404 5255 3517 5309 dis-

1924 5358 2161 5410 cumbere
2196 5370 2356 5423 supra
2386 5350 2585 5421 fenum.
2618 5348 2845 5405 Abunde
2889 5348 3027 5404 solet
3051 5362 3299 5404 crescere
3323 5344 3517 5403 fenum

1923 5450 1978 5503 in
2016 5450 2099 5504 his
2128 5447 2357 5503 excelsis
2402 5445 2678 5501 montibus
2720 5445 2776 5499 in
2822 5452 3031 5511 testate,
3080 5445 3220 5501 sicut
3255 5444 3515 5499 viderunt

1922 5543 2013 5614 qui
2045 5544 2097 5596 in
2125 5540 2327 5596 nostris
2355 5539 2578 5609 Alpibus
2603 5538 2906 5593 convcrsati
2936 5547 3079 5593 sunt.
3110 5538 3177 5593 Et
3201 5538 3328 5609 quia
3349 5536 3516 5607 longe

1925 5645 2041 5691 erat
2070 5650 2099 5688 a
2125 5632 2435 5689 civitatibus
2459 5640 2516 5686 et
2545 5629 2707 5695 villis,
2725 5637 3009 5699 propterea
3041 5643 3072 5682 a
3104 5628 3247 5683 nullo
3278 5629 3506 5683 secaba-

1926 5736 2028 5781 tur.
2054 5725 2155 5780 Per
2178 5724 2359 5779 fenum
2390 5722 2638 5792 voluptas
2662 5719 2864 5785 carnis,
2894 5734 3053 5789 quam
3076 5720 3285 5774 calcare
3312 5718 3509 5773 debent
