  <div class='ocr_page' id='page_1' title='image "/cluster/home/n/w/nwhite01/storage/ocr_20150623/106/hvd.32044054759717/697.png"; bbox 0 0 3952 6186; ppageno 0'>
   <div class='ocr_carea' id='block_1_1' title="bbox 498 336 640 393">
    <p class='ocr_par' dir='ltr' id='par_1_1' title="bbox 498 336 640 393">
     <span class='ocr_line' id='line_1_1' title="bbox 498 336 640 393; baseline -0.028 0"><span class='ocrx_word' id='word_1_1' title='bbox 498 336 640 393; x_wconf 70' lang='grc'><strong>1385</strong></span> 
     </span>
    </p>
   </div>
   <div class='ocr_carea' id='block_1_2' title="bbox 1276 318 2951 385">
    <p class='ocr_par' dir='ltr' id='par_1_2' title="bbox 1276 318 2951 385">
     <span class='ocr_line' id='line_1_2' title="bbox 1276 318 2951 385; baseline -0.008 0"><span class='ocrx_word' id='word_1_2' title='bbox 1276 327 1668 385; x_wconf 71' lang='lat' dir='ltr'><strong>CllRlSTlANl</strong></span> <span class='ocrx_word' id='word_1_3' title='bbox 1704 323 2121 382; x_wconf 75' lang='lat' dir='ltr'><strong>DRUTHMARI</strong></span> <span class='ocrx_word' id='word_1_4' title='bbox 2159 320 2609 382; x_wconf 74' lang='lat' dir='ltr'><strong>CORBEIENSIS</strong></span> <span class='ocrx_word' id='word_1_5' title='bbox 2646 318 2951 376; x_wconf 74' lang='lat' dir='ltr'><strong>MONACIII</strong></span> 
     </span>
    </p>
   </div>
   <div class='ocr_carea' id='block_1_3' title="bbox 3620 318 3742 371">
    <p class='ocr_par' dir='ltr' id='par_1_3' title="bbox 3620 318 3742 371">
     <span class='ocr_line' id='line_1_3' title="bbox 3620 318 3742 371; baseline 0 0"><span class='ocrx_word' id='word_1_6' title='bbox 3620 318 3742 371; x_wconf 63' lang='grc' dir='ltr'><strong>εδει</strong></span> 
     </span>
    </p>
   </div>
   <div class='ocr_carea' id='block_1_4' title="bbox 489 430 3752 523">
    <p class='ocr_par' dir='ltr' id='par_1_4' title="bbox 489 430 3752 523">
     <span class='ocr_line' id='line_1_4' title="bbox 489 430 3752 523; baseline -0.01 -16"><span class='ocrx_word' id='word_1_7' title='bbox 489 452 583 523; x_wconf 86' lang='lat' dir='ltr'><strong>qui</strong></span> <span class='ocrx_word' id='word_1_8' title='bbox 612 451 667 505; x_wconf 91' lang='lat' dir='ltr'><strong>in</strong></span> <span class='ocrx_word' id='word_1_9' title='bbox 693 448 828 504; x_wconf 81' lang='lat' dir='ltr'><strong>cibis</strong></span> <span class='ocrx_word' id='word_1_10' title='bbox 849 452 1143 516; x_wconf 74' lang='lat' dir='ltr'><strong>pascantur</strong></span> <span class='ocrx_word' id='word_1_11' title='bbox 1167 442 1308 497; x_wconf 81' lang='lat' dir='ltr'><strong>sicut</strong></span> <span class='ocrx_word' id='word_1_12' title='bbox 1353 442 1405 495; x_wconf 92' lang='lat' dir='ltr'><strong>in</strong></span> <span class='ocrx_word' id='word_1_13' title='bbox 1441 440 1730 511; x_wconf 85' lang='lat' dir='ltr'><strong>Evangelio</strong></span> <span class='ocrx_word' id='word_1_14' title='bbox 1772 440 1875 493; x_wconf 90' lang='lat' dir='ltr'><strong>alio</strong></span> <span class='ocrx_word' id='word_1_15' title='bbox 1908 440 2070 493; x_wconf 85' lang='lat' dir='ltr'><strong>refer-</strong></span> <span class='ocrx_word' id='word_1_16' title='bbox 2097 446 2149 504; x_wconf 82' lang='grc' dir='ltr'><strong>Α</strong></span> <span class='ocrx_word' id='word_1_17' title='bbox 2174 439 2369 503; x_wconf 88' lang='lat' dir='ltr'><strong>culam,</strong></span> <span class='ocrx_word' id='word_1_18' title='bbox 2390 448 2438 491; x_wconf 84' lang='lat' dir='ltr'><strong>ct</strong></span> <span class='ocrx_word' id='word_1_19' title='bbox 2463 436 2751 508; x_wconf 76' lang='lat' dir='ltr'><strong>prteccdere</strong></span> <span class='ocrx_word' id='word_1_20' title='bbox 2777 450 2895 488; x_wconf 88' lang='lat' dir='ltr'><strong>cum</strong></span> <span class='ocrx_word' id='word_1_21' title='bbox 2932 444 3074 486; x_wconf 85' lang='lat' dir='ltr'><strong>trans</strong></span> <span class='ocrx_word' id='word_1_22' title='bbox 3103 431 3295 523; x_wconf 77' lang='lat' dir='ltr'><strong>fretum</strong></span> <span class='ocrx_word' id='word_1_23' title='bbox 3329 430 3496 486; x_wconf 85' lang='lat' dir='ltr'><strong>donec</strong></span> <span class='ocrx_word' id='word_1_24' title='bbox 3523 433 3752 523; x_wconf 42' lang='lat' dir='ltr'><strong>dignius-</strong></span> 
     </span>
    </p>
   </div>
   <div class='ocr_carea' id='block_1_5' title="bbox 495 527 2077 603">
    <p class='ocr_par' dir='ltr' id='par_1_5' title="bbox 495 527 2077 603">
     <span class='ocr_line' id='line_1_5' title="bbox 495 527 2077 603; baseline -0.008 -8"><span class='ocrx_word' id='word_1_25' title='bbox 495 550 600 595; x_wconf 89' lang='lat' dir='ltr'><strong>tur.</strong></span> <span class='ocrx_word' id='word_1_26' title='bbox 636 536 1018 592; x_wconf 80' lang='lat' dir='ltr'><strong>Discubuerunt</strong></span> <span class='ocrx_word' id='word_1_27' title='bbox 1048 531 1395 603; x_wconf 79' lang='lat' dir='ltr'><strong>quinquageni</strong></span> <span class='ocrx_word' id='word_1_28' title='bbox 1418 547 1507 584; x_wconf 85' lang='lat' dir='ltr'><strong>seu</strong></span> <span class='ocrx_word' id='word_1_29' title='bbox 1536 529 1755 583; x_wconf 82' lang='lat' dir='ltr'><strong>centeni.</strong></span> <span class='ocrx_word' id='word_1_30' title='bbox 1782 527 1915 595; x_wconf 87' lang='lat' dir='ltr'><strong>Quia</strong></span> <span class='ocrx_word' id='word_1_31' title='bbox 1943 528 2077 591; x_wconf 86' lang='lat' dir='ltr'><strong>licet</strong></span> 
     </span>
    </p>
   </div>
   <div class='ocr_carea' id='block_1_6' title="bbox 494 622 2071 695">
    <p class='ocr_par' dir='ltr' id='par_1_6' title="bbox 494 622 2071 695">
     <span class='ocr_line' id='line_1_6' title="bbox 494 622 2071 695; baseline -0.006 -11"><span class='ocrx_word' id='word_1_32' title='bbox 494 631 602 685; x_wconf 87' lang='lat' dir='ltr'><strong>sint</strong></span> <span class='ocrx_word' id='word_1_33' title='bbox 631 626 1042 695; x_wconf 84' lang='lat' dir='ltr'><strong>Christiani-per</strong></span> <span class='ocrx_word' id='word_1_34' title='bbox 1066 639 1280 680; x_wconf 90' lang='lat' dir='ltr'><strong>omnem</strong></span> <span class='ocrx_word' id='word_1_35' title='bbox 1308 623 1587 686; x_wconf 88' lang='lat' dir='ltr'><strong>mundum,</strong></span> <span class='ocrx_word' id='word_1_36' title='bbox 1620 630 1674 675; x_wconf 88' lang='lat' dir='ltr'><strong>et</strong></span> <span class='ocrx_word' id='word_1_37' title='bbox 1710 637 1805 691; x_wconf 87' lang='lat' dir='ltr'><strong>per</strong></span> <span class='ocrx_word' id='word_1_38' title='bbox 1830 622 2071 676; x_wconf 89' lang='lat' dir='ltr'><strong>diversas</strong></span> 
     </span>
    </p>
   </div>
   <div class='ocr_carea' id='block_1_7' title="bbox 497 710 2073 785">
    <p class='ocr_par' dir='ltr' id='par_1_7' title="bbox 497 710 2073 785">
     <span class='ocr_line' id='line_1_7' title="bbox 497 710 2073 785; baseline -0.006 -14"><span class='ocrx_word' id='word_1_39' title='bbox 497 717 765 785; x_wconf 77' lang='lat' dir='ltr'><strong>regiones,</strong></span> <span class='ocrx_word' id='word_1_40' title='bbox 794 730 898 768; x_wconf 91' lang='lat' dir='ltr'><strong>uno</strong></span> <span class='ocrx_word' id='word_1_41' title='bbox 930 723 1110 768; x_wconf 88' lang='lat' dir='ltr'><strong>tamen</strong></span> <span class='ocrx_word' id='word_1_42' title='bbox 1140 727 1280 782; x_wconf 87' lang='lat' dir='ltr'><strong>pane</strong></span> <span class='ocrx_word' id='word_1_43' title='bbox 1312 711 1529 765; x_wconf 87' lang='lat' dir='ltr'><strong>aluntur</strong></span> <span class='ocrx_word' id='word_1_44' title='bbox 1561 726 1574 762; x_wconf 90' lang='lat'><strong>:</strong></span> <span class='ocrx_word' id='word_1_45' title='bbox 1607 710 1733 778; x_wconf 87' lang='lat' dir='ltr'><strong>quia</strong></span> <span class='ocrx_word' id='word_1_46' title='bbox 1761 724 1924 763; x_wconf 90' lang='lat' dir='ltr'><strong>unum</strong></span> <span class='ocrx_word' id='word_1_47' title='bbox 1953 725 2073 764; x_wconf 87' lang='lat' dir='ltr'><strong>om-</strong></span> 
     </span>
    </p>
   </div>
   <div class='ocr_carea' id='block_1_8' title="bbox 496 804 2072 877">
    <p class='ocr_par' dir='ltr' id='par_1_8' title="bbox 496 804 2072 877">
     <span class='ocr_line' id='line_1_8' title="bbox 496 804 2072 877; baseline -0.003 -14"><span class='ocrx_word' id='word_1_48' title='bbox 496 823 593 863; x_wconf 85' lang='lat' dir='ltr'><strong>nes</strong></span> <span class='ocrx_word' id='word_1_49' title='bbox 623 806 870 877; x_wconf 75' lang='lat' dir='ltr'><strong>amplecti</strong></span> <span class='ocrx_word' id='word_1_50' title='bbox 917 806 1114 860; x_wconf 89' lang='lat' dir='ltr'><strong>debent</strong></span> <span class='ocrx_word' id='word_1_51' title='bbox 1157 806 1504 876; x_wconf 84' lang='lat' dir='ltr'><strong>Evangelium</strong></span> <span class='ocrx_word' id='word_1_52' title='bbox 1549 815 1603 861; x_wconf 90' lang='lat' dir='ltr'><strong>et</strong></span> <span class='ocrx_word' id='word_1_53' title='bbox 1639 820 1830 860; x_wconf 89' lang='lat' dir='ltr'><strong>omnes</strong></span> <span class='ocrx_word' id='word_1_54' title='bbox 1875 804 2072 859; x_wconf 80' lang='lat' dir='ltr'><strong>fratres</strong></span> 
     </span>
    </p>
   </div>
   <div class='ocr_carea' id='block_1_9' title="bbox 500 894 2074 959">
    <p class='ocr_par' dir='ltr' id='par_1_9' title="bbox 500 894 2074 959">
     <span class='ocr_line' id='line_1_9' title="bbox 500 894 2074 959; baseline -0.004 -5"><span class='ocrx_word' id='word_1_55' title='bbox 500 915 618 954; x_wconf 81' lang='lat' dir='ltr'><strong>esse</strong></span> <span class='ocrx_word' id='word_1_56' title='bbox 664 899 879 959; x_wconf 88' lang='lat' dir='ltr'><strong>debent,</strong></span> <span class='ocrx_word' id='word_1_57' title='bbox 928 906 982 950; x_wconf 91' lang='lat' dir='ltr'><strong>et</strong></span> <span class='ocrx_word' id='word_1_58' title='bbox 1012 912 1195 950; x_wconf 89' lang='lat' dir='ltr'><strong>amare</strong></span> <span class='ocrx_word' id='word_1_59' title='bbox 1224 912 1281 949; x_wconf 90' lang='lat' dir='ltr'><strong>se</strong></span> <span class='ocrx_word' id='word_1_60' title='bbox 1329 896 1578 949; x_wconf 86' lang='lat' dir='ltr'><strong>invicem.</strong></span> <span class='ocrx_word' id='word_1_61' title='bbox 1612 895 1668 949; x_wconf 91' lang='lat' dir='ltr'><strong>Si</strong></span> <span class='ocrx_word' id='word_1_62' title='bbox 1721 896 1821 949; x_wconf 91' lang='lat' dir='ltr'><strong>hoc</strong></span> <span class='ocrx_word' id='word_1_63' title='bbox 1859 910 1964 949; x_wconf 91' lang='lat' dir='ltr'><strong>non</strong></span> <span class='ocrx_word' id='word_1_64' title='bbox 1996 894 2074 947; x_wconf 87' lang='lat' dir='ltr'><strong>fa-</strong></span> 
     </span>
    </p>
   </div>
   <div class='ocr_carea' id='block_1_10' title="bbox 499 984 2069 1049">
    <p class='ocr_par' dir='ltr' id='par_1_10' title="bbox 499 984 2069 1049">
     <span class='ocr_line' id='line_1_10' title="bbox 499 984 2069 1049; baseline -0.005 -5"><span class='ocrx_word' id='word_1_65' title='bbox 499 991 647 1045; x_wconf 89' lang='lat' dir='ltr'><strong>ciunt</strong></span> <span class='ocrx_word' id='word_1_66' title='bbox 694 1004 800 1043; x_wconf 85' lang='lat' dir='ltr'><strong>non</strong></span> <span class='ocrx_word' id='word_1_67' title='bbox 829 997 954 1041; x_wconf 88' lang='lat' dir='ltr'><strong>sunt</strong></span> <span class='ocrx_word' id='word_1_68' title='bbox 983 986 1233 1040; x_wconf 80' lang='lat' dir='ltr'><strong>catholici</strong></span> <span class='ocrx_word' id='word_1_69' title='bbox 1263 1026 1278 1049; x_wconf 95' lang='lat'><strong>,</strong></span> <span class='ocrx_word' id='word_1_70' title='bbox 1306 994 1361 1040; x_wconf 91' lang='lat' dir='ltr'><strong>et</strong></span> <span class='ocrx_word' id='word_1_71' title='bbox 1390 1000 1493 1038; x_wconf 90' lang='lat' dir='ltr'><strong>non</strong></span> <span class='ocrx_word' id='word_1_72' title='bbox 1525 994 1649 1039; x_wconf 91' lang='lat' dir='ltr'><strong>sunt</strong></span> <span class='ocrx_word' id='word_1_73' title='bbox 1675 988 1743 1038; x_wconf 88' lang='lat' dir='ltr'><strong>de</strong></span> <span class='ocrx_word' id='word_1_74' title='bbox 1787 984 2023 1039; x_wconf 83' lang='lat' dir='ltr'><strong>Ecclesia</strong></span> <span class='ocrx_word' id='word_1_75' title='bbox 2057 1004 2069 1037; x_wconf 91' lang='lat'><strong>:</strong></span> 
     </span>
    </p>
   </div>
   <div class='ocr_carea' id='block_1_11' title="bbox 500 1062 2075 1149">
    <p class='ocr_par' dir='ltr' id='par_1_11' title="bbox 500 1062 2075 1149">
     <span class='ocr_line' id='line_1_11' title="bbox 500 1062 2075 1149; baseline -0.001 -18"><span class='ocrx_word' id='word_1_76' title='bbox 500 1080 624 1149; x_wconf 86' lang='lat' dir='ltr'><strong>quia</strong></span> <span class='ocrx_word' id='word_1_77' title='bbox 652 1081 705 1133; x_wconf 92' lang='lat' dir='ltr'><strong>in</strong></span> <span class='ocrx_word' id='word_1_78' title='bbox 737 1087 917 1133; x_wconf 90' lang='lat' dir='ltr'><strong>nostra</strong></span> <span class='ocrx_word' id='word_1_79' title='bbox 949 1077 1051 1129; x_wconf 63' lang='lat' dir='ltr'><strong>title</strong></span> <span class='ocrx_word' id='word_1_80' title='bbox 1076 1062 1389 1146; x_wconf 81' lang='lat' dir='ltr'><strong>profitemur</strong></span> <span class='ocrx_word' id='word_1_81' title='bbox 1423 1091 1521 1129; x_wconf 87' lang='lat' dir='ltr'><strong>nos</strong></span> <span class='ocrx_word' id='word_1_82' title='bbox 1547 1076 1868 1130; x_wconf 82' lang='lat' dir='ltr'><strong>catholicam</strong></span> <span class='ocrx_word' id='word_1_83' title='bbox 1888 1075 2075 1129; x_wconf 89' lang='lat' dir='ltr'><strong>Eccle-</strong></span> 
     </span>
    </p>
   </div>
   <div class='ocr_carea' id='block_1_12' title="bbox 501 1164 2074 1234">
    <p class='ocr_par' dir='ltr' id='par_1_12' title="bbox 501 1164 2074 1234">
     <span class='ocr_line' id='line_1_12' title="bbox 501 1164 2074 1234; baseline -0.005 -9"><span class='ocrx_word' id='word_1_84' title='bbox 501 1172 639 1225; x_wconf 87' lang='lat' dir='ltr'><strong>siam</strong></span> <span class='ocrx_word' id='word_1_85' title='bbox 668 1168 906 1230; x_wconf 83' lang='lat' dir='ltr'><strong>credere,</strong></span> <span class='ocrx_word' id='word_1_86' title='bbox 941 1167 993 1221; x_wconf 90' lang='lat' dir='ltr'><strong>id</strong></span> <span class='ocrx_word' id='word_1_87' title='bbox 1039 1175 1124 1220; x_wconf 90' lang='lat' dir='ltr'><strong>est</strong></span> <span class='ocrx_word' id='word_1_88' title='bbox 1151 1166 1529 1219; x_wconf 89' lang='lat' dir='ltr'><strong>universalem.</strong></span> <span class='ocrx_word' id='word_1_89' title='bbox 1560 1164 1665 1219; x_wconf 85' lang='lat' dir='ltr'><strong>Per</strong></span> <span class='ocrx_word' id='word_1_90' title='bbox 1692 1164 2074 1234; x_wconf 83' lang='lat' dir='ltr'><strong>quinquagesi-</strong></span> 
     </span>
    </p>
   </div>
   <div class='ocr_carea' id='block_1_13' title="bbox 504 1255 2076 1323">
    <p class='ocr_par' dir='ltr' id='par_1_13' title="bbox 504 1255 2076 1323">
     <span class='ocr_line' id='line_1_13' title="bbox 504 1255 2076 1323; baseline -0.003 -11"><span class='ocrx_word' id='word_1_91' title='bbox 504 1274 649 1312; x_wconf 85' lang='lat' dir='ltr'><strong>mum</strong></span> <span class='ocrx_word' id='word_1_92' title='bbox 676 1266 731 1312; x_wconf 89' lang='lat' dir='ltr'><strong>et</strong></span> <span class='ocrx_word' id='word_1_93' title='bbox 756 1257 1107 1311; x_wconf 86' lang='lat' dir='ltr'><strong>centesimum</strong></span> <span class='ocrx_word' id='word_1_94' title='bbox 1149 1270 1433 1309; x_wconf 84' lang='lat' dir='ltr'><strong>numerum</strong></span> <span class='ocrx_word' id='word_1_95' title='bbox 1464 1255 1676 1323; x_wconf 86' lang='lat' dir='ltr'><strong>requies</strong></span> <span class='ocrx_word' id='word_1_96' title='bbox 1702 1255 1824 1308; x_wconf 67' lang='lat' dir='ltr'><strong>vita:</strong></span> <span class='ocrx_word' id='word_1_97' title='bbox 1859 1263 2076 1308; x_wconf 63' lang='lat' dir='ltr'><strong>interna:</strong></span> 
     </span>
    </p>
   </div>
   <div class='ocr_carea' id='block_1_14' title="bbox 505 1342 2075 1420">
    <p class='ocr_par' dir='ltr' id='par_1_14' title="bbox 505 1342 2075 1420">
     <span class='ocr_line' id='line_1_14' title="bbox 505 1342 2075 1420; baseline -0.004 -19"><span class='ocrx_word' id='word_1_98' title='bbox 505 1350 785 1420; x_wconf 79' lang='lat' dir='ltr'><strong>figuratur,</strong></span> <span class='ocrx_word' id='word_1_99' title='bbox 818 1362 936 1416; x_wconf 72' lang='lat' dir='ltr'><strong>qua:</strong></span> <span class='ocrx_word' id='word_1_100' title='bbox 968 1346 1049 1399; x_wconf 87' lang='lat' dir='ltr'><strong>his</strong></span> <span class='ocrx_word' id='word_1_101' title='bbox 1083 1343 1303 1398; x_wconf 83' lang='lat' dir='ltr'><strong>dabitur</strong></span> <span class='ocrx_word' id='word_1_102' title='bbox 1331 1344 1423 1412; x_wconf 90' lang='lat' dir='ltr'><strong>qui</strong></span> <span class='ocrx_word' id='word_1_103' title='bbox 1451 1343 1650 1398; x_wconf 88' lang='lat' dir='ltr'><strong>Christi</strong></span> <span class='ocrx_word' id='word_1_104' title='bbox 1683 1344 1737 1397; x_wconf 91' lang='lat' dir='ltr'><strong>in</strong></span> <span class='ocrx_word' id='word_1_105' title='bbox 1768 1344 1869 1397; x_wconf 92' lang='lat' dir='ltr'><strong>hoc</strong></span> <span class='ocrx_word' id='word_1_106' title='bbox 1895 1342 2075 1397; x_wconf 62' lang='lat' dir='ltr'><strong>saeculi</strong></span> 
     </span>
    </p>
   </div>
   <div class='ocr_carea' id='block_1_15' title="bbox 504 1434 2076 1506">
    <p class='ocr_par' dir='ltr' id='par_1_15' title="bbox 504 1434 2076 1506">
     <span class='ocr_line' id='line_1_15' title="bbox 504 1434 2076 1506; baseline -0.004 -13"><span class='ocrx_word' id='word_1_107' title='bbox 504 1442 720 1493; x_wconf 84' lang='lat' dir='ltr'><strong>deserto</strong></span> <span class='ocrx_word' id='word_1_108' title='bbox 768 1437 966 1491; x_wconf 88' lang='lat' dir='ltr'><strong>fuerint</strong></span> <span class='ocrx_word' id='word_1_109' title='bbox 993 1444 1048 1489; x_wconf 90' lang='lat' dir='ltr'><strong>et</strong></span> <span class='ocrx_word' id='word_1_110' title='bbox 1092 1436 1209 1506; x_wconf 85' lang='lat' dir='ltr'><strong>ejus</strong></span> <span class='ocrx_word' id='word_1_111' title='bbox 1254 1436 1376 1489; x_wconf 92' lang='lat' dir='ltr'><strong>cibo</strong></span> <span class='ocrx_word' id='word_1_112' title='bbox 1409 1434 1635 1503; x_wconf 81' lang='lat' dir='ltr'><strong>spiritali</strong></span> <span class='ocrx_word' id='word_1_113' title='bbox 1674 1435 1821 1504; x_wconf 89' lang='lat' dir='ltr'><strong>pasci</strong></span> <span class='ocrx_word' id='word_1_114' title='bbox 1855 1434 2076 1488; x_wconf 89' lang='lat' dir='ltr'><strong>studue-</strong></span> 
     </span>
    </p>
   </div>
   <div class='ocr_carea' id='block_1_16' title="bbox 508 1524 2079 1598">
    <p class='ocr_par' dir='ltr' id='par_1_16' title="bbox 508 1524 2079 1598">
     <span class='ocr_line' id='line_1_16' title="bbox 508 1524 2079 1598; baseline -0.004 -13"><span class='ocrx_word' id='word_1_115' title='bbox 508 1533 633 1585; x_wconf 88' lang='lat' dir='ltr'><strong>rint.</strong></span> <span class='ocrx_word' id='word_1_116' title='bbox 652 1531 887 1598; x_wconf 70' lang='lat' dir='ltr'><strong>Acceptis</strong></span> <span class='ocrx_word' id='word_1_117' title='bbox 900 1529 1124 1598; x_wconf 84' lang='lat' dir='ltr'><strong>quinque</strong></span> <span class='ocrx_word' id='word_1_118' title='bbox 1141 1527 1360 1596; x_wconf 85' lang='lat' dir='ltr'><strong>panibus</strong></span> <span class='ocrx_word' id='word_1_119' title='bbox 1381 1535 1428 1579; x_wconf 90' lang='lat' dir='ltr'><strong>et</strong></span> <span class='ocrx_word' id='word_1_120' title='bbox 1453 1525 1652 1579; x_wconf 87' lang='lat' dir='ltr'><strong>duobus</strong></span> <span class='ocrx_word' id='word_1_121' title='bbox 1672 1524 1917 1595; x_wconf 72' lang='lat' dir='ltr'><strong>piscibus.</strong></span> <span class='ocrx_word' id='word_1_122' title='bbox 1942 1524 2079 1591; x_wconf 84' lang='lat' dir='ltr'><strong>Quia</strong></span> 
     </span>
    </p>
   </div>
   <div class='ocr_carea' id='block_1_17' title="bbox 507 1616 2076 1696">
    <p class='ocr_par' dir='ltr' id='par_1_17' title="bbox 507 1616 2076 1696">
     <span class='ocr_line' id='line_1_17' title="bbox 507 1616 2076 1696; baseline -0.003 -23"><span class='ocrx_word' id='word_1_123' title='bbox 507 1621 764 1674; x_wconf 77' lang='lat' dir='ltr'><strong>Dominus</strong></span> <span class='ocrx_word' id='word_1_124' title='bbox 788 1636 898 1673; x_wconf 91' lang='lat' dir='ltr'><strong>non</strong></span> <span class='ocrx_word' id='word_1_125' title='bbox 925 1619 990 1673; x_wconf 88' lang='lat' dir='ltr'><strong>de</strong></span> <span class='ocrx_word' id='word_1_126' title='bbox 1016 1619 1168 1672; x_wconf 91' lang='lat' dir='ltr'><strong>novis</strong></span> <span class='ocrx_word' id='word_1_127' title='bbox 1188 1617 1347 1679; x_wconf 90' lang='lat' dir='ltr'><strong>escis,</strong></span> <span class='ocrx_word' id='word_1_128' title='bbox 1371 1617 1464 1696; x_wconf 77' lang='lat' dir='ltr'><strong>sed</strong></span> <span class='ocrx_word' id='word_1_129' title='bbox 1501 1617 1567 1670; x_wconf 90' lang='lat' dir='ltr'><strong>de</strong></span> <span class='ocrx_word' id='word_1_130' title='bbox 1592 1617 1674 1671; x_wconf 90' lang='lat' dir='ltr'><strong>bis</strong></span> <span class='ocrx_word' id='word_1_131' title='bbox 1697 1631 1830 1686; x_wconf 88' lang='lat' dir='ltr'><strong>quas</strong></span> <span class='ocrx_word' id='word_1_132' title='bbox 1850 1616 2076 1685; x_wconf 84' lang='lat' dir='ltr'><strong>apostoli</strong></span> 
     </span>
    </p>
   </div>
   <div class='ocr_carea' id='block_1_18' title="bbox 508 1708 2079 1779">
    <p class='ocr_par' dir='ltr' id='par_1_18' title="bbox 508 1708 2079 1779">
     <span class='ocr_line' id='line_1_18' title="bbox 508 1708 2079 1779; baseline -0.001 -16"><span class='ocrx_word' id='word_1_133' title='bbox 508 1710 775 1763; x_wconf 82' lang='lat' dir='ltr'><strong>habebant</strong></span> <span class='ocrx_word' id='word_1_134' title='bbox 804 1708 987 1762; x_wconf 82' lang='lat' dir='ltr'><strong>turbas</strong></span> <span class='ocrx_word' id='word_1_135' title='bbox 1011 1709 1188 1767; x_wconf 85' lang='lat' dir='ltr'><strong>satiat,</strong></span> <span class='ocrx_word' id='word_1_136' title='bbox 1220 1708 1454 1762; x_wconf 87' lang='lat' dir='ltr'><strong>ostendit</strong></span> <span class='ocrx_word' id='word_1_137' title='bbox 1488 1708 1613 1776; x_wconf 86' lang='lat' dir='ltr'><strong>quia</strong></span> <span class='ocrx_word' id='word_1_138' title='bbox 1641 1708 1753 1779; x_wconf 89' lang='lat' dir='ltr'><strong>ipse</strong></span> <span class='ocrx_word' id='word_1_139' title='bbox 1780 1708 1977 1777; x_wconf 89' lang='lat' dir='ltr'><strong>estqui</strong></span> <span class='ocrx_word' id='word_1_140' title='bbox 2006 1708 2079 1762; x_wconf 89' lang='lat' dir='ltr'><strong>le-</strong></span> 
     </span>
    </p>
   </div>
   <div class='ocr_carea' id='block_1_19' title="bbox 2168 521 3752 594">
    <p class='ocr_par' dir='ltr' id='par_1_19' title="bbox 2168 521 3752 594">
     <span class='ocr_line' id='line_1_19' title="bbox 2168 521 3752 594; baseline -0.003 -12"><span class='ocrx_word' id='word_1_141' title='bbox 2168 538 2243 582; x_wconf 87' lang='lat' dir='ltr'><strong>ret</strong></span> <span class='ocrx_word' id='word_1_142' title='bbox 2273 528 2472 582; x_wconf 89' lang='lat' dir='ltr'><strong>turbas.</strong></span> <span class='ocrx_word' id='word_1_143' title='bbox 2502 530 2681 594; x_wconf 87' lang='lat' dir='ltr'><strong>Quare</strong></span> <span class='ocrx_word' id='word_1_144' title='bbox 2713 522 3005 593; x_wconf 88' lang='lat' dir='ltr'><strong>discipulos</strong></span> <span class='ocrx_word' id='word_1_145' title='bbox 3024 523 3249 593; x_wconf 86' lang='lat' dir='ltr'><strong>jusserit</strong></span> <span class='ocrx_word' id='word_1_146' title='bbox 3275 522 3352 577; x_wconf 88' lang='lat' dir='ltr'><strong>ire</strong></span> <span class='ocrx_word' id='word_1_147' title='bbox 3381 532 3535 576; x_wconf 88' lang='lat' dir='ltr'><strong>trans</strong></span> <span class='ocrx_word' id='word_1_148' title='bbox 3553 521 3752 578; x_wconf 82' lang='lat' dir='ltr'><strong>fretum</strong></span> 
     </span>
    </p>
   </div>
   <div class='ocr_carea' id='block_1_20' title="bbox 2167 612 3755 689">
    <p class='ocr_par' dir='ltr' id='par_1_20' title="bbox 2167 612 3755 689">
     <span class='ocr_line' id='line_1_20' title="bbox 2167 612 3755 689; baseline -0.004 -14"><span class='ocrx_word' id='word_1_149' title='bbox 2167 630 2289 689; x_wconf 90' lang='lat' dir='ltr'><strong>post</strong></span> <span class='ocrx_word' id='word_1_150' title='bbox 2316 619 2703 674; x_wconf 82' lang='lat' dir='ltr'><strong>saturationem</strong></span> <span class='ocrx_word' id='word_1_151' title='bbox 2729 630 2951 685; x_wconf 88' lang='lat' dir='ltr'><strong>panum,</strong></span> <span class='ocrx_word' id='word_1_152' title='bbox 2978 612 3220 667; x_wconf 85' lang='lat' dir='ltr'><strong>Joannes</strong></span> <span class='ocrx_word' id='word_1_153' title='bbox 3246 612 3581 683; x_wconf 77' lang='lat' dir='ltr'><strong>evangelista</strong></span> <span class='ocrx_word' id='word_1_154' title='bbox 3629 629 3755 668; x_wconf 82' lang='lat' dir='ltr'><strong>nar-</strong></span> 
     </span>
    </p>
   </div>
   <div class='ocr_carea' id='block_1_21' title="bbox 2170 700 3761 778">
    <p class='ocr_par' dir='ltr' id='par_1_21' title="bbox 2170 700 3761 778">
     <span class='ocr_line' id='line_1_21' title="bbox 2170 700 3761 778; baseline -0.004 -16"><span class='ocrx_word' id='word_1_155' title='bbox 2170 719 2273 773; x_wconf 87' lang='lat' dir='ltr'><strong>rat,</strong></span> <span class='ocrx_word' id='word_1_156' title='bbox 2324 709 2450 778; x_wconf 87' lang='lat' dir='ltr'><strong>quia</strong></span> <span class='ocrx_word' id='word_1_157' title='bbox 2494 705 2745 761; x_wconf 80' lang='lat' dir='ltr'><strong>videlicet</strong></span> <span class='ocrx_word' id='word_1_158' title='bbox 2771 703 2984 758; x_wconf 85' lang='lat' dir='ltr'><strong>venturi</strong></span> <span class='ocrx_word' id='word_1_159' title='bbox 3010 709 3165 757; x_wconf 89' lang='lat' dir='ltr'><strong>erant</strong></span> <span class='ocrx_word' id='word_1_160' title='bbox 3207 700 3421 770; x_wconf 88' lang='lat' dir='ltr'><strong>populi,</strong></span> <span class='ocrx_word' id='word_1_161' title='bbox 3468 710 3534 755; x_wconf 87' lang='lat' dir='ltr'><strong>ut</strong></span> <span class='ocrx_word' id='word_1_162' title='bbox 3556 700 3761 755; x_wconf 76' lang='lat' dir='ltr'><strong>vellent</strong></span> 
     </span>
    </p>
   </div>
   <div class='ocr_carea' id='block_1_22' title="bbox 2169 793 3761 871">
    <p class='ocr_par' dir='ltr' id='par_1_22' title="bbox 2169 793 3761 871">
     <span class='ocr_line' id='line_1_22' title="bbox 2169 793 3761 871; baseline -0.005 -17"><span class='ocrx_word' id='word_1_163' title='bbox 2169 816 2292 854; x_wconf 90' lang='lat' dir='ltr'><strong>eum</strong></span> <span class='ocrx_word' id='word_1_164' title='bbox 2327 814 2506 871; x_wconf 82' lang='lat' dir='ltr'><strong>regem</strong></span> <span class='ocrx_word' id='word_1_165' title='bbox 2533 797 2743 861; x_wconf 84' lang='lat' dir='ltr'><strong>facere;</strong></span> <span class='ocrx_word' id='word_1_166' title='bbox 2766 803 3052 865; x_wconf 86' lang='lat' dir='ltr'><strong>propterea</strong></span> <span class='ocrx_word' id='word_1_167' title='bbox 3079 793 3201 848; x_wconf 86' lang='lat' dir='ltr'><strong>tulit</strong></span> <span class='ocrx_word' id='word_1_168' title='bbox 3223 808 3282 847; x_wconf 90' lang='lat' dir='ltr'><strong>se</strong></span> <span class='ocrx_word' id='word_1_169' title='bbox 3304 794 3371 848; x_wconf 88' lang='lat' dir='ltr'><strong>de</strong></span> <span class='ocrx_word' id='word_1_170' title='bbox 3398 793 3519 848; x_wconf 90' lang='lat' dir='ltr'><strong>loco</strong></span> <span class='ocrx_word' id='word_1_171' title='bbox 3543 810 3614 847; x_wconf 87' lang='lat' dir='ltr'><strong>ne</strong></span> <span class='ocrx_word' id='word_1_172' title='bbox 3635 808 3761 847; x_wconf 68' lang='lat' dir='ltr'><strong>cum</strong></span> 
     </span>
    </p>
   </div>
   <div class='ocr_carea' id='block_1_23' title="bbox 2172 882 3763 957">
    <p class='ocr_par' dir='ltr' id='par_1_23' title="bbox 2172 882 3763 957">
     <span class='ocr_line' id='line_1_23' title="bbox 2172 882 3763 957; baseline -0.006 -12"><span class='ocrx_word' id='word_1_173' title='bbox 2172 890 2499 951; x_wconf 85' lang='lat' dir='ltr'><strong>invenirent,</strong></span> <span class='ocrx_word' id='word_1_174' title='bbox 2532 888 2658 957; x_wconf 86' lang='lat' dir='ltr'><strong>quia</strong></span> <span class='ocrx_word' id='word_1_175' title='bbox 2695 886 2809 955; x_wconf 87' lang='lat' dir='ltr'><strong>ipse</strong></span> <span class='ocrx_word' id='word_1_176' title='bbox 2851 892 2969 939; x_wconf 85' lang='lat' dir='ltr'><strong>erat</strong></span> <span class='ocrx_word' id='word_1_177' title='bbox 3011 882 3259 938; x_wconf 89' lang='lat' dir='ltr'><strong>conditor</strong></span> <span class='ocrx_word' id='word_1_178' title='bbox 3301 883 3488 937; x_wconf 87' lang='lat' dir='ltr'><strong>mundi</strong></span> <span class='ocrx_word' id='word_1_179' title='bbox 3539 883 3763 937; x_wconf 75' lang='lat' dir='ltr'><strong>nolebat</strong></span> 
     </span>
    </p>
   </div>
   <div class='ocr_carea' id='block_1_24' title="bbox 2172 972 3760 1046">
    <p class='ocr_par' dir='ltr' id='par_1_24' title="bbox 2172 972 3760 1046">
     <span class='ocr_line' id='line_1_24' title="bbox 2172 972 3760 1046; baseline -0.006 -12"><span class='ocrx_word' id='word_1_180' title='bbox 2172 979 2479 1034; x_wconf 59' lang='lat' dir='ltr'><strong>saecularem</strong></span> <span class='ocrx_word' id='word_1_181' title='bbox 2529 976 2825 1046; x_wconf 86' lang='lat' dir='ltr'><strong>potentiam</strong></span> <span class='ocrx_word' id='word_1_182' title='bbox 2872 991 2885 1027; x_wconf 91' lang='lat'><strong>:</strong></span> <span class='ocrx_word' id='word_1_183' title='bbox 2920 975 3046 1042; x_wconf 90' lang='lat' dir='ltr'><strong>quia</strong></span> <span class='ocrx_word' id='word_1_184' title='bbox 3074 974 3128 1027; x_wconf 87' lang='lat' dir='ltr'><strong>hi</strong></span> <span class='ocrx_word' id='word_1_185' title='bbox 3167 973 3259 1041; x_wconf 88' lang='lat' dir='ltr'><strong>qui</strong></span> <span class='ocrx_word' id='word_1_186' title='bbox 3290 972 3584 1036; x_wconf 82' lang='lat' dir='ltr'><strong>habebant,</strong></span> <span class='ocrx_word' id='word_1_187' title='bbox 3639 974 3760 1041; x_wconf 76' lang='lat' dir='ltr'><strong>ipso</strong></span> 
     </span>
    </p>
   </div>
   <div class='ocr_carea' id='block_1_25' title="bbox 2173 1065 3751 1136">
    <p class='ocr_par' dir='ltr' id='par_1_25' title="bbox 2173 1065 3751 1136">
     <span class='ocr_line' id='line_1_25' title="bbox 2173 1065 3751 1136; baseline -0.004 -12"><span class='ocrx_word' id='word_1_188' title='bbox 2173 1071 2332 1124; x_wconf 88' lang='lat' dir='ltr'><strong>dante</strong></span> <span class='ocrx_word' id='word_1_189' title='bbox 2370 1069 2455 1123; x_wconf 86' lang='lat' dir='ltr'><strong>vel</strong></span> <span class='ocrx_word' id='word_1_190' title='bbox 2499 1068 2850 1136; x_wconf 83' lang='lat' dir='ltr'><strong>promittente</strong></span> <span class='ocrx_word' id='word_1_191' title='bbox 2891 1065 3183 1119; x_wconf 82' lang='lat' dir='ltr'><strong>habebant.</strong></span> <span class='ocrx_word' id='word_1_192' title='bbox 3217 1065 3331 1134; x_wconf 86' lang='lat' dir='ltr'><strong>Ipse</strong></span> <span class='ocrx_word' id='word_1_193' title='bbox 3362 1080 3596 1133; x_wconf 75' lang='lat' dir='ltr'><strong>namque</strong></span> <span class='ocrx_word' id='word_1_194' title='bbox 3627 1075 3751 1118; x_wconf 80' lang='lat' dir='ltr'><strong>erat</strong></span> 
     </span>
    </p>
   </div>
   <div class='ocr_carea' id='block_1_26' title="bbox 2174 1155 3758 1229">
    <p class='ocr_par' dir='ltr' id='par_1_26' title="bbox 2174 1155 3758 1229">
     <span class='ocr_line' id='line_1_26' title="bbox 2174 1155 3758 1229; baseline -0.003 -15"><span class='ocrx_word' id='word_1_195' title='bbox 2174 1161 2240 1214; x_wconf 89' lang='lat' dir='ltr'><strong>de</strong></span> <span class='ocrx_word' id='word_1_196' title='bbox 2265 1175 2371 1229; x_wconf 91' lang='lat' dir='ltr'><strong>quo</strong></span> <span class='ocrx_word' id='word_1_197' title='bbox 2416 1159 2668 1213; x_wconf 86' lang='lat' dir='ltr'><strong>Salomon</strong></span> <span class='ocrx_word' id='word_1_198' title='bbox 2700 1159 2814 1212; x_wconf 89' lang='lat' dir='ltr'><strong>ait:</strong></span> <span class='ocrx_word' id='word_1_199' title='bbox 2854 1155 2960 1211; x_wconf 86' lang='lat' dir='ltr'><strong>Per</strong></span> <span class='ocrx_word' id='word_1_200' title='bbox 2983 1172 3064 1210; x_wconf 85' lang='lat' dir='ltr'><strong>me</strong></span> <span class='ocrx_word' id='word_1_201' title='bbox 3088 1172 3227 1225; x_wconf 81' lang='lat' dir='ltr'><strong>reges</strong></span> <span class='ocrx_word' id='word_1_202' title='bbox 3263 1166 3502 1225; x_wconf 79' lang='lat' dir='ltr'><strong>regnant.</strong></span> <span class='ocrx_word' id='word_1_203' title='bbox 3535 1156 3758 1210; x_wconf 82' lang='lat' dir='ltr'><strong>Fretum</strong></span> 
     </span>
    </p>
   </div>
   <div class='ocr_carea' id='block_1_27' title="bbox 2174 1245 3764 1316">
    <p class='ocr_par' dir='ltr' id='par_1_27' title="bbox 2174 1245 3764 1316">
     <span class='ocr_line' id='line_1_27' title="bbox 2174 1245 3764 1316; baseline -0.004 -11"><span class='ocrx_word' id='word_1_204' title='bbox 2174 1251 2416 1305; x_wconf 86' lang='lat' dir='ltr'><strong>Genesar</strong></span> <span class='ocrx_word' id='word_1_205' title='bbox 2443 1265 2457 1303; x_wconf 90' lang='lat'><strong>:</strong></span> <span class='ocrx_word' id='word_1_206' title='bbox 2491 1265 2520 1303; x_wconf 91' lang='lat' dir='ltr'><strong>a</strong></span> <span class='ocrx_word' id='word_1_207' title='bbox 2549 1247 2803 1304; x_wconf 83' lang='lat' dir='ltr'><strong>fervendo</strong></span> <span class='ocrx_word' id='word_1_208' title='bbox 2830 1246 3026 1302; x_wconf 87' lang='lat' dir='ltr'><strong>fretum</strong></span> <span class='ocrx_word' id='word_1_209' title='bbox 3056 1246 3385 1300; x_wconf 87' lang='lat' dir='ltr'><strong>nominatur.</strong></span> <span class='ocrx_word' id='word_1_210' title='bbox 3426 1245 3654 1316; x_wconf 80' lang='lat' dir='ltr'><strong>Vespere</strong></span> <span class='ocrx_word' id='word_1_211' title='bbox 3681 1263 3764 1299; x_wconf 82' lang='lat' dir='ltr'><strong>so-</strong></span> 
     </span>
    </p>
   </div>
   <div class='ocr_carea' id='block_1_28' title="bbox 2176 1337 3760 1411">
    <p class='ocr_par' dir='ltr' id='par_1_28' title="bbox 2176 1337 3760 1411">
     <span class='ocr_line' id='line_1_28' title="bbox 2176 1337 3760 1411; baseline -0.003 -14"><span class='ocrx_word' id='word_1_212' title='bbox 2176 1344 2257 1397; x_wconf 90' lang='lat' dir='ltr'><strong>lus</strong></span> <span class='ocrx_word' id='word_1_213' title='bbox 2284 1352 2393 1396; x_wconf 85' lang='lat' dir='ltr'><strong>erat</strong></span> <span class='ocrx_word' id='word_1_214' title='bbox 2421 1343 2511 1395; x_wconf 89' lang='lat' dir='ltr'><strong>ibi.</strong></span> <span class='ocrx_word' id='word_1_215' title='bbox 2541 1340 2661 1411; x_wconf 83' lang='lat' dir='ltr'><strong>Ipse</strong></span> <span class='ocrx_word' id='word_1_216' title='bbox 2681 1341 2911 1395; x_wconf 86' lang='lat' dir='ltr'><strong>ascendit</strong></span> <span class='ocrx_word' id='word_1_217' title='bbox 2926 1337 3069 1394; x_wconf 87' lang='lat' dir='ltr'><strong>solus</strong></span> <span class='ocrx_word' id='word_1_218' title='bbox 3086 1338 3324 1391; x_wconf 75' lang='lat' dir='ltr'><strong>verticem</strong></span> <span class='ocrx_word' id='word_1_219' title='bbox 3349 1338 3543 1391; x_wconf 86' lang='lat' dir='ltr'><strong>montis</strong></span> <span class='ocrx_word' id='word_1_220' title='bbox 3566 1355 3760 1393; x_wconf 86' lang='lat' dir='ltr'><strong>orare:</strong></span> 
     </span>
    </p>
   </div>
   <div class='ocr_carea' id='block_1_29' title="bbox 2177 1428 3766 1502">
    <p class='ocr_par' dir='ltr' id='par_1_29' title="bbox 2177 1428 3766 1502">
     <span class='ocr_line' id='line_1_29' title="bbox 2177 1428 3766 1502; baseline -0.004 -15"><span class='ocrx_word' id='word_1_221' title='bbox 2177 1444 2225 1487; x_wconf 85' lang='lat' dir='ltr'><strong>et</strong></span> <span class='ocrx_word' id='word_1_222' title='bbox 2271 1430 2513 1502; x_wconf 80' lang='lat' dir='ltr'><strong>discipuli</strong></span> <span class='ocrx_word' id='word_1_223' title='bbox 2560 1431 2926 1484; x_wconf 82' lang='lat' dir='ltr'><strong>laboraverunt</strong></span> <span class='ocrx_word' id='word_1_224' title='bbox 2963 1429 3017 1481; x_wconf 86' lang='lat' dir='ltr'><strong>in</strong></span> <span class='ocrx_word' id='word_1_225' title='bbox 3048 1428 3181 1481; x_wconf 86' lang='lat' dir='ltr'><strong>mari</strong></span> <span class='ocrx_word' id='word_1_226' title='bbox 3216 1428 3271 1481; x_wconf 87' lang='lat' dir='ltr'><strong>in</strong></span> <span class='ocrx_word' id='word_1_227' title='bbox 3300 1428 3604 1497; x_wconf 85' lang='lat' dir='ltr'><strong>remigandc</strong></span> <span class='ocrx_word' id='word_1_228' title='bbox 3651 1439 3766 1481; x_wconf 72' lang='lat' dir='ltr'><strong>tota</strong></span> 
     </span>
    </p>
   </div>
   <div class='ocr_carea' id='block_1_30' title="bbox 2178 1515 3771 1586">
    <p class='ocr_par' dir='ltr' id='par_1_30' title="bbox 2178 1515 3771 1586">
     <span class='ocr_line' id='line_1_30' title="bbox 2178 1515 3771 1586; baseline -0.002 -11"><span class='ocrx_word' id='word_1_229' title='bbox 2178 1533 2346 1576; x_wconf 83' lang='lat' dir='ltr'><strong>nocte.</strong></span> <span class='ocrx_word' id='word_1_230' title='bbox 2377 1521 2492 1576; x_wconf 82' lang='lat' dir='ltr'><strong>Non</strong></span> <span class='ocrx_word' id='word_1_231' title='bbox 2524 1521 2668 1574; x_wconf 89' lang='lat' dir='ltr'><strong>enim</strong></span> <span class='ocrx_word' id='word_1_232' title='bbox 2698 1527 2853 1573; x_wconf 89' lang='lat' dir='ltr'><strong>erant</strong></span> <span class='ocrx_word' id='word_1_233' title='bbox 2882 1518 3130 1586; x_wconf 86' lang='lat' dir='ltr'><strong>discipuli</strong></span> <span class='ocrx_word' id='word_1_234' title='bbox 3158 1517 3334 1570; x_wconf 87' lang='lat' dir='ltr'><strong>adhuc</strong></span> <span class='ocrx_word' id='word_1_235' title='bbox 3377 1515 3604 1585; x_wconf 79' lang='lat' dir='ltr'><strong>perfecti</strong></span> <span class='ocrx_word' id='word_1_236' title='bbox 3638 1535 3653 1569; x_wconf 94' lang='lat'>:</span> <span class='ocrx_word' id='word_1_237' title='bbox 3689 1519 3771 1572; x_wconf 88' lang='lat' dir='ltr'><strong>id-</strong></span> 
     </span>
    </p>
   </div>
   <div class='ocr_carea' id='block_1_31' title="bbox 2178 1607 3770 1680">
    <p class='ocr_par' dir='ltr' id='par_1_31' title="bbox 2178 1607 3770 1680">
     <span class='ocr_line' id='line_1_31' title="bbox 2178 1607 3770 1680; baseline -0.006 -13"><span class='ocrx_word' id='word_1_238' title='bbox 2178 1613 2326 1668; x_wconf 89' lang='lat' dir='ltr'><strong>circo</strong></span> <span class='ocrx_word' id='word_1_239' title='bbox 2355 1611 2604 1680; x_wconf 80' lang='lat' dir='ltr'><strong>permisit</strong></span> <span class='ocrx_word' id='word_1_240' title='bbox 2643 1611 2721 1664; x_wconf 90' lang='lat' dir='ltr'><strong>eis</strong></span> <span class='ocrx_word' id='word_1_241' title='bbox 2749 1624 3042 1678; x_wconf 77' lang='lat' dir='ltr'><strong>agnoscere</strong></span> <span class='ocrx_word' id='word_1_242' title='bbox 3066 1607 3193 1676; x_wconf 89' lang='lat' dir='ltr'><strong>quid</strong></span> <span class='ocrx_word' id='word_1_243' title='bbox 3226 1615 3447 1676; x_wconf 84' lang='lat' dir='ltr'><strong>possent</strong></span> <span class='ocrx_word' id='word_1_244' title='bbox 3474 1607 3593 1660; x_wconf 88' lang='lat' dir='ltr'><strong>sine</strong></span> <span class='ocrx_word' id='word_1_245' title='bbox 3619 1607 3770 1676; x_wconf 75' lang='lat' dir='ltr'><strong>ipso,</strong></span> 
     </span>
    </p>
   </div>
   <div class='ocr_carea' id='block_1_32' title="bbox 2179 1696 3770 1771">
    <p class='ocr_par' dir='ltr' id='par_1_32' title="bbox 2179 1696 3770 1771">
     <span class='ocr_line' id='line_1_32' title="bbox 2179 1696 3770 1771; baseline -0.004 -15"><span class='ocrx_word' id='word_1_246' title='bbox 2179 1712 2241 1757; x_wconf 93' lang='lat' dir='ltr'><strong>ut</strong></span> <span class='ocrx_word' id='word_1_247' title='bbox 2286 1702 2517 1771; x_wconf 86' lang='lat' dir='ltr'><strong>amplius</strong></span> <span class='ocrx_word' id='word_1_248' title='bbox 2561 1715 2684 1755; x_wconf 91' lang='lat' dir='ltr'><strong>cum</strong></span> <span class='ocrx_word' id='word_1_249' title='bbox 2713 1700 3021 1768; x_wconf 71' lang='lat' dir='ltr'><strong>diligerent,</strong></span> <span class='ocrx_word' id='word_1_250' title='bbox 3068 1708 3123 1753; x_wconf 90' lang='lat' dir='ltr'><strong>et</strong></span> <span class='ocrx_word' id='word_1_251' title='bbox 3149 1698 3315 1751; x_wconf 90' lang='lat' dir='ltr'><strong>Deum</strong></span> <span class='ocrx_word' id='word_1_252' title='bbox 3366 1696 3770 1752; x_wconf 81' lang='lat' dir='ltr'><strong>elementorum</strong></span> 
     </span>
    </p>
   </div>
   <div class='ocr_carea' id='block_1_33' title="bbox 506 1786 2077 1872">
    <p class='ocr_par' dir='ltr' id='par_1_33' title="bbox 506 1801 2077 1872">
     <span class='ocr_line' id='line_1_33' title="bbox 506 1801 2077 1872; baseline 0.001 -17"><span class='ocrx_word' id='word_1_253' title='bbox 506 1817 625 1868; x_wconf 80' lang='lat' dir='ltr'><strong>gem</strong></span> <span class='ocrx_word' id='word_1_254' title='bbox 653 1802 798 1856; x_wconf 83' lang='lat' dir='ltr'><strong>dedit</strong></span> <span class='ocrx_word' id='word_1_255' title='bbox 823 1809 873 1854; x_wconf 89' lang='lat' dir='ltr'><strong>ct</strong></span> <span class='ocrx_word' id='word_1_256' title='bbox 903 1803 955 1855; x_wconf 91' lang='lat' dir='ltr'><strong>in</strong></span> <span class='ocrx_word' id='word_1_257' title='bbox 1006 1802 1283 1869; x_wconf 88' lang='lat' dir='ltr'><strong>prophetis</strong></span> <span class='ocrx_word' id='word_1_258' title='bbox 1310 1801 1521 1856; x_wconf 90' lang='lat' dir='ltr'><strong>loeutus</strong></span> <span class='ocrx_word' id='word_1_259' title='bbox 1569 1809 1670 1866; x_wconf 88' lang='lat' dir='ltr'><strong>est,</strong></span> <span class='ocrx_word' id='word_1_260' title='bbox 1707 1811 1762 1856; x_wconf 91' lang='lat' dir='ltr'><strong>et</strong></span> <span class='ocrx_word' id='word_1_261' title='bbox 1794 1811 2077 1872; x_wconf 88' lang='lat' dir='ltr'><strong>propterea</strong></span> 
     </span>
    </p>
   </div>
   <div class='ocr_carea' id='block_1_34' title="bbox 2180 1786 3775 1872">
    <p class='ocr_par' dir='ltr' id='par_1_34' title="bbox 2180 1786 3775 1862">
     <span class='ocr_line' id='line_1_34' title="bbox 2180 1786 3775 1862; baseline -0.002 -16"><span class='ocrx_word' id='word_1_262' title='bbox 2180 1807 2276 1862; x_wconf 88' lang='lat' dir='ltr'><strong>pro</strong></span> <span class='ocrx_word' id='word_1_263' title='bbox 2304 1800 2455 1846; x_wconf 87' lang='lat' dir='ltr'><strong>certo</strong></span> <span class='ocrx_word' id='word_1_264' title='bbox 2480 1791 2779 1845; x_wconf 87' lang='lat' dir='ltr'><strong>crederent.</strong></span> <span class='ocrx_word' id='word_1_265' title='bbox 2813 1789 2967 1856; x_wconf 89' lang='lat' dir='ltr'><strong>Quod</strong></span> <span class='ocrx_word' id='word_1_266' title='bbox 2993 1788 3184 1849; x_wconf 87' lang='lat' dir='ltr'><strong>oravit,</strong></span> <span class='ocrx_word' id='word_1_267' title='bbox 3226 1786 3452 1841; x_wconf 86' lang='lat' dir='ltr'><strong>formam</strong></span> <span class='ocrx_word' id='word_1_268' title='bbox 3488 1788 3649 1842; x_wconf 86' lang='lat' dir='ltr'><strong>nobis</strong></span> <span class='ocrx_word' id='word_1_269' title='bbox 3680 1789 3775 1843; x_wconf 62' lang='lat' dir='ltr'><strong>de</strong></span> 
     </span>
    </p>
   </div>
   <div class='ocr_carea' id='block_1_35' title="bbox 505 1892 2081 1963">
    <p class='ocr_par' dir='ltr' id='par_1_35' title="bbox 505 1892 2081 1963">
     <span class='ocr_line' id='line_1_35' title="bbox 505 1892 2081 1963; baseline -0.001 -15"><span class='ocrx_word' id='word_1_270' title='bbox 505 1893 692 1948; x_wconf 83' lang='lat' dir='ltr'><strong>cadem</strong></span> <span class='ocrx_word' id='word_1_271' title='bbox 733 1902 787 1946; x_wconf 91' lang='lat' dir='ltr'><strong>et</strong></span> <span class='ocrx_word' id='word_1_272' title='bbox 834 1894 1011 1955; x_wconf 89' lang='lat' dir='ltr'><strong>docet,</strong></span> <span class='ocrx_word' id='word_1_273' title='bbox 1041 1900 1095 1946; x_wconf 90' lang='lat' dir='ltr'><strong>et</strong></span> <span class='ocrx_word' id='word_1_274' title='bbox 1122 1906 1282 1960; x_wconf 90' lang='lat' dir='ltr'><strong>quam</strong></span> <span class='ocrx_word' id='word_1_275' title='bbox 1313 1892 1421 1945; x_wconf 93' lang='lat' dir='ltr'><strong>sint</strong></span> <span class='ocrx_word' id='word_1_276' title='bbox 1448 1893 1671 1961; x_wconf 77' lang='lat' dir='ltr'><strong>gravida</strong></span> <span class='ocrx_word' id='word_1_277' title='bbox 1701 1892 1978 1963; x_wconf 86' lang='lat' dir='ltr'><strong>mysteriis</strong></span> <span class='ocrx_word' id='word_1_278' title='bbox 2001 1893 2081 1946; x_wconf 91' lang='lat' dir='ltr'><strong>in-</strong></span> 
     </span>
    </p>
   </div>
   <div class='ocr_carea' id='block_1_36' title="bbox 507 1980 2077 2052">
    <p class='ocr_par' dir='ltr' id='par_1_36' title="bbox 507 1980 2077 2052">
     <span class='ocr_line' id='line_1_36' title="bbox 507 1980 2077 2052; baseline -0.003 -16"><span class='ocrx_word' id='word_1_279' title='bbox 507 1984 705 2047; x_wconf 86' lang='lat' dir='ltr'><strong>sinuat,</strong></span> <span class='ocrx_word' id='word_1_280' title='bbox 738 1992 790 2036; x_wconf 91' lang='lat' dir='ltr'><strong>et</strong></span> <span class='ocrx_word' id='word_1_281' title='bbox 818 1999 937 2052; x_wconf 68' lang='lat' dir='ltr'><strong>qua}</strong></span> <span class='ocrx_word' id='word_1_282' title='bbox 962 1983 1181 2036; x_wconf 88' lang='lat' dir='ltr'><strong>deerant</strong></span> <span class='ocrx_word' id='word_1_283' title='bbox 1204 1980 1478 2050; x_wconf 87' lang='lat' dir='ltr'><strong>adimplet.</strong></span> <span class='ocrx_word' id='word_1_284' title='bbox 1503 1980 1774 2051; x_wconf 83' lang='lat' dir='ltr'><strong>Aspiciens</strong></span> <span class='ocrx_word' id='word_1_285' title='bbox 1794 1982 1849 2035; x_wconf 90' lang='lat' dir='ltr'><strong>in</strong></span> <span class='ocrx_word' id='word_1_286' title='bbox 1873 1980 2077 2034; x_wconf 78' lang='lat' dir='ltr'><strong>cce/um.</strong></span> 
     </span>
    </p>
   </div>
   <div class='ocr_carea' id='block_1_37' title="bbox 507 2071 2082 2141">
    <p class='ocr_par' dir='ltr' id='par_1_37' title="bbox 507 2071 2082 2141">
     <span class='ocr_line' id='line_1_37' title="bbox 507 2071 2082 2141; baseline -0.001 -14"><span class='ocrx_word' id='word_1_287' title='bbox 507 2074 561 2127; x_wconf 91' lang='lat' dir='ltr'><strong>In</strong></span> <span class='ocrx_word' id='word_1_288' title='bbox 585 2074 777 2127; x_wconf 56' lang='lat' dir='ltr'><strong>caelum</strong></span> <span class='ocrx_word' id='word_1_289' title='bbox 809 2073 1018 2141; x_wconf 82' lang='lat' dir='ltr'><strong>aspicit,</strong></span> <span class='ocrx_word' id='word_1_290' title='bbox 1048 2080 1106 2125; x_wconf 93' lang='lat' dir='ltr'><strong>ut</strong></span> <span class='ocrx_word' id='word_1_291' title='bbox 1133 2073 1314 2126; x_wconf 91' lang='lat' dir='ltr'><strong>animo</strong></span> <span class='ocrx_word' id='word_1_292' title='bbox 1338 2071 1532 2127; x_wconf 78' lang='lat' dir='ltr'><strong>ctelum</strong></span> <span class='ocrx_word' id='word_1_293' title='bbox 1555 2072 1836 2127; x_wconf 91' lang='lat' dir='ltr'><strong>intendere</strong></span> <span class='ocrx_word' id='word_1_294' title='bbox 1861 2087 1960 2126; x_wconf 91' lang='lat' dir='ltr'><strong>nos</strong></span> <span class='ocrx_word' id='word_1_295' title='bbox 1994 2073 2082 2125; x_wconf 89' lang='lat' dir='ltr'><strong>do-</strong></span> 
     </span>
    </p>
   </div>
   <div class='ocr_carea' id='block_1_38' title="bbox 504 2161 2082 2231">
    <p class='ocr_par' dir='ltr' id='par_1_38' title="bbox 504 2161 2082 2231">
     <span class='ocr_line' id='line_1_38' title="bbox 504 2161 2082 2231; baseline -0.001 -16"><span class='ocrx_word' id='word_1_296' title='bbox 504 2171 644 2227; x_wconf 85' lang='lat' dir='ltr'><strong>ceat,</strong></span> <span class='ocrx_word' id='word_1_297' title='bbox 670 2170 724 2215; x_wconf 89' lang='lat' dir='ltr'><strong>et</strong></span> <span class='ocrx_word' id='word_1_298' title='bbox 753 2163 994 2216; x_wconf 68' lang='lat' dir='ltr'><strong>scientiae</strong></span> <span class='ocrx_word' id='word_1_299' title='bbox 1025 2161 1196 2216; x_wconf 90' lang='lat' dir='ltr'><strong>lucem</strong></span> <span class='ocrx_word' id='word_1_300' title='bbox 1227 2161 1336 2215; x_wconf 92' lang='lat' dir='ltr'><strong>illic</strong></span> <span class='ocrx_word' id='word_1_301' title='bbox 1365 2176 1484 2216; x_wconf 89' lang='lat' dir='ltr'><strong>esse</strong></span> <span class='ocrx_word' id='word_1_302' title='bbox 1509 2162 1875 2231; x_wconf 67' lang='lat' dir='ltr'><strong>qumtendam.</strong></span> <span class='ocrx_word' id='word_1_303' title='bbox 1918 2162 2082 2215; x_wconf 82' lang='lat' dir='ltr'><strong>Bene-</strong></span> 
     </span>
    </p>
   </div>
   <div class='ocr_carea' id='block_1_39' title="bbox 505 2251 2082 2321">
    <p class='ocr_par' dir='ltr' id='par_1_39' title="bbox 505 2251 2082 2321">
     <span class='ocr_line' id='line_1_39' title="bbox 505 2251 2082 2321; baseline -0.001 -17"><span class='ocrx_word' id='word_1_304' title='bbox 505 2253 660 2305; x_wconf 72' lang='lat' dir='ltr'><strong>dixit.</strong></span> <span class='ocrx_word' id='word_1_305' title='bbox 703 2251 835 2318; x_wconf 88' lang='lat' dir='ltr'><strong>Quia</strong></span> <span class='ocrx_word' id='word_1_306' title='bbox 866 2252 1044 2305; x_wconf 90' lang='lat' dir='ltr'><strong>omnis</strong></span> <span class='ocrx_word' id='word_1_307' title='bbox 1071 2258 1226 2306; x_wconf 85' lang='lat' dir='ltr'><strong>vetus</strong></span> <span class='ocrx_word' id='word_1_308' title='bbox 1279 2251 1558 2321; x_wconf 85' lang='lat' dir='ltr'><strong>Scriptura</strong></span> <span class='ocrx_word' id='word_1_309' title='bbox 1604 2252 1671 2305; x_wconf 86' lang='lat' dir='ltr'><strong>ab</strong></span> <span class='ocrx_word' id='word_1_310' title='bbox 1718 2251 1833 2320; x_wconf 89' lang='lat' dir='ltr'><strong>ipso</strong></span> <span class='ocrx_word' id='word_1_311' title='bbox 1864 2251 2082 2305; x_wconf 84' lang='lat' dir='ltr'><strong>benedi-</strong></span> 
     </span>
    </p>
   </div>
   <div class='ocr_carea' id='block_1_40' title="bbox 505 2341 2083 2413">
    <p class='ocr_par' dir='ltr' id='par_1_40' title="bbox 505 2341 2083 2413">
     <span class='ocr_line' id='line_1_40' title="bbox 505 2341 2083 2413; baseline 0.001 -18"><span class='ocrx_word' id='word_1_312' title='bbox 505 2349 591 2395; x_wconf 88' lang='lat' dir='ltr'><strong>cta</strong></span> <span class='ocrx_word' id='word_1_313' title='bbox 618 2350 670 2395; x_wconf 90' lang='lat' dir='ltr'><strong>et</strong></span> <span class='ocrx_word' id='word_1_314' title='bbox 698 2342 1003 2396; x_wconf 88' lang='lat' dir='ltr'><strong>hominibus</strong></span> <span class='ocrx_word' id='word_1_315' title='bbox 1023 2344 1167 2396; x_wconf 87' lang='lat' dir='ltr'><strong>data.</strong></span> <span class='ocrx_word' id='word_1_316' title='bbox 1201 2341 1399 2412; x_wconf 79' lang='lat' dir='ltr'><strong>Fregit.</strong></span> <span class='ocrx_word' id='word_1_317' title='bbox 1425 2343 1538 2398; x_wconf 85' lang='lat' dir='ltr'><strong>Hoc</strong></span> <span class='ocrx_word' id='word_1_318' title='bbox 1584 2352 1666 2398; x_wconf 90' lang='lat' dir='ltr'><strong>est</strong></span> <span class='ocrx_word' id='word_1_319' title='bbox 1713 2343 1923 2413; x_wconf 88' lang='lat' dir='ltr'><strong>aperuit</strong></span> <span class='ocrx_word' id='word_1_320' title='bbox 1957 2357 2083 2412; x_wconf 74' lang='lat' dir='ltr'><strong>apo-</strong></span> 
     </span>
    </p>
   </div>
   <div class='ocr_carea' id='block_1_41' title="bbox 504 2432 2080 2505">
    <p class='ocr_par' dir='ltr' id='par_1_41' title="bbox 504 2432 2080 2505">
     <span class='ocr_line' id='line_1_41' title="bbox 504 2432 2080 2505; baseline 0.001 -18"><span class='ocrx_word' id='word_1_321' title='bbox 504 2432 658 2487; x_wconf 86' lang='lat' dir='ltr'><strong>stolis</strong></span> <span class='ocrx_word' id='word_1_322' title='bbox 678 2447 893 2486; x_wconf 87' lang='lat' dir='ltr'><strong>sensum</strong></span> <span class='ocrx_word' id='word_1_323' title='bbox 924 2442 983 2486; x_wconf 92' lang='lat' dir='ltr'><strong>ut</strong></span> <span class='ocrx_word' id='word_1_324' title='bbox 1008 2434 1366 2502; x_wconf 82' lang='lat' dir='ltr'><strong>intelligerent</strong></span> <span class='ocrx_word' id='word_1_325' title='bbox 1398 2433 1730 2505; x_wconf 90' lang='lat' dir='ltr'><strong>Seripturas.</strong></span> <span class='ocrx_word' id='word_1_326' title='bbox 1779 2435 1885 2489; x_wconf 92' lang='lat' dir='ltr'><strong>Seu</strong></span> <span class='ocrx_word' id='word_1_327' title='bbox 1913 2448 2080 2502; x_wconf 88' lang='lat' dir='ltr'><strong>expo-</strong></span> 
     </span>
    </p>
   </div>
   <div class='ocr_carea' id='block_1_42' title="bbox 507 2522 2084 2593">
    <p class='ocr_par' dir='ltr' id='par_1_42' title="bbox 507 2522 2084 2593">
     <span class='ocr_line' id='line_1_42' title="bbox 507 2522 2084 2593; baseline 0.001 -18"><span class='ocrx_word' id='word_1_328' title='bbox 507 2522 617 2575; x_wconf 89' lang='lat' dir='ltr'><strong>suit</strong></span> <span class='ocrx_word' id='word_1_329' title='bbox 637 2524 908 2590; x_wconf 91' lang='lat' dir='ltr'><strong>quomodo</strong></span> <span class='ocrx_word' id='word_1_330' title='bbox 938 2523 1316 2591; x_wconf 78' lang='lat' dir='ltr'><strong>intelligerent.</strong></span> <span class='ocrx_word' id='word_1_331' title='bbox 1346 2522 1545 2593; x_wconf 83' lang='lat' dir='ltr'><strong>Fregit.</strong></span> <span class='ocrx_word' id='word_1_332' title='bbox 1568 2524 1705 2590; x_wconf 91' lang='lat' dir='ltr'><strong>Quia</strong></span> <span class='ocrx_word' id='word_1_333' title='bbox 1730 2524 1794 2577; x_wconf 90' lang='lat' dir='ltr'><strong>de</strong></span> <span class='ocrx_word' id='word_1_334' title='bbox 1811 2538 1918 2577; x_wconf 92' lang='lat' dir='ltr'><strong>uno</strong></span> <span class='ocrx_word' id='word_1_335' title='bbox 1946 2538 2084 2592; x_wconf 68' lang='lat' dir='ltr'><strong>prte-</strong></span> 
     </span>
    </p>
   </div>
   <div class='ocr_carea' id='block_1_43' title="bbox 505 2611 2078 2684">
    <p class='ocr_par' dir='ltr' id='par_1_43' title="bbox 505 2611 2078 2684">
     <span class='ocr_line' id='line_1_43' title="bbox 505 2611 2078 2684; baseline 0.001 -19"><span class='ocrx_word' id='word_1_336' title='bbox 505 2618 662 2680; x_wconf 88' lang='lat' dir='ltr'><strong>cepto</strong></span> <span class='ocrx_word' id='word_1_337' title='bbox 686 2612 793 2666; x_wconf 88' lang='lat' dir='ltr'><strong>duo</strong></span> <span class='ocrx_word' id='word_1_338' title='bbox 808 2611 962 2684; x_wconf 80' lang='lat' dir='ltr'><strong>nobis</strong></span> <span class='ocrx_word' id='word_1_339' title='bbox 988 2612 1129 2673; x_wconf 90' lang='lat' dir='ltr'><strong>fecit,</strong></span> <span class='ocrx_word' id='word_1_340' title='bbox 1148 2628 1270 2666; x_wconf 89' lang='lat' dir='ltr'><strong>eum</strong></span> <span class='ocrx_word' id='word_1_341' title='bbox 1285 2613 1451 2667; x_wconf 86' lang='lat' dir='ltr'><strong>dixit:</strong></span> <span class='ocrx_word' id='word_1_342' title='bbox 1472 2613 1706 2667; x_wconf 80' lang='lat' dir='ltr'><strong>Audistis</strong></span> <span class='ocrx_word' id='word_1_343' title='bbox 1732 2612 1853 2684; x_wconf 86' lang='lat' dir='ltr'><strong>quia</strong></span> <span class='ocrx_word' id='word_1_344' title='bbox 1881 2613 2078 2667; x_wconf 84' lang='lat' dir='ltr'><strong>dictum</strong></span> 
     </span>
    </p>
   </div>
   <div class='ocr_carea' id='block_1_44' title="bbox 505 2681 2081 2772">
    <p class='ocr_par' dir='ltr' id='par_1_44' title="bbox 505 2681 2081 2772">
     <span class='ocr_line' id='line_1_44' title="bbox 505 2681 2081 2772; baseline 0.002 -20"><span class='ocrx_word' id='word_1_345' title='bbox 505 2708 580 2752; x_wconf 84' lang='lat' dir='ltr'><strong>est</strong></span> <span class='ocrx_word' id='word_1_346' title='bbox 598 2699 865 2769; x_wconf 79' lang='lat' dir='ltr'><strong>antiquis:</strong></span> <span class='ocrx_word' id='word_1_347' title='bbox 900 2681 1023 2754; x_wconf 69' lang='lat' dir='ltr'><strong>Non</strong></span> <span class='ocrx_word' id='word_1_348' title='bbox 1050 2700 1271 2754; x_wconf 86' lang='lat' dir='ltr'><strong>occides.</strong></span> <span class='ocrx_word' id='word_1_349' title='bbox 1303 2700 1415 2772; x_wconf 81' lang='lat' dir='ltr'><strong>Ego</strong></span> <span class='ocrx_word' id='word_1_350' title='bbox 1439 2711 1614 2755; x_wconf 80' lang='lat' dir='ltr'><strong>autem</strong></span> <span class='ocrx_word' id='word_1_351' title='bbox 1640 2681 1760 2756; x_wconf 85' lang='lat' dir='ltr'><strong>dico</strong></span> <span class='ocrx_word' id='word_1_352' title='bbox 1787 2702 1927 2756; x_wconf 81' lang='lat' dir='ltr'><strong>vobis</strong></span> <span class='ocrx_word' id='word_1_353' title='bbox 1956 2715 1974 2752; x_wconf 90' lang='lat'><strong><em>:</em></strong></span> <span class='ocrx_word' id='word_1_354' title='bbox 1998 2701 2081 2755; x_wconf 84' lang='lat' dir='ltr'><strong>Ne</strong></span> 
     </span>
    </p>
   </div>
   <div class='ocr_carea' id='block_1_45' title="bbox 505 2794 2080 2866">
    <p class='ocr_par' dir='ltr' id='par_1_45' title="bbox 505 2794 2080 2866">
     <span class='ocr_line' id='line_1_45' title="bbox 505 2794 2080 2866; baseline 0.001 -19"><span class='ocrx_word' id='word_1_355' title='bbox 505 2794 827 2848; x_wconf 76' lang='lat' dir='ltr'><strong>irascamini.</strong></span> <span class='ocrx_word' id='word_1_356' title='bbox 876 2794 1141 2851; x_wconf 86' lang='lat' dir='ltr'><strong>Similiter</strong></span> <span class='ocrx_word' id='word_1_357' title='bbox 1163 2796 1231 2851; x_wconf 90' lang='lat' dir='ltr'><strong>de</strong></span> <span class='ocrx_word' id='word_1_358' title='bbox 1259 2796 1401 2850; x_wconf 89' lang='lat' dir='ltr'><strong>aliis.</strong></span> <span class='ocrx_word' id='word_1_359' title='bbox 1449 2796 1606 2850; x_wconf 85' lang='lat' dir='ltr'><strong>Dedit</strong></span> <span class='ocrx_word' id='word_1_360' title='bbox 1652 2794 1926 2866; x_wconf 78' lang='lat' dir='ltr'><strong>discipulis</strong></span> <span class='ocrx_word' id='word_1_361' title='bbox 1972 2796 2080 2848; x_wconf 85' lang='lat' dir='ltr'><strong>suis</strong></span> 
     </span>
    </p>
   </div>
   <div class='ocr_carea' id='block_1_46' title="bbox 506 2887 2082 2958">
    <p class='ocr_par' dir='ltr' id='par_1_46' title="bbox 506 2887 2082 2958">
     <span class='ocr_line' id='line_1_46' title="bbox 506 2887 2082 2958; baseline 0.001 -18"><span class='ocrx_word' id='word_1_362' title='bbox 506 2903 666 2956; x_wconf 82' lang='lat' dir='ltr'><strong>panes</strong></span> <span class='ocrx_word' id='word_1_363' title='bbox 693 2904 712 2940; x_wconf 87' lang='lat'><strong><em>:</em></strong></span> <span class='ocrx_word' id='word_1_364' title='bbox 741 2887 984 2957; x_wconf 81' lang='lat' dir='ltr'><strong>discipuli</strong></span> <span class='ocrx_word' id='word_1_365' title='bbox 1005 2899 1177 2942; x_wconf 86' lang='lat' dir='ltr'><strong>autem</strong></span> <span class='ocrx_word' id='word_1_366' title='bbox 1209 2888 1394 2942; x_wconf 81' lang='lat' dir='ltr'><strong>turbis.</strong></span> <span class='ocrx_word' id='word_1_367' title='bbox 1424 2887 1559 2955; x_wconf 90' lang='lat' dir='ltr'><strong>Quia</strong></span> <span class='ocrx_word' id='word_1_368' title='bbox 1607 2888 1724 2958; x_wconf 89' lang='lat' dir='ltr'><strong>ipse</strong></span> <span class='ocrx_word' id='word_1_369' title='bbox 1765 2903 1862 2957; x_wconf 87' lang='lat' dir='ltr'><strong>per</strong></span> <span class='ocrx_word' id='word_1_370' title='bbox 1884 2902 1943 2943; x_wconf 88' lang='lat' dir='ltr'><strong>se</strong></span> <span class='ocrx_word' id='word_1_371' title='bbox 1988 2901 2082 2942; x_wconf 87' lang='lat' dir='ltr'><strong>eos</strong></span> 
     </span>
    </p>
   </div>
   <div class='ocr_carea' id='block_1_47' title="bbox 503 2979 2082 3050">
    <p class='ocr_par' dir='ltr' id='par_1_47' title="bbox 503 2979 2082 3050">
     <span class='ocr_line' id='line_1_47' title="bbox 503 2979 2082 3050; baseline 0 -17"><span class='ocrx_word' id='word_1_372' title='bbox 503 2980 738 3033; x_wconf 86' lang='lat' dir='ltr'><strong>erudivit</strong></span> <span class='ocrx_word' id='word_1_373' title='bbox 763 2988 817 3035; x_wconf 88' lang='lat' dir='ltr'><strong>et</strong></span> <span class='ocrx_word' id='word_1_374' title='bbox 842 2995 940 3049; x_wconf 87' lang='lat' dir='ltr'><strong>per</strong></span> <span class='ocrx_word' id='word_1_375' title='bbox 985 2980 1254 3049; x_wconf 83' lang='lat' dir='ltr'><strong>apostolos</strong></span> <span class='ocrx_word' id='word_1_376' title='bbox 1281 2988 1488 3050; x_wconf 78' lang='lat' dir='ltr'><strong>gentes.</strong></span> <span class='ocrx_word' id='word_1_377' title='bbox 1539 2981 1605 3034; x_wconf 79' lang='lat' dir='ltr'><strong>At</strong></span> <span class='ocrx_word' id='word_1_378' title='bbox 1633 2979 2082 3034; x_wconf 83' lang='lat' dir='ltr'><strong>manducaveruut</strong></span> 
     </span>
    </p>
   </div>
   <div class='ocr_carea' id='block_1_48' title="bbox 504 3069 2081 3140">
    <p class='ocr_par' dir='ltr' id='par_1_48' title="bbox 504 3069 2081 3140">
     <span class='ocr_line' id='line_1_48' title="bbox 504 3069 2081 3140; baseline 0.006 -20"><span class='ocrx_word' id='word_1_379' title='bbox 504 3081 553 3121; x_wconf 82' lang='lat' dir='ltr'><strong>et</strong></span> <span class='ocrx_word' id='word_1_380' title='bbox 584 3071 807 3122; x_wconf 65' lang='grc' dir='ltr'><strong>καίηταιὶ</strong></span> <span class='ocrx_word' id='word_1_381' title='bbox 838 3081 980 3123; x_wconf 83' lang='lat' dir='ltr'><strong>sunt.</strong></span> <span class='ocrx_word' id='word_1_382' title='bbox 1007 3069 1254 3125; x_wconf 86' lang='lat' dir='ltr'><strong>Ostendit</strong></span> <span class='ocrx_word' id='word_1_383' title='bbox 1294 3070 1669 3126; x_wconf 89' lang='lat' dir='ltr'><strong>assiduitatem</strong></span> <span class='ocrx_word' id='word_1_384' title='bbox 1718 3071 2081 3140; x_wconf 88' lang='lat' dir='ltr'><strong>apostolorum</strong></span> 
     </span>
    </p>
   </div>
   <div class='ocr_carea' id='block_1_49' title="bbox 2181 1874 3774 1948">
    <p class='ocr_par' dir='ltr' id='par_1_49' title="bbox 2181 1874 3774 1948">
     <span class='ocr_line' id='line_1_49' title="bbox 2181 1874 3774 1948; baseline -0.002 -15"><span class='ocrx_word' id='word_1_385' title='bbox 2181 1880 2258 1933; x_wconf 78' lang='lat' dir='ltr'><strong>dit</strong></span> <span class='ocrx_word' id='word_1_386' title='bbox 2287 1878 2415 1948; x_wconf 89' lang='lat' dir='ltr'><strong>quid</strong></span> <span class='ocrx_word' id='word_1_387' title='bbox 2445 1877 2736 1932; x_wconf 86' lang='lat' dir='ltr'><strong>debeamus</strong></span> <span class='ocrx_word' id='word_1_388' title='bbox 2758 1875 2954 1941; x_wconf 87' lang='lat' dir='ltr'><strong>facere,</strong></span> <span class='ocrx_word' id='word_1_389' title='bbox 2985 1877 3076 1945; x_wconf 89' lang='lat' dir='ltr'><strong>qui</strong></span> <span class='ocrx_word' id='word_1_390' title='bbox 3120 1875 3239 1944; x_wconf 89' lang='lat' dir='ltr'><strong>puri</strong></span> <span class='ocrx_word' id='word_1_391' title='bbox 3280 1874 3527 1930; x_wconf 86' lang='lat' dir='ltr'><strong>homines</strong></span> <span class='ocrx_word' id='word_1_392' title='bbox 3574 1892 3774 1930; x_wconf 78' lang='lat' dir='ltr'><strong>sumus</strong></span> 
     </span>
    </p>
   </div>
   <div class='ocr_carea' id='block_1_50' title="bbox 2181 1965 3776 2038">
    <p class='ocr_par' dir='ltr' id='par_1_50' title="bbox 2181 1965 3776 2038">
     <span class='ocr_line' id='line_1_50' title="bbox 2181 1965 3776 2038; baseline -0.002 -14"><span class='ocrx_word' id='word_1_393' title='bbox 2181 1984 2302 2025; x_wconf 90' lang='lat' dir='ltr'><strong>cum</strong></span> <span class='ocrx_word' id='word_1_394' title='bbox 2328 1969 2593 2038; x_wconf 88' lang='lat' dir='ltr'><strong>peccatis;</strong></span> <span class='ocrx_word' id='word_1_395' title='bbox 2609 1969 2653 2023; x_wconf 88' lang='lat' dir='ltr'><strong>si</strong></span> <span class='ocrx_word' id='word_1_396' title='bbox 2672 1969 2784 2038; x_wconf 90' lang='lat' dir='ltr'><strong>ipse</strong></span> <span class='ocrx_word' id='word_1_397' title='bbox 2807 1968 3009 2036; x_wconf 87' lang='lat' dir='ltr'><strong>absque</strong></span> <span class='ocrx_word' id='word_1_398' title='bbox 3025 1976 3247 2037; x_wconf 88' lang='lat' dir='ltr'><strong>peccato</strong></span> <span class='ocrx_word' id='word_1_399' title='bbox 3269 1965 3582 2035; x_wconf 87' lang='lat' dir='ltr'><strong>frequenter</strong></span> <span class='ocrx_word' id='word_1_400' title='bbox 3600 1982 3745 2022; x_wconf 82' lang='lat' dir='ltr'><strong>vaca</strong></span> <span class='ocrx_word' id='word_1_401' title='bbox 3759 1998 3776 2008; x_wconf 84' lang='lat'><strong>-</strong></span> 
     </span>
    </p>
   </div>
   <div class='ocr_carea' id='block_1_51' title="bbox 2180 2056 3773 2127">
    <p class='ocr_par' dir='ltr' id='par_1_51' title="bbox 2180 2056 3773 2127">
     <span class='ocr_line' id='line_1_51' title="bbox 2180 2056 3773 2127; baseline -0.002 -14"><span class='ocrx_word' id='word_1_402' title='bbox 2180 2060 2272 2113; x_wconf 89' lang='lat' dir='ltr'><strong>bat</strong></span> <span class='ocrx_word' id='word_1_403' title='bbox 2296 2059 2548 2124; x_wconf 85' lang='lat' dir='ltr'><strong>orationi,</strong></span> <span class='ocrx_word' id='word_1_404' title='bbox 2580 2058 2747 2113; x_wconf 89' lang='lat' dir='ltr'><strong>etiam</strong></span> <span class='ocrx_word' id='word_1_405' title='bbox 2775 2058 2990 2127; x_wconf 89' lang='lat' dir='ltr'><strong>quando</strong></span> <span class='ocrx_word' id='word_1_406' title='bbox 3020 2057 3224 2125; x_wconf 82' lang='lat' dir='ltr'><strong>aliquid</strong></span> <span class='ocrx_word' id='word_1_407' title='bbox 3272 2056 3398 2111; x_wconf 75' lang='lat' dir='ltr'><strong>toni</strong></span> <span class='ocrx_word' id='word_1_408' title='bbox 3442 2058 3569 2126; x_wconf 88' lang='lat' dir='ltr'><strong>quis</strong></span> <span class='ocrx_word' id='word_1_409' title='bbox 3597 2059 3773 2119; x_wconf 80' lang='lat' dir='ltr'><strong>facit,</strong></span> 
     </span>
    </p>
   </div>
   <div class='ocr_carea' id='block_1_52' title="bbox 2184 2146 3776 2218">
    <p class='ocr_par' dir='ltr' id='par_1_52' title="bbox 2184 2146 3776 2218">
     <span class='ocr_line' id='line_1_52' title="bbox 2184 2146 3776 2218; baseline -0.002 -15"><span class='ocrx_word' id='word_1_410' title='bbox 2184 2157 2279 2203; x_wconf 85' lang='lat' dir='ltr'><strong>aut</strong></span> <span class='ocrx_word' id='word_1_411' title='bbox 2310 2149 2600 2215; x_wconf 79' lang='lat' dir='ltr'><strong>excellens,</strong></span> <span class='ocrx_word' id='word_1_412' title='bbox 2652 2148 2879 2203; x_wconf 89' lang='lat' dir='ltr'><strong>Domino</strong></span> <span class='ocrx_word' id='word_1_413' title='bbox 2906 2148 3067 2203; x_wconf 81' lang='lat' dir='ltr'><strong>debet</strong></span> <span class='ocrx_word' id='word_1_414' title='bbox 3113 2146 3321 2202; x_wconf 81' lang='lat' dir='ltr'><strong>referre</strong></span> <span class='ocrx_word' id='word_1_415' title='bbox 3345 2148 3553 2217; x_wconf 78' lang='lat' dir='ltr'><strong>gratias</strong></span> <span class='ocrx_word' id='word_1_416' title='bbox 3579 2164 3611 2202; x_wconf 87' lang='lat' dir='ltr'><strong>a</strong></span> <span class='ocrx_word' id='word_1_417' title='bbox 3659 2164 3776 2218; x_wconf 80' lang='lat' dir='ltr'><strong>quo</strong></span> 
     </span>
    </p>
   </div>
   <div class='ocr_carea' id='block_1_53' title="bbox 2181 2238 3775 2311">
    <p class='ocr_par' dir='ltr' id='par_1_53' title="bbox 2181 2238 3775 2311">
     <span class='ocr_line' id='line_1_53' title="bbox 2181 2238 3775 2311; baseline -0.001 -16"><span class='ocrx_word' id='word_1_418' title='bbox 2181 2256 2244 2295; x_wconf 90' lang='lat' dir='ltr'><strong>ea</strong></span> <span class='ocrx_word' id='word_1_419' title='bbox 2267 2242 2410 2309; x_wconf 89' lang='lat' dir='ltr'><strong>cepit</strong></span> <span class='ocrx_word' id='word_1_420' title='bbox 2441 2249 2497 2295; x_wconf 91' lang='lat' dir='ltr'><strong>ut</strong></span> <span class='ocrx_word' id='word_1_421' title='bbox 2527 2240 2760 2305; x_wconf 87' lang='lat' dir='ltr'><strong>faceret;</strong></span> <span class='ocrx_word' id='word_1_422' title='bbox 2790 2248 2843 2295; x_wconf 90' lang='lat' dir='ltr'><strong>et</strong></span> <span class='ocrx_word' id='word_1_423' title='bbox 2871 2255 3031 2295; x_wconf 87' lang='lat' dir='ltr'><strong>orare</strong></span> <span class='ocrx_word' id='word_1_424' title='bbox 3073 2254 3142 2294; x_wconf 90' lang='lat' dir='ltr'><strong>ne</strong></span> <span class='ocrx_word' id='word_1_425' title='bbox 3170 2239 3349 2309; x_wconf 88' lang='lat' dir='ltr'><strong>aliqua</strong></span> <span class='ocrx_word' id='word_1_426' title='bbox 3380 2238 3542 2294; x_wconf 87' lang='lat' dir='ltr'><strong>elatio</strong></span> <span class='ocrx_word' id='word_1_427' title='bbox 3563 2238 3645 2293; x_wconf 87' lang='lat' dir='ltr'><strong>illi</strong></span> <span class='ocrx_word' id='word_1_428' title='bbox 3672 2256 3775 2311; x_wconf 80' lang='lat' dir='ltr'><strong>pro</strong></span> 
     </span>
    </p>
   </div>
   <div class='ocr_carea' id='block_1_54' title="bbox 2182 2329 3770 2407">
    <p class='ocr_par' dir='ltr' id='par_1_54' title="bbox 2182 2329 3770 2407">
     <span class='ocr_line' id='line_1_54' title="bbox 2182 2329 3770 2407; baseline 0.002 -22"><span class='ocrx_word' id='word_1_429' title='bbox 2182 2332 2285 2386; x_wconf 88' lang='lat' dir='ltr'><strong>hoc</strong></span> <span class='ocrx_word' id='word_1_430' title='bbox 2323 2330 2465 2385; x_wconf 82' lang='lat' dir='ltr'><strong>facto</strong></span> <span class='ocrx_word' id='word_1_431' title='bbox 2493 2331 2776 2400; x_wconf 87' lang='lat' dir='ltr'><strong>subripiat.</strong></span> <span class='ocrx_word' id='word_1_432' title='bbox 2821 2329 2973 2407; x_wconf 89' lang='lat' dir='ltr'><strong>Quod</strong></span> <span class='ocrx_word' id='word_1_433' title='bbox 3012 2329 3206 2401; x_wconf 85' lang='lat' dir='ltr'><strong>refugit</strong></span> <span class='ocrx_word' id='word_1_434' title='bbox 3245 2331 3446 2385; x_wconf 87' lang='lat' dir='ltr'><strong>habere</strong></span> <span class='ocrx_word' id='word_1_435' title='bbox 3485 2339 3770 2387; x_wconf 78' lang='lat' dir='ltr'><strong>terrenam</strong></span> 
     </span>
    </p>
   </div>
   <div class='ocr_carea' id='block_1_55' title="bbox 2180 2423 3769 2494">
    <p class='ocr_par' dir='ltr' id='par_1_55' title="bbox 2180 2423 3769 2494">
     <span class='ocr_line' id='line_1_55' title="bbox 2180 2423 3769 2494; baseline 0.001 -16"><span class='ocrx_word' id='word_1_436' title='bbox 2180 2431 2521 2494; x_wconf 89' lang='lat' dir='ltr'><strong>potestatem,</strong></span> <span class='ocrx_word' id='word_1_437' title='bbox 2556 2424 2683 2492; x_wconf 89' lang='lat' dir='ltr'><strong>quid</strong></span> <span class='ocrx_word' id='word_1_438' title='bbox 2710 2425 2866 2479; x_wconf 87' lang='lat' dir='ltr'><strong>electi</strong></span> <span class='ocrx_word' id='word_1_439' title='bbox 2893 2424 3008 2493; x_wconf 85' lang='lat' dir='ltr'><strong>ejus</strong></span> <span class='ocrx_word' id='word_1_440' title='bbox 3041 2423 3220 2478; x_wconf 85' lang='lat' dir='ltr'><strong>facere</strong></span> <span class='ocrx_word' id='word_1_441' title='bbox 3245 2423 3478 2478; x_wconf 87' lang='lat' dir='ltr'><strong>debeant</strong></span> <span class='ocrx_word' id='word_1_442' title='bbox 3504 2426 3769 2487; x_wconf 70' lang='lat' dir='ltr'><strong>ostendit,</strong></span> 
     </span>
    </p>
   </div>
   <div class='ocr_carea' id='block_1_56' title="bbox 2181 2515 3773 2586">
    <p class='ocr_par' dir='ltr' id='par_1_56' title="bbox 2181 2515 3773 2586">
     <span class='ocr_line' id='line_1_56' title="bbox 2181 2515 3773 2586; baseline 0.001 -17"><span class='ocrx_word' id='word_1_443' title='bbox 2181 2517 2308 2585; x_wconf 86' lang='lat' dir='ltr'><strong>quia</strong></span> <span class='ocrx_word' id='word_1_444' title='bbox 2362 2515 2540 2570; x_wconf 88' lang='lat' dir='ltr'><strong>nullus</strong></span> <span class='ocrx_word' id='word_1_445' title='bbox 2584 2522 2763 2585; x_wconf 84' lang='lat' dir='ltr'><strong>potest</strong></span> <span class='ocrx_word' id='word_1_446' title='bbox 2811 2515 3009 2570; x_wconf 87' lang='lat' dir='ltr'><strong>habere</strong></span> <span class='ocrx_word' id='word_1_447' title='bbox 3053 2525 3374 2586; x_wconf 85' lang='lat' dir='ltr'><strong>potestatem</strong></span> <span class='ocrx_word' id='word_1_448' title='bbox 3422 2518 3541 2573; x_wconf 87' lang='lat' dir='ltr'><strong>sine</strong></span> <span class='ocrx_word' id='word_1_449' title='bbox 3584 2516 3773 2571; x_wconf 78' lang='lat' dir='ltr'><strong>multis</strong></span> 
     </span>
    </p>
   </div>
   <div class='ocr_carea' id='block_1_57' title="bbox 2182 2605 3774 2677">
    <p class='ocr_par' dir='ltr' id='par_1_57' title="bbox 2182 2605 3774 2677">
     <span class='ocr_line' id='line_1_57' title="bbox 2182 2605 3774 2677; baseline 0 -16"><span class='ocrx_word' id='word_1_450' title='bbox 2182 2606 2440 2677; x_wconf 86' lang='lat' dir='ltr'><strong>peccatis.</strong></span> <span class='ocrx_word' id='word_1_451' title='bbox 2468 2605 2761 2674; x_wconf 86' lang='lat' dir='ltr'><strong>Propterea</strong></span> <span class='ocrx_word' id='word_1_452' title='bbox 2790 2606 2879 2675; x_wconf 91' lang='lat' dir='ltr'><strong>qui</strong></span> <span class='ocrx_word' id='word_1_453' title='bbox 2910 2606 3022 2659; x_wconf 88' lang='lat' dir='ltr'><strong>vult</strong></span> <span class='ocrx_word' id='word_1_454' title='bbox 3052 2606 3351 2662; x_wconf 88' lang='lat' dir='ltr'><strong>sublimiter</strong></span> <span class='ocrx_word' id='word_1_455' title='bbox 3392 2623 3515 2662; x_wconf 87' lang='lat' dir='ltr'><strong>cum</strong></span> <span class='ocrx_word' id='word_1_456' title='bbox 3548 2608 3774 2662; x_wconf 79' lang='lat' dir='ltr'><strong>Christo</strong></span> 
     </span>
    </p>
   </div>
   <div class='ocr_carea' id='block_1_58' title="bbox 2183 2696 3773 2766">
    <p class='ocr_par' dir='ltr' id='par_1_58' title="bbox 2183 2696 3773 2766">
     <span class='ocr_line' id='line_1_58' title="bbox 2183 2696 3773 2766; baseline 0.001 -15"><span class='ocrx_word' id='word_1_457' title='bbox 2183 2710 2430 2766; x_wconf 82' lang='lat' dir='ltr'><strong>regnare,</strong></span> <span class='ocrx_word' id='word_1_458' title='bbox 2463 2711 2570 2750; x_wconf 90' lang='lat' dir='ltr'><strong>non</strong></span> <span class='ocrx_word' id='word_1_459' title='bbox 2614 2704 2767 2750; x_wconf 90' lang='lat' dir='ltr'><strong>curet</strong></span> <span class='ocrx_word' id='word_1_460' title='bbox 2812 2696 3011 2750; x_wconf 85' lang='lat' dir='ltr'><strong>habere</strong></span> <span class='ocrx_word' id='word_1_461' title='bbox 3057 2706 3381 2766; x_wconf 87' lang='lat' dir='ltr'><strong>potestatem</strong></span> <span class='ocrx_word' id='word_1_462' title='bbox 3434 2698 3485 2751; x_wconf 93' lang='lat' dir='ltr'><strong>in</strong></span> <span class='ocrx_word' id='word_1_463' title='bbox 3519 2699 3625 2752; x_wconf 87' lang='lat' dir='ltr'><strong>hoc</strong></span> <span class='ocrx_word' id='word_1_464' title='bbox 3665 2712 3773 2751; x_wconf 76' lang='lat' dir='ltr'><strong>sa:-</strong></span> 
     </span>
    </p>
   </div>
   <div class='ocr_carea' id='block_1_59' title="bbox 2182 2785 3768 2863">
    <p class='ocr_par' dir='ltr' id='par_1_59' title="bbox 2182 2785 3768 2863">
     <span class='ocr_line' id='line_1_59' title="bbox 2182 2785 3768 2863; baseline -0.001 -21"><span class='ocrx_word' id='word_1_465' title='bbox 2182 2786 2304 2842; x_wconf 93' lang='lat' dir='ltr'><strong>culo</strong></span> <span class='ocrx_word' id='word_1_466' title='bbox 2336 2804 2348 2839; x_wconf 89' lang='lat'><strong>:</strong></span> <span class='ocrx_word' id='word_1_467' title='bbox 2382 2786 2533 2856; x_wconf 84' lang='lat' dir='ltr'><strong>quia,</strong></span> <span class='ocrx_word' id='word_1_468' title='bbox 2560 2785 2604 2840; x_wconf 91' lang='lat' dir='ltr'><strong>si</strong></span> <span class='ocrx_word' id='word_1_469' title='bbox 2636 2793 2780 2841; x_wconf 84' lang='lat' dir='ltr'><strong>esset</strong></span> <span class='ocrx_word' id='word_1_470' title='bbox 2808 2786 3125 2855; x_wconf 87' lang='lat' dir='ltr'><strong>appetenda,</strong></span> <span class='ocrx_word' id='word_1_471' title='bbox 3171 2795 3266 2840; x_wconf 89' lang='lat' dir='ltr'><strong>aut</strong></span> <span class='ocrx_word' id='word_1_472' title='bbox 3295 2787 3409 2857; x_wconf 88' lang='lat' dir='ltr'><strong>ipse</strong></span> <span class='ocrx_word' id='word_1_473' title='bbox 3440 2787 3768 2863; x_wconf 73' lang='lat' dir='ltr'><strong>habuisset,</strong></span> 
     </span>
    </p>
   </div>
   <div class='ocr_carea' id='block_1_60' title="bbox 2183 2876 3774 2947">
    <p class='ocr_par' dir='ltr' id='par_1_60' title="bbox 2183 2876 3774 2947">
     <span class='ocr_line' id='line_1_60' title="bbox 2183 2876 3774 2947; baseline -0.001 -16"><span class='ocrx_word' id='word_1_474' title='bbox 2183 2885 2276 2931; x_wconf 90' lang='lat' dir='ltr'><strong>aut</strong></span> <span class='ocrx_word' id='word_1_475' title='bbox 2303 2876 2462 2931; x_wconf 89' lang='lat' dir='ltr'><strong>matri</strong></span> <span class='ocrx_word' id='word_1_476' title='bbox 2493 2876 2759 2940; x_wconf 88' lang='lat' dir='ltr'><strong>dedisset,</strong></span> <span class='ocrx_word' id='word_1_477' title='bbox 2808 2884 2900 2930; x_wconf 90' lang='lat' dir='ltr'><strong>aut</strong></span> <span class='ocrx_word' id='word_1_478' title='bbox 2939 2876 3197 2945; x_wconf 88' lang='lat' dir='ltr'><strong>apostolis</strong></span> <span class='ocrx_word' id='word_1_479' title='bbox 3224 2877 3357 2932; x_wconf 88' lang='lat' dir='ltr'><strong>suis.</strong></span> <span class='ocrx_word' id='word_1_480' title='bbox 3399 2876 3591 2946; x_wconf 81' lang='lat' dir='ltr'><strong>Neque</strong></span> <span class='ocrx_word' id='word_1_481' title='bbox 3616 2892 3774 2947; x_wconf 80' lang='lat' dir='ltr'><strong>reges</strong></span> 
     </span>
    </p>
   </div>
   <div class='ocr_carea' id='block_1_61' title="bbox 2184 2968 3774 3040">
    <p class='ocr_par' dir='ltr' id='par_1_61' title="bbox 2184 2968 3774 3040">
     <span class='ocr_line' id='line_1_61' title="bbox 2184 2968 3774 3040; baseline -0.003 -15"><span class='ocrx_word' id='word_1_482' title='bbox 2184 2970 2250 3025; x_wconf 89' lang='lat' dir='ltr'><strong>de</strong></span> <span class='ocrx_word' id='word_1_483' title='bbox 2280 2984 2445 3040; x_wconf 83' lang='lat' dir='ltr'><strong>regno</strong></span> <span class='ocrx_word' id='word_1_484' title='bbox 2475 2977 2688 3023; x_wconf 82' lang='lat' dir='ltr'><strong>certare</strong></span> <span class='ocrx_word' id='word_1_485' title='bbox 2736 2968 2951 3023; x_wconf 88' lang='lat' dir='ltr'><strong>debent.</strong></span> <span class='ocrx_word' id='word_1_486' title='bbox 2999 2968 3134 3034; x_wconf 88' lang='lat' dir='ltr'><strong>Quia</strong></span> <span class='ocrx_word' id='word_1_487' title='bbox 3171 2983 3270 3037; x_wconf 89' lang='lat' dir='ltr'><strong>pro</strong></span> <span class='ocrx_word' id='word_1_488' title='bbox 3313 2977 3465 3023; x_wconf 83' lang='lat' dir='ltr'><strong>certo</strong></span> <span class='ocrx_word' id='word_1_489' title='bbox 3506 2968 3774 3022; x_wconf 85' lang='lat' dir='ltr'><strong>Dominus</strong></span> 
     </span>
    </p>
   </div>
   <div class='ocr_carea' id='block_1_62' title="bbox 2184 3059 3772 3131">
    <p class='ocr_par' dir='ltr' id='par_1_62' title="bbox 2184 3059 3772 3131">
     <span class='ocr_line' id='line_1_62' title="bbox 2184 3059 3772 3131; baseline -0.002 -16"><span class='ocrx_word' id='word_1_490' title='bbox 2184 3060 2347 3115; x_wconf 86' lang='lat' dir='ltr'><strong>habet</strong></span> <span class='ocrx_word' id='word_1_491' title='bbox 2370 3059 2675 3114; x_wconf 88' lang='lat' dir='ltr'><strong>ordinatum</strong></span> <span class='ocrx_word' id='word_1_492' title='bbox 2703 3059 3009 3129; x_wconf 86' lang='lat' dir='ltr'><strong>quicunque</strong></span> <span class='ocrx_word' id='word_1_493' title='bbox 3034 3072 3188 3130; x_wconf 84' lang='lat' dir='ltr'><strong>reges</strong></span> <span class='ocrx_word' id='word_1_494' title='bbox 3214 3074 3333 3114; x_wconf 88' lang='lat' dir='ltr'><strong>esse</strong></span> <span class='ocrx_word' id='word_1_495' title='bbox 3356 3060 3552 3114; x_wconf 78' lang='lat' dir='ltr'><strong>debent</strong></span> <span class='ocrx_word' id='word_1_496' title='bbox 3578 3059 3632 3131; x_wconf 83' lang='lat' dir='ltr'><strong>in</strong></span> <span class='ocrx_word' id='word_1_497' title='bbox 3666 3059 3772 3112; x_wconf 76' lang='lat' dir='ltr'><strong>hoc</strong></span> 
     </span>
    </p>
   </div>
   <div class='ocr_carea' id='block_1_63' title="bbox 505 3141 2077 3226">
    <p class='ocr_par' dir='ltr' id='par_1_63' title="bbox 505 3159 2077 3226">
     <span class='ocr_line' id='line_1_63' title="bbox 505 3159 2077 3226; baseline 0.003 -16"><span class='ocrx_word' id='word_1_498' title='bbox 505 3168 561 3211; x_wconf 85' lang='lat' dir='ltr'><strong>et</strong></span> <span class='ocrx_word' id='word_1_499' title='bbox 588 3159 965 3226; x_wconf 83' lang='lat' dir='ltr'><strong>perfectionem</strong></span> <span class='ocrx_word' id='word_1_500' title='bbox 996 3160 1047 3213; x_wconf 92' lang='lat' dir='ltr'><strong>in</strong></span> <span class='ocrx_word' id='word_1_501' title='bbox 1088 3160 1331 3214; x_wconf 88' lang='lat' dir='ltr'><strong>doctrina</strong></span> <span class='ocrx_word' id='word_1_502' title='bbox 1362 3176 1478 3215; x_wconf 85' lang='lat' dir='ltr'><strong>sua.</strong></span> <span class='ocrx_word' id='word_1_503' title='bbox 1512 3161 1578 3214; x_wconf 85' lang='lat' dir='ltr'><strong>Et</strong></span> <span class='ocrx_word' id='word_1_504' title='bbox 1607 3161 1927 3215; x_wconf 85' lang='lat' dir='ltr'><strong>sustulerunt</strong></span> <span class='ocrx_word' id='word_1_505' title='bbox 1960 3160 2077 3214; x_wconf 85' lang='lat' dir='ltr'><strong>reli-</strong></span> 
     </span>
    </p>
   </div>
   <div class='ocr_carea' id='block_1_64' title="bbox 2180 3141 3777 3226">
    <p class='ocr_par' dir='ltr' id='par_1_64' title="bbox 2185 3147 3777 3216">
     <span class='ocr_line' id='line_1_64' title="bbox 2185 3147 3777 3216; baseline -0.003 -13"><span class='ocrx_word' id='word_1_506' title='bbox 2185 3148 2402 3213; x_wconf 66' lang='lat' dir='ltr'><strong>sazculo,</strong></span> <span class='ocrx_word' id='word_1_507' title='bbox 2434 3149 2573 3202; x_wconf 89' lang='lat' dir='ltr'><strong>sicut</strong></span> <span class='ocrx_word' id='word_1_508' title='bbox 2607 3148 2675 3202; x_wconf 89' lang='lat' dir='ltr'><strong>de</strong></span> <span class='ocrx_word' id='word_1_509' title='bbox 2720 3147 2823 3202; x_wconf 87' lang='lat' dir='ltr'><strong>illis</strong></span> <span class='ocrx_word' id='word_1_510' title='bbox 2849 3156 2969 3202; x_wconf 87' lang='lat' dir='ltr'><strong>erat</strong></span> <span class='ocrx_word' id='word_1_511' title='bbox 3012 3163 3147 3216; x_wconf 87' lang='lat' dir='ltr'><strong>quos</strong></span> <span class='ocrx_word' id='word_1_512' title='bbox 3197 3149 3434 3202; x_wconf 80' lang='lat' dir='ltr'><strong>ostendit</strong></span> <span class='ocrx_word' id='word_1_513' title='bbox 3478 3148 3625 3202; x_wconf 86' lang='lat' dir='ltr'><strong>Deus</strong></span> <span class='ocrx_word' id='word_1_514' title='bbox 3670 3148 3777 3209; x_wconf 86' lang='lat' dir='ltr'><strong>Da_</strong></span> 
     </span>
    </p>
   </div>
   <div class='ocr_carea' id='block_1_65' title="bbox 505 3247 2078 3319">
    <p class='ocr_par' dir='ltr' id='par_1_65' title="bbox 505 3247 2078 3319">
     <span class='ocr_line' id='line_1_65' title="bbox 505 3247 2078 3319; baseline 0.006 -23"><span class='ocrx_word' id='word_1_515' title='bbox 505 3248 678 3315; x_wconf 81' lang='lat' dir='ltr'><strong>quius,</strong></span> <span class='ocrx_word' id='word_1_516' title='bbox 711 3247 984 3299; x_wconf 82' lang='lat' dir='ltr'><strong>duodecim</strong></span> <span class='ocrx_word' id='word_1_517' title='bbox 1032 3249 1297 3318; x_wconf 71' lang='lat' dir='ltr'><strong>cap/tinos.</strong></span> <span class='ocrx_word' id='word_1_518' title='bbox 1333 3249 1438 3302; x_wconf 89' lang='lat' dir='ltr'><strong>Per</strong></span> <span class='ocrx_word' id='word_1_519' title='bbox 1467 3249 1723 3317; x_wconf 88' lang='lat' dir='ltr'><strong>reliquias</strong></span> <span class='ocrx_word' id='word_1_520' title='bbox 1749 3249 2078 3319; x_wconf 83' lang='lat' dir='ltr'><strong>fragmento-</strong></span> 
     </span>
    </p>
   </div>
   <div class='ocr_carea' id='block_1_66' title="bbox 511 3337 2083 3409">
    <p class='ocr_par' dir='ltr' id='par_1_66' title="bbox 511 3337 2083 3409">
     <span class='ocr_line' id='line_1_66' title="bbox 511 3337 2083 3409; baseline 0.003 -20"><span class='ocrx_word' id='word_1_521' title='bbox 511 3352 652 3398; x_wconf 86' lang='lat' dir='ltr'><strong>rnm,</strong></span> <span class='ocrx_word' id='word_1_522' title='bbox 698 3337 989 3390; x_wconf 87' lang='lat' dir='ltr'><strong>sacratiura</strong></span> <span class='ocrx_word' id='word_1_523' title='bbox 1020 3338 1274 3408; x_wconf 79' lang='lat' dir='ltr'><strong>mysteria</strong></span> <span class='ocrx_word' id='word_1_524' title='bbox 1301 3354 1421 3406; x_wconf 76' lang='lat' dir='ltr'><strong>qua:</strong></span> <span class='ocrx_word' id='word_1_525' title='bbox 1450 3338 1621 3392; x_wconf 73' lang='lat' dir='ltr'><strong>turba:</strong></span> <span class='ocrx_word' id='word_1_526' title='bbox 1647 3338 1945 3409; x_wconf 86' lang='lat' dir='ltr'><strong>intelligere</strong></span> <span class='ocrx_word' id='word_1_527' title='bbox 1987 3355 2083 3394; x_wconf 90' lang='lat' dir='ltr'><strong>ne-</strong></span> 
     </span>
    </p>
   </div>
   <div class='ocr_carea' id='block_1_67' title="bbox 503 3426 2082 3498">
    <p class='ocr_par' dir='ltr' id='par_1_67' title="bbox 503 3426 2082 3498">
     <span class='ocr_line' id='line_1_67' title="bbox 503 3426 2082 3498; baseline 0.003 -19"><span class='ocrx_word' id='word_1_528' title='bbox 503 3426 761 3495; x_wconf 86' lang='lat' dir='ltr'><strong>quibant;</strong></span> <span class='ocrx_word' id='word_1_529' title='bbox 801 3426 925 3494; x_wconf 88' lang='lat' dir='ltr'><strong>quia</strong></span> <span class='ocrx_word' id='word_1_530' title='bbox 956 3427 1096 3481; x_wconf 88' lang='lat' dir='ltr'><strong>sicut</strong></span> <span class='ocrx_word' id='word_1_531' title='bbox 1141 3441 1376 3483; x_wconf 90' lang='lat' dir='ltr'><strong>canones</strong></span> <span class='ocrx_word' id='word_1_532' title='bbox 1415 3427 1754 3496; x_wconf 65' lang='lat' dir='ltr'><strong>principium,</strong></span> <span class='ocrx_word' id='word_1_533' title='bbox 1803 3428 2082 3498; x_wconf 69' lang='lat' dir='ltr'><strong>profunda:</strong></span> 
     </span>
    </p>
   </div>
   <div class='ocr_carea' id='block_1_68' title="bbox 505 3515 2083 3586">
    <p class='ocr_par' dir='ltr' id='par_1_68' title="bbox 505 3515 2083 3586">
     <span class='ocr_line' id='line_1_68' title="bbox 505 3515 2083 3586; baseline 0.001 -18"><span class='ocrx_word' id='word_1_534' title='bbox 505 3515 835 3584; x_wconf 79' lang='lat' dir='ltr'><strong>quaestiones</strong></span> <span class='ocrx_word' id='word_1_535' title='bbox 863 3531 970 3570; x_wconf 88' lang='lat' dir='ltr'><strong>non</strong></span> <span class='ocrx_word' id='word_1_536' title='bbox 1005 3526 1132 3571; x_wconf 89' lang='lat' dir='ltr'><strong>sunt</strong></span> <span class='ocrx_word' id='word_1_537' title='bbox 1169 3518 1447 3571; x_wconf 80' lang='lat' dir='ltr'><strong>movendae</strong></span> <span class='ocrx_word' id='word_1_538' title='bbox 1473 3516 1528 3570; x_wconf 92' lang='lat' dir='ltr'><strong>in</strong></span> <span class='ocrx_word' id='word_1_539' title='bbox 1558 3517 1756 3581; x_wconf 89' lang='lat' dir='ltr'><strong>turbis,</strong></span> <span class='ocrx_word' id='word_1_540' title='bbox 1789 3532 1891 3572; x_wconf 90' lang='lat' dir='ltr'><strong>nec</strong></span> <span class='ocrx_word' id='word_1_541' title='bbox 1910 3532 1942 3571; x_wconf 90' lang='lat' dir='ltr'><strong>a</strong></span> <span class='ocrx_word' id='word_1_542' title='bbox 1965 3531 2083 3586; x_wconf 88' lang='lat' dir='ltr'><strong>per-</strong></span> 
     </span>
    </p>
   </div>
   <div class='ocr_carea' id='block_1_69' title="bbox 508 3607 2082 3677">
    <p class='ocr_par' dir='ltr' id='par_1_69' title="bbox 508 3607 2082 3677">
     <span class='ocr_line' id='line_1_69' title="bbox 508 3607 2082 3677; baseline 0.002 -17"><span class='ocrx_word' id='word_1_543' title='bbox 508 3607 662 3662; x_wconf 82' lang='lat' dir='ltr'><strong>fectis</strong></span> <span class='ocrx_word' id='word_1_544' title='bbox 702 3608 1050 3677; x_wconf 68' lang='lat' dir='ltr'><strong>negligendte,</strong></span> <span class='ocrx_word' id='word_1_545' title='bbox 1088 3608 1181 3663; x_wconf 89' lang='lat' dir='ltr'><strong>sed</strong></span> <span class='ocrx_word' id='word_1_546' title='bbox 1227 3607 1561 3677; x_wconf 76' lang='lat' dir='ltr'><strong>inquirenda:</strong></span> <span class='ocrx_word' id='word_1_547' title='bbox 1595 3622 1624 3660; x_wconf 89' lang='lat' dir='ltr'><strong>a</strong></span> <span class='ocrx_word' id='word_1_548' title='bbox 1656 3607 1929 3676; x_wconf 83' lang='lat' dir='ltr'><strong>perfectis.</strong></span> <span class='ocrx_word' id='word_1_549' title='bbox 1980 3607 2082 3663; x_wconf 80' lang='lat' dir='ltr'><strong>Per</strong></span> 
     </span>
    </p>
   </div>
   <div class='ocr_carea' id='block_1_70' title="bbox 506 3696 2080 3766">
    <p class='ocr_par' dir='ltr' id='par_1_70' title="bbox 506 3696 2080 3766">
     <span class='ocr_line' id='line_1_70' title="bbox 506 3696 2080 3766; baseline -0.001 -15"><span class='ocrx_word' id='word_1_550' title='bbox 506 3697 791 3751; x_wconf 86' lang='lat' dir='ltr'><strong>duodecim</strong></span> <span class='ocrx_word' id='word_1_551' title='bbox 819 3697 1095 3765; x_wconf 86' lang='lat' dir='ltr'><strong>cophinos,</strong></span> <span class='ocrx_word' id='word_1_552' title='bbox 1136 3712 1363 3766; x_wconf 86' lang='lat' dir='ltr'><strong>corpora</strong></span> <span class='ocrx_word' id='word_1_553' title='bbox 1404 3696 1685 3752; x_wconf 88' lang='lat' dir='ltr'><strong>duodecim</strong></span> <span class='ocrx_word' id='word_1_554' title='bbox 1716 3696 2080 3765; x_wconf 84' lang='lat' dir='ltr'><strong>apostolorum</strong></span> 
     </span>
    </p>
   </div>
   <div class='ocr_carea' id='block_1_71' title="bbox 505 3787 2080 3859">
    <p class='ocr_par' dir='ltr' id='par_1_71' title="bbox 505 3787 2080 3859">
     <span class='ocr_line' id='line_1_71' title="bbox 505 3787 2080 3859; baseline 0 -17"><span class='ocrx_word' id='word_1_555' title='bbox 505 3805 625 3857; x_wconf 70' lang='lat' dir='ltr'><strong>qua:</strong></span> <span class='ocrx_word' id='word_1_556' title='bbox 656 3788 779 3842; x_wconf 91' lang='lat' dir='ltr'><strong>vilia</strong></span> <span class='ocrx_word' id='word_1_557' title='bbox 805 3803 833 3840; x_wconf 87' lang='lat' dir='ltr'><strong>a</strong></span> <span class='ocrx_word' id='word_1_558' title='bbox 879 3787 1008 3842; x_wconf 72' lang='lat' dir='ltr'><strong>foris</strong></span> <span class='ocrx_word' id='word_1_559' title='bbox 1034 3787 1284 3853; x_wconf 88' lang='lat' dir='ltr'><strong>fuerunt;</strong></span> <span class='ocrx_word' id='word_1_560' title='bbox 1332 3788 1427 3842; x_wconf 89' lang='lat' dir='ltr'><strong>sed</strong></span> <span class='ocrx_word' id='word_1_561' title='bbox 1482 3788 1627 3842; x_wconf 88' lang='lat' dir='ltr'><strong>intus</strong></span> <span class='ocrx_word' id='word_1_562' title='bbox 1656 3788 1864 3859; x_wconf 79' lang='lat' dir='ltr'><strong>magnis</strong></span> <span class='ocrx_word' id='word_1_563' title='bbox 1895 3802 2080 3842; x_wconf 86' lang='lat' dir='ltr'><strong>sacra-</strong></span> 
     </span>
    </p>
   </div>
   <div class='ocr_carea' id='block_1_72' title="bbox 506 3876 2078 3946">
    <p class='ocr_par' dir='ltr' id='par_1_72' title="bbox 506 3876 2078 3946">
     <span class='ocr_line' id='line_1_72' title="bbox 506 3876 2078 3946; baseline 0 -13"><span class='ocrx_word' id='word_1_564' title='bbox 506 3878 702 3933; x_wconf 85' lang='lat' dir='ltr'><strong>mentis</strong></span> <span class='ocrx_word' id='word_1_565' title='bbox 733 3878 933 3946; x_wconf 86' lang='lat' dir='ltr'><strong>repleta</strong></span> <span class='ocrx_word' id='word_1_566' title='bbox 966 3876 1198 3932; x_wconf 84' lang='lat' dir='ltr'><strong>fuerunt.</strong></span> <span class='ocrx_word' id='word_1_567' title='bbox 1231 3878 1507 3946; x_wconf 86' lang='lat' dir='ltr'><strong>Cophinus</strong></span> <span class='ocrx_word' id='word_1_568' title='bbox 1534 3878 1811 3933; x_wconf 88' lang='lat' dir='ltr'><strong>vasculum</strong></span> <span class='ocrx_word' id='word_1_569' title='bbox 1845 3878 2078 3933; x_wconf 79' lang='lat' dir='ltr'><strong>rustico—</strong></span> 
     </span>
    </p>
   </div>
   <div class='ocr_carea' id='block_1_73' title="bbox 505 3966 2075 4038">
    <p class='ocr_par' dir='ltr' id='par_1_73' title="bbox 505 3966 2075 4038">
     <span class='ocr_line' id='line_1_73' title="bbox 505 3966 2075 4038; baseline 0 -17"><span class='ocrx_word' id='word_1_570' title='bbox 505 3983 625 4021; x_wconf 86' lang='lat' dir='ltr'><strong>rum</strong></span> <span class='ocrx_word' id='word_1_571' title='bbox 652 3968 817 4023; x_wconf 86' lang='lat' dir='ltr'><strong>estde</strong></span> <span class='ocrx_word' id='word_1_572' title='bbox 840 3967 1060 4037; x_wconf 74' lang='lat' dir='ltr'><strong>virgulis</strong></span> <span class='ocrx_word' id='word_1_573' title='bbox 1089 3966 1310 4030; x_wconf 83' lang='lat' dir='ltr'><strong>factum,</strong></span> <span class='ocrx_word' id='word_1_574' title='bbox 1343 3968 1410 4021; x_wconf 86' lang='lat' dir='ltr'><strong>ad</strong></span> <span class='ocrx_word' id='word_1_575' title='bbox 1441 3976 1639 4022; x_wconf 90' lang='lat' dir='ltr'><strong>terram</strong></span> <span class='ocrx_word' id='word_1_576' title='bbox 1665 3969 2075 4038; x_wconf 88' lang='lat' dir='ltr'><strong>deportandum.</strong></span> 
     </span>
    </p>
   </div>
   <div class='ocr_carea' id='block_1_74' title="bbox 507 4055 2078 4127">
    <p class='ocr_par' dir='ltr' id='par_1_74' title="bbox 507 4055 2078 4127">
     <span class='ocr_line' id='line_1_74' title="bbox 507 4055 2078 4127; baseline -0.002 -13"><span class='ocrx_word' id='word_1_577' title='bbox 507 4059 662 4115; x_wconf 83' lang='lat' dir='ltr'><strong>Unde</strong></span> <span class='ocrx_word' id='word_1_578' title='bbox 702 4059 756 4112; x_wconf 90' lang='lat' dir='ltr'><strong>in</strong></span> <span class='ocrx_word' id='word_1_579' title='bbox 788 4057 993 4127; x_wconf 86' lang='lat' dir='ltr'><strong>psalmo</strong></span> <span class='ocrx_word' id='word_1_580' title='bbox 1018 4058 1085 4112; x_wconf 83' lang='lat' dir='ltr'><strong>de</strong></span> <span class='ocrx_word' id='word_1_581' title='bbox 1113 4056 1308 4126; x_wconf 82' lang='lat' dir='ltr'><strong>Joseph</strong></span> <span class='ocrx_word' id='word_1_582' title='bbox 1337 4075 1350 4110; x_wconf 91' lang='lat'><strong>:</strong></span> <span class='ocrx_word' id='word_1_583' title='bbox 1396 4055 1587 4111; x_wconf 74' lang='lat' dir='ltr'><strong>Manus</strong></span> <span class='ocrx_word' id='word_1_584' title='bbox 1616 4057 1730 4127; x_wconf 84' lang='lat' dir='ltr'><strong>ejus</strong></span> <span class='ocrx_word' id='word_1_585' title='bbox 1776 4057 1831 4111; x_wconf 87' lang='lat' dir='ltr'><strong>in</strong></span> <span class='ocrx_word' id='word_1_586' title='bbox 1860 4058 2078 4127; x_wconf 82' lang='lat' dir='ltr'><strong>cophino</strong></span> 
     </span>
    </p>
   </div>
   <div class='ocr_carea' id='block_1_75' title="bbox 503 4148 2077 4218">
    <p class='ocr_par' dir='ltr' id='par_1_75' title="bbox 503 4148 2077 4218">
     <span class='ocr_line' id='line_1_75' title="bbox 503 4148 2077 4218; baseline -0.002 -14"><span class='ocrx_word' id='word_1_587' title='bbox 503 4151 806 4204; x_wconf 77' lang='lat' dir='ltr'><strong>servierunt.</strong></span> <span class='ocrx_word' id='word_1_588' title='bbox 859 4148 1173 4218; x_wconf 83' lang='lat' dir='ltr'><strong>Requiritur</strong></span> <span class='ocrx_word' id='word_1_589' title='bbox 1208 4148 1350 4202; x_wconf 91' lang='lat' dir='ltr'><strong>unde</strong></span> <span class='ocrx_word' id='word_1_590' title='bbox 1402 4148 1454 4200; x_wconf 92' lang='lat' dir='ltr'><strong>in</strong></span> <span class='ocrx_word' id='word_1_591' title='bbox 1509 4148 1619 4201; x_wconf 83' lang='lat' dir='ltr'><strong>tam</strong></span> <span class='ocrx_word' id='word_1_592' title='bbox 1673 4155 1825 4202; x_wconf 83' lang='lat' dir='ltr'><strong>vasto</strong></span> <span class='ocrx_word' id='word_1_593' title='bbox 1871 4162 2077 4211; x_wconf 90' lang='lat' dir='ltr'><strong>eremo,</strong></span> 
     </span>
    </p>
   </div>
   <div class='ocr_carea' id='block_1_76' title="bbox 503 4238 2081 4309">
    <p class='ocr_par' dir='ltr' id='par_1_76' title="bbox 503 4238 2081 4309">
     <span class='ocr_line' id='line_1_76' title="bbox 503 4238 2081 4309; baseline -0.004 -12"><span class='ocrx_word' id='word_1_594' title='bbox 503 4256 626 4297; x_wconf 88' lang='lat' dir='ltr'><strong>cum</strong></span> <span class='ocrx_word' id='word_1_595' title='bbox 655 4254 822 4309; x_wconf 87' lang='lat' dir='ltr'><strong>panes</strong></span> <span class='ocrx_word' id='word_1_596' title='bbox 851 4254 960 4294; x_wconf 89' lang='lat' dir='ltr'><strong>non</strong></span> <span class='ocrx_word' id='word_1_597' title='bbox 988 4238 1188 4293; x_wconf 85' lang='lat' dir='ltr'><strong>fuerint</strong></span> <span class='ocrx_word' id='word_1_598' title='bbox 1219 4239 1418 4293; x_wconf 85' lang='lat' dir='ltr'><strong>inventi</strong></span> <span class='ocrx_word' id='word_1_599' title='bbox 1452 4238 1556 4293; x_wconf 90' lang='lat' dir='ltr'><strong>nisi</strong></span> <span class='ocrx_word' id='word_1_600' title='bbox 1600 4238 1839 4308; x_wconf 90' lang='lat' dir='ltr'><strong>quinque</strong></span> <span class='ocrx_word' id='word_1_601' title='bbox 1876 4246 1931 4293; x_wconf 91' lang='lat' dir='ltr'><strong>et</strong></span> <span class='ocrx_word' id='word_1_602' title='bbox 1974 4238 2081 4292; x_wconf 91' lang='lat' dir='ltr'><strong>duo</strong></span> 
     </span>
    </p>
   </div>
   <div class='ocr_carea' id='block_1_77' title="bbox 484 4330 2082 4404">
    <p class='ocr_par' dir='ltr' id='par_1_77' title="bbox 484 4330 2082 4404">
     <span class='ocr_line' id='line_1_77' title="bbox 484 4330 2082 4404; baseline -0.006 -11"><span class='ocrx_word' id='word_1_603' title='bbox 484 4335 700 4404; x_wconf 87' lang='lat' dir='ltr'><strong>.pisces,</strong></span> <span class='ocrx_word' id='word_1_604' title='bbox 730 4333 871 4387; x_wconf 90' lang='lat' dir='ltr'><strong>unde</strong></span> <span class='ocrx_word' id='word_1_605' title='bbox 896 4332 1029 4385; x_wconf 88' lang='lat' dir='ltr'><strong>tanti</strong></span> <span class='ocrx_word' id='word_1_606' title='bbox 1061 4331 1314 4401; x_wconf 90' lang='lat' dir='ltr'><strong>cophini?</strong></span> <span class='ocrx_word' id='word_1_607' title='bbox 1341 4330 1447 4387; x_wconf 89' lang='lat' dir='ltr'><strong>Sed</strong></span> <span class='ocrx_word' id='word_1_608' title='bbox 1482 4331 1758 4386; x_wconf 88' lang='lat' dir='ltr'><strong>sciendum</strong></span> <span class='ocrx_word' id='word_1_609' title='bbox 1784 4330 1927 4400; x_wconf 88' lang='lat' dir='ltr'><strong>quod</strong></span> <span class='ocrx_word' id='word_1_610' title='bbox 1960 4345 2082 4384; x_wconf 87' lang='lat' dir='ltr'><strong>cum</strong></span> 
     </span>
    </p>
   </div>
   <div class='ocr_carea' id='block_1_78' title="bbox 501 4420 2083 4486">
    <p class='ocr_par' dir='ltr' id='par_1_78' title="bbox 501 4420 2083 4486">
     <span class='ocr_line' id='line_1_78' title="bbox 501 4420 2083 4486; baseline -0.001 -10"><span class='ocrx_word' id='word_1_611' title='bbox 501 4423 732 4477; x_wconf 82' lang='lat' dir='ltr'><strong>inﬁrmis</strong></span> <span class='ocrx_word' id='word_1_612' title='bbox 759 4430 1021 4477; x_wconf 90' lang='lat' dir='ltr'><strong>venerunt</strong></span> <span class='ocrx_word' id='word_1_613' title='bbox 1046 4430 1101 4475; x_wconf 91' lang='lat' dir='ltr'><strong>et</strong></span> <span class='ocrx_word' id='word_1_614' title='bbox 1125 4422 1348 4475; x_wconf 87' lang='lat' dir='ltr'><strong>sanatis.</strong></span> <span class='ocrx_word' id='word_1_615' title='bbox 1377 4420 1632 4486; x_wconf 83' lang='lat' dir='ltr'><strong>Infirmis,</strong></span> <span class='ocrx_word' id='word_1_616' title='bbox 1661 4422 1804 4475; x_wconf 89' lang='lat' dir='ltr'><strong>sicut</strong></span> <span class='ocrx_word' id='word_1_617' title='bbox 1835 4421 1971 4475; x_wconf 80' lang='lat' dir='ltr'><strong>dixit</strong></span> <span class='ocrx_word' id='word_1_618' title='bbox 1993 4437 2083 4476; x_wconf 89' lang='lat' dir='ltr'><strong>su-</strong></span> 
     </span>
    </p>
   </div>
   <div class='ocr_carea' id='block_1_79' title="bbox 500 4510 2080 4582">
    <p class='ocr_par' dir='ltr' id='par_1_79' title="bbox 500 4510 2080 4582">
     <span class='ocr_line' id='line_1_79' title="bbox 500 4510 2080 4582; baseline -0.002 -15"><span class='ocrx_word' id='word_1_619' title='bbox 500 4513 700 4582; x_wconf 88' lang='lat' dir='ltr'><strong>perius,</strong></span> <span class='ocrx_word' id='word_1_620' title='bbox 737 4512 933 4565; x_wconf 78' lang='lat' dir='ltr'><strong>curavit</strong></span> <span class='ocrx_word' id='word_1_621' title='bbox 979 4510 1255 4579; x_wconf 84' lang='lat' dir='ltr'><strong>languidos</strong></span> <span class='ocrx_word' id='word_1_622' title='bbox 1284 4526 1487 4575; x_wconf 87' lang='lat' dir='ltr'><strong>eorum,</strong></span> <span class='ocrx_word' id='word_1_623' title='bbox 1533 4510 1750 4580; x_wconf 89' lang='lat' dir='ltr'><strong>cophini</strong></span> <span class='ocrx_word' id='word_1_624' title='bbox 1792 4510 1946 4564; x_wconf 88' lang='lat' dir='ltr'><strong>vacui</strong></span> <span class='ocrx_word' id='word_1_625' title='bbox 1992 4525 2080 4564; x_wconf 88' lang='lat' dir='ltr'><strong>re—</strong></span> 
     </span>
    </p>
   </div>
   <div class='ocr_carea' id='block_1_80' title="bbox 500 4600 2080 4672">
    <p class='ocr_par' dir='ltr' id='par_1_80' title="bbox 500 4600 2080 4672">
     <span class='ocr_line' id='line_1_80' title="bbox 500 4600 2080 4672; baseline -0.001 -17"><span class='ocrx_word' id='word_1_626' title='bbox 500 4610 833 4655; x_wconf 87' lang='lat' dir='ltr'><strong>manserunt.</strong></span> <span class='ocrx_word' id='word_1_627' title='bbox 869 4600 1301 4653; x_wconf 81' lang='lat' dir='ltr'><strong>Manducantium</strong></span> <span class='ocrx_word' id='word_1_628' title='bbox 1336 4610 1511 4653; x_wconf 85' lang='lat' dir='ltr'><strong>autent</strong></span> <span class='ocrx_word' id='word_1_629' title='bbox 1537 4601 1639 4669; x_wconf 79' lang='lat' dir='ltr'><strong>fuit</strong></span> <span class='ocrx_word' id='word_1_630' title='bbox 1661 4617 1909 4656; x_wconf 86' lang='lat' dir='ltr'><strong>numerus</strong></span> <span class='ocrx_word' id='word_1_631' title='bbox 1929 4602 2080 4672; x_wconf 88' lang='lat' dir='ltr'><strong>quin-</strong></span> 
     </span>
    </p>
   </div>
   <div class='ocr_carea' id='block_1_81' title="bbox 498 4689 2075 4759">
    <p class='ocr_par' dir='ltr' id='par_1_81' title="bbox 498 4689 2075 4759">
     <span class='ocr_line' id='line_1_81' title="bbox 498 4689 2075 4759; baseline 0.001 -18"><span class='ocrx_word' id='word_1_632' title='bbox 498 4706 599 4758; x_wconf 85' lang='lat' dir='ltr'><strong>que</strong></span> <span class='ocrx_word' id='word_1_633' title='bbox 640 4690 807 4742; x_wconf 78' lang='lat' dir='ltr'><strong>millia</strong></span> <span class='ocrx_word' id='word_1_634' title='bbox 837 4690 1088 4754; x_wconf 84' lang='lat' dir='ltr'><strong>virorum,</strong></span> <span class='ocrx_word' id='word_1_635' title='bbox 1131 4690 1353 4759; x_wconf 74' lang='lat' dir='ltr'><strong>exceptis</strong></span> <span class='ocrx_word' id='word_1_636' title='bbox 1399 4689 1631 4758; x_wconf 83' lang='lat' dir='ltr'><strong>parvulis</strong></span> <span class='ocrx_word' id='word_1_637' title='bbox 1673 4701 1719 4744; x_wconf 87' lang='lat' dir='ltr'><strong>et</strong></span> <span class='ocrx_word' id='word_1_638' title='bbox 1752 4690 2075 4745; x_wconf 85' lang='lat' dir='ltr'><strong>mulieribus.</strong></span> 
     </span>
    </p>
   </div>
   <div class='ocr_carea' id='block_1_82' title="bbox 499 4778 2075 4850">
    <p class='ocr_par' dir='ltr' id='par_1_82' title="bbox 499 4778 2075 4850">
     <span class='ocr_line' id='line_1_82' title="bbox 499 4778 2075 4850; baseline 0 -17"><span class='ocrx_word' id='word_1_639' title='bbox 499 4779 604 4834; x_wconf 89' lang='lat' dir='ltr'><strong>Per</strong></span> <span class='ocrx_word' id='word_1_640' title='bbox 636 4780 868 4849; x_wconf 88' lang='lat' dir='ltr'><strong>quinque</strong></span> <span class='ocrx_word' id='word_1_641' title='bbox 898 4779 1064 4832; x_wconf 89' lang='lat' dir='ltr'><strong>millia</strong></span> <span class='ocrx_word' id='word_1_642' title='bbox 1101 4778 1174 4831; x_wconf 87' lang='lat' dir='ltr'><strong>illi</strong></span> <span class='ocrx_word' id='word_1_643' title='bbox 1211 4778 1532 4849; x_wconf 85' lang='lat' dir='ltr'><strong>ﬁgurantur,</strong></span> <span class='ocrx_word' id='word_1_644' title='bbox 1561 4781 1655 4849; x_wconf 91' lang='lat' dir='ltr'><strong>qui</strong></span> <span class='ocrx_word' id='word_1_645' title='bbox 1685 4781 1925 4850; x_wconf 90' lang='lat' dir='ltr'><strong>quinque</strong></span> <span class='ocrx_word' id='word_1_646' title='bbox 1951 4795 2075 4834; x_wconf 85' lang='lat' dir='ltr'><strong>sen-</strong></span> 
     </span>
    </p>
   </div>
   <div class='ocr_carea' id='block_1_83' title="bbox 499 4868 2077 4938">
    <p class='ocr_par' dir='ltr' id='par_1_83' title="bbox 499 4868 2077 4938">
     <span class='ocr_line' id='line_1_83' title="bbox 499 4868 2077 4938; baseline 0.001 -15"><span class='ocrx_word' id='word_1_647' title='bbox 499 4868 651 4923; x_wconf 88' lang='lat' dir='ltr'><strong>sibus</strong></span> <span class='ocrx_word' id='word_1_648' title='bbox 676 4868 918 4938; x_wconf 91' lang='lat' dir='ltr'><strong>corporis</strong></span> <span class='ocrx_word' id='word_1_649' title='bbox 948 4868 1083 4923; x_wconf 86' lang='lat' dir='ltr'><strong>bene</strong></span> <span class='ocrx_word' id='word_1_650' title='bbox 1122 4869 1199 4922; x_wconf 90' lang='lat' dir='ltr'><strong>uti</strong></span> <span class='ocrx_word' id='word_1_651' title='bbox 1240 4876 1523 4932; x_wconf 88' lang='lat' dir='ltr'><strong>noverunt,</strong></span> <span class='ocrx_word' id='word_1_652' title='bbox 1568 4870 1748 4924; x_wconf 87' lang='lat' dir='ltr'><strong>adhuc</strong></span> <span class='ocrx_word' id='word_1_653' title='bbox 1789 4870 2077 4925; x_wconf 77' lang='lat' dir='ltr'><strong>exteriori-</strong></span> 
     </span>
    </p>
   </div>
   <div class='ocr_carea' id='block_1_84' title="bbox 499 4957 2078 5029">
    <p class='ocr_par' dir='ltr' id='par_1_84' title="bbox 499 4957 2078 5029">
     <span class='ocr_line' id='line_1_84' title="bbox 499 4957 2078 5029; baseline 0.003 -16"><span class='ocrx_word' id='word_1_654' title='bbox 499 4958 604 5013; x_wconf 89' lang='lat' dir='ltr'><strong>bus</strong></span> <span class='ocrx_word' id='word_1_655' title='bbox 631 4960 887 5028; x_wconf 86' lang='lat' dir='ltr'><strong>operibus</strong></span> <span class='ocrx_word' id='word_1_656' title='bbox 916 4957 1197 5029; x_wconf 87' lang='lat' dir='ltr'><strong>implicati.</strong></span> <span class='ocrx_word' id='word_1_657' title='bbox 1238 4959 1339 5025; x_wconf 87' lang='lat' dir='ltr'><strong>Qui</strong></span> <span class='ocrx_word' id='word_1_658' title='bbox 1371 4968 1517 5015; x_wconf 88' lang='lat' dir='ltr'><strong>recte</strong></span> <span class='ocrx_word' id='word_1_659' title='bbox 1568 4960 1809 5029; x_wconf 86' lang='lat' dir='ltr'><strong>quinque</strong></span> <span class='ocrx_word' id='word_1_660' title='bbox 1848 4961 2078 5029; x_wconf 89' lang='lat' dir='ltr'><strong>panibus</strong></span> 
     </span>
    </p>
   </div>
   <div class='ocr_carea' id='block_1_85' title="bbox 480 5050 2078 5121">
    <p class='ocr_par' dir='ltr' id='par_1_85' title="bbox 480 5050 2078 5121">
     <span class='ocr_line' id='line_1_85' title="bbox 480 5050 2078 5121; baseline 0 -16"><span class='ocrx_word' id='word_1_661' title='bbox 480 5051 737 5117; x_wconf 72' lang='lat' dir='ltr'><strong>aluntur,</strong></span> <span class='ocrx_word' id='word_1_662' title='bbox 765 5052 888 5119; x_wconf 86' lang='lat' dir='ltr'><strong>quia</strong></span> <span class='ocrx_word' id='word_1_663' title='bbox 920 5066 1139 5106; x_wconf 88' lang='lat' dir='ltr'><strong>necesse</strong></span> <span class='ocrx_word' id='word_1_664' title='bbox 1166 5059 1250 5106; x_wconf 89' lang='lat' dir='ltr'><strong>est</strong></span> <span class='ocrx_word' id='word_1_665' title='bbox 1287 5066 1383 5106; x_wconf 92' lang='lat' dir='ltr'><strong>eos</strong></span> <span class='ocrx_word' id='word_1_666' title='bbox 1411 5050 1680 5121; x_wconf 85' lang='lat' dir='ltr'><strong>regalibus</strong></span> <span class='ocrx_word' id='word_1_667' title='bbox 1709 5050 1915 5105; x_wconf 89' lang='lat' dir='ltr'><strong>institui</strong></span> <span class='ocrx_word' id='word_1_668' title='bbox 1942 5067 2078 5120; x_wconf 69' lang='lat' dir='ltr'><strong>prte-</strong></span> 
     </span>
    </p>
   </div>
   <div class='ocr_carea' id='block_1_86' title="bbox 500 5141 2072 5213">
    <p class='ocr_par' dir='ltr' id='par_1_86' title="bbox 500 5141 2072 5213">
     <span class='ocr_line' id='line_1_86' title="bbox 500 5141 2072 5213; baseline -0.002 -15"><span class='ocrx_word' id='word_1_669' title='bbox 500 5144 691 5213; x_wconf 83' lang='lat' dir='ltr'><strong>ccptis.</strong></span> <span class='ocrx_word' id='word_1_670' title='bbox 741 5142 876 5197; x_wconf 83' lang='lat' dir='ltr'><strong>Nam</strong></span> <span class='ocrx_word' id='word_1_671' title='bbox 905 5159 1011 5198; x_wconf 88' lang='lat' dir='ltr'><strong>non</strong></span> <span class='ocrx_word' id='word_1_672' title='bbox 1044 5151 1226 5197; x_wconf 88' lang='lat' dir='ltr'><strong>tenent</strong></span> <span class='ocrx_word' id='word_1_673' title='bbox 1273 5144 1449 5196; x_wconf 83' lang='lat' dir='ltr'><strong>adhuc</strong></span> <span class='ocrx_word' id='word_1_674' title='bbox 1494 5142 1639 5196; x_wconf 90' lang='lat' dir='ltr'><strong>illam</strong></span> <span class='ocrx_word' id='word_1_675' title='bbox 1670 5141 2072 5211; x_wconf 82' lang='lat' dir='ltr'><strong>perfectionem,</strong></span> 
     </span>
    </p>
   </div>
   <div class='ocr_carea' id='block_1_87' title="bbox 502 5232 2077 5304">
    <p class='ocr_par' dir='ltr' id='par_1_87' title="bbox 502 5232 2077 5304">
     <span class='ocr_line' id='line_1_87' title="bbox 502 5232 2077 5304; baseline 0 -18"><span class='ocrx_word' id='word_1_676' title='bbox 502 5250 664 5302; x_wconf 84' lang='lat' dir='ltr'><strong>quam</strong></span> <span class='ocrx_word' id='word_1_677' title='bbox 697 5241 879 5289; x_wconf 87' lang='lat' dir='ltr'><strong>tenent</strong></span> <span class='ocrx_word' id='word_1_678' title='bbox 915 5234 1006 5303; x_wconf 91' lang='lat' dir='ltr'><strong>qui</strong></span> <span class='ocrx_word' id='word_1_679' title='bbox 1029 5243 1260 5304; x_wconf 90' lang='lat' dir='ltr'><strong>quatuor</strong></span> <span class='ocrx_word' id='word_1_680' title='bbox 1287 5241 1342 5287; x_wconf 90' lang='lat' dir='ltr'><strong>et</strong></span> <span class='ocrx_word' id='word_1_681' title='bbox 1380 5234 1446 5287; x_wconf 89' lang='lat' dir='ltr'><strong>de</strong></span> <span class='ocrx_word' id='word_1_682' title='bbox 1487 5242 1694 5302; x_wconf 88' lang='lat' dir='ltr'><strong>septem</strong></span> <span class='ocrx_word' id='word_1_683' title='bbox 1722 5232 1949 5302; x_wconf 89' lang='lat' dir='ltr'><strong>panibus</strong></span> <span class='ocrx_word' id='word_1_684' title='bbox 1992 5248 2077 5286; x_wconf 89' lang='lat' dir='ltr'><strong>sa-</strong></span> 
     </span>
    </p>
   </div>
   <div class='ocr_carea' id='block_1_88' title="bbox 503 5322 2072 5394">
    <p class='ocr_par' dir='ltr' id='par_1_88' title="bbox 503 5322 2072 5394">
     <span class='ocr_line' id='line_1_88' title="bbox 503 5322 2072 5394; baseline 0 -17"><span class='ocrx_word' id='word_1_685' title='bbox 503 5324 618 5378; x_wconf 89' lang='lat' dir='ltr'><strong>tiati</strong></span> <span class='ocrx_word' id='word_1_686' title='bbox 647 5333 792 5378; x_wconf 91' lang='lat' dir='ltr'><strong>sunt.</strong></span> <span class='ocrx_word' id='word_1_687' title='bbox 826 5322 1076 5379; x_wconf 81' lang='lat' dir='ltr'><strong>Mulieres</strong></span> <span class='ocrx_word' id='word_1_688' title='bbox 1102 5335 1282 5378; x_wconf 88' lang='lat' dir='ltr'><strong>autem</strong></span> <span class='ocrx_word' id='word_1_689' title='bbox 1306 5333 1360 5378; x_wconf 91' lang='lat' dir='ltr'><strong>et</strong></span> <span class='ocrx_word' id='word_1_690' title='bbox 1393 5324 1599 5394; x_wconf 88' lang='lat' dir='ltr'><strong>parvuli</strong></span> <span class='ocrx_word' id='word_1_691' title='bbox 1631 5341 1736 5378; x_wconf 88' lang='lat' dir='ltr'><strong>non</strong></span> <span class='ocrx_word' id='word_1_692' title='bbox 1766 5332 1890 5379; x_wconf 89' lang='lat' dir='ltr'><strong>sunt</strong></span> <span class='ocrx_word' id='word_1_693' title='bbox 1927 5324 2072 5393; x_wconf 82' lang='lat' dir='ltr'><strong>digni</strong></span> 
     </span>
    </p>
   </div>
   <div class='ocr_carea' id='block_1_89' title="bbox 501 5411 2074 5480">
    <p class='ocr_par' dir='ltr' id='par_1_89' title="bbox 501 5411 2074 5480">
     <span class='ocr_line' id='line_1_89' title="bbox 501 5411 2074 5480; baseline 0.001 -16"><span class='ocrx_word' id='word_1_694' title='bbox 501 5427 749 5476; x_wconf 89' lang='lat' dir='ltr'><strong>numero,</strong></span> <span class='ocrx_word' id='word_1_695' title='bbox 775 5412 898 5480; x_wconf 89' lang='lat' dir='ltr'><strong>quia</strong></span> <span class='ocrx_word' id='word_1_696' title='bbox 922 5412 1186 5468; x_wconf 88' lang='lat' dir='ltr'><strong>instabilis</strong></span> <span class='ocrx_word' id='word_1_697' title='bbox 1207 5428 1366 5466; x_wconf 77' lang='lat' dir='ltr'><strong>sexus</strong></span> <span class='ocrx_word' id='word_1_698' title='bbox 1393 5422 1447 5468; x_wconf 90' lang='lat' dir='ltr'><strong>et</strong></span> <span class='ocrx_word' id='word_1_699' title='bbox 1468 5412 1742 5467; x_wconf 87' lang='lat' dir='ltr'><strong>mutabilis</strong></span> <span class='ocrx_word' id='word_1_700' title='bbox 1769 5421 1870 5466; x_wconf 90' lang='lat' dir='ltr'><strong>est.</strong></span> <span class='ocrx_word' id='word_1_701' title='bbox 1899 5411 2074 5465; x_wconf 83' lang='lat' dir='ltr'><strong>Infan-</strong></span> 
     </span>
    </p>
   </div>
   <div class='ocr_carea' id='block_1_90' title="bbox 504 5500 2074 5572">
    <p class='ocr_par' dir='ltr' id='par_1_90' title="bbox 504 5500 2074 5572">
     <span class='ocr_line' id='line_1_90' title="bbox 504 5500 2074 5572; baseline 0.002 -19"><span class='ocrx_word' id='word_1_702' title='bbox 504 5508 585 5556; x_wconf 90' lang='lat' dir='ltr'><strong>tes</strong></span> <span class='ocrx_word' id='word_1_703' title='bbox 626 5515 756 5555; x_wconf 87' lang='lat' dir='ltr'><strong>vero</strong></span> <span class='ocrx_word' id='word_1_704' title='bbox 804 5502 857 5554; x_wconf 89' lang='lat' dir='ltr'><strong>in</strong></span> <span class='ocrx_word' id='word_1_705' title='bbox 906 5500 1221 5572; x_wconf 87' lang='lat' dir='ltr'><strong>imperfecta</strong></span> <span class='ocrx_word' id='word_1_706' title='bbox 1253 5511 1415 5557; x_wconf 59' lang='lat' dir='ltr'><strong>aetate</strong></span> <span class='ocrx_word' id='word_1_707' title='bbox 1456 5511 1603 5568; x_wconf 89' lang='lat' dir='ltr'><strong>sunt,</strong></span> <span class='ocrx_word' id='word_1_708' title='bbox 1646 5509 1931 5572; x_wconf 78' lang='lat' dir='ltr'><strong>propterea</strong></span> <span class='ocrx_word' id='word_1_709' title='bbox 1973 5517 2074 5556; x_wconf 84' lang='lat' dir='ltr'><strong>nec</strong></span> 
     </span>
    </p>
   </div>
   <div class='ocr_carea' id='block_1_91' title="bbox 504 5591 922 5663">
    <p class='ocr_par' dir='ltr' id='par_1_91' title="bbox 504 5591 922 5663">
     <span class='ocr_line' id='line_1_91' title="bbox 504 5591 922 5663; baseline 0.007 -22"><span class='ocrx_word' id='word_1_710' title='bbox 504 5604 727 5645; x_wconf 89' lang='lat' dir='ltr'><strong>numero</strong></span> <span class='ocrx_word' id='word_1_711' title='bbox 754 5591 922 5663; x_wconf 71' lang='lat' dir='ltr'><strong>digni.</strong></span> 
     </span>
    </p>
   </div>
   <div class='ocr_carea' id='block_1_92' title="bbox 574 5677 2067 5749">
    <p class='ocr_par' dir='ltr' id='par_1_92' title="bbox 574 5677 2067 5749">
     <span class='ocr_line' id='line_1_92' title="bbox 574 5677 2067 5749; baseline 0.003 -21"><span class='ocrx_word' id='word_1_712' title='bbox 574 5677 639 5729; x_wconf 83' lang='lat' dir='ltr'><strong>Et</strong></span> <span class='ocrx_word' id='word_1_713' title='bbox 670 5679 841 5731; x_wconf 81' lang='lat' dir='ltr'><strong>statim</strong></span> <span class='ocrx_word' id='word_1_714' title='bbox 864 5679 1024 5747; x_wconf 79' lang='lat' dir='ltr'><strong>jussit</strong></span> <span class='ocrx_word' id='word_1_715' title='bbox 1065 5680 1345 5749; x_wconf 78' lang='lat' dir='ltr'><strong>discipulos</strong></span> <span class='ocrx_word' id='word_1_716' title='bbox 1376 5697 1496 5734; x_wconf 75' lang='lat' dir='ltr'><strong>suos</strong></span> <span class='ocrx_word' id='word_1_717' title='bbox 1540 5681 1815 5735; x_wconf 82' lang='lat' dir='ltr'><strong>ascendere</strong></span> <span class='ocrx_word' id='word_1_718' title='bbox 1845 5679 1898 5734; x_wconf 88' lang='lat' dir='ltr'><strong>in</strong></span> <span class='ocrx_word' id='word_1_719' title='bbox 1924 5679 2067 5733; x_wconf 86' lang='lat' dir='ltr'><strong>navi-</strong></span> 
     </span>
    </p>
   </div>
   <div class='ocr_carea' id='block_1_93' title="bbox 2182 3239 3773 3311">
    <p class='ocr_par' dir='ltr' id='par_1_93' title="bbox 2182 3239 3773 3311">
     <span class='ocr_line' id='line_1_93' title="bbox 2182 3239 3773 3311; baseline -0.003 -16"><span class='ocrx_word' id='word_1_720' title='bbox 2182 3240 2310 3295; x_wconf 80' lang='lat' dir='ltr'><strong>nie‘li</strong></span> <span class='ocrx_word' id='word_1_721' title='bbox 2343 3259 2355 3294; x_wconf 95' lang='lat'><strong>:</strong></span> <span class='ocrx_word' id='word_1_722' title='bbox 2391 3239 2494 3306; x_wconf 82' lang='lat' dir='ltr'><strong>Qui</strong></span> <span class='ocrx_word' id='word_1_723' title='bbox 2522 3239 2646 3294; x_wconf 85' lang='lat' dir='ltr'><strong>bene</strong></span> <span class='ocrx_word' id='word_1_724' title='bbox 2675 3239 2780 3294; x_wconf 83' lang='lat' dir='ltr'><strong>vult</strong></span> <span class='ocrx_word' id='word_1_725' title='bbox 2812 3256 3047 3310; x_wconf 84' lang='lat' dir='ltr'><strong>regnare,</strong></span> <span class='ocrx_word' id='word_1_726' title='bbox 3087 3250 3345 3311; x_wconf 70' lang='lat' dir='ltr'><strong>exspectet</strong></span> <span class='ocrx_word' id='word_1_727' title='bbox 3376 3250 3429 3294; x_wconf 85' lang='lat' dir='ltr'><strong>ut</strong></span> <span class='ocrx_word' id='word_1_728' title='bbox 3468 3257 3499 3293; x_wconf 79' lang='grc' dir='ltr'><em>α</em></span> <span class='ocrx_word' id='word_1_729' title='bbox 3538 3240 3773 3293; x_wconf 73' lang='lat' dir='ltr'><strong>Domino</strong></span> 
     </span>
    </p>
   </div>
   <div class='ocr_carea' id='block_1_94' title="bbox 2181 3330 3765 3402">
    <p class='ocr_par' dir='ltr' id='par_1_94' title="bbox 2181 3330 3765 3402">
     <span class='ocr_line' id='line_1_94' title="bbox 2181 3330 3765 3402; baseline 0.003 -18"><span class='ocrx_word' id='word_1_730' title='bbox 2181 3331 2438 3401; x_wconf 85' lang='lat' dir='ltr'><strong>accipiat;</strong></span> <span class='ocrx_word' id='word_1_731' title='bbox 2481 3331 2620 3386; x_wconf 87' lang='lat' dir='ltr'><strong>sicut</strong></span> <span class='ocrx_word' id='word_1_732' title='bbox 2658 3331 2824 3386; x_wconf 88' lang='lat' dir='ltr'><strong>David</strong></span> <span class='ocrx_word' id='word_1_733' title='bbox 2876 3330 3025 3387; x_wconf 91' lang='lat' dir='ltr'><strong>fecit.</strong></span> <span class='ocrx_word' id='word_1_734' title='bbox 3074 3330 3209 3386; x_wconf 87' lang='lat' dir='ltr'><strong>Cum</strong></span> <span class='ocrx_word' id='word_1_735' title='bbox 3256 3334 3423 3388; x_wconf 84' lang='lat' dir='ltr'><strong>sciret</strong></span> <span class='ocrx_word' id='word_1_736' title='bbox 3470 3334 3621 3402; x_wconf 82' lang='lat' dir='ltr'><strong>quod</strong></span> <span class='ocrx_word' id='word_1_737' title='bbox 3676 3349 3765 3388; x_wconf 74' lang='lat' dir='ltr'><strong>rex</strong></span> 
     </span>
    </p>
   </div>
   <div class='ocr_carea' id='block_1_95' title="bbox 2181 3422 3771 3493">
    <p class='ocr_par' dir='ltr' id='par_1_95' title="bbox 2181 3422 3771 3493">
     <span class='ocr_line' id='line_1_95' title="bbox 2181 3422 3771 3493; baseline -0.001 -16"><span class='ocrx_word' id='word_1_738' title='bbox 2181 3424 2433 3478; x_wconf 88' lang='lat' dir='ltr'><strong>inunctus</strong></span> <span class='ocrx_word' id='word_1_739' title='bbox 2463 3429 2626 3489; x_wconf 89' lang='lat' dir='ltr'><strong>esset,</strong></span> <span class='ocrx_word' id='word_1_740' title='bbox 2660 3438 2765 3478; x_wconf 87' lang='lat' dir='ltr'><strong>non</strong></span> <span class='ocrx_word' id='word_1_741' title='bbox 2795 3422 3044 3491; x_wconf 63' lang='lat' dir='ltr'><strong>quaasivit</strong></span> <span class='ocrx_word' id='word_1_742' title='bbox 3077 3422 3207 3477; x_wconf 91' lang='lat' dir='ltr'><strong>illud</strong></span> <span class='ocrx_word' id='word_1_743' title='bbox 3251 3439 3372 3477; x_wconf 87' lang='lat' dir='ltr'><strong>cum</strong></span> <span class='ocrx_word' id='word_1_744' title='bbox 3402 3424 3693 3493; x_wconf 80' lang='lat' dir='ltr'><strong>sanguine,</strong></span> <span class='ocrx_word' id='word_1_745' title='bbox 3719 3433 3771 3476; x_wconf 83' lang='lat' dir='ltr'><strong>ut</strong></span> 
     </span>
    </p>
   </div>
   <div class='ocr_carea' id='block_1_96' title="bbox 2180 3511 3764 3583">
    <p class='ocr_par' dir='ltr' id='par_1_96' title="bbox 2180 3511 3764 3583">
     <span class='ocr_line' id='line_1_96' title="bbox 2180 3511 3764 3583; baseline -0.001 -16"><span class='ocrx_word' id='word_1_746' title='bbox 2180 3511 2455 3568; x_wconf 86' lang='lat' dir='ltr'><strong>occideret</strong></span> <span class='ocrx_word' id='word_1_747' title='bbox 2492 3527 2699 3582; x_wconf 70' lang='lat' dir='ltr'><strong>regem,</strong></span> <span class='ocrx_word' id='word_1_748' title='bbox 2746 3527 2869 3568; x_wconf 86' lang='lat' dir='ltr'><strong>cum</strong></span> <span class='ocrx_word' id='word_1_749' title='bbox 2917 3511 3095 3568; x_wconf 89' lang='lat' dir='ltr'><strong>locum</strong></span> <span class='ocrx_word' id='word_1_750' title='bbox 3147 3513 3373 3568; x_wconf 86' lang='lat' dir='ltr'><strong>haberet</strong></span> <span class='ocrx_word' id='word_1_751' title='bbox 3418 3513 3764 3583; x_wconf 75' lang='lat' dir='ltr'><strong>frequenter:</strong></span> 
     </span>
    </p>
   </div>
   <div class='ocr_carea' id='block_1_97' title="bbox 2182 3602 3769 3673">
    <p class='ocr_par' dir='ltr' id='par_1_97' title="bbox 2182 3602 3769 3673">
     <span class='ocr_line' id='line_1_97' title="bbox 2182 3602 3769 3673; baseline 0.001 -17"><span class='ocrx_word' id='word_1_752' title='bbox 2182 3618 2357 3673; x_wconf 86' lang='lat' dir='ltr'><strong>neque</strong></span> <span class='ocrx_word' id='word_1_753' title='bbox 2403 3602 2571 3658; x_wconf 81' lang='lat' dir='ltr'><strong>filium</strong></span> <span class='ocrx_word' id='word_1_754' title='bbox 2601 3602 2717 3673; x_wconf 88' lang='lat' dir='ltr'><strong>ejus</strong></span> <span class='ocrx_word' id='word_1_755' title='bbox 2748 3610 2868 3672; x_wconf 91' lang='lat' dir='ltr'><strong>post</strong></span> <span class='ocrx_word' id='word_1_756' title='bbox 2897 3610 3128 3657; x_wconf 89' lang='lat' dir='ltr'><strong>mortem</strong></span> <span class='ocrx_word' id='word_1_757' title='bbox 3155 3603 3305 3673; x_wconf 87' lang='lat' dir='ltr'><strong>ejus;</strong></span> <span class='ocrx_word' id='word_1_758' title='bbox 3342 3618 3519 3672; x_wconf 86' lang='lat' dir='ltr'><strong>neque</strong></span> <span class='ocrx_word' id='word_1_759' title='bbox 3572 3604 3769 3659; x_wconf 75' lang='lat' dir='ltr'><strong>bellum</strong></span> 
     </span>
    </p>
   </div>
   <div class='ocr_carea' id='block_1_98' title="bbox 2182 3691 3769 3763">
    <p class='ocr_par' dir='ltr' id='par_1_98' title="bbox 2182 3691 3769 3763">
     <span class='ocr_line' id='line_1_98' title="bbox 2182 3691 3769 3763; baseline 0.001 -18"><span class='ocrx_word' id='word_1_760' title='bbox 2182 3691 2363 3745; x_wconf 88' lang='lat' dir='ltr'><strong>intulit</strong></span> <span class='ocrx_word' id='word_1_761' title='bbox 2389 3707 2498 3746; x_wconf 66' lang='lat' dir='ltr'><strong>suae</strong></span> <span class='ocrx_word' id='word_1_762' title='bbox 2526 3692 2711 3761; x_wconf 87' lang='lat' dir='ltr'><strong>genti:</strong></span> <span class='ocrx_word' id='word_1_763' title='bbox 2762 3692 2854 3746; x_wconf 89' lang='lat' dir='ltr'><strong>sed</strong></span> <span class='ocrx_word' id='word_1_764' title='bbox 2891 3691 3028 3763; x_wconf 81' lang='lat' dir='ltr'><strong>fugit</strong></span> <span class='ocrx_word' id='word_1_765' title='bbox 3076 3707 3174 3762; x_wconf 90' lang='lat' dir='ltr'><strong>per</strong></span> <span class='ocrx_word' id='word_1_766' title='bbox 3220 3693 3427 3755; x_wconf 81' lang='lat' dir='ltr'><strong>alienas</strong></span> <span class='ocrx_word' id='word_1_767' title='bbox 3473 3703 3671 3755; x_wconf 86' lang='lat' dir='ltr'><strong>terras,</strong></span> <span class='ocrx_word' id='word_1_768' title='bbox 3718 3704 3769 3747; x_wconf 83' lang='lat' dir='ltr'><strong>et</strong></span> 
     </span>
    </p>
   </div>
   <div class='ocr_carea' id='block_1_99' title="bbox 2181 3785 3771 3851">
    <p class='ocr_par' dir='ltr' id='par_1_99' title="bbox 2181 3785 3771 3851">
     <span class='ocr_line' id='line_1_99' title="bbox 2181 3785 3771 3851; baseline 0.003 -15"><span class='ocrx_word' id='word_1_769' title='bbox 2181 3792 2388 3851; x_wconf 88' lang='lat' dir='ltr'><strong>patrem</strong></span> <span class='ocrx_word' id='word_1_770' title='bbox 2434 3792 2491 3837; x_wconf 91' lang='lat' dir='ltr'><strong>et</strong></span> <span class='ocrx_word' id='word_1_771' title='bbox 2528 3793 2756 3838; x_wconf 87' lang='lat' dir='ltr'><strong>matrem</strong></span> <span class='ocrx_word' id='word_1_772' title='bbox 2803 3792 3024 3838; x_wconf 80' lang='lat' dir='ltr'><strong>coactus</strong></span> <span class='ocrx_word' id='word_1_773' title='bbox 3062 3793 3146 3838; x_wconf 88' lang='lat' dir='ltr'><strong>est</strong></span> <span class='ocrx_word' id='word_1_774' title='bbox 3191 3785 3423 3839; x_wconf 64' lang='lat' dir='ltr'><strong>elucere</strong></span> <span class='ocrx_word' id='word_1_775' title='bbox 3469 3786 3524 3839; x_wconf 88' lang='lat' dir='ltr'><strong>in</strong></span> <span class='ocrx_word' id='word_1_776' title='bbox 3569 3795 3771 3840; x_wconf 73' lang='lat' dir='ltr'><strong>terram</strong></span> 
     </span>
    </p>
   </div>
   <div class='ocr_carea' id='block_1_100' title="bbox 2181 3872 3773 3945">
    <p class='ocr_par' dir='ltr' id='par_1_100' title="bbox 2181 3872 3773 3945">
     <span class='ocr_line' id='line_1_100' title="bbox 2181 3872 3773 3945; baseline 0.003 -20"><span class='ocrx_word' id='word_1_777' title='bbox 2181 3873 2446 3939; x_wconf 84' lang='lat' dir='ltr'><strong>alienam;</strong></span> <span class='ocrx_word' id='word_1_778' title='bbox 2474 3881 2792 3928; x_wconf 74' lang='lat' dir='ltr'><strong>extraneum</strong></span> <span class='ocrx_word' id='word_1_779' title='bbox 2837 3873 2940 3928; x_wconf 90' lang='lat' dir='ltr'><strong>sibi</strong></span> <span class='ocrx_word' id='word_1_780' title='bbox 2986 3872 3354 3929; x_wconf 70' lang='lat' dir='ltr'><strong>haereditatem</strong></span> <span class='ocrx_word' id='word_1_781' title='bbox 3391 3884 3449 3929; x_wconf 91' lang='lat' dir='ltr'><strong>et</strong></span> <span class='ocrx_word' id='word_1_782' title='bbox 3476 3889 3773 3945; x_wconf 60' lang='lat' dir='ltr'><strong>parentum</strong></span> 
     </span>
    </p>
   </div>
   <div class='ocr_carea' id='block_1_101' title="bbox 2180 3964 3777 4035">
    <p class='ocr_par' dir='ltr' id='par_1_101' title="bbox 2180 3964 3777 4035">
     <span class='ocr_line' id='line_1_101' title="bbox 2180 3964 3777 4035; baseline 0.001 -17"><span class='ocrx_word' id='word_1_783' title='bbox 2180 3978 2399 4018; x_wconf 82' lang='lat' dir='ltr'><strong>suorum</strong></span> <span class='ocrx_word' id='word_1_784' title='bbox 2420 3964 2783 4033; x_wconf 64' lang='lat' dir='ltr'><strong>“praestolatus</strong></span> <span class='ocrx_word' id='word_1_785' title='bbox 2827 3972 2912 4019; x_wconf 90' lang='lat' dir='ltr'><strong>est</strong></span> <span class='ocrx_word' id='word_1_786' title='bbox 2955 3979 3236 4034; x_wconf 90' lang='lat' dir='ltr'><strong>quousque</strong></span> <span class='ocrx_word' id='word_1_787' title='bbox 3279 3964 3389 4019; x_wconf 87' lang='lat' dir='ltr'><strong>Deo</strong></span> <span class='ocrx_word' id='word_1_788' title='bbox 3430 3967 3660 4035; x_wconf 81' lang='lat' dir='ltr'><strong>placuit.</strong></span> <span class='ocrx_word' id='word_1_789' title='bbox 3710 3968 3777 4023; x_wconf 86' lang='lat' dir='ltr'><strong>Et</strong></span> 
     </span>
    </p>
   </div>
   <div class='ocr_carea' id='block_1_102' title="bbox 2182 4052 3776 4123">
    <p class='ocr_par' dir='ltr' id='par_1_102' title="bbox 2182 4052 3776 4123">
     <span class='ocr_line' id='line_1_102' title="bbox 2182 4052 3776 4123; baseline 0.001 -15"><span class='ocrx_word' id='word_1_790' title='bbox 2182 4054 2383 4112; x_wconf 82' lang='lat' dir='ltr'><strong>idcirco</strong></span> <span class='ocrx_word' id='word_1_791' title='bbox 2416 4068 2520 4107; x_wconf 91' lang='lat' dir='ltr'><strong>non</strong></span> <span class='ocrx_word' id='word_1_792' title='bbox 2560 4052 2731 4108; x_wconf 87' lang='lat' dir='ltr'><strong>solum</strong></span> <span class='ocrx_word' id='word_1_793' title='bbox 2762 4053 2937 4123; x_wconf 91' lang='lat' dir='ltr'><strong>ipsum</strong></span> <span class='ocrx_word' id='word_1_794' title='bbox 2980 4068 3203 4123; x_wconf 87' lang='lat' dir='ltr'><strong>regnum</strong></span> <span class='ocrx_word' id='word_1_795' title='bbox 3247 4055 3477 4122; x_wconf 84' lang='lat' dir='ltr'><strong>adeptus</strong></span> <span class='ocrx_word' id='word_1_796' title='bbox 3514 4066 3640 4119; x_wconf 83' lang='lat' dir='ltr'><strong>est,</strong></span> <span class='ocrx_word' id='word_1_797' title='bbox 3680 4057 3776 4111; x_wconf 72' lang='lat' dir='ltr'><strong>sed</strong></span> 
     </span>
    </p>
   </div>
   <div class='ocr_carea' id='block_1_103' title="bbox 2181 4142 3777 4217">
    <p class='ocr_par' dir='ltr' id='par_1_103' title="bbox 2181 4142 3777 4217">
     <span class='ocr_line' id='line_1_103' title="bbox 2181 4142 3777 4217; baseline -0.001 -15"><span class='ocrx_word' id='word_1_798' title='bbox 2181 4154 2235 4202; x_wconf 91' lang='lat' dir='ltr'><strong>et</strong></span> <span class='ocrx_word' id='word_1_799' title='bbox 2263 4144 2368 4199; x_wconf 89' lang='lat' dir='ltr'><strong>alia</strong></span> <span class='ocrx_word' id='word_1_800' title='bbox 2407 4142 2593 4198; x_wconf 91' lang='lat' dir='ltr'><strong>multa.</strong></span> <span class='ocrx_word' id='word_1_801' title='bbox 2640 4142 2741 4210; x_wconf 91' lang='lat' dir='ltr'><strong>Qui</strong></span> <span class='ocrx_word' id='word_1_802' title='bbox 2776 4150 2956 4199; x_wconf 90' lang='lat' dir='ltr'><strong>autem</strong></span> <span class='ocrx_word' id='word_1_803' title='bbox 2999 4143 3157 4198; x_wconf 89' lang='lat' dir='ltr'><strong>aliter</strong></span> <span class='ocrx_word' id='word_1_804' title='bbox 3186 4144 3429 4197; x_wconf 80' lang='lat' dir='ltr'><strong>introivit</strong></span> <span class='ocrx_word' id='word_1_805' title='bbox 3458 4147 3513 4199; x_wconf 90' lang='lat' dir='ltr'><strong>in</strong></span> <span class='ocrx_word' id='word_1_806' title='bbox 3544 4162 3777 4217; x_wconf 82' lang='lat' dir='ltr'><strong>regnum</strong></span> 
     </span>
    </p>
   </div>
   <div class='ocr_carea' id='block_1_104' title="bbox 2184 4235 3777 4313">
    <p class='ocr_par' dir='ltr' id='par_1_104' title="bbox 2184 4235 3777 4313">
     <span class='ocr_line' id='line_1_104' title="bbox 2184 4235 3777 4313; baseline 0.003 -23"><span class='ocrx_word' id='word_1_807' title='bbox 2184 4236 2287 4291; x_wconf 89' lang='lat' dir='ltr'><strong>nisi</strong></span> <span class='ocrx_word' id='word_1_808' title='bbox 2317 4251 2414 4307; x_wconf 89' lang='lat' dir='ltr'><strong>per</strong></span> <span class='ocrx_word' id='word_1_809' title='bbox 2442 4235 2775 4290; x_wconf 85' lang='lat' dir='ltr'><strong>voluntatem</strong></span> <span class='ocrx_word' id='word_1_810' title='bbox 2817 4236 2936 4301; x_wconf 90' lang='lat' dir='ltr'><strong>Dei,</strong></span> <span class='ocrx_word' id='word_1_811' title='bbox 2965 4235 3211 4313; x_wconf 80' lang='lat' dir='ltr'><strong>permisit</strong></span> <span class='ocrx_word' id='word_1_812' title='bbox 3249 4237 3297 4290; x_wconf 88' lang='lat' dir='ltr'><strong>ei</strong></span> <span class='ocrx_word' id='word_1_813' title='bbox 3351 4238 3495 4293; x_wconf 77' lang='lat' dir='ltr'><strong>Deus</strong></span> <span class='ocrx_word' id='word_1_814' title='bbox 3520 4239 3611 4292; x_wconf 78' lang='lat' dir='ltr'><strong>vel</strong></span> <span class='ocrx_word' id='word_1_815' title='bbox 3652 4256 3777 4309; x_wconf 81' lang='lat' dir='ltr'><strong>pro—</strong></span> 
     </span>
    </p>
   </div>
   <div class='ocr_carea' id='block_1_105' title="bbox 2186 4325 3777 4395">
    <p class='ocr_par' dir='ltr' id='par_1_105' title="bbox 2186 4325 3777 4395">
     <span class='ocr_line' id='line_1_105' title="bbox 2186 4325 3777 4395; baseline 0.001 -15"><span class='ocrx_word' id='word_1_816' title='bbox 2186 4337 2308 4395; x_wconf 88' lang='lat' dir='ltr'><strong>pter</strong></span> <span class='ocrx_word' id='word_1_817' title='bbox 2350 4325 2517 4395; x_wconf 89' lang='lat' dir='ltr'><strong>ipsius</strong></span> <span class='ocrx_word' id='word_1_818' title='bbox 2548 4333 2826 4394; x_wconf 87' lang='lat' dir='ltr'><strong>peccatum</strong></span> <span class='ocrx_word' id='word_1_819' title='bbox 2872 4325 2958 4380; x_wconf 89' lang='lat' dir='ltr'><strong>vel</strong></span> <span class='ocrx_word' id='word_1_820' title='bbox 2999 4333 3218 4394; x_wconf 86' lang='lat' dir='ltr'><strong>propter</strong></span> <span class='ocrx_word' id='word_1_821' title='bbox 3258 4326 3637 4395; x_wconf 85' lang='lat' dir='ltr'><strong>subjectorum</strong></span> <span class='ocrx_word' id='word_1_822' title='bbox 3683 4327 3777 4381; x_wconf 80' lang='lat' dir='ltr'><strong>ila-</strong></span> 
     </span>
    </p>
   </div>
   <div class='ocr_carea' id='block_1_106' title="bbox 2188 4414 3777 4489">
    <p class='ocr_par' dir='ltr' id='par_1_106' title="bbox 2188 4414 3777 4489">
     <span class='ocr_line' id='line_1_106' title="bbox 2188 4414 3777 4489; baseline 0.002 -20"><span class='ocrx_word' id='word_1_823' title='bbox 2188 4416 2382 4487; x_wconf 86' lang='lat' dir='ltr'><strong>gellum</strong></span> <span class='ocrx_word' id='word_1_824' title='bbox 2422 4423 2480 4469; x_wconf 90' lang='lat' dir='ltr'><strong>ut</strong></span> <span class='ocrx_word' id='word_1_825' title='bbox 2528 4414 2899 4470; x_wconf 88' lang='lat' dir='ltr'><strong>dominaretur</strong></span> <span class='ocrx_word' id='word_1_826' title='bbox 2944 4429 3196 4483; x_wconf 87' lang='lat' dir='ltr'><strong>perverse</strong></span> <span class='ocrx_word' id='word_1_827' title='bbox 3242 4414 3382 4468; x_wconf 85' lang='lat' dir='ltr'><strong>sicut</strong></span> <span class='ocrx_word' id='word_1_828' title='bbox 3428 4416 3653 4471; x_wconf 86' lang='lat' dir='ltr'><strong>Zambri</strong></span> <span class='ocrx_word' id='word_1_829' title='bbox 3685 4419 3777 4489; x_wconf 82' lang='lat' dir='ltr'><strong>qui</strong></span> 
     </span>
    </p>
   </div>
   <div class='ocr_carea' id='block_1_107' title="bbox 2185 4504 3776 4576">
    <p class='ocr_par' dir='ltr' id='par_1_107' title="bbox 2185 4504 3776 4576">
     <span class='ocr_line' id='line_1_107' title="bbox 2185 4504 3776 4576; baseline 0.001 -17"><span class='ocrx_word' id='word_1_830' title='bbox 2185 4506 2383 4561; x_wconf 85' lang='lat' dir='ltr'><strong>occidit</strong></span> <span class='ocrx_word' id='word_1_831' title='bbox 2432 4504 2604 4568; x_wconf 85' lang='lat' dir='ltr'><strong>Elam,</strong></span> <span class='ocrx_word' id='word_1_832' title='bbox 2651 4512 2704 4557; x_wconf 86' lang='lat' dir='ltr'><strong>et</strong></span> <span class='ocrx_word' id='word_1_833' title='bbox 2751 4504 2958 4573; x_wconf 84' lang='lat' dir='ltr'><strong>accepit</strong></span> <span class='ocrx_word' id='word_1_834' title='bbox 2996 4520 3222 4574; x_wconf 81' lang='lat' dir='ltr'><strong>regnum</strong></span> <span class='ocrx_word' id='word_1_835' title='bbox 3265 4505 3382 4573; x_wconf 84' lang='lat' dir='ltr'><strong>ejus</strong></span> <span class='ocrx_word' id='word_1_836' title='bbox 3425 4513 3480 4558; x_wconf 87' lang='lat' dir='ltr'><strong>et</strong></span> <span class='ocrx_word' id='word_1_837' title='bbox 3530 4508 3776 4576; x_wconf 71' lang='lat' dir='ltr'><strong>regnavit</strong></span> 
     </span>
    </p>
   </div>
   <div class='ocr_carea' id='block_1_108' title="bbox 2182 4593 3773 4666">
    <p class='ocr_par' dir='ltr' id='par_1_108' title="bbox 2182 4593 3773 4666">
     <span class='ocr_line' id='line_1_108' title="bbox 2182 4593 3773 4666; baseline 0 -15"><span class='ocrx_word' id='word_1_838' title='bbox 2182 4604 2390 4666; x_wconf 88' lang='lat' dir='ltr'><strong>septem</strong></span> <span class='ocrx_word' id='word_1_839' title='bbox 2420 4595 2644 4649; x_wconf 88' lang='lat' dir='ltr'><strong>diebus:</strong></span> <span class='ocrx_word' id='word_1_840' title='bbox 2679 4594 2928 4647; x_wconf 89' lang='lat' dir='ltr'><strong>similiter</strong></span> <span class='ocrx_word' id='word_1_841' title='bbox 2952 4593 3177 4649; x_wconf 77' lang='lat' dir='ltr'><strong>Phaeca:</strong></span> <span class='ocrx_word' id='word_1_842' title='bbox 3207 4595 3408 4649; x_wconf 65' lang='lat' dir='ltr'><strong>occidit</strong></span> <span class='ocrx_word' id='word_1_843' title='bbox 3442 4595 3773 4656; x_wconf 77' lang='lat' dir='ltr'><strong>Phaoeiam,</strong></span> 
     </span>
    </p>
   </div>
   <div class='ocr_carea' id='block_1_109' title="bbox 2181 4686 3775 4756">
    <p class='ocr_par' dir='ltr' id='par_1_109' title="bbox 2181 4686 3775 4756">
     <span class='ocr_line' id='line_1_109' title="bbox 2181 4686 3775 4756; baseline 0.001 -15"><span class='ocrx_word' id='word_1_844' title='bbox 2181 4698 2236 4741; x_wconf 89' lang='lat' dir='ltr'><strong>et</strong></span> <span class='ocrx_word' id='word_1_845' title='bbox 2267 4687 2473 4756; x_wconf 82' lang='lat' dir='ltr'><strong>accepit</strong></span> <span class='ocrx_word' id='word_1_846' title='bbox 2503 4702 2759 4756; x_wconf 84' lang='lat' dir='ltr'><strong>regnum;</strong></span> <span class='ocrx_word' id='word_1_847' title='bbox 2795 4688 2888 4739; x_wconf 81' lang='lat' dir='ltr'><strong>sed</strong></span> <span class='ocrx_word' id='word_1_848' title='bbox 2915 4686 3027 4755; x_wconf 90' lang='lat' dir='ltr'><strong>ipsc</strong></span> <span class='ocrx_word' id='word_1_849' title='bbox 3055 4687 3267 4741; x_wconf 88' lang='lat' dir='ltr'><strong>occisus</strong></span> <span class='ocrx_word' id='word_1_850' title='bbox 3296 4695 3381 4741; x_wconf 85' lang='lat' dir='ltr'><strong>est</strong></span> <span class='ocrx_word' id='word_1_851' title='bbox 3419 4689 3490 4743; x_wconf 88' lang='lat' dir='ltr'><strong>ab</strong></span> <span class='ocrx_word' id='word_1_852' title='bbox 3523 4688 3692 4753; x_wconf 82' lang='lat' dir='ltr'><strong>Osca,</strong></span> <span class='ocrx_word' id='word_1_853' title='bbox 3722 4698 3775 4743; x_wconf 81' lang='lat' dir='ltr'><strong>et</strong></span> 
     </span>
    </p>
   </div>
   <div class='ocr_carea' id='block_1_110' title="bbox 2180 4775 3423 4849">
    <p class='ocr_par' dir='ltr' id='par_1_110' title="bbox 2180 4775 3423 4849">
     <span class='ocr_line' id='line_1_110' title="bbox 2180 4775 3423 4849; baseline 0.002 -19"><span class='ocrx_word' id='word_1_854' title='bbox 2180 4776 2282 4831; x_wconf 90' lang='lat' dir='ltr'><strong>iste</strong></span> <span class='ocrx_word' id='word_1_855' title='bbox 2309 4785 2496 4846; x_wconf 86' lang='lat' dir='ltr'><strong>captus</strong></span> <span class='ocrx_word' id='word_1_856' title='bbox 2532 4792 2654 4830; x_wconf 91' lang='lat' dir='ltr'><strong>cum</strong></span> <span class='ocrx_word' id='word_1_857' title='bbox 2696 4783 2809 4830; x_wconf 90' lang='lat' dir='ltr'><strong>toto</strong></span> <span class='ocrx_word' id='word_1_858' title='bbox 2849 4775 3013 4831; x_wconf 85' lang='lat' dir='ltr'><strong>Israel</strong></span> <span class='ocrx_word' id='word_1_859' title='bbox 3058 4779 3125 4832; x_wconf 86' lang='lat' dir='ltr'><strong>ab</strong></span> <span class='ocrx_word' id='word_1_860' title='bbox 3166 4777 3423 4849; x_wconf 82' lang='lat' dir='ltr'><strong>Assyriis.</strong></span> 
     </span>
    </p>
   </div>
   <div class='ocr_carea' id='block_1_111' title="bbox 2255 4948 3775 5019">
    <p class='ocr_par' dir='ltr' id='par_1_111' title="bbox 2255 4948 3775 5019">
     <span class='ocr_line' id='line_1_111' title="bbox 2255 4948 3775 5019; baseline 0.005 -17"><span class='ocrx_word' id='word_1_861' title='bbox 2255 4948 2517 5002; x_wconf 87' lang='lat' dir='ltr'><strong>Similiter</strong></span> <span class='ocrx_word' id='word_1_862' title='bbox 2560 4948 2624 5002; x_wconf 89' lang='lat' dir='ltr'><strong>de</strong></span> <span class='ocrx_word' id='word_1_863' title='bbox 2657 4948 2925 5017; x_wconf 75' lang='lat' dir='ltr'><strong>epiSCOpis</strong></span> <span class='ocrx_word' id='word_1_864' title='bbox 2963 4950 3123 5003; x_wconf 89' lang='lat' dir='ltr'><strong>credo</strong></span> <span class='ocrx_word' id='word_1_865' title='bbox 3152 4951 3293 5019; x_wconf 90' lang='lat' dir='ltr'><strong>quod</strong></span> <span class='ocrx_word' id='word_1_866' title='bbox 3323 4950 3469 5005; x_wconf 80' lang='lat' dir='ltr'><strong>Deus</strong></span> <span class='ocrx_word' id='word_1_867' title='bbox 3493 4953 3775 5009; x_wconf 82' lang='lat' dir='ltr'><strong>ordinatos</strong></span> 
     </span>
    </p>
   </div>
   <div class='ocr_carea' id='block_1_112' title="bbox 2182 5038 3772 5113">
    <p class='ocr_par' dir='ltr' id='par_1_112' title="bbox 2182 5038 3772 5113">
     <span class='ocr_line' id='line_1_112' title="bbox 2182 5038 3772 5113; baseline 0.003 -20"><span class='ocrx_word' id='word_1_868' title='bbox 2182 5039 2401 5101; x_wconf 87' lang='lat' dir='ltr'><strong>habeat,</strong></span> <span class='ocrx_word' id='word_1_869' title='bbox 2433 5038 2523 5107; x_wconf 86' lang='lat' dir='ltr'><strong>qui</strong></span> <span class='ocrx_word' id='word_1_870' title='bbox 2550 5053 2669 5092; x_wconf 87' lang='lat' dir='ltr'><strong>esse</strong></span> <span class='ocrx_word' id='word_1_871' title='bbox 2714 5038 2943 5093; x_wconf 85' lang='lat' dir='ltr'><strong>debeant</strong></span> <span class='ocrx_word' id='word_1_872' title='bbox 2991 5040 3042 5092; x_wconf 93' lang='lat' dir='ltr'><strong>in</strong></span> <span class='ocrx_word' id='word_1_873' title='bbox 3086 5041 3188 5094; x_wconf 92' lang='lat' dir='ltr'><strong>hoc</strong></span> <span class='ocrx_word' id='word_1_874' title='bbox 3237 5041 3433 5095; x_wconf 77' lang='lat' dir='ltr'><strong>szeculo</strong></span> <span class='ocrx_word' id='word_1_875' title='bbox 3486 5044 3772 5113; x_wconf 79' lang='lat' dir='ltr'><strong>episcopi;</strong></span> 
     </span>
    </p>
   </div>
   <div class='ocr_carea' id='block_1_113' title="bbox 2183 5126 3775 5200">
    <p class='ocr_par' dir='ltr' id='par_1_113' title="bbox 2183 5126 3775 5200">
     <span class='ocr_line' id='line_1_113' title="bbox 2183 5126 3775 5200; baseline 0.004 -18"><span class='ocrx_word' id='word_1_876' title='bbox 2183 5127 2275 5182; x_wconf 90' lang='lat' dir='ltr'><strong>sed</strong></span> <span class='ocrx_word' id='word_1_877' title='bbox 2314 5142 2421 5179; x_wconf 87' lang='lat' dir='ltr'><strong>non</strong></span> <span class='ocrx_word' id='word_1_878' title='bbox 2468 5134 2688 5195; x_wconf 87' lang='lat' dir='ltr'><strong>propter</strong></span> <span class='ocrx_word' id='word_1_879' title='bbox 2727 5126 2872 5195; x_wconf 85' lang='lat' dir='ltr'><strong>ipsos</strong></span> <span class='ocrx_word' id='word_1_880' title='bbox 2899 5167 2913 5192; x_wconf 96' lang='lat'><strong>,</strong></span> <span class='ocrx_word' id='word_1_881' title='bbox 2959 5142 3147 5181; x_wconf 87' lang='lat' dir='ltr'><strong>verum</strong></span> <span class='ocrx_word' id='word_1_882' title='bbox 3199 5140 3420 5198; x_wconf 88' lang='lat' dir='ltr'><strong>propter</strong></span> <span class='ocrx_word' id='word_1_883' title='bbox 3458 5132 3775 5200; x_wconf 81' lang='lat' dir='ltr'><strong>subjectus,</strong></span> 
     </span>
    </p>
   </div>
   <div class='ocr_carea' id='block_1_114' title="bbox 2181 5218 3773 5291">
    <p class='ocr_par' dir='ltr' id='par_1_114' title="bbox 2181 5218 3773 5291">
     <span class='ocr_line' id='line_1_114' title="bbox 2181 5218 3773 5291; baseline 0.005 -19"><span class='ocrx_word' id='word_1_884' title='bbox 2181 5220 2235 5272; x_wconf 91' lang='lat' dir='ltr'><strong>in</strong></span> <span class='ocrx_word' id='word_1_885' title='bbox 2260 5218 2454 5288; x_wconf 88' lang='lat' dir='ltr'><strong>quibus</strong></span> <span class='ocrx_word' id='word_1_886' title='bbox 2490 5218 2641 5271; x_wconf 90' lang='lat' dir='ltr'><strong>multi</strong></span> <span class='ocrx_word' id='word_1_887' title='bbox 2667 5219 2841 5272; x_wconf 89' lang='lat' dir='ltr'><strong>sancti</strong></span> <span class='ocrx_word' id='word_1_888' title='bbox 2884 5218 3171 5274; x_wconf 88' lang='lat' dir='ltr'><strong>habentur.</strong></span> <span class='ocrx_word' id='word_1_889' title='bbox 3202 5220 3503 5291; x_wconf 84' lang='lat' dir='ltr'><strong>Propterea</strong></span> <span class='ocrx_word' id='word_1_890' title='bbox 3527 5240 3638 5277; x_wconf 91' lang='lat' dir='ltr'><strong>non</strong></span> <span class='ocrx_word' id='word_1_891' title='bbox 3665 5228 3773 5281; x_wconf 83' lang='lat' dir='ltr'><strong>erit</strong></span> 
     </span>
    </p>
   </div>
   <div class='ocr_carea' id='block_1_115' title="bbox 2178 5309 3775 5386">
    <p class='ocr_par' dir='ltr' id='par_1_115' title="bbox 2178 5309 3775 5386">
     <span class='ocr_line' id='line_1_115' title="bbox 2178 5309 3775 5386; baseline 0.007 -23"><span class='ocrx_word' id='word_1_892' title='bbox 2178 5323 2398 5364; x_wconf 88' lang='lat' dir='ltr'><strong>necesse</strong></span> <span class='ocrx_word' id='word_1_893' title='bbox 2440 5309 2690 5378; x_wconf 88' lang='lat' dir='ltr'><strong>cuiquam</strong></span> <span class='ocrx_word' id='word_1_894' title='bbox 2729 5310 2977 5366; x_wconf 89' lang='lat' dir='ltr'><strong>laborare</strong></span> <span class='ocrx_word' id='word_1_895' title='bbox 3023 5312 3258 5366; x_wconf 86' lang='lat' dir='ltr'><strong>inaniter</strong></span> <span class='ocrx_word' id='word_1_896' title='bbox 3304 5328 3404 5382; x_wconf 86' lang='lat' dir='ltr'><strong>pro</strong></span> <span class='ocrx_word' id='word_1_897' title='bbox 3446 5317 3775 5386; x_wconf 77' lang='lat' dir='ltr'><strong>episcopatu</strong></span> 
     </span>
    </p>
   </div>
   <div class='ocr_carea' id='block_1_116' title="bbox 2177 5404 3773 5474">
    <p class='ocr_par' dir='ltr' id='par_1_116' title="bbox 2177 5404 3773 5474">
     <span class='ocr_line' id='line_1_116' title="bbox 2177 5404 3773 5474; baseline 0.003 -15"><span class='ocrx_word' id='word_1_898' title='bbox 2177 5414 2231 5460; x_wconf 89' lang='lat' dir='ltr'><strong>et</strong></span> <span class='ocrx_word' id='word_1_899' title='bbox 2267 5420 2386 5458; x_wconf 90' lang='lat' dir='ltr'><strong>cum</strong></span> <span class='ocrx_word' id='word_1_900' title='bbox 2433 5413 2654 5474; x_wconf 88' lang='lat' dir='ltr'><strong>peccato</strong></span> <span class='ocrx_word' id='word_1_901' title='bbox 2690 5404 2915 5459; x_wconf 86' lang='lat' dir='ltr'><strong>introire</strong></span> <span class='ocrx_word' id='word_1_902' title='bbox 2964 5421 2978 5458; x_wconf 90' lang='lat'><strong>:</strong></span> <span class='ocrx_word' id='word_1_903' title='bbox 3015 5406 3139 5473; x_wconf 88' lang='lat' dir='ltr'><strong>quia</strong></span> <span class='ocrx_word' id='word_1_904' title='bbox 3191 5406 3235 5460; x_wconf 91' lang='lat' dir='ltr'><strong>si</strong></span> <span class='ocrx_word' id='word_1_905' title='bbox 3276 5407 3564 5463; x_wconf 74' lang='lat' dir='ltr'><strong>ordinatus</strong></span> <span class='ocrx_word' id='word_1_906' title='bbox 3609 5421 3701 5465; x_wconf 88' lang='lat' dir='ltr'><strong>est</strong></span> <span class='ocrx_word' id='word_1_907' title='bbox 3745 5428 3773 5463; x_wconf 85' lang='lat' dir='ltr'><strong>a</strong></span> 
     </span>
    </p>
   </div>
   <div class='ocr_carea' id='block_1_117' title="bbox 2177 5496 3773 5561">
    <p class='ocr_par' dir='ltr' id='par_1_117' title="bbox 2177 5496 3773 5561">
     <span class='ocr_line' id='line_1_117' title="bbox 2177 5496 3773 5561; baseline 0.007 -12"><span class='ocrx_word' id='word_1_908' title='bbox 2177 5497 2308 5560; x_wconf 86' lang='lat' dir='ltr'><strong>Deo,</strong></span> <span class='ocrx_word' id='word_1_909' title='bbox 2347 5497 2483 5560; x_wconf 87' lang='lat' dir='ltr'><strong>erit;</strong></span> <span class='ocrx_word' id='word_1_910' title='bbox 2524 5496 2567 5550; x_wconf 89' lang='lat' dir='ltr'><strong>si</strong></span> <span class='ocrx_word' id='word_1_911' title='bbox 2607 5503 2787 5550; x_wconf 87' lang='lat' dir='ltr'><strong>autem</strong></span> <span class='ocrx_word' id='word_1_912' title='bbox 2827 5497 2944 5550; x_wconf 87' lang='lat' dir='ltr'><strong>sine</strong></span> <span class='ocrx_word' id='word_1_913' title='bbox 2988 5497 3263 5552; x_wconf 84' lang='lat' dir='ltr'><strong>voluntate</strong></span> <span class='ocrx_word' id='word_1_914' title='bbox 3308 5499 3402 5552; x_wconf 81' lang='lat' dir='ltr'><strong>Dei</strong></span> <span class='ocrx_word' id='word_1_915' title='bbox 3449 5500 3773 5561; x_wconf 84' lang='lat' dir='ltr'><strong>introierit.</strong></span> 
     </span>
    </p>
   </div>
   <div class='ocr_carea' id='block_1_118' title="bbox 2174 5585 3774 5651">
    <p class='ocr_par' dir='ltr' id='par_1_118' title="bbox 2174 5585 3774 5651">
     <span class='ocr_line' id='line_1_118' title="bbox 2174 5585 3774 5651; baseline 0.003 -11"><span class='ocrx_word' id='word_1_916' title='bbox 2174 5585 2280 5641; x_wconf 86' lang='lat' dir='ltr'><strong>cito</strong></span> <span class='ocrx_word' id='word_1_917' title='bbox 2310 5587 2549 5651; x_wconf 89' lang='lat' dir='ltr'><strong>decidet;</strong></span> <span class='ocrx_word' id='word_1_918' title='bbox 2583 5594 2637 5640; x_wconf 90' lang='lat' dir='ltr'><strong>et</strong></span> <span class='ocrx_word' id='word_1_919' title='bbox 2662 5588 2707 5640; x_wconf 91' lang='lat' dir='ltr'><strong>si</strong></span> <span class='ocrx_word' id='word_1_920' title='bbox 2736 5602 2882 5641; x_wconf 89' lang='lat' dir='ltr'><strong>mors</strong></span> <span class='ocrx_word' id='word_1_921' title='bbox 2934 5603 3054 5640; x_wconf 87' lang='lat' dir='ltr'><strong>eum</strong></span> <span class='ocrx_word' id='word_1_922' title='bbox 3087 5588 3157 5641; x_wconf 91' lang='lat' dir='ltr'><strong>ibi</strong></span> <span class='ocrx_word' id='word_1_923' title='bbox 3190 5589 3473 5651; x_wconf 81' lang='lat' dir='ltr'><strong>invenerit,</strong></span> <span class='ocrx_word' id='word_1_924' title='bbox 3508 5591 3629 5645; x_wconf 85' lang='lat' dir='ltr'><strong>sine</strong></span> <span class='ocrx_word' id='word_1_925' title='bbox 3662 5593 3774 5646; x_wconf 74' lang='lat' dir='ltr'><strong>ﬁnt-</strong></span> 
     </span>
    </p>
   </div>
   <div class='ocr_carea' id='block_1_119' title="bbox 2175 5676 3772 5746">
    <p class='ocr_par' dir='ltr' id='par_1_119' title="bbox 2175 5676 3772 5746">
     <span class='ocr_line' id='line_1_119' title="bbox 2175 5676 3772 5746; baseline 0.004 -16"><span class='ocrx_word' id='word_1_926' title='bbox 2175 5678 2228 5730; x_wconf 88' lang='lat' dir='ltr'><strong>in</strong></span> <span class='ocrx_word' id='word_1_927' title='bbox 2279 5676 2489 5732; x_wconf 87' lang='lat' dir='ltr'><strong>inferno</strong></span> <span class='ocrx_word' id='word_1_928' title='bbox 2517 5677 2640 5741; x_wconf 83' lang='lat' dir='ltr'><strong>erit,</strong></span> <span class='ocrx_word' id='word_1_929' title='bbox 2683 5677 2806 5744; x_wconf 89' lang='lat' dir='ltr'><strong>quia</strong></span> <span class='ocrx_word' id='word_1_930' title='bbox 2839 5677 2892 5731; x_wconf 92' lang='lat' dir='ltr'><strong>in</strong></span> <span class='ocrx_word' id='word_1_931' title='bbox 2943 5678 3130 5746; x_wconf 83' lang='lat' dir='ltr'><strong>rapina</strong></span> <span class='ocrx_word' id='word_1_932' title='bbox 3161 5678 3324 5733; x_wconf 84' lang='lat' dir='ltr'><strong>vitam</strong></span> <span class='ocrx_word' id='word_1_933' title='bbox 3363 5677 3559 5732; x_wconf 77' lang='lat' dir='ltr'><strong>finivit.</strong></span> <span class='ocrx_word' id='word_1_934' title='bbox 3600 5680 3772 5737; x_wconf 78' lang='lat' dir='ltr'><strong>Unde</strong></span> 
     </span>
    </p>
   </div>
  </div>
