3952 6186
229 303 362 362 Βῖὅ

1268 280 1271 283 ’
1342 294 1699 354 Exposrrto
1735 295 1801 349 IN
1840 294 2270 351 MATTILEUM.

3296 296 3431 355 1380

221 417 453 470 Joannes
487 412 563 467 ait
590 429 602 464 :
650 408 921 464 Peccatum
948 421 1103 476 usque
1140 406 1208 459 ad
1248 416 1493 470 mortem,
1522 421 1624 459 non
1652 405 1768 458 dico
1799 412 1844 468 Α
1868 406 2006 458 mari
2052 405 2287 461 Ecclesia
2318 406 2370 459 in
2409 405 2509 460 hoc
2537 405 2732 463 steculo
2775 407 2948 462 ventis
2992 407 3266 479 agebatur,
3307 413 3432 480 quia

223 519 275 562 ut
300 506 413 578 quis
442 514 582 575 roget
600 520 692 573 pro
718 519 797 557 eo.

302 592 551 648 Naricula
577 603 747 647 autem
771 593 827 644 in
855 591 1022 646 medio
1041 591 1181 644 mari
1195 589 1772 659 jactabaturﬂuctibus.

221 685 476 742 Navicula
517 699 636 755 qua:
668 681 973 750 jactubatur
999 680 1266 752 signiﬁcat
1308 680 1598 735 Ecclesium
1644 697 1777 735 con—

223 776 523 832 cutiendum
572 773 714 826 inter
763 772 1003 826 turbines
1058 771 1507 841 persecutionum.
1540 771 1775 832 Ventus,

224 871 351 938 ipsae
371 865 772 937 persecutiones
798 863 866 918 ab
894 863 1192 918 inﬁdelibus
1215 871 1358 916 sunt.
1381 860 1581 926 Quarta
1607 873 1779 915 autent

225 958 399 1030 uigilia
423 956 584 1011 noctis
615 955 746 1008 venit
771 953 838 1007 ad
858 969 943 1006 eos
985 951 1257 1007 ambulans
1281 967 1438 1019 supra
1467 967 1626 1005 mare.
1670 951 1780 1004 Ro-

224 1049 367 1104 mani
408 1046 678 1102 custodias
717 1044 947 1098 militum
984 1043 1344 1098 observandas
1382 1056 1503 1096 cum
1551 1043 1782 1109 impera-

224 1143 430 1197 toribus
455 1151 508 1195 et
534 1138 880 1203 exercitibus,
908 1137 1203 1191 diviserunt
1235 1146 1444 1189 noctem
1471 1134 1526 1187 in
1555 1140 1783 1203 quatuor

223 1237 430 1299 partes,
461 1228 515 1282 in
543 1241 861 1295 unaquaque
887 1225 1082 1295 vigilia,
1105 1224 1426 1292 deputantes
1456 1230 1565 1276 tres
1596 1222 1778 1275 horas.

224 1320 294 1373 Et
321 1316 463 1388 quod
505 1316 635 1371 dicit
662 1324 853 1384 quarta
899 1314 1078 1385 vigilia
1123 1312 1328 1367 scilicet
1368 1326 1488 1365 cum
1519 1318 1628 1364 tres
1648 1324 1784 1379 pne-

226 1414 514 1464 ressrssent
535 1415 590 1462 et
612 1414 802 1476 quarta
827 1414 989 1461 esset.
1014 1404 1083 1459 Et
1106 1406 1209 1459 hoc
1235 1403 1549 1474 spiritaliter
1571 1401 1785 1456 demou-

230 1507 452 1563 stratur,
498 1498 624 1568 quia
666 1512 791 1552 cum
833 1511 991 1552 verus
1036 1495 1251 1550 Lucifer
1295 1494 1780 1565 appropinquavit,

228 1587 479 1645 Ecclesiae
508 1602 618 1643 sua:
665 1585 804 1643 facta
853 1596 937 1642 est
986 1586 1378 1655 tranquillitas,
1423 1585 1549 1654 quia
1597 1593 1652 1641 et
1684 1583 1784 1653 ipsi

229 1677 578 1745 imperatores
604 1675 945 1731 crediderunt
972 1675 1065 1744 qui
1109 1674 1402 1728 Ecclesium
1437 1673 1781 1742 quassabant.

1874 495 2333 565 persecutioaibus
2362 495 2700 566 fatigabatur.
2735 497 2799 550 Et
2835 498 2935 551 hoc
2965 507 3092 553 tunc
3119 498 3315 553 factqu
3352 513 3438 555 est

1874 584 2087 653 quando
2134 584 2392 638 Dominus
2454 585 2805 654 corporaliter
2855 588 2924 641 ab
2962 601 3025 642 ea
3084 590 3330 655 recessit,
3381 590 3438 645 in

1877 683 2083 726 tantum
2112 683 2169 726 ut
2198 673 2313 743 ipse
2339 673 2536 727 dixerit
2565 692 2577 726 :
2625 672 2692 727 Ut
2719 676 2867 745 quid,
2898 677 3138 744 Domine,
3184 681 3441 735 recessisti

1876 764 2044 834 longe,
2073 764 2290 835 despicis
2319 765 2372 817 in
2397 766 2893 835 opportunitatibus?
2918 767 3073 823 Venit
3095 771 3164 824 ad
3186 785 3307 825 eam
3337 771 3441 825 Dos

1877 856 2055 909 minus
2078 862 2270 924 quarta
2294 844 2470 926 vigilia
2499 858 2693 920 noctis,
2728 857 2973 911 videlicet
2989 874 3110 913 cum
3147 874 3307 917 verus
3333 862 3441 916 Lu-

1879 946 2012 1001 cifer
2028 948 2304 1001 oriebatur
2322 962 2420 1016 per
2439 947 2698 1001 auxilium
2725 963 2832 1017 quo
2856 949 3103 1005 liberavit
3119 952 3436 1017 Ecclesiam,

1882 1054 1912 1094 a
1952 1039 2415 1109 persecutionibus
2452 1046 2752 1108 potentum.
2796 1039 2986 1094 Petrus
3029 1042 3283 1098 veniLad
3317 1060 3440 1099 eum

1882 1129 1935 1182 in
1970 1143 2196 1198 persona
2221 1128 2494 1193 Ecclesiae,
2521 1128 2646 1198 quia
2683 1144 2783 1183 nec
2810 1128 3004 1199 aliquis
3034 1140 3211 1201 potest
3229 1134 3296 1187 ad
3316 1146 3438 1188 eum

1883 1219 2069 1273 venire
2097 1218 2200 1272 nisi
2227 1218 2342 1287 ipso
2368 1218 2621 1273 donante.
2652 1218 2759 1273 Sed
2795 1219 2934 1273 sicut
2960 1219 3151 1275 Petrus
3193 1235 3312 1275 cum
3343 1223 3446 1276 dif-

1882 1306 2000 1361 ﬁdit
2025 1307 2315 1377 mergitur,
2342 1307 2421 1361 sic
2450 1309 2816 1376 unusquisque
2840 1308 3011 1363 fidelis
3031 1326 3153 1364 cum
3188 1311 3382 1365 diflidit
3411 1331 3441 1365 ει

1884 1398 2109 1453 Domino
2125 1398 2404 1468 mergitur,
2420 1399 2543 1467 quia
2568 1400 2705 1467 quia
2725 1400 2832 1455 Deo
2845 1401 3078 1470 postulat
3098 1402 3316 1469 bonum,
3336 1420 3443 1457 non

1862 1488 2042 1571 .debet
2087 1488 2345 1553 difﬁdere,
2387 1489 2526 1543 sicut
2566 1486 2797 1544 lacubus
2840 1491 3046 1558 inquit,
3088 1493 3306 1560 postulet
3356 1511 3449 1547 aue

1885 1588 1986 1632 tem
2026 1578 2080 1632 in
2121 1578 2225 1647 [ide
2254 1578 2383 1632 nihil
2422 1580 2688 1633 hatsitans.
2750 1579 3091 1649 Apprettendit
3135 1598 3272 1635 eum.
3313 1581 3448 1649 Quia

1883 1682 2050 1739 prope
2078 1677 2162 1724 est
2190 1670 2439 1735 omnibus
2476 1668 2847 1724 invocantibus
2890 1671 2944 1724 in
2990 1672 3235 1737 veritate,
3270 1663 3330 1727 id
3367 1684 3450 1728 est

230 1766 296 1821 Et
327 1765 560 1821 uiderunt
585 1782 704 1820 eum
729 1782 889 1837 supra
922 1781 1066 1818 mare
1091 1763 1464 1827 ambulantem,
1508 1771 1556 1815 et
1584 1769 1793 1831 putave—
1821 1760 1867 1820 Β
1891 1772 2177 1815 occurrere
2236 1759 2500 1828 adiutorio
2547 1774 2646 1814 sua
2694 1761 3095 1816 misericordiae.
3140 1761 3450 1831 lncrepatur

231 1867 348 1910 runt
374 1872 483 1910 esse
500 1856 826 1926 phantasma.
858 1854 924 1908 Et
952 1855 1097 1925 quod
1127 1862 1255 1908 tunc
1279 1860 1598 1921 putaverunt
1630 1848 1790 1906 disci-

230 1945 362 2015 puli,
388 1954 572 2015 postea
602 1945 859 2014 putabant
889 1943 1126 1998 hairetici
1146 1941 1238 2011 qui
1266 1942 1517 1995 dixerunt
1538 1938 1679 2008 quod
1699 1937 1790 1990 ba-

232 2035 407 2091 buerit
451 2033 697 2090 Christus
744 2049 852 2088 non
899 2048 1096 2102 corpus
1140 2046 1415 2096 carneum,
1448 2031 1592 2100 quod
1631 2043 1791 2098 super

231 2124 385 2194 squis
413 2124 571 2180 siccis
598 2124 799 2195 plantis
827 2124 994 2193 putuit
1022 2122 1314 2177 ambulare.
1334 2120 1443 2175 Sed
1475 2128 1651 2175 tamen
1685 2120 1793 2175 sic-

233 2226 293 2270 ut
326 2216 416 2271 isti
452 2223 814 2286 cognoverunt
860 2229 1100 2270 errorem
1141 2228 1318 2277 suum,
1354 2212 1431 2267 sic
1459 2226 1557 2266 nos
1581 2211 1791 2282 agnovi-

234 2321 354 2361 mus
379 2320 616 2376 errorem
658 2305 902 2369 illorum;
935 2303 1060 2373 quia
1099 2319 1206 2358 non
1235 2302 1409 2358 solum
1435 2316 1645 2356 verum
1672 2315 1791 2357 coro

234 2409 334 2465 pus
361 2410 521 2466 super
553 2410 719 2464 aquas
748 2393 1062 2458 ambulavit,
1092 2393 1187 2448 sed
1233 2393 1396 2447 etiam
1425 2390 1570 2447 Petri
1597 2404 1792 2459 corpus

237 2500 511 2556 quousque
548 2486 827 2542 dubitavit.
876 2483 983 2539 Sed
1021 2485 1161 2539 sicut
1191 2499 1296 2538 non
1324 2497 1611 2553 possumus
1636 2496 1793 2536 enar-

216 2589 356 2655 rrare
394 2574 622 2646 qualiter
666 2574 1036 2645 incorporatus
1085 2582 1172 2628 est
1224 2573 1277 2628 in
1325 2583 1478 2628 utero
1530 2571 1788 2643 virginis,

238 2665 315 2721 sic
366 2681 466 2720 nec
520 2664 751 2736 qualiter
809 2664 1026 2719 lioravit
1066 2679 1260 2734 corpus
1315 2678 1571 2719 carneum
1632 2678 1792 2732 super

238 2756 391 2825 aquis
417 2755 654 2825 liquidis,
682 2757 775 2811 sed
803 2764 978 2810 tamen
1005 2762 1290 2827 utrumque
1316 2755 1603 2810 credimus.
1632 2754 1701 2808 Et
1721 2756 1794 2808 vi-

238 2845 414 2899 dentes
434 2860 550 2897 eum
580 2859 737 2913 supra
770 2859 912 2896 mare
932 2842 1279 2897 ambulantem
1296 2852 1602 2913 putaverunt
1630 2843 1796 2912 phan-

238 2944 408 2999 tasma
446 2952 572 2990 esse.
601 2933 1026 2989 Estimaverunt
1048 2935 1189 3005 quod
1216 2934 1296 2990 eis
1334 2934 1517 3004 aliqua
1552 2933 1795 2989 ludiﬁca-

242 3027 319 3082 tio
372 3025 523 3081 ﬁeret
562 3040 594 3081 a
633 3024 878 3091 diabolo,
933 3041 1053 3095 qua:
1101 3024 1237 3080 solet
1278 3024 1394 3080 ﬁeri
1422 3025 1509 3080 his
1551 3024 1644 3095 qui
1686 3039 1791 3078 non

1893 1848 2037 1919 quod
2078 1848 2300 1904 modicae
2340 1849 2464 1903 lidei
2513 1848 2696 1913 fuerit,
2741 1850 2831 1919 qui
2891 1859 3154 1920 praesente
3196 1851 3453 1906 Creatore

1894 1938 2249 2003 dubitaverit,
2290 1952 2385 1992 seu
2416 1938 2625 1993 modica
2671 1940 2803 1993 rides
2823 1940 3038 2005 dititur,
3083 1942 3209 2010 quia
3240 1941 3450 1997 modica

1896 2030 1949 2084 in
1994 2031 2097 2085 hoc
2127 2029 2323 2083 antcqu
2349 2037 2569 2099 putatur
2596 2043 2716 2085 esse
2740 2032 2865 2084 dum
2914 2047 3019 2085 non
3063 2031 3272 2087 videtur
3298 2072 3314 2098 ,
3357 2035 3452 2089 sed

1896 2135 2141 2190 magnam
2171 2119 2334 2173 habet
2376 2118 2711 2190 ﬂagrantiam
2739 2130 2794 2174 et
2822 2124 3304 2178 remunerationem
3334 2133 3455 2194 post

1896 2209 2278 2280 triumphatum
2306 2212 2581 2264 mundum.
2610 2208 2742 2264 Cum
2783 2222 2956 2265 autem
2982 2212 3322 2268 descendisset
3347 2215 3456 2268 Do-

1895 2300 2065 2351 minus
2092 2299 2147 2351 in
2168 2299 2360 2361 navim,
2395 2301 2606 2355 cessavit
2633 2310 2833 2355 uentus.
2886 2301 2950 2357 Ut
2990 2301 3214 2358 Domino
3255 2304 3457 2373 placuit

1897 2391 2041 2447 dedit
2082 2404 2269 2458 pacem
2307 2390 2560 2446 Ecclesia:
2594 2406 2723 2446 suae.
2770 2392 2872 2457 Qui
2912 2403 3086 2447 autem
3124 2394 3177 2447 in
3213 2395 3453 2449 navicula

1894 2491 2041 2535 erant
2065 2492 2113 2536 et
2135 2482 2354 2552 apostoli
2373 2494 2419 2537 et
2446 2493 2619 2537 nautiv
2637 2496 2879 2537 venerunt
2898 2495 2945 2538 et
2973 2485 3313 2539 admoverunt
3337 2502 3452 2539 eum

1895 2570 2154 2625 dicentes:
2187 2568 2314 2625 Vere
2340 2570 2434 2626 Dei
2461 2569 2632 2626 Filius
2657 2588 2730 2626 es.
2754 2572 3124 2644 Cognoverunt
3148 2575 3288 2631 enim
3313 2576 3458 2646 quod

1897 2659 2074 2714 nullus
2098 2662 2236 2717 alius
2277 2671 2490 2721 creator
2528 2672 2671 2717 esset
2715 2667 2879 2718 maris
2908 2676 2962 2719 et
3002 2674 3304 2731 ventorum,
3352 2668 3456 2721 nisi

1896 2751 1989 2835 qui
2032 2752 2198 2805 verbo
2245 2752 2376 2806 dicit
2423 2762 2478 2806 et
2528 2752 2589 2806 tit
2627 2753 2883 2822 quidquid
2929 2755 3171 2824 imperat.
3221 2754 3287 2809 Et
3340 2772 3458 2809 cum

1896 2843 2339 2912 transfretassent,
2362 2844 2463 2899 hoc
2482 2853 2569 2899 est
2595 2847 3108 2916 transnavigassent,
3135 2861 3380 2902 venerunt
3401 2865 3458 2902 in

1899 2940 2089 2985 terram
2116 2929 2360 2986 Genesar.
2390 2932 2472 2988 Ab
2502 2933 2617 3002 ipso
2646 2930 2765 2988 lacu
2791 2933 3029 2989 Genesar
3054 2935 3141 2990 illa
3170 2936 3224 2990 in
3258 2936 3458 3008 Cyrum
3494 2982 3499 2989 .

1898 3022 2066 3091 regio,
2112 3036 2178 3075 ex
2205 3036 2309 3077 una
2354 3030 2509 3092 parte
2553 3022 2793 3078 Genesar
2838 3026 2983 3095 regio
3023 3028 3359 3092 nominatur;
3405 3037 3481 3083 ειν

242 3126 387 3174 recte
421 3118 664 3183 credunt,
691 3118 922 3172 maxime
957 3118 1042 3173 his
1069 3118 1159 3187 qui
1181 3118 1406 3174 credunt
1441 3132 1681 3175 errorem
1712 3131 1805 3186 pa-
1830 3109 1874 3173 C
1905 3122 2128 3185 apparet
2146 3113 2273 3183 quia
2289 3114 2442 3169 bona;
2462 3114 2748 3170 voluntatis
2770 3116 3012 3171 homines
3032 3115 3248 3182 fuerint,
3273 3126 3333 3172 ut
3354 3134 3465 3174 non»

246 3223 524 3280 gauorum,
547 3210 689 3278 quod
708 3206 986 3279 Neptunus
1007 3206 1239 3277 aliquam
1262 3217 1578 3277 potestatem
1605 3209 1799 3264 habeat

245 3299 301 3354 in
327 3300 478 3369 aquis
506 3300 598 3368 qui
625 3310 836 3356 tenetur
862 3300 919 3354 in
947 3298 1155 3355 inferno
1182 3308 1242 3354 ut
1267 3300 1360 3355 alii
1385 3300 1573 3369 iniqui.
1599 3300 1669 3355 Et
1688 3314 1799 3370 prce

245 3391 429 3444 timore
467 3388 834 3444 clamauerunt.
867 3387 1016 3444 Solet
1052 3389 1193 3445 enim
1234 3387 1441 3443 damon
1478 3387 1665 3442 timere
1700 3404 1796 3443 vo-

246 3496 361 3537 cem
398 3480 528 3550 justi
574 3480 675 3534 viri
722 3487 1047 3550 apropterea
1077 3479 1462 3534 clamaverunt.
1506 3478 1798 3550 Statimque

246 3569 447 3624 locutus
474 3579 548 3624 est
571 3570 645 3625 eis
683 3569 859 3624 dicens
897 3582 916 3619 .'
960 3568 1155 3623 Habeto
1186 3568 1452 3636 ﬁduciam.
1496 3566 1673 3622 Primo
1699 3583 1797 3621 au-

250 3659 353 3714 fert
381 3661 625 3715 timorem
652 3660 718 3714 de
761 3675 819 3723 se
862 3673 1023 3729 quam
1062 3664 1531 3727 recegnoscerent;
1561 3655 1799 3711 secundo

248 3751 401 3806 sedat
429 3750 604 3826 minas
637 3758 1030 3821 tempestatum.
1071 3747 1214 3803 Duas
1239 3747 1465 3802 virtutes
1507 3746 1801 3816 przecipuas

251 3844 322 3899 ibi
348 3844 621 3909 viderunt,
652 3851 707 3897 et
747 3841 1021 3897 auibulare
1060 3840 1209 3895 illum
1251 3854 1412 3910 super
1445 3853 1613 3908 aquas
1659 3838 1803 3907 quod

250 3944 373 3989 ante
412 3934 707 3988 inauditum
736 3930 859 3999 fuit,
887 3941 940 3987 et
963 3939 1306 4001 tempestates
1334 3930 1496 3987 verbo
1521 3930 1727 3985 sedare.

322 4026 522 4082 Ventus
549 4034 636 4082 est
673 4039 767 4082 aer
787 4033 1107 4098 commotus,
1142 4032 1198 4078 et
1238 4036 1337 4092 pro
1379 4020 1605 4080 diversis
1630 4021 1800 4089 parti-

250 4117 349 4171 bus
384 4131 579 4171 nomen
607 4116 846 4180 sortitur,
895 4123 953 4169 ut
998 4112 1335 4177 subsolanus,
1386 4111 1511 4181 quia
1552 4111 1651 4165 sub
1690 4111 1804 4167 sole

252 4216 353 4271 est,
383 4215 438 4261 et
470 4206 561 4261 alii
588 4206 854 4261 similiter.
897 4203 1034 4259 Sunt
1065 4211 1244 4259 autem
1269 4201 1567 4258 duodecim.
1601 4201 1803 4257 Ventus

253 4299 425 4353 dictus
468 4306 573 4363 est,
622 4311 687 4352 eo
732 4294 871 4366 quod
910 4295 981 4351 sit
1023 4295 1335 4358 vehemens,
1380 4293 1456 4346 ita
1493 4301 1549 4346 ut
1583 4307 1710 4346 saxa
1747 4300 1805 4349 et

254 4391 474 4445 arbores
509 4387 731 4453 evellat,
776 4396 969 4442 terram
1012 4392 1364 4450 commoveat,
1407 4384 1583 4439 turbet
1630 4397 1796 4437 mare.

1899 3205 2069 3260 solum
2101 3205 2203 3274 ipsi
2228 3207 2494 3273 venerint,
2532 3207 2626 3261 sed
2651 3215 2700 3261 et
2730 3208 2799 3261 ad
2846 3206 2950 3261 alia
2981 3208 3098 3263 loca
3121 3211 3381 3277 miserint,
3407 3220 3463 3266 et

1898 3305 2164 3351 venerunt
2207 3297 2274 3350 ad
2305 3296 2494 3350 Deum.
2545 3295 2639 3351 Sic
2677 3297 2836 3352 debet
2874 3298 3051 3353 facere
3087 3302 3463 3371 unusquisque

1899 3386 2088 3453 homo,
2114 3395 2168 3442 et
2196 3388 2310 3457 ipse
2338 3389 2496 3443 debet
2520 3390 2658 3442 bona
2688 3388 2867 3445 facere
2896 3401 2949 3446 et
2979 3394 3277 3460 proximum
3301 3410 3457 3449 suum

1898 3476 2102 3532 hortari
2117 3487 2178 3532 ut
2203 3479 2449 3533 similiter
2472 3478 2653 3534 faciat.
2683 3483 3059 3550 Cognoscebant
3087 3493 3258 3536 autem
3280 3483 3462 3536 Domi-

1900 3583 2022 3622 num
2043 3568 2107 3622 de
2131 3569 2384 3638 frequenti
2404 3569 2618 3624 uisione.
2651 3569 2785 3636 Quia
2826 3571 3079 3627 Dominus
3108 3574 3177 3626 ibi
3210 3572 3462 3642 frequen-

1900 3664 1984 3711 ter
2006 3668 2354 3713 conversatus
2381 3670 2482 3723 est,
2510 3660 2593 3715 vel
2622 3676 2683 3715 ex
2714 3662 2987 3730 signorum
3022 3662 3161 3716 fama
3186 3678 3306 3733 quae
3331 3679 3465 3732 pra:-

1900 3753 2149 3804 currebat
2176 3751 2241 3805 de
2268 3750 2376 3804 illo.
2442 3750 2510 3805 Et
2553 3752 2845 3807 obtulerunt
2891 3770 3065 3809 omnes
3096 3756 3230 3809 male
3263 3755 3460 3809 [taben-

1899 3848 2016 3904 tes;
2042 3849 2091 3893 et
2115 3840 2367 3910 rogabant
2396 3858 2539 3907 eum,
2570 3852 2625 3895 ut
2651 3842 2726 3896 uel
2753 3842 3011 3911 ﬁmbriam
3042 3844 3321 3898 uestimenti
3349 3845 3465 3914 ejus

1898 3939 2182 4000 tangerent.
2215 3930 2349 3997 Quia
2377 3933 2659 3987 audierant
2691 3936 2831 4001 quod
2862 3935 3051 3989 nmlier
3078 3947 3319 3991 ematosa
3347 3937 3464 3991 sine

1899 4022 2063 4076 verbo
2113 4023 2280 4093 ipsius
2325 4022 2551 4077 salutem
2598 4026 2666 4078 ab
2713 4024 2842 4093 ipsis
2887 4026 3112 4080 fimbriis
3150 4035 3462 4096 acceperat,

1900 4120 2180 4181 propterea
2204 4111 2583 4167 desiderabant
2610 4113 2850 4168 ﬁtubrias
2874 4115 3156 4184 attingere.
3189 4116 3338 4171 Prius
3370 4132 3466 4169 ann

1903 4210 2008 4256 tem
2037 4202 2144 4257 dixi
2173 4203 2325 4258 vobis
2350 4205 2493 4272 quod
2542 4206 2672 4272 ipsa:
2715 4204 2934 4258 limb’riar
2980 4207 3051 4258 ob
3088 4205 3466 4261 discretionem

1902 4293 2130 4348 aliarum
2163 4294 2401 4365 gentium
2452 4291 2651 4349 Judteis
2704 4305 2982 4365 praecepta:
3037 4305 3164 4351 sunt
3211 4296 3346 4351 ﬁeri.
3394 4295 3465 4351 Et

1900 4394 2145 4456 quotquot
2172 4385 2469 4455 tangebam,
2493 4385 2622 4441 salui
2647 4385 2774 4457 facti
2794 4396 2932 4440 sunt.
2963 4386 3097 4453 Quia
3127 4387 3464 4443 dilectionem

257 4479 588 4550 Respondent
630 4478 838 4533 Petrus.
890 4477 1081 4533 Petrus
1132 4476 1307 4533 adhuc
1358 4490 1464 4530 non
1508 4473 1801 4539 credebat,
1828 4473 1882 4532 D
1907 4477 1999 4532 Dei
2029 4477 2115 4531 isti
2152 4478 2455 4533 habuerunt
2488 4486 2545 4531 et
2585 4478 2835 4548 proximi,
2881 4468 3299 4548 impetraverunt
3324 4480 3468 4549 quod
3507 4532 3511 4536 ,

255 4572 397 4640 quod
426 4584 619 4639 corpus
648 4584 899 4627 carneutu
940 4583 1102 4638 super
1161 4582 1330 4637 aquas
1368 4567 1534 4646 maris
1572 4566 1809 4622 ambula.

259 4671 360 4728 ret,
392 4663 495 4717 nisi
519 4663 574 4716 in
600 4676 698 4717 suo
733 4661 833 4716 hoc
866 4660 1128 4725 disceret;
1176 4660 1269 4715 sed
1302 4657 1443 4715 sicut
1462 4657 1590 4715 fecit
1621 4659 1679 4714 in
1702 4658 1809 4714 ﬁde

259 4768 374 4816 sua,
398 4753 477 4808 sic
500 4761 556 4807 et
579 4753 632 4807 in
654 4752 920 4823 gressibus
948 4751 1080 4806 suis.
1106 4750 1346 4806 Credidit
1369 4749 1571 4819 aliquid
1594 4750 1808 4820 quando

260 4846 326 4900 de
352 4844 472 4899 navi
500 4845 652 4910 exiit,
680 4842 773 4897 sed
798 4842 1055 4897 dubitavit
1088 4841 1303 4909 quando
1329 4852 1543 4896 ventum
1571 4842 1807 4898 validum

261 4935 417 5001 vidit,
436 4943 491 4989 et
512 4934 631 4989 ideo
659 4931 825 5002 mergi
855 4931 1035 4999 erepit.
1064 4930 1304 4996 Domine,
1331 4931 1375 4986 si
1399 4940 1454 4984 tu
1481 4947 1557 4995 es,
1571 4931 1696 5000 jube
1727 4947 1808 4984 me

262 5026 431 5082 venire
453 5026 521 5079 ad
547 5035 594 5079 te
615 5040 766 5095 super
789 5038 971 5093 aquas.
1003 5021 1148 5076 Inter
1168 5036 1316 5091 spem
1336 5030 1401 5078 et
1424 5021 1807 5076 dubitationem

262 5125 382 5173 erat
405 5117 611 5186 positus
635 5117 820 5169 beatus
844 5113 1052 5177 Petrus,
1083 5121 1138 5167 et
1159 5113 1574 5182 recognoscebat
1602 5127 1806 5176 vocem,
1862 5128 1867 5131 ί

264 5218 320 5263 et
366 5216 540 5262 tamen
581 5204 842 5261 dubitavit
875 5212 1053 5258 utrum
1091 5203 1202 5270 ipse
1239 5213 1398 5260 esset.
1432 5202 1517 5255 Ait
1558 5218 1677 5272 ergo
1703 5201 1811 5254 Do-

263 5298 481 5353 minus:
532 5291 676 5349 Veni.
734 5291 797 5346 Et
850 5291 1155 5345 descendens
1191 5289 1379 5345 Petrus
1431 5291 1495 5345 de
1543 5289 1809 5354 navicula,

266 5385 563 5440 ambulabat
588 5400 741 5455 super
778 5398 987 5453 aquam.
1020 5380 1152 5435 Mira
1186 5381 1328 5435 beati
1369 5379 1514 5437 Petri
1554 5381 1713 5445 actio,
1759 5390 1815 5436 et

267 5480 574 5536 ambulabat
599 5494 759 5550 super
792 5492 976 5547 aquas,
1020 5482 1074 5529 et
1116 5475 1358 5530 timebat.
1401 5474 1602 5530 Tamen
1641 5488 1708 5529 ex
1749 5491 1815 5531 eo

268 5573 413 5642 quod
452 5571 741 5627 ambulavit
783 5571 998 5642 agnovit
1023 5570 1325 5635 Dominum,
1356 5578 1411 5624 et
1438 5569 1681 5637 quaesivit
1723 5585 1816 5639 po.

1908 4568 2208 4639 petieram;
2235 4568 2571 4623 dilectionem
2600 4568 2694 4624 Dei
2723 4569 2847 4637 quia
2870 4570 3024 4623 avide
3048 4580 3395 4640 susceperunt
3414 4579 3470 4624 et

1910 4662 2208 4733 gestierunt
2236 4670 2295 4715 ut
2323 4660 2418 4715 Dei
2442 4718 2445 4727 ,
2465 4661 2580 4715 laus
2624 4661 2779 4732 longe
2824 4660 3034 4730 lateque
3076 4662 3466 4729 crebresceret;

1911 4754 2245 4810 dilectionem
2274 4754 2522 4824 proximi,
2552 4755 2768 4823 quando
2796 4753 3079 4808 voluerunt
3114 4763 3172 4807 ut
3203 4754 3292 4808 alii
3336 4751 3469 4809 salvi

1913 4849 2120 4902 ﬁerent.
2171 4847 2314 4901 Tunc
2360 4854 2687 4900 accesserunt
2715 4845 2787 4898 ad
2823 4861 2941 4898 eum
2985 4845 3050 4898 ab
3097 4844 3469 4915 Hierosolymis

1912 4939 2094 4994 scribta
2115 4948 2163 4993 et
2189 4930 2449 4993 Pliaristci
2466 4939 2711 4991 dicentes.
2738 4928 2843 4993 Alii
2861 4936 3141 4992 veniebant
3164 4936 3229 4989 ad
3251 4937 3471 4990 audien-

1913 5030 2037 5085 dam
2081 5029 2511 5099 praedicationem
2536 5037 2591 5081 et
2636 5026 2862 5080 salutem
2904 5027 3204 5080 animarum
3252 5041 3471 5079 suarum

1915 5122 1984 5177 ab
2027 5119 2426 5189 Hierosolymis,
2457 5119 2546 5173 ubi
2593 5118 2777 5189 religio
2805 5118 2973 5188 major
2999 5131 3115 5172 esse
3153 5117 3379 5171 debebat
3419 5123 3475 5170 et

1914 5214 2160 5269 scientia.
2192 5211 2273 5268 0b
2305 5210 2772 5280 reprehensionem
2804 5194 2994 5264 scriba:
3020 5217 3075 5262 et
3101 5207 3354 5262 Pharisaei
3380 5223 3474 5263 ve-

1914 5304 2135 5359 niebant
2158 5310 2214 5357 et
2240 5303 2340 5356 hoc
2369 5309 2533 5355 totum
2561 5308 2775 5369 propter
2804 5299 3078 5353 invidiam.
3114 5296 3289 5363 Quare
3317 5299 3475 5352 disci-

1914 5392 2025 5465 puli
2052 5394 2127 5446 tui
2169 5390 2621 5459 transgrediuntur
2651 5388 2981 5441 traditionem
3021 5389 3281 5441 seniorum
3298 5387 3325 5441 ν
3350 5385 3474 5442 Non

1918 5484 2057 5536 enim
2079 5480 2252 5533 lacum
2276 5495 2462 5533 manus
2485 5494 2609 5533 suas
2633 5480 2750 5531 cum
2777 5493 2961 5547 panem
2992 5477 3327 5531 manducent.
3368 5475 3476 5531 Lc-

1921 5574 2095 5644 gimus
2121 5572 2176 5624 in
2202 5569 2543 5639 evangelistis
2580 5569 2700 5625 aliis
2720 5571 2863 5640 quod
2887 5569 3096 5624 diversa
3135 5560 3473 5639 baptismata,

274 5667 495 5724 tentiam
549 5666 690 5722 illius
740 5675 923 5721 contra
961 5664 1302 5743 valitudinem
1348 5664 1510 5719 venti.
1558 5662 1718 5718 Navis
1763 5663 1819 5719 in
1923 5665 1976 5719 id
2002 5672 2084 5717 est
2108 5661 2405 5717 levationes
2423 5660 2528 5718 dici
2554 5661 2852 5718 babebant-
2877 5671 2932 5715 et
2958 5660 3075 5717 illas
3093 5675 3159 5718 ex
3189 5660 3473 5717 traditione

591 5762 857 5853 Panos.
901 5758 1053 5820 CVI.

2935 5752 3009 5812 't's
