3988 6186
494 308 627 361 1Σάτὲ

1259 302 1643 357 CHRISTth
1680 298 2083 357 DBUTilMAllI
2123 294 2564 352 CORBEIENSIS
2602 291 2900 350 MONACHI

3581 290 3715 343 Πεπὲ

490 412 689 469 carnali
722 422 775 466 et
792 426 1017 466 suorum
1054 411 1363 465 inuentione
1407 412 1778 480 magistrorum
1807 409 1924 478 plus
1952 408 2046 461 οξ)-
2073 413 2120 470 Α
2149 420 2293 470 sues,
2325 416 2547 468 ostreaz,
2590 405 2859 477 anguillas,
2897 413 2948 458 et
2983 419 3100 474 qua:
3144 420 3247 457 non
3303 405 3575 457 rumiuaut
3618 422 3723 458 nec

489 505 799 565 servabant,
843 517 1003 570 quam
1034 516 1098 553 ca
1141 516 1259 569 qua:
1290 501 1429 554 Deus
1475 500 1813 569 omnipotens
1839 500 1890 552 in
1934 499 2047 568 lege

490 603 841 669 prmceperat.
874 593 941 646 Et
981 592 1102 646 inde
1149 593 1403 646 Dominus
1448 592 1756 660 frequenter
1800 594 2056 661 arguebat

489 686 633 755 quod
667 683 999 738 dimitterent
1043 682 1381 736 dilectionem
1418 682 1514 736 Dei
1562 691 1616 736 et
1663 683 1893 752 proximi
1936 695 2055 750 qua:

494 777 634 830 Deus
676 788 1000 845 magnopere
1047 773 1529 827 commendaverat.
1578 775 1646 828 Et
1694 772 2053 851 reprehende-

492 868 586 922 bat
649 881 744 921 eos
770 866 862 933 qui
889 865 989 918 boc
1016 864 1375 917 observabant
1402 904 1416 926 ,
1461 874 1517 917 et
1548 879 1710 933 super
1743 864 2055 917 traditiones

484 972 613 1026 qua:
641 971 811 1025 neque
841 963 1052 1017 nocent,
1082 969 1254 1022 neque
1297 951 1551 1019 adjuvant
1591 954 1637 1007 si
1677 952 1795 1005 illas
1824 968 1926 1003 non
1963 951 2055 1004 ob-

488 1044 988 1110 servent..Quando
1028 1056 1258 1110 namque
1308 1042 1360 1095 in
1404 1042 1601 1110 placito
1631 1041 1888 1096 sedebant
1934 1055 2054 1093 cum

490 1137 768 1200 Romanis,
796 1135 887 1204 qui
916 1135 1082 1203 ipsam
1110 1143 1305 1187 terram
1330 1133 1601 1193 tenebant,
1634 1146 1740 1185 non
1770 1131 2059 1183 manduca-

490 1227 623 1283 bant
652 1226 754 1278 nisi
802 1233 927 1277 ante
960 1238 1018 1276 se
1051 1222 1396 1283 baluearent;
1428 1230 1481 1275 et
1523 1237 1629 1274 non
1664 1220 2059 1274 manducabaut

495 1315 599 1369 nisi
646 1313 837 1379 crebro
898 1312 1139 1366 lavarcut
1203 1326 1412 1366 manus.
1464 1310 1584 1378 Ipse
1630 1322 1803 1365 autem
1854 1326 2060 1379 respon-

492 1409 620 1460 dens
658 1405 764 1459 illis
815 1405 931 1457 ait:
965 1404 1137 1468 Quare
1171 1413 1218 1457 et
1262 1420 1349 1457 vos
1396 1403 1815 1472 transgredimini
1839 1401 2058 1455 manda-

496 1508 607 1549 tum
655 1494 753 1548 Dei
798 1503 1005 1565 propter
1058 1492 1387 1545 traditionem
1414 1491 1682 1545 vestram?
1736 1489 1875 1544 Nam
1921 1489 2060 1543 Deus

498 1589 631 1641 dixit
657 1600 676 1637 :
724 1584 939 1639 Honora
976 1594 1173 1654 patrem
1200 1593 1245 1636 et
1274 1593 1514 1647 matrem,
1545 1592 1591 1635 et
1619 1581 1707 1652 qui
1734 1579 2061 1633 maledixetit

496 1678 639 1747 patri
669 1675 744 1730 vel
766 1676 922 1728 matri
944 1684 1109 1728 morte
1137 1674 1408 1726 moriatur.
1428 1671 1612 1726 Honor
1636 1671 1724 1725 hic
1745 1678 1800 1724 et
1823 1671 1875 1724 in
1899 1670 2062 1724 verbo

2156 498 2364 552 ﬁndunt
2383 499 2650 568 ungulam,
2670 507 2761 551 aut
2782 512 3030 565 squamas
3054 511 3156 548 non
3176 496 3391 557 habent,
3410 497 3723 564 quicunque
3782 529 3786 541 ι

2151 593 2493 648 comedebant
2508 634 2521 655 ,
2539 606 2871 647 communem
2890 590 3032 642 illum
3047 588 3401 657 appellabant.
3423 588 3485 640 Et
3501 589 3625 642 inde
3640 590 3722 641 di-

2152 683 2224 737 cit
2243 684 2621 737 communicant
2641 682 2915 742 hominem,
2934 680 3032 732 hoc
3043 688 3125 731 est
3138 693 3475 731 communem
3488 676 3626 731 faciu
3638 688 3715 730 at.

2219 773 2276 826 ln
2301 773 2424 827 totis
2448 772 2596 826 libris
2625 772 2822 824 nostris
2850 785 2948 823 nec
2972 772 3038 823 ad
3067 769 3251 833 Deum,
3290 785 3387 823 nec
3430 773 3496 823 ad
3541 771 3719 837 impe-

2152 872 2387 915 ratorem
2436 862 2716 916 invenietis
2752 860 2935 930 plurali
2969 877 3190 914 numero
3216 861 3351 925 dici,
3381 862 3627 929 quamvis
3661 862 3717 914 in

2154 954 2419 1006 communi
2443 962 2621 1006 nostra
2649 953 2824 1020 lingua
2848 968 2975 1005 usus
2994 952 3079 1004 sit.
3095 950 3200 1004 Sed
3222 958 3398 1003 tamen
3421 961 3717 1011 estcausa,

2152 1056 2248 1110 pro
2272 1056 2379 1110 qua
2407 1041 2457 1094 in
2488 1051 2669 1094 nostra
2709 1050 2850 1093 terra
2885 1040 2971 1093 hic
3006 1056 3137 1093 usus
3171 1039 3389 1092 inolevit
3435 1040 3500 1092 ad
3546 1056 3715 1092 unum

2154 1131 2421 1184 hominem
2450 1132 2601 1200 quasi
2627 1132 2693 1184 ad
2720 1133 2853 1184 duos
2875 1131 3036 1199 loqui.
3072 1130 3213 1184 Tunc
3240 1131 3534 1185 accedentes
3560 1132 3718 1184 disci-

2153 1218 2264 1288 puli
2283 1220 2524 1272 dixerunt
2548 1220 2594 1272 ei
2611 1236 2629 1272 :
2659 1218 2775 1273 Scis
2792 1221 2916 1289 quia
2951 1217 3204 1274 Pharisa'i
3232 1222 3413 1272 audito
3440 1221 3535 1274 hoc
3563 1223 3713 1274 verba

2156 1308 2499 1361 scandalizati
2519 1320 2657 1362 sunt.
2692 1308 3010 1362 Scantlalum
3036 1308 3278 1364 Grateum
3307 1325 3496 1364 nomen
3525 1321 3627 1369 est.
3657 1318 3718 1364 et

2156 1397 2344 1453 Latine
2366 1408 2541 1467 potest
2563 1400 2665 1454 dici
2686 1399 2910 1453 oilensio
2929 1400 3011 1454 vel
3028 1401 3322 1469 impeditio.
3336 1402 3463 1455 Inde
3484 1412 3714 1456 tractum

2157 1498 2241 1542 est
2258 1488 2325 1543 ad
2344 1488 2690 1545 olfensionem
2717 1491 2906 1555 animi,
2932 1492 3053 1559 quia
3078 1492 3215 1546 sicut
3239 1493 3400 1547 homo
3419 1492 3634 1547 oﬁ‘endit
3658 1495 3716 1546 in

2156 1580 2243 1634 via
2269 1596 2364 1635 sua
2398 1583 2464 1635 ad
2491 1582 2721 1650 aliquem
2752 1581 2979 1651 lapidem
3012 1583 3122 1637 sive
3153 1583 3433 1653 laqueum,
3469 1586 3719 1640 similiter

2158 1669 2377 1724 offendit
2395 1670 2608 1740 quando
2631 1671 2843 1740 aliquod
2866 1672 3084 1727 verbum
3107 1676 3432 1729 contrarium
3459 1677 3512 1730 in
3535 1679 3719 1731 animo

497 1778 555 1823 et
584 1770 637 1822 in
681 1768 823 1821 omni
856 1768 993 1819 dono
1020 1764 1360 1833 accipiendus
1385 1772 1468 1816 est
1512 1781 1525 1816 :
1558 1763 1695 1817 sicut
1733 1770 1788 1814 et
1831 1760 1920 1814 illo
1944 1760 2061 1814 loco
2088 1756 2133 1815 B
2161 1759 2278 1827 ejus
2298 1758 2381 1814 vel
2408 1760 2614 1814 ratione
2638 1762 2948 1831 opponitur.
2980 1763 3045 1816 Et
3073 1764 3194 1818 inde
3215 1766 3467 1820 dicebant
3492 1767 3720 1822 Domino

498 1861 589 1915 ubi
624 1857 822 1912 Paulus
857 1857 1040 1910 dicit:
1097 1852 1394 1923 Presbyteri
1438 1851 1633 1922 duplici
1681 1852 1873 1904 honore
1917 1848 2060 1918 digni

493 1960 650 2014 sunt;
695 1947 917 2001 maxime
942 1945 1029 2016 qui
1078 1943 1314 1997 laborant
1336 1943 1389 1995 in
1419 1942 1589 1996 uerbo.
1639 1940 1822 1995 Honor
1853 1939 1923 1994 ibi
1964 1953 2060 2008 pro

494 2039 639 2094 dono
670 2036 951 2106 accipitur.
984 2035 1048 2087 Et
1075 2035 1125 2088 in
1157 2033 1263 2087 alio
1289 2032 1445 2087 loco:
1478 2030 1696 2085 Honora
1723 2030 1904 2085 viduas
1943 2044 2062 2099 qua:

494 2146 613 2184 cere
652 2128 823 2182 vidum
842 2135 982 2179 sunt.
1019 2124 1246 2190 Quando
1272 2138 1401 2193 ergo
1429 2122 1569 2176 Deus
1596 2120 1683 2175 illa
1710 2120 1866 2183 dixit,
1896 2118 2059 2173 voluit

498 2231 562 2273 ut
590 2217 645 2271 in
677 2216 819 2281 cibo,
841 2215 973 2271 etin
999 2210 1150 2284 potu,
1185 2222 1240 2268 et
1263 2214 1403 2267 dono
1427 2212 1753 2267 bonorarent
1791 2220 2059 2279 parentes.

570 2309 921 2376 Posteaquam
948 2316 1131 2377 patres
1166 2306 1537 2369 senescebant,
1555 2312 1610 2358 et
1629 2302 1722 2357 ﬁlii
1743 2310 2060 2373 potestatem

496 2403 830 2472 accipiebant
856 2401 910 2454 in
935 2401 1113 2466 domo,
1153 2409 1209 2454 et
1233 2414 1369 2454 onus
1401 2407 1519 2453 erat
1560 2397 1685 2452 ﬁliis
1728 2397 1871 2466 quod
1908 2405 2064 2466 pater

495 2492 582 2545 vel
618 2498 791 2545 mater
817 2489 1088 2551 viverent,
1116 2487 1422 2558 allligebant
1458 2501 1551 2542 eos
1592 2486 1686 2540 ﬁlii
1728 2487 1781 2540 in
1820 2486 1971 2550 cibo,
2008 2492 2064 2538 et

498 2590 643 2653 potu,
671 2589 725 2637 et
746 2580 1097 2639 vestimentis.
1139 2594 1236 2648 per
1262 2579 1599 2633 traditionem
1637 2578 2060 2641 Pbarismorum,

499 2674 589 2745 qui
620 2674 699 2729 eis
725 2672 1012 2728 dicebant:
1048 2671 1236 2726 Verior
1268 2670 1427 2726 Pater
1460 2678 1544 2725 est
1577 2670 1748 2734 Deus,
1778 2684 1881 2724 non
1913 2668 2063 2722 inho-

501 2779 662 2818 noras
690 2770 895 2833 patrem
924 2760 1007 2815 vel
1038 2768 1288 2825 matrem,
1319 2760 1365 2814 si
1392 2760 1490 2814 ista
1522 2759 1689 2813 donas
1719 2759 1844 2813 Deo.
1876 2757 1941 2811 Et
1965 2773 2063 2827 per

497 2855 656 2909 talem
683 2852 1020 2909 occasionem
1045 2850 1311 2908 faciebant
1334 2861 1514 2920 patres
1535 2858 1590 2905 et
1626 2860 1827 2904 matres
1847 2857 2064 2919 egentes

493 2949 744 3004 omnibus
764 2946 939 3012 bonis,
967 2960 1086 3000 cum
1120 2947 1262 3001 Deus
1298 2945 1388 3000 illa
1418 2961 1523 3000 non
1554 2944 1930 3007 manducaret,
1966 2942 2061 2997 scd

494 3040 824 3107 accipientes
842 3038 1134 3093 conderent
1153 3038 1254 3092 sibi
1279 3038 1556 3093 thesauros
1580 3036 1813 3090 inutiles.
1844 3035 1933 3091 Vel
1957 3036 2061 3101 alio

2159 1847 2404 1917 discipuli
2429 1850 2571 1917 quod
2597 1850 2651 1904 in
2682 1850 2767 1904 illa
2798 1852 3081 1906 traditione
3113 1868 3271 1923 quam
3292 1853 3463 1910 Judaei
3484 1872 3580 1925 pro
3600 1857 3720 1925 lege

2162 1941 2411 1995 tenebant
2424 1941 2903 1997 contradictionem
2924 1943 3141 1998 haberet
3159 1944 3477 2011 immissam,
3491 1958 3543 2001 et
3556 1964 3719 2016 quam

2160 2042 2371 2097 semper
2416 2031 2792 2086 observabant.
2844 2032 2902 2086 in
2951 2048 3056 2101 quo
3098 2049 3217 2088 enm
3264 2038 3722 2104 reptebemiereut

2159 2121 2491 2176 mstimabant
2514 2137 2572 2177 se
2595 2122 2794 2178 habere
2816 2122 3086 2178 inventum
3126 2140 3222 2193 per
3247 2127 3391 2194 quod
3421 2128 3722 2194 potuissent

2160 2210 2478 2265 convincere
2517 2221 2702 2266 contra
2748 2211 2921 2282 legem
2952 2227 3073 2267 eum
3117 2212 3352 2268 locutum
3380 2215 3565 2269 fuisse.
3606 2215 3718 2269 Sed

2162 2308 2340 2355 tamen
2381 2304 2738 2371 requisierunt
2779 2312 2832 2359 et
2875 2305 3191 2359 invenerunt
3219 2309 3359 2375 quod
3398 2308 3724 2377 patriarcha:

2161 2401 2284 2447 ante
2310 2391 2480 2461 legem
2509 2394 2963 2448 manducaverunt
2990 2395 3155 2448 multa
3197 2411 3314 2464 qua:
3350 2397 3440 2451 isti
3479 2412 3584 2450 non
3620 2413 3725 2452 co-

2159 2484 2463 2548 medebant,
2491 2494 2544 2539 et
2573 2484 2947 2540 intellexerunt
2968 2487 3110 2555 quod
3135 2488 3269 2541 Deus
3287 2502 3387 2540 non
3411 2497 3633 2556 propter
3653 2504 3723 2542 se

2159 2587 2485 2645 prmceperat
2504 2576 2790 2633 observare
2813 2575 3023 2631 Judaeos
3044 2593 3072 2630 a
3098 2577 3280 2631 talibus
3300 2577 3453 2641 cibis,
3478 2579 3572 2633 sed
3593 2594 3725 2647 pro-

2158 2678 2341 2737 pterea
2364 2670 2407 2723 si
2434 2670 2764 2739 permitteret
2798 2670 3118 2723 manducare
3135 2711 3150 2733 ,
3188 2671 3419 2723 dicerent
3443 2670 3585 2737 quod
3610 2684 3721 2723 non

2159 2771 2300 2815 esset
2327 2761 2545 2825 bonum,
2571 2762 2694 2831 quia
2717 2761 2815 2831 ipsi
2838 2762 3105 2815 habebant
3127 2761 3181 2814 in
3202 2760 3580 2815 consuetudine
3603 2760 3717 2821 sic;

2160 2858 2243 2912 vel
2270 2858 2429 2911 etiam
2460 2857 2795 2911 imitarentur
2819 2857 3032 2911 easdem
3057 2857 3257 2910 bestias
3280 2855 3361 2907 vel
3385 2869 3508 2907 aves
3534 2855 3585 2905 in
3609 2856 3722 2907 suis

2161 2947 2647 3006 consuetudinibus.
2681 2947 2744 3000 de
2772 2948 3083 3015 quibusdam
3108 2948 3244 3000 actis
3266 2961 3382 3013 qua:
3407 2946 3590 2999 bestiis
3612 2960 3719 2998 non

2163 3046 2382 3103 nocent,
2407 3037 2710 3091 hominibus
2739 3045 2916 3091 autem
2944 3045 3214 3098 nocerent,
3258 3036 3302 3089 si
3346 3036 3545 3096 ﬁerent,
3578 3036 3723 3089 sicut

498 3130 697 3183 modo:
727 3129 860 3183 Cum
887 3127 1083 3180 dabant
1102 3127 1240 3195 patri
1262 3126 1345 3181 vel
1373 3127 1534 3181 matri
1560 3127 1881 3180 manducare
1907 3133 1961 3179 et
1982 3125 2064 3179 bi-
2090 3109 2134 3172 Ε
2165 3130 2358 3184 Paulus
2380 3129 2696 3198 astipulatur
2714 3127 2781 3183 de
2806 3129 3034 3183 eisdem:
3060 3127 3339 3197 Propterea
3365 3127 3575 3180 tradidit
3599 3127 3719 3179 ittos

499 3220 645 3282 bere,
670 3216 921 3270 dicebant
942 3216 1020 3268 ad
1048 3215 1167 3268 illos
1191 3233 1203 3267 :
1243 3215 1395 3280 Quod
1418 3223 1476 3269 tu
1498 3216 1809 3279 manducas,
1836 3231 1935 3285 ego
1945 3212 2060 3281 jam

495 3307 563 3361 ad
592 3303 841 3374 templum
883 3303 1094 3357 Domini
1136 3304 1401 3358 habebam
1435 3305 1702 3359 devotum.
1734 3305 1799 3357 Et
1830 3315 1956 3358 tunc
1986 3304 2061 3358 illi

494 3396 935 3465 espavescebant,
960 3403 1015 3449 et
1042 3393 1318 3449 dicebant:
1342 3392 1639 3448 Amabilius
1658 3402 1743 3448 est
1765 3394 1894 3448 mihi
1918 3393 2060 3449 fame

499 3488 660 3552 mori,
686 3501 846 3555 quam
872 3486 976 3541 ista
998 3486 1299 3540 comedere.
1332 3485 1484 3552 Quod
1511 3494 1690 3541 autem
1718 3487 1901 3541 dicunt
1926 3487 2059 3540 :Do-

490 3597 619 3634 num
636 3578 973 3649 quodcunque
988 3586 1060 3631 est
1079 3592 1142 3630 ea:
1164 3593 1265 3641 me,
1280 3576 1372 3630 tibi
1391 3576 1639 3647 proderit,
1654 3578 1807 3646 quasi
1826 3577 2058 3631 diceret:

492 3671 645 3737 Quod
666 3683 765 3739 ego
786 3667 854 3722 do
877 3666 945 3722 ad
969 3667 1245 3744 templum,
1260 3666 1507 3722 similiter
1527 3665 1693 3722 oﬁ‘ero
1713 3676 1885 3737 prole
1905 3666 2062 3722 sicuti

494 3776 593 3832 pro
620 3775 726 3814 me.
756 3758 824 3813 Et
844 3758 1053 3812 irritum
1075 3759 1268 3827 fecistis
1283 3759 1586 3814 mandatum
1607 3759 1703 3813 Dei
1727 3771 1934 3830 propter
1953 3771 2062 3813 tra-

496 3853 744 3907 ditionem
766 3860 1006 3906 vestram.
1031 3849 1146 3904 Non
1173 3850 1314 3905 Deus
1333 3850 1424 3904 tali
1453 3851 1611 3906 modo
1636 3852 1770 3906 dixit
1795 3853 2063 3907 honoran-

498 3942 596 3997 dos
629 3949 689 3995 nt
711 3956 809 3996 vos
833 3940 1113 3995 invenistis
1139 3944 1209 3995 ob
1242 3940 1446 3995 lucrum
1483 3952 1752 4005 vestrum,
1791 3950 1845 3996 et
1883 3957 2063 4011 repre-

498 4029 732 4085 henditis
781 4028 1068 4099 discipulos
1112 4043 1289 4091 meos,
1333 4028 1425 4098 qui
1468 4028 1595 4083 nulli
1642 4038 1834 4084 nocent
1874 4031 1918 4084 si
1957 4046 2059 4087 non

492 4121 679 4175 lavant
705 4134 918 4174 manus.
959 4117 1288 4189 Hypocritre,
1335 4120 1457 4173 bene
1492 4120 1807 4189 prophetavit
1836 4120 1898 4173 de
1925 4120 2061 4173 vobis

496 4210 694 4277 Isaias,
723 4210 900 4265 dicens
924 4223 943 4261 :
981 4208 1133 4276 Quod
1160 4210 1224 4265 de
1248 4211 1400 4266 vobis
1436 4211 1599 4265 lsaias
1621 4211 1957 4280 prophetavit
1982 4212 2062 4265 fa-

493 4302 640 4367 citis,
665 4300 822 4359 labiis
850 4315 946 4356 vos
971 4301 1296 4371 prolitemini
1332 4301 1428 4355 Dei
1455 4310 1721 4371 praecepta
1748 4302 2057 4372 adimplere,

480 4391 654 4446 .oorde
681 4400 857 4445 autem
878 4400 933 4445 et
957 4405 1118 4461 opere
1141 4390 1321 4460 iniqua
1344 4392 1677 4447 monstratis.
1703 4390 1794 4447 Sic
1814 4393 2060 4448 dixerunt

493 4489 677 4551 patres
706 4480 902 4544 vestri,
931 4478 1122 4535 Omnia
1158 4494 1276 4548 quae
1317 4480 1572 4549 praecepit
1606 4481 1862 4537 Dominus
1901 4481 2063 4537 facie-

494 4584 638 4623 mus.
662 4567 786 4623 Sine
811 4585 973 4624 causa
996 4580 1169 4623 autem
1193 4569 1364 4623 colunt
1390 4587 1487 4634 me,
1506 4570 1772 4627 doctrinas
1796 4573 2063 4627 hominum

496 4659 759 4714 docentes.
787 4660 914 4714 Sine
939 4674 1102 4715 causa
1121 4659 1287 4714 Deum
1303 4660 1432 4714 colit
1443 4648 1533 4730 qui
1545 4662 1699 4718 labiis
1713 4662 1994 4733 proﬁtetur
2008 4678 2065 4718 se

494 4750 860 4806 Christianum
878 4766 1017 4817 esse,
1031 4762 1083 4807 et
1098 4766 1258 4821 opere
1272 4752 1608 4809 contradicit.
1627 4755 1727 4821 Qui
1741 4756 1871 4811 dicit
1882 4771 1939 4811 se
1950 4773 2069 4813 nos-

490 4856 548 4895 se
562 4840 809 4907 Denm,et
821 4840 1070 4896 mandata
1082 4841 1197 4911 ejus
1206 4857 1314 4897 non
1328 4843 1576 4908 custodit,
1590 4846 1814 4900 mendax
1825 4856 1926 4902 est.
1944 4846 2066 4900 Non
2124 4836 2130 4843 ’

487 4930 627 5002 quod
646 4933 806 4988 intrat
832 4933 887 4987 in
909 4950 964 4988 os
992 4935 1288 5005 coinquinat
1311 4936 1568 4990 hominem
1584 4976 1599 5001 ,
1624 4937 1713 4991 sed
1734 4940 1871 5008 quod
1892 4956 2067 5010 prece-

489 5024 567 5078 dit
579 5040 642 5078 ea:
662 5040 769 5090 ore,
784 5025 879 5080 hoc
894 5026 1189 5096 coinquinat
1201 5027 1477 5081 hominem.
1498 5026 1729 5097 Simplex
1745 5039 2063 5100 praeceptum

476 5124 591 5176 .est,
622 5114 744 5182 quia
758 5115 897 5184 apud
921 5114 1087 5169 Deum
1116 5114 1250 5170 nihil
1284 5128 1442 5174 nocet
1482 5118 1624 5186 quod
1662 5120 2060 5187 manducemus,

490 5204 596 5257 nisi
623 5201 782 5273 juxta
831 5214 1135 5260 creaturam
1165 5205 1364 5274 aliquid
1390 5206 1500 5262 ﬁat.
1545 5206 1726 5262 Omnis
1758 5209 1894 5264 enim
1923 5228 2065 5265 crea-

490 5305 609 5348 tura
643 5296 794 5363 bona,
829 5307 878 5350 et
919 5298 1046 5351 nihil
1080 5297 1416 5367 rejiciendum
1455 5299 1592 5369 quod
1623 5316 1740 5353 cum
1770 5303 2055 5370 gratiarum

480 5386 693 5440 actione
704 5388 999 5458 percipitur.
1028 5388 1082 5442 in
1099 5389 1206 5443 alio
1237 5390 1524 5463 Evangelio
1549 5392 1805 5461 scriptum
1822 5402 1905 5448 est
1917 5411 2056 5448 com-

492 5479 776 5534 municant.
807 5479 958 5546 Quod
998 5482 1219 5542 verbum
1241 5485 1458 5553 prOprie
1483 5487 1622 5555 apud
1642 5485 1894 5542 Hebraeos
1915 5497 2050 5542 erat.

483 5565 766 5637 Siquidem
807 5572 880 5626 illi
911 5588 1225 5629 communes
1254 5575 1403 5631 cibos
1433 5577 1684 5634 dicebant
1706 5594 1840 5648 quos
1867 5588 2052 5651 gentes

488 5657 742 5727 edebant,
756 5660 821 5716 de
843 5663 1037 5731 quibus
1058 5663 1131 5721 illi
1154 5679 1259 5720 non
1275 5667 1581 5737 gustabant,
1600 5679 1797 5741 utsunt
1820 5669 2048 5741 lepores,

2162 3223 2217 3275 in
2240 3223 2499 3291 passiones
2521 3221 2799 3283 volucrum,
2816 3230 2862 3274 et
2884 3220 3296 3291 quadrupedum,
3315 3231 3361 3272 et
3383 3221 3715 3289 serpentium.

2163 3312 2449 3383 Propterea
2506 3315 2629 3383 quia
2680 3313 2931 3377 Pharismi
2987 3313 3065 3367 sic
3120 3312 3387 3366 habebant
3442 3318 3718 3378 acceptum

2164 3404 2336 3472 ipsum
2365 3404 2599 3465 verbum,
2629 3412 2889 3457 venerunt
2915 3403 2979 3456 ad
3008 3402 3295 3456 Dominum
3313 3400 3553 3468 discipuli
3583 3402 3723 3451 simt

2164 3493 2346 3548 ﬁdeles
2372 3503 2427 3547 et
2455 3494 2658 3559 devoti,
2699 3503 2756 3547 et
2800 3492 3237 3547 renuntiaverunt
3270 3507 3387 3560 qua:
3414 3490 3714 3543 audierunt.

2164 3584 2510 3656 Respondeas
2555 3584 2709 3639 Jesus
2754 3584 2828 3637 ait
2872 3584 3009 3639 illis:
3064 3582 3246 3637 Omnis
3279 3582 3532 3652 plantatio
3562 3598 3717 3649 quam

2165 3693 2265 3730 non
2304 3677 2555 3747 plantavit
2589 3676 2749 3729 Pater
2785 3692 2926 3729 meus
2970 3675 3207 3737 caelestis,
3244 3674 3614 3727 eradicabitur.
3661 3672 3717 3725 Si

2163 3767 2338 3820 omnis
2365 3767 2582 3821 alterius
2606 3765 2859 3835 plautatio
2895 3766 3272 3829 eradicabitur,
3300 3765 3426 3832 quid
3452 3765 3556 3818 erit
3578 3764 3718 3833 quod

2163 3854 2356 3910 Paulus
2381 3856 2545 3911 dicit:
2591 3856 2700 3926 Ego
2741 3856 3013 3926 plantari?
3050 3856 3155 3910 Sed
3192 3857 3293 3911 ista
3322 3856 3413 3929 Dei
3452 3867 3565 3918 est,
3596 3856 3715 3924 quia

2163 3945 2437 4013 sequitur:
2484 3944 2625 3999 Deus
2670 3947 3040 3999 incrementum
3086 3946 3244 3999 dedit.
3278 3944 3408 3999 Nam
3434 3957 3490 4000 et
3527 3947 3718 3999 iterum

2163 4035 2291 4089 dicit
2314 4052 2328 4088 :
2369 4034 2464 4087 Dei
2488 4034 2693 4088 cultura
2720 4036 2863 4099 estis,
2892 4034 2986 4087 Dei
3013 4036 3290 4102 ardi/icatio
3315 4036 3458 4089 estis.
3483 4034 3538 4088 Si
3561 4036 3718 4088 homo

2163 4140 2283 4179 cum
2330 4124 2467 4181 bona
2520 4125 2790 4179 voluntate
2822 4123 3013 4190 fuerit,
3048 4140 3203 4179 nemo
3244 4134 3419 4195 potest
3463 4126 3611 4179 illum
3652 4127 3717 4179 de

2162 4216 2368 4270 culura
2414 4215 2505 4270 Dei
2552 4217 2861 4271 eradicare:
2910 4218 3020 4287 ipse
3063 4231 3189 4271 vero
3236 4226 3443 4286 potest,
3482 4218 3605 4285 quia
3632 4216 3717 4269 ,Ιι-

2164 4307 2361 4361 remias
2397 4308 2554 4361 dicit:
2592 4306 2704 4377 Ego
2730 4318 2777 4360 te
2796 4307 3023 4378 plantavi
3052 4310 3249 4362 vineam
3271 4324 3435 4362 meum
3463 4309 3669 4364 electam
3695 4327 3712 4369 ,-

2083 4449 2139 4510 Β
2163 4398 2419 4469 quomodo
2451 4414 2691 4452 conversa
2730 4415 2782 4451 es
2809 4396 2863 4452 in
2899 4399 3294 4452 amaritudinem
3330 4400 3448 4453 vitis
3488 4400 3668 4454 alienrr
3690 4402 3715 4453 .’

2168 4488 2348 4510 K‘.__Il-_-
2380 4489 2510 4510 -_!_-
2547 4504 2654 4510 ..-μ
2684 4498 2857 4510 ---ΑΑΑ
2894 4504 2973 4510 Α--
2991 4490 3157 4510 ΔΞ----,
3185 4490 3283 4510 ..ε-ε
3308 4492 3413 4510 2..--
3448 4490 3532 4510 .-31
3557 4492 3627 4510 --ἓν
3650 4500 3709 4510 .-Α

2167 4488 2352 4543 Nullus
2374 4489 2515 4542 enim
2540 4504 2657 4542 eam
2684 4498 2863 4558 posset
2888 4490 3164 4544 eradicare
3185 4490 3284 4544 nisi
3307 4492 3419 4558 ipsa
3448 4490 3718 4545 tribuisset

2168 4595 2463 4636 assensum.
2509 4580 2674 4635 Sinite
2711 4580 2826 4634 illos
2859 4596 2876 4633 :
2917 4583 3037 4635 cruci
3078 4591 3196 4634 sunt
3234 4583 3389 4636 duces
3443 4600 3705 4637 certorum.

2169 4672 2340 4727 Sinite
2366 4672 2502 4737 illos,
2528 4672 2778 4727 dimittite
2807 4674 2857 4727 in
2887 4675 2997 4729 suis
3021 4676 3326 4729 erroribus:
3358 4685 3413 4730 et
3436 4692 3531 4729 vos
3555 4678 3711 4729 nolite

2169 4765 2459 4818 adhaerere.
2492 4763 2607 4819 lloc
2631 4765 2697 4819 de
2725 4765 2828 4819 illis
2849 4766 2938 4835 qui
2967 4765 3275 4835 frequenter
3294 4768 3539 4838 castigati
3564 4783 3593 4821 a
3612 4769 3710 4821 fra-

2170 4854 2340 4907 tribus
2372 4861 2426 4907 et
2453 4854 2521 4908 ab
2556 4853 2828 4908 Ecclesia:
2864 4865 2919 4909 et
2952 4854 3135 4908 nolunt
3166 4854 3360 4909 reverti
3387 4874 3399 4908 :
3436 4857 3575 4910 sicut
3605 4856 3710 4925 ipse

2169 4943 2300 4997 alias
2325 4961 2337 4995 :
2371 4943 2449 4998 Su
2479 4943 2571 4998 tibi
2599 4946 2737 4998 sicut
2754 4944 2985 4998 ethnicus
3009 4954 3055 4998 et
3078 4942 3403 5014 publicanus.
3430 4945 3497 4999 Et
3524 4945 3709 4998 Paulus

2166 5034 2328 5088 dicit:
2372 5033 2683 5088 Ha’reticum
2709 5035 2961 5088 hominem
2980 5046 3093 5104 post
3116 5036 3335 5104 primam
3365 5047 3411 5088 et
3440 5037 3707 5088 secundum

2164 5126 2536 5196 correptionem
2565 5125 2751 5180 devita.
2778 5126 2913 5180 (λνοί
2940 5134 3063 5179 sunt
3091 5127 3154 5180 de
3176 5126 3505 5195 Spiritalibus
3524 5126 3707 5188 oculis,

2161 5216 2364 5285 ct'ipsi
2406 5215 2533 5270 caeci
2580 5216 2670 5284 qui
2719 5216 2784 5270 ad
2835 5230 3018 5269 eorum
3065 5215 3362 5269 doctrinam
3412 5208 3686 5268 attendunt

2161 5305 2341 5360 Ca'rus
2375 5315 2546 5358 autem
2575 5305 2620 5358 si
2642 5322 2777 5359 αι’εο
2805 5306 3051 5359 ducatum
3084 5315 3317 5375 prmstet,
3364 5306 3515 5360 ambo
3550 5306 3605 5358 in
3631 5305 3709 5373 [o-

2159 5415 2300 5451 ream
2335 5397 2544 5451 cadunt.
2579 5395 2634 5451 Si
2662 5412 2835 5451 camus
2854 5413 3050 5451 caecum
3075 5399 3268 5453 ducere
3288 5397 3535 5461 voluerit,
3556 5397 3708 5450 ambo

2160 5490 2210 5542 in
2246 5492 2451 5543 foveam
2483 5490 2712 5553 cadunt;
2754 5489 2997 5543 similiter
3020 5489 3279 5558 insipiens
3304 5490 3348 5544 si
3378 5490 3707 5559 insipientem

2156 5581 2385 5635 voluerit
2411 5581 2621 5639 docere,
2660 5579 2796 5634 sicut
2837 5580 2950 5649 ipse
2991 5580 3042 5633 in
3069 5593 3254 5633 errore
3274 5588 3533 5642 versatur,
3559 5576 3715 5630 simi-

2156 5670 2277 5727 liter
2308 5681 2362 5726 et
2388 5670 2476 5724 ille
2503 5670 2555 5723 in
2578 5684 2759 5725 errore
2791 5669 2914 5735 erit,
2943 5684 3214 5739 quousque
3241 5671 3294 5724 in
3327 5670 3586 5725 infernum
3609 5666 3705 5722 de-
