3952 6186
312 339 448 396 1389

1426 342 1781 399 ΕΧΡΟΞΙἩΟ
1818 341 1882 396 IN
1926 341 2352 398 IIATTIIJEUM.

3385 343 3521 399 159ιι

307 452 507 506 cidant.
538 447 866 520 Respondeas
893 451 1079 507 Petrus
1114 455 1285 507 dixit:
1326 454 1566 508 Edissere
1598 456 1739 508 nobis
1771 472 1865 522 ρας
1893 460 1939 515 Α
1966 462 2019 507 et
2042 458 2347 523 aggregavit
2373 455 2593 508 multum
2632 470 2878 526 aggerem
2914 470 3034 507 cum
3079 453 3335 517 navibus,
3366 455 3436 508 ita
3468 464 3527 509 ut

308 538 539 593 rabolam
568 540 741 594 istam.
770 540 995 595 Putzbat
1019 541 1213 597 Petrus
1248 543 1555 611 paraliolam
1581 557 1701 596 esse
1726 542 1867 610 quod

308 630 564 685 Dominus
594 645 690 699 per
728 632 953 701 simplex
980 633 1199 687 verbum
1228 635 1456 688 dixerat.
1505 633 1702 686 Iterum
1738 634 1867 686 dixit

309 722 420 774 eis:
448 719 573 774 Non
596 720 882 791 intelligitis
906 720 1029 792 qti'ta
1057 724 1194 793 quod
1224 726 1275 777 in
1305 741 1360 777 os
1390 725 1549 776 intrat
1574 724 1627 776 in
1648 734 1868 777 ventrem

306 812 479 877 vadit,
519 822 567 865 et
606 810 661 864 in
703 827 957 865 secessum
1001 812 1296 866 emittitur?
1322 811 1642 882 Apostolus:
1688 810 1869 865 Omnis

306 911 548 960 creatura
582 902 735 966 bona,
772 912 821 955 et
853 902 982 956 nihil
1011 903 1350 971 rejiciendum
1373 904 1509 975 quod
1532 920 1649 957 cum
1669 903 1869 973 gratia—

308 1008 425 1045 rum
459 992 659 1046 actione
684 992 981 1061 percipitur.
1012 992 1487 1061 Reprehenderunt
1514 993 1748 1047 hzeretici
1774 992 1872 1045 ali-

308 1084 399 1154 qui
427 1084 529 1137 hoc
552 1082 789 1147 dictum,
825 1082 977 1151 quasi
1014 1098 1121 1137 non
1168 1084 1236 1138 sit
1283 1082 1597 1137 naturaliter
1638 1083 1867 1145 dictum,

309 1174 433 1244 quia
451 1187 546 1244 per
562 1187 723 1243 poros
735 1173 884 1227 vadit
902 1188 1094 1228 succus
1110 1173 1215 1227 eihi
1235 1188 1332 1243 per
1349 1173 1589 1228 membra
1610 1173 1867 1241 corporis.

310 1265 461 1320 Sicut
479 1266 630 1320 cibus
655 1265 915 1336 digeritur
934 1264 988 1318 in
1019 1279 1264 1329 secessu,
1303 1263 1550 1317 similiter
1581 1263 1742 1317 etiam
1771 1262 1871 1331 ipsi

309 1358 561 1411 humores
586 1355 661 1411 ibi
688 1356 1067 1425 deponuntur:
1107 1362 1388 1425 propterea
1428 1355 1508 1409 sic
1546 1355 1755 1411 loculus
1789 1362 1874 1409 est

309 1448 422 1518 ipse
464 1446 602 1501 sicut
641 1454 856 1511 creator
888 1445 1148 1514 corporis.
1190 1443 1273 1498 Ea
1313 1460 1431 1515 qua:
1483 1444 1765 1514 procedunt
1808 1444 1873 1497 de

309 1536 503 1606 ore,de
540 1535 696 1590 corde
731 1546 941 1601 exeunt,
968 1536 1022 1589 id
1051 1545 1127 1589 est
1166 1534 1466 1598 homicidia,
1497 1533 1779 1597 adulteria,
1818 1542 1874 1588 et

310 1636 522 1683 caetera.
561 1626 917 1697 Homiciditun
960 1616 1315 1696 compositum
1353 1635 1437 1681 est
1477 1641 1540 1679 ex
1584 1627 1789 1679 homine
1817 1634 1874 1681 et

310 1718 466 1771 caede.
498 1716 601 1786 Qui
626 1718 768 1773 enim
797 1718 849 1771 in
888 1717 1102 1772 homine
1129 1715 1326 1772 eadem
1357 1716 1571 1781 fecerit,
1606 1716 1872 1771 homicida

1966 558 1997 596 a
2033 543 2162 599 foris
2182 558 2337 597 muro
2358 553 2501 598 stare
2520 554 2718 612 posset,
2748 545 2889 614 quod
2921 552 3043 597 ante
3072 558 3177 597 non
3201 552 3429 612 poterat.
3462 545 3525 597 lit

1967 635 2129 703 carpit
2156 633 2408 688 Sidouetn
2435 635 2487 687 in
2513 635 2701 704 primis
2726 644 2846 704 post
2882 643 3090 703 captam
3118 633 3352 689 Judmam
3374 676 3388 698 ,
3418 634 3524 704 'I‘y-

1968 743 2085 780 rum
2114 735 2291 780 autem
2320 741 2417 795 per
2446 736 2553 780 tres
2577 742 2744 781 annos
2776 727 3012 788 obsedit,
3058 739 3112 780 et
3145 728 3357 781 interim
3392 726 3527 781 edu-

1968 823 2163 869 xerunt
2191 815 2521 870 habitatores
2545 816 2721 869 omnia
2756 818 3020 885 praecipua
3039 818 3104 870 de
3129 818 3365 879 civitate,
3390 817 3529 871 sicut

1968 905 2213 960 Ezechiel
2241 907 2409 971 dicit;
2450 906 2705 961 describit
2741 916 2794 959 et
2828 907 2939 974 ipse
2966 907 3187 976 gloriam
3227 906 3361 975 ejus.
3402 907 3531 961 Post

1969 993 2455 1051 Nabuchodonosor
2479 996 2778 1050 Alexander
2806 998 3013 1051 obsedit
3038 1014 3150 1060 eas,
3173 1009 3228 1052 et
3254 997 3531 1066 conjunxit

1972 1093 2148 1141 terra).
2175 1086 2350 1157 Tyrus
2367 1088 2562 1142 dicitur
2592 1089 2852 1158 angustia,
2883 1089 3006 1157 quia
3027 1091 3163 1143 mari
3185 1102 3301 1145 erat
3319 1092 3526 1154 cincta;

1973 1173 2137 1231 Sidon
2162 1177 2389 1245 piscosa,
2421 1190 2486 1231 eo
2522 1181 2660 1246 quod
2701 1178 2875 1246 pisces
2904 1179 2976 1232 ibi
3009 1179 3360 1234 abundarent.
3393 1180 3530 1234 Fue—

1972 1273 2097 1320 runt
2124 1281 2251 1320 vero
2274 1266 2397 1327 ﬁliis
2423 1267 2591 1321 Israel
2623 1269 2899 1337 promissa:
2937 1284 2966 1321 a
3002 1268 3227 1323 Domino
3254 1282 3307 1324 et
3337 1273 3388 1323 in
3419 1286 3533 1325 sor-

1972 1365 2082 1411 tem
2108 1356 2266 1420 datm,
2294 1356 2387 1410 sed
2416 1372 2520 1411 non
2552 1365 2836 1427 potuerunt
2871 1372 2962 1413 eas
3002 1374 3194 1427 capere
3226 1358 3319 1411 lilii
3349 1359 3530 1413 lsrael.

1973 1444 2043 1498 Et
2069 1462 2183 1499 ecce
2207 1445 2396 1499 mulier
2433 1464 2465 1499 a
2503 1446 2694 1516 finibus
2723 1447 2864 1500 illius
2894 1466 3116 1517 egressa.
3161 1449 3275 1504 Non
3319 1451 3537 1504 intravit

1973 1533 2234 1589 Dominus
2260 1535 2417 1589 finem
2449 1536 2753 1606 Tyriorum,
2778 1542 2867 1591 sed
2893 1537 2961 1592 ibi
2984 1553 3146 1607 prope
3167 1541 3532 1608 gradiebatur.

1974 1623 2227 1679 Clamauit
2270 1628 2446 1681 dicens
2489 1629 2554 1681 ei.
2602 1628 2789 1683 Mulier
2837 1630 2933 1683 ista
2971 1630 3269 1685 Chananma
3317 1632 3534 1693 dicitur,

1974 1719 2100 1787 quia
2128 1720 2194 1774 de
2222 1719 2536 1775 Chananaeis
2564 1730 2680 1775 erat
2706 1736 2887 1776 eorum
2914 1721 3083 1790 origo,
3108 1730 3163 1775 et
3185 1732 3324 1775 terra
3348 1738 3536 1778 eorum

309 1806 525 1863 dicitur.
567 1806 897 1860 Adulterium
935 1817 1018 1861 est
1059 1806 1233 1861 illusio
1270 1805 1549 1877 conjugis;
1589 1814 1644 1860 et
1676 1806 1874 1860 dictum
1902 1801 1949 1859 B
1976 1809 2172 1866 ludatis
2192 1814 2454 1881 promissa
2478 1812 2596 1878 fuit,
2621 1814 2715 1867 sed
2738 1822 2955 1882 prepter
2976 1822 3193 1881 peccata
3220 1829 3324 1866 non
3350 1823 3538 1880 potue.

309 1896 463 1964 quasi
485 1895 784 1951 adulterum
811 1896 1156 1961 subauditur,
1192 1897 1405 1966 quando
1428 1905 1520 1950 aut
1559 1895 1751 1951 mulier
1784 1904 1877 1950 aut

309 1988 410 2053 vir,
439 1988 650 2043 deserto
678 1988 935 2058 legitimo,
962 1987 1184 2043 alterius
1210 1988 1421 2041 thorum
1460 1986 1671 2055 quaerit,
1710 1994 1766 2039 et
1795 1993 1878 2041 est

310 2081 485 2150 majus
533 2090 811 2150 peccatum
855 2095 1015 2149 quam
1066 2079 1389 2134 fornicatio:
1431 2080 1561 2149 quia
1607 2080 1659 2133 in
1708 2080 1878 2132 tribus

308 2178 579 2240 peccatur.
605 2168 911 2223 Fornicatio
934 2184 1062 2225 vero
1084 2170 1268 2225 multis
1291 2170 1464 2225 modis
1488 2171 1873 2235 committitur;

312 2272 366 2318 et
386 2264 545 2317 etiam
573 2263 627 2317 in
654 2263 867 2332 propria
892 2278 1061 2317 uxore
1092 2272 1270 2332 potest
1304 2263 1464 2319 homo
1507 2262 1760 2318 fornicari
1782 2304 1796 2327 ,
1832 2265 1876 2317 si

313 2369 437 2407 non.
467 2351 701 2423 legitime
745 2368 809 2408 ea
855 2354 1039 2408 utitur.
1083 2354 1148 2408 Et
1182 2354 1356 2407 omnis
1378 2353 1601 2423 pollutio
1625 2354 1726 2408 nisi
1754 2369 1877 2408 eum

312 2457 478 2498 uxore
502 2443 768 2513 legitima,
813 2441 1095 2499 foruicatio
1134 2452 1189 2498 et
1226 2443 1502 2498 criminale
1542 2444 1729 2498 vitium
1776 2452 1875 2499 est.

317 2532 507 2589 Furta.
548 2534 770 2589 Furtum
792 2544 875 2591 est
900 2536 978 2591 rei
1005 2536 1192 2590 aliena:
1212 2535 1540 2590 clandestina
1561 2536 1876 2599 contractio,

313 2634 367 2679 et
394 2624 593 2679 dictum
622 2634 706 2680 est
731 2641 762 2680 a
791 2625 951 2696 furto,
985 2627 1149 2681 id'est
1191 2626 1377 2696 nigro,
1409 2626 1537 2696 quia
1562 2626 1616 2680 in
1651 2627 1880 2682 obscuro

316 2712 395 2770 lit.
428 2716 522 2770 Est
546 2724 726 2770 autem
754 2716 1091 2788 sacrilegium
1129 2716 1349 2771 furtum.
1384 2715 1551 2774 Falsa
1588 2700 1881 2770 testimonia

312 2813 459 2869 sunt,
484 2819 606 2859 cum
634 2806 755 2872 quis
790 2815 883 2860 aut
906 2821 1002 2876 per
1037 2821 1094 2860 se
1133 2814 1223 2860 aut
1249 2821 1370 2861 cum
1398 2806 1517 2865 aliis
1543 2806 1763 2861 fratrem
1793 2822 1880 2861 ac-

312 2901 469 2949 cusat
496 2894 564 2948 ad
604 2894 835 2964 aliquam
878 2895 1416 2962 condemnationem;
1454 2899 1668 2965 quando
1700 2906 1881 2952 autem

313 2983 494 3053 plures
520 2992 676 3048 sunt,
723 2992 872 3038 tanto
897 2983 1050 3054 pejus
1077 2994 1376 3053 peccatum.
1418 2985 1553 3040 Sunt
1601 2996 1778 3042 autem
1808 2987 1884 3040 si-

317 3073 468 3127 miles
492 3070 661 3138 Judre,
694 3074 783 3142 qui
806 3073 1087 3128 Dominum
1115 3074 1335 3128 tradidit
1355 3075 1422 3128 ad
1449 3083 1696 3129 mortem.
1721 3074 1879 3129 Blas-

1975 1910 2100 1956 ruut
2127 1901 2247 1956 illos
2281 1901 2494 1969 ejicere.
2534 1903 2669 1957 Tres
2698 1903 2922 1957 virtutes
2951 1902 3141 1956 mulier
3173 1902 3286 1956 haec
3314 1903 3530 1956 habuit:

1975 1990 2162 2045 habuit
2182 1989 2363 2054 ﬁdem,
2394 1990 2518 2059 quia
2543 1989 2769 2045 credidit
2803 1991 3084 2045 Dominum
3121 1991 3221 2044 ista
3257 2006 3415 2060 posse
3454 1990 3535 2045 fa-

1977 2096 2100 2136 cere
2125 2098 2139 2146 ;
2180 2081 2365 2135 habuit
2401 2081 2754 2149 humilitatem
2772 2121 2787 2146 ,
2816 2097 2919 2149 qua
2946 2095 3005 2135 se
3032 2096 3137 2134 non
3163 2080 3384 2135 canibus
3411 2097 3539 2136 con-

1977 2170 2118 2227 fessa
2145 2180 2226 2227 est
2244 2187 2363 2227 esse
2388 2186 2595 2241 parem,
2627 2172 2720 2226 sed
2745 2172 2973 2237 catulis;
3000 2171 3185 2225 habuit
3202 2172 3536 2240 patientiam,

1976 2261 2186 2329 quoties
2214 2260 2422 2331 repulsa
2452 2261 2832 2329 perseveravit.
2865 2259 3102 2328 Simplex
3129 2261 3352 2316 historia
3382 2262 3536 2315 audi-

1978 2360 2149 2406 torem
2176 2351 2427 2416 :editicat,
2454 2360 2515 2406 ut
2540 2351 2695 2406 ﬁdem
2734 2361 2936 2406 rectam
2961 2353 3012 2405 in
3038 2352 3202 2407 Deum
3228 2353 3536 2418 habeamus,

1977 2444 2260 2499 credentes
2287 2444 2575 2513 impetrare
2608 2458 2937 2513 quacunque
2962 2443 3264 2513 poscimus,
3297 2446 3341 2500 si
3369 2446 3436 2499 ad
3456 2462 3543 2500 sa-

1978 2536 2145 2591 lutem
2173 2537 2365 2591 animae
2389 2537 2677 2607 poscimus.
2710 2536 2824 2591 Hoc
2845 2552 3057 2606 quoque
3089 2552 3208 2591 cum
3244 2537 3543 2593 humilitate

1980 2642 2219 2699 agamus,
2248 2627 2372 2698 quia
2401 2643 2496 2683 cor
2520 2629 2812 2682 contritum
2838 2635 2895 2683 et
2918 2626 3254 2683 humiliatum
3275 2626 3416 2684 Deus
3434 2644 3542 2683 non

1979 2716 2202 2786 spernit.
2233 2716 2553 2771 Patientiam
2580 2718 2928 2773 nihilominus
2955 2718 3250 2773 habeamus
3280 2734 3399 2773 cum
3424 2735 3545 2789 per-

1980 2809 2301 2863 severantia.
2331 2806 2490 2862 Juxta
2537 2808 2843 2878 allegoriam
2883 2808 3076 2862 mulier
3115 2808 3218 2863 ista
3250 2808 3543 2864 Ecclesiam

1980 2899 2244 2969 signiﬁcat
2280 2914 2347 2953 ex
2389 2900 2636 2967 gentibus
2675 2900 2738 2953 ad
2785 2899 3065 2953 Dominum
3098 2901 3543 2965 eonvertendam,

1980 3004 2099 3058 qua:
2127 3004 2157 3043 a
2186 2988 2380 3044 ﬁnibus
2417 2990 2529 3043 suis
2562 3004 2777 3058 egressa
2814 2999 2922 3051 est,
2972 2988 3222 3043 videlicet
3251 3004 3283 3041 a
3317 2989 3545 3057 pristina

1979 3078 2388 3134 conversatione
2415 3089 2469 3134 et
2495 3096 2523 3132 a
2546 3078 2787 3148 pristinis
2806 3078 2952 3132 vitiis
2978 3086 3223 3147 separata
3239 3119 3255 3143 ,
3283 3079 3337 3133 in
3364 3079 3548 3134 Eccle-

315 3163 551 3233 pltemite.
580 3162 928 3232 Blasphemiae
955 3171 1083 3217 sunt
1103 3162 1459 3219 detractiones
1477 3173 1533 3218 et
1558 3163 1711 3218 mala:
1738 3164 1880 3219 locu-
1906 3143 1951 3204 ί)
1981 3169 2115 3222 siam
2145 3167 2343 3222 Christi
2375 3143 2634 3236 ingressa.
2666 3165 2799 3220 Filia
2837 3164 2952 3233 ejus
2978 3143 3154 3219 anima
3178 3176 3261 3221 est
3286 3167 3544 3222 uniuscu-

319 3252 513 3316 tiones,
529 3267 650 3309 cum
670 3252 794 3321 quis
812 3251 977 3306 Deum
997 3261 1052 3307 et
1073 3253 1371 3323 proximum
1395 3253 1551 3307 malis
1573 3254 1683 3308 suis
1703 3255 1882 3310 verbis

321 3340 577 3397 infamare
599 3343 806 3397 nititur.
830 3342 1021 3398 Omnia
1042 3343 1143 3397 ista
1164 3343 1293 3397 vitia
1314 3349 1370 3397 et
1390 3343 1704 3412 spiritaliter
1724 3343 1878 3399 ﬁunt.

322 3430 420 3499 Qui
450 3432 592 3487 enim
618 3433 683 3487 ad
708 3442 985 3502 peccatum
1024 3434 1177 3489 illicit
1218 3434 1446 3504 aliquem
1468 3475 1482 3501 ,
1520 3437 1716 3491 occidit
1752 3452 1810 3492 se
1831 3445 1884 3491 et

323 3524 489 3579 illum.
519 3524 851 3579 Adulterium
878 3526 1069 3579 anima:
1095 3527 1398 3591 committit,
1422 3528 1514 3597 qui
1540 3538 1760 3599 propter
1789 3545 1884 3583 au-

326 3631 438 3670 rum
466 3625 561 3670 aut
593 3632 691 3682 pro
719 3616 822 3670 alia
848 3631 905 3671 re
930 3615 1098 3671 Deum
1126 3625 1219 3671 aut
1238 3616 1506 3685 justitiam
1544 3620 1637 3673 Dei
1661 3621 1879 3675 deserit.

324 3706 746 3762 Fornieationem
773 3708 966 3762 animae
987 3709 1291 3773 committit,
1315 3711 1529 3779 quando
1555 3711 1886 3780 concupiscit

325 3813 438 3853 rem
462 3799 691 3869 proximi
714 3799 816 3854 sui.
849 3799 1074 3854 Furtum
1102 3798 1228 3854 facit
1252 3801 1466 3866 animas,
1494 3802 1586 3870 qui
1606 3803 1886 3856 veritatem

327 3892 549 3947 tacendo
577 3892 783 3958 reticet,
815 3891 1117 3946 detrahenti
1162 3893 1404 3961 proximo
1452 3909 1637 3949 aurem
1677 3910 1887 3949 accom-

323 3982 523 4039 modat.
549 3982 654 4037 Ista
678 3991 732 4037 et
753 3982 947 4037 similia
966 3982 1236 4037 maculant
1257 3984 1527 4040 hominem
1550 3995 1675 4041 ante
1696 3987 1883 4051 Deum,

325 4081 380 4127 et
400 4072 807 4127 abominabilem
843 4074 953 4127 Deo
982 4073 1231 4127 reddunt.
1261 4073 1318 4127 In
1350 4074 1453 4129 hoc
1480 4076 1689 4129 Domini
1724 4077 1889 4132 verbo

327 4165 467 4234 quod
490 4164 654 4219 dicit“:
694 4164 758 4218 de
786 4164 937 4218 corde
958 4173 1162 4228 exeunt,
1195 4173 1414 4234 apparet
1440 4165 1566 4233 quia
1594 4166 1750 4221 sedes
1774 4166 1886 4221 aui-

330 4271 429 4312 iuaz
466 4257 520 4311 in
558 4256 719 4310 corde
741 4264 849 4320 est,
893 4263 947 4309 et
990 4270 1097 4310 non
1140 4256 1194 4309 in
1236 4256 1478 4311 cerebro.
1509 4255 1616 4310 Cor
1644 4272 1675 4310 a
1703 4256 1889 4313 Grieco

256 4359 265 4375 '
328 4349 472 4404 venit
495 4351 635 4419 quod
662 4355 745 4401 est
772 4347 970 4410 cordia,
1003 4352 1059 4400 et
1083 4346 1279 4401 dicitur
1314 4361 1344 4399 a
1389 4362 1535 4401 cura.
1577 4346 1746 4415 Hujus
1772 4349 1891 4404 dua:

246 4490 255 4503 ,
329 4442 537 4496 arteria:
569 4447 711 4504 sunt,
741 4454 772 4496 e
802 4439 993 4510 quibus
1030 4441 1251 4495 sinistra
1283 4456 1407 4510 pars
1434 4440 1552 4511 plus
1580 4441 1739 4497 habet
1768 4456 1889 4495 san-

330 4533 522 4604 guinis,
550 4540 606 4587 et
629 4531 846 4587 dextera
876 4531 994 4602 plus
1023 4530 1266 4600 spiritus.
1307 4530 1460 4586 Unde
1498 4531 1585 4586 cui
1605 4553 1608 4556 ’
1626 4530 1889 4603 paralysis

332 4626 384 4679 in
410 4626 682 4681 dexteram
705 4636 909 4694 partem
939 4629 1083 4678 venit
1119 4622 1238 4694 plus
1262 4623 1416 4687 vivit,
1445 4638 1604 4692 quam
1632 4623 1716 4677 cui
1739 4623 1791 4675 in
1819 4623 1891 4676 si-

331 4720 572 4773 nistram.
603 4717 913 4773 Ostenditur
942 4731 1151 4785 quoque
1175 4714 1318 4785 quod
1341 4713 1584 4769 diabolus
1608 4713 1820 4784 adjutor
1837 4720 1893 4767 et

329 4810 574 4864 incentor
596 4809 975 4880 cogitationum
1002 4817 1303 4862 nostrarum
1327 4814 1503 4877 potest
1538 4819 1679 4880 esse,
1704 4814 1893 4861 auctor

328 4914 449 4955 esse
475 4914 580 4953 non
604 4906 779 4969 potest
804 4915 818 4963 ;
857 4913 957 4953 nec
984 4898 1158 4952 cordis
1184 4897 1392 4952 occulta
1418 4896 1575 4959 scire,
1598 4894 1701 4949 nisi
1723 4909 1893 4964 quan-

330 5000 442 5045 tum
463 5005 528 5044 ex
559 4989 792 5045 motibus
818 4986 1016 5042 nostris
1045 4995 1219 5057 potest
1247 5002 1561 5057 agnoscere.

397 5078 466 5138 Et
494 5095 725 5151 egressus
744 5078 865 5132 inde
881 5071 1058 5140 Iesus,
1079 5077 1282 5130 secessit
1308 5077 1361 5129 in
1385 5085 1559 5145 partes
1584 5073 1708 5144 Tyri
1735 5083 1783 5127 et
1806 5072 1890 5128 Si-

329 5171 495 5225 donis.
528 5170 762 5238 Reliquit
791 5167 1007 5223 Scribas
1029 5174 1083 5221 et
1111 5166 1411 5221 PhariSaros
1446 5165 1536 5234 qui
1557 5178 1774 5233 semper
1800 5178 1887 5218 re-

328 5261 656 5332 prehendere
683 5259 949 5322 volebant,
977 5267 1032 5313 et
1053 5257 1227 5328 pergit
1261 5258 1327 5312 ad
1347 5266 1528 5326 partes
1561 5256 1689 5326 Tyri
1716 5268 1769 5311 et
1801 5254 1890 5309 Si-

326 5355 500 5408 donis.
546 5353 720 5424 'I‘yrus
754 5353 885 5406 urbs
909 5351 1217 5405 Phoenicum
1243 5351 1459 5405 condita
1490 5363 1520 5403 a
1547 5349 1891 5403 thnicibus

327 5442 465 5507 luit;
504 5439 668 5495 Sidon
693 5440 763 5494 ab
789 5440 919 5509 ipsis
956 5438 1203 5494 similiter
1234 5438 1464 5495 condita.
1498 5436 1739 5492 Fuerunt
1763 5452 1888 5492 vero

329 5535 381 5590 iu
409 5535 546 5590 mari
565 5543 901 5596 constructae,
928 5532 1022 5588 sed
1043 5532 1157 5603 jugi
1184 5531 1459 5585 obsidione
1480 5538 1534 5584 et
1554 5530 1763 5599 aggeris
1792 5544 1885 5598 ag-

327 5624 654 5694 gregatione,
682 5624 894 5691 quando
918 5622 1170 5676 Dominus
1198 5620 1251 5673 in
1290 5618 1545 5672 mundum
1569 5620 1734 5679 venit,
1762 5632 1889 5672 con-

330 5718 489 5784 tigua:
513 5725 670 5770 terra!
688 5722 858 5769 erant.
883 5713 1015 5769 Nam
1035 5712 1523 5769 Nabuchodonosor
1544 5709 1753 5766 obsedit
1772 5724 1886 5776 cas,

1973 3257 2167 3327 jusque
2187 3272 2253 3312 ex
2283 3259 2449 3326 ipsius
2482 3258 2721 3327 populis;
2764 3272 2883 3326 qum
2913 3273 2942 3310 a
2968 3258 3232 3313 daemonio
3252 3260 3548 3315 vexabatur

1981 3359 2267 3419 antequam
2299 3349 2353 3403 in
2382 3349 2549 3404 Deum
2576 3349 2879 3404 crederent.
2924 3348 3029 3414 Qui
3070 3366 3173 3403 non
3208 3351 3469 3420 respondit
3501 3351 3550 3404 ei

1982 3441 2209 3496 uerbum.
2241 3439 2356 3495 Non
2383 3442 2448 3495 de
2474 3441 2725 3510 superbia
2757 3441 2858 3495 hoc
2892 3439 3049 3500 fecit,
3081 3441 3175 3495 sed
3213 3457 3279 3496 ue
3312 3442 3550 3497 occasio-

1983 3546 2104 3586 nem
2128 3528 2326 3585 Judaeis
2360 3529 2514 3584 daret
2554 3530 2837 3600 respuendi
2865 3530 3085 3584 verbum
3125 3538 3179 3583 et
3216 3531 3552 3598 praedicatio-

1984 3635 2106 3674 nem
2133 3634 2306 3683 suam,
2351 3620 2476 3688 quia
2521 3619 2634 3688 ipse
2672 3619 2883 3672 dixerat
2906 3631 2932 3671 :'
2956 3617 3022 3671 In
3062 3620 3196 3673 viam
3223 3620 3451 3689 gentium
3487 3637 3549 3674 ne

1983 3709 2235 3773 abieritis,
2269 3718 2330 3763 et
2353 3716 2413 3762 ut
2440 3708 2756 3776 patientiam
2800 3708 2966 3776 ipsius
3009 3708 3249 3762 mulieris
3285 3718 3552 3777 et-perse-

1984 3800 2280 3862 verantiam
2309 3800 2375 3857 ad
2400 3801 2807 3857 instructionem
2832 3801 3124 3855 videntium
3145 3809 3199 3854 et
3220 3802 3550 3857 audientium

1985 3902 2327 3947 monstraret.
2373 3891 2443 3945 Et
2483 3892 2779 3945 accedentes
2825 3890 3098 3960 discipuli,
3145 3893 3394 3961 rogabant
3433 3911 3551 3948 eum

1985 3982 2243 4036 dicentes:
2273 3981 2487 4036 Dimitte
2508 3998 2645 4045 eam,
2666 3982 2788 4050 quia
2832 3980 3021 4034 clamat
3050 3991 3163 4049 post
3201 4000 3314 4036 nos.
3352 3984 3553 4053 Impor-

1988 4074 2213 4128 tunith
2257 4075 2373 4143 ejus
2419 4088 2603 4128 carere
2645 4074 2918 4142 cupientes
2965 4076 3392 4129 commonebant.
3428 4076 3554 4129 Non

1985 4181 2098 4217 sum
2130 4165 2317 4220 missus
2342 4165 2443 4219 nisi
2469 4164 2536 4218 ad
2565 4181 2679 4219 oves
2702 4182 2818 4234 qua:
2848 4165 3105 4235 perierant
3143 4165 3324 4220 domus
3359 4165 3548 4221 Israel.

1986 4251 2105 4306 Non
2135 4256 2275 4323 quod
2318 4256 2382 4308 ad
2414 4263 2602 4324 gentes
2629 4269 2733 4308 non
2778 4254 2851 4308 sit
2893 4254 3117 4318 missus,
3160 4253 3253 4308 sed
3282 4254 3455 4324 primo
3484 4256 3554 4309 ad

1986 4343 2147 4398 Israel
2176 4352 2395 4414 propter
2415 4345 2729 4400 electionem
2752 4353 2963 4413 patrum
2988 4355 3040 4398 et
3058 4344 3390 4415 privilegium
3410 4347 3553 4415 quod

1990 4433 2078 4489 ille
2104 4435 2330 4503 populus
2358 4450 2569 4504 semper
2595 4436 2780 4490 habuit
2803 4436 2941 4504 apud
2981 4435 3145 4488 Deum
3165 4474 3180 4499 ,
3217 4444 3273 4489 et
3305 4450 3425 4488 cum
3465 4435 3554 4488 ille

1990 4527 2290 4595 repulisset,
2321 4536 2447 4581 tunc
2474 4528 2540 4581 ad
2575 4536 2761 4597 gentes
2789 4528 3044 4581 mitteret.
3087 4526 3152 4579 At
3191 4526 3282 4579 illa
3314 4527 3477 4589 venit,
3504 4536 3554 4579 et

1989 4615 2223 4670 adoravit
2248 4633 2366 4669 eum
2392 4616 2567 4670 dicens
2588 4630 2606 4667 :
2646 4616 2882 4677 Domine,
2913 4615 3104 4684 adjuva
3143 4632 3241 4668 me.
3276 4613 3366 4669 Sic
3392 4614 3552 4669 debe—

1990 4719 2111 4763 mus
2137 4723 2257 4764 esse
2280 4708 2569 4777 importuni
2593 4707 2645 4760 in
2677 4706 3008 4761 orationibus
3044 4714 3098 4761 et
3127 4713 3550 4775 perseverantes.

1992 4801 2171 4856 Primo
2193 4799 2329 4855 dixit
2358 4800 2526 4853 lilium
2553 4799 2739 4861 David,
2764 4808 2817 4853 et
2843 4814 2983 4855 nunc
3017 4799 3298 4854 Dominum
3319 4799 3468 4863 dicit,
3498 4807 3555 4852 et
3616 4832 3617 4835 η

1991 4895 2183 4948 adorat
2209 4903 2266 4947 ιιι
2294 4892 2597 4946 Dominum.
2630 4890 2753 4943 Non
2790 4899 2862 4943 est
2905 4890 3093 4944 bonum
3132 4906 3333 4943 sumere
3365 4904 3552 4959 panem

1989 4983 2240 5052 ﬁliorum,
2271 4991 2319 5035 et
2356 4983 2556 5034 mittere
2579 4979 2813 5032 canibus.
2850 4978 3004 5033 Nunc
3040 4980 3296 5033 Dominus
3327 4978 3553 5047 mystice

1991 5073 2057 5126 ad
2078 5087 2196 5126 eam
2222 5071 2477 5139 loquitur,
2504 5079 2559 5123 et
2577 5069 2663 5123 ille
2683 5070 2838 5138 panis
2855 5068 3019 5123 divini
3049 5069 3192 5122 verbi
3216 5082 3310 5136 per
3335 5067 3551 5137 Moysen

1990 5172 2045 5216 et
2078 5163 2382 5231 prophetas.
2430 5160 2608 5214 Mensa
2654 5149 2884 5229 namque
2924 5168 3007 5214 est
3046 5157 3323 5228 Scriptura
3362 5170 3550 5222 saera,

1990 5246 2109 5324 qua:
2135 5253 2331 5308 ludatis
2349 5268 2540 5321 panem
2558 5252 2677 5305 vita:
2696 5251 3003 5305 ministrare
3026 5249 3271 5312 debebat,
3286 5250 3377 5304 sed
3400 5249 3553 5303 micae

1992 5347 2275 5410 cadebant,
2305 5346 2429 5415 quia
2456 5345 2749 5414 spiritalem
2770 5344 3096 5398 intellectum
3119 5340 3284 5397 Judaei
3315 5341 3553 5413 neglige-

1989 5439 2139 5494 bant.
2172 5436 2318 5491 Mica:
2346 5435 2488 5489 enim
2532 5449 2817 5503 puerorum
2864 5433 3076 5488 interna
3125 5432 3378 5501 mysteria
3424 5439 3551 5485 sunt

1992 5527 2390 5596 Seripturarum
2417 5526 2612 5595 quibus
2646 5522 2926 5580 humilium
2967 5522 3143 5578 solent
3178 5521 3340 5576 corda
3375 5519 3543 5575 relici.

1988 5618 2104 5673 Non
2135 5633 2262 5688 ergo
2295 5617 2571 5685 qumrebat
2609 5616 2710 5671 ista
2747 5615 2937 5670 mulier
2964 5622 3205 5679 crustas,
3248 5611 3340 5667 sed
3380 5611 3549 5681 micas

1989 5708 2054 5763 de
2097 5723 2235 5778 pane
2280 5720 2563 5776 puerorum
2602 5704 2953 5776 spiritalium,
2996 5702 3279 5758 medullam
3326 5713 3550 5758 sensum
