3952 6186
490 330 620 387 1591

1254 321 1639 379 C‘i‘lRlSTJANl
1679 314 2086 375 DRUTHMARI
2123 319 2567 378 CORBEIENSIS
2606 321 2903 378 MONACHI

3564 327 3701 382 ΕΞθί

487 462 652 522 quam
676 445 841 503 Judaei
866 459 970 498 non
997 440 1273 497 curabant.
1305 439 1431 493 ln’de
1457 438 1588 492 dicit
1612 435 1890 492 Dominus:
1922 434 2036 490 Non
2066 439 2114 499 Α
2138 446 2337 490 serator
2357 452 2527 490 escam
2570 435 2717 490 dedit
2754 436 3044 491 timentibus
3083 453 3156 491 se.
3204 437 3425 510 Mystice
3464 445 3700 499 ostendit

485 549 570 595 est
605 536 807 607 justum
850 533 1037 587 tollere
1078 530 1377 584 doctrinam
1410 528 1531 581 ﬁliis
1569 526 1797 591 Judaeis,
1834 533 1889 580 et
1915 526 2045 580 dare

485 627 638 683 vobis
662 624 903 688 canibus,
927 621 1016 691 qui
1046 629 1261 690 prepter
1287 617 1636 673 idololatriam
1657 624 1710 670 et
1734 615 2044 685 sanguinem

484 731 547 771 ac
575 715 835 769 cadavera
865 720 1217 774 mortuorum,
1256 708 1446 777 quibus
1492 706 1655 761 dediti
1686 705 1846 769 estis,
1883 719 2044 760 canes

481 804 630 858 estis.
659 803 724 855 At
754 800 845 855 illa
879 799 1010 853 dixit
1035 817 1053 852 :
1095 798 1291 876 Etiam,
1323 796 1559 851 Domine.
1598 795 1743 849 Dixit
1766 794 2040 862 Dominus,

483 896 597 951 Non
622 905 706 950 est
726 894 945 949 bonum.
970 891 1064 945 llla
1090 890 1383 959 respondit,
1399 888 1522 958 quia
1544 887 1740 942 bonum
1761 894 1861 951 est,
1877 894 1931 940 et
1951 885 2044 939 dat

481 986 784 1056 exemplum
807 984 871 1038 de
894 982 1217 1045 hominibus,
1244 980 1386 1049 quod
1404 980 1543 1033 sicut
1562 978 1643 1032 ill.‘
1656 976 1867 1047 quando
1889 989 2041 1029 man-
2061 963 2093 987 ‘

480 1078 677 1131 ducant
704 1074 948 1131 decidunt
976 1074 1128 1127 mica:
1156 1075 1222 1127 de
1251 1087 1432 1126 mensa
1458 1071 1709 1135 canibus,
1753 1069 1831 1123 sic
1865 1077 1920 1123 et
1948 1066 2038 1135 ju-

481 1177 623 1223 stum
650 1168 719 1221 sit
742 1175 800 1220 ut
824 1166 931 1221 sint
945 1163 1110 1218 Judaei
1142 1162 1342 1219 domini
1370 1171 1586 1233 propter
1606 1171 1809 1231 patres,
1834 1168 1891 1215 et
1913 1175 2037 1231 pro-

474 1266 599 1327 pter
624 1266 675 1311 te
701 1255 791 1325 qui
819 1270 883 1308 ex
914 1255 1017 1309 illis
1046 1262 1201 1307 natus
1229 1268 1309 1317 es,
1338 1261 1393 1307 et
1415 1267 1512 1307 nos
1535 1252 1704 1307 simus
1738 1267 1843 1307 non
1870 1252 2038 1306 etiam

478 1361 638 1401 canes
666 1346 843 1416 magni
871 1360 990 1399 cum
1022 1344 1311 1413 primitivo.
1339 1343 1431 1398 sed
1460 1357 1583 1397 cum
1608 1341 1921 1397 diminutive
1948 1357 2038 1397 ca-

477 1437 608 1502 telli,
643 1445 698 1491 et
733 1451 837 1495 non
869 1436 1158 1506 qumrimus
1182 1435 1444 1506 integram
1485 1434 1708 1505 gratiam
1737 1434 2035 1489 doctrinam

479 1535 533 1581 et
564 1527 850 1581 secretiora
879 1524 1150 1595 mysteria,
1191 1525 1314 1594 quia
1358 1539 1463 1579 non
1508 1519 1693 1578 sumus
1734 1524 1909 1595 digni,
1940 1522 2036 1579 sed

477 1617 746 1687 apertiora
770 1625 824 1671 et
849 1614 1176 1684 simpliciora
1217 1621 1500 1684 praecepta.
1548 1612 1690 1666 Tunc
1725 1613 2035 1683 respondens

474 1709 649 1772 Jesus,
674 1707 797 1761 dicit
826 1705 937 1759 illi:
969 1706 1014 1759 0
1047 1704 1269 1758 mulier!
1294 1721 1483 1775 magna
1514 1712 1589 1757 est
1616 1703 1746 1773 ﬁdes
1776 1713 1899 1767 tua,
1936 1703 2032 1771 ﬁat

475 1797 570 1853 tibi
592 1800 723 1853 sicut
748 1798 844 1851 vis.
877 1795 921 1851 Ο
947 1794 1137 1849 mulier
1165 1794 1458 1849 laudanda!
1489 1808 1610 1863 qua:
1627 1809 1657 1847 a
1679 1792 1903 1847 Domino
1926 1790 2036 1844 lau-
2061 1778 2107 1856 Β

477 1893 600 1946 data
628 1905 705 1945 es.
728 1888 964 1958 Apostoli
989 1888 1161 1958 arguti
1188 1895 1312 1942 sunt
1342 1885 1648 1956 frequenter
1675 1884 1896 1939 modica:
1915 1898 2035 1938 esse

476 1979 622 2045 ﬁdei,
645 1986 699 2033 et
721 1987 776 2033 tu
800 1978 941 2032 dicta
966 1992 1027 2031 es
1047 1977 1243 2031 habere
1269 1990 1516 2045 magnam
1538 1971 1716 2029 ﬁdem.
1740 1973 1838 2040 Qui
1860 1980 2036 2044 potest

474 2071 718 2125 imitetur
743 2084 882 2134 eam,
911 2076 966 2123 et
991 2068 1166 2121 veniet
1190 2066 1238 2120 ei
1269 2066 1408 2120 sicut
1428 2064 1505 2118 illi
1533 2064 1736 2121 dictum
1761 2073 1873 2118 est:
1914 2063 2034 2117 Fiat

473 2160 571 2217 tibi
600 2160 740 2214 sicut
765 2159 865 2213 vis.
893 2157 1108 2213 Utinam
1138 2170 1323 2211 omnes
1352 2156 1505 2226 digne
1531 2164 1854 2225 peteremus,
1877 2163 1932 2209 et
1954 2154 2033 2210 sic

472 2252 841 2321 impetremus.
894 2248 964 2302 Et
999 2257 1188 2302 sanata
1223 2246 1335 2316 ﬁlia
1368 2247 1479 2315 ejus
1521 2254 1597 2299 est
1645 2260 1708 2299 ea:
1752 2243 1844 2297 illa
1881 2244 2028 2298 liora.

473 2342 712 2397 Ecclesia
741 2341 809 2396 de
829 2339 1073 2412 gentibus
1095 2353 1255 2394 orans
1273 2352 1371 2407 pro
1391 2336 1501 2391 suis
1523 2335 2033 2400 exaudiutr,sanan-

472 2441 667 2502 turque
696 2432 886 2487 animae
913 2429 1149 2500 quotidie
1179 2443 1210 2481 a
1242 2427 1442 2483 morbis
1475 2426 1782 2490 diabolicis,
1825 2440 1944 2480 cum
1973 2432 2031 2479 et

471 2523 666 2595 pagani
708 2522 759 2576 in
795 2509 1059 2590 baptismo
1087 2526 1446 2583 renovantur,
1486 2525 1543 2573 et
1585 2525 1895 2586 peccatores
1937 2529 2031 2584 per

462 2610 861 2669 confessionem
884 2618 939 2663 et
966 2607 1422 2678 eleemosynarum
1442 2604 1799 2676 largitionem,
1824 2618 1886 2657 ac
1908 2617 2030 2674 pre-

468 2718 591 2759 cum
618 2700 1006 2764 assiduitatem,
1032 2698 1097 2753 ad
1127 2695 1488 2752 innocentiam
1516 2702 1873 2750 revertuntur.

539 2790 606 2844 Et
634 2806 753 2844 cum
779 2791 1046 2844 transisset
1074 2787 1194 2841 inde
1221 2786 1396 2851 Iesus,
1426 2787 1557 2840 venit
1580 2801 1728 2840 secus
1752 2801 1894 2839 mare
1924 2784 2028 2839 Ga-

463 2882 638 2937 lilaeaa.
670 2880 819 2937 Unde
846 2888 969 2936 ante
996 2879 1202 2951 fugerat
1221 2878 1497 2943 Dominus,
1524 2893 1594 2933 ne
1622 2893 1716 2933 rex
1741 2876 1905 2939 ﬁeret,
1932 2878 2028 2931 ite-

468 2988 587 3027 rum
619 2972 933 3035 revertitur,
966 2970 1265 3040 intelligens
1298 2969 1578 3023 immutata
1603 2981 1721 3022 esse
1749 2968 1908 3022 corda
1936 2981 2029 3021 eo-

464 3079 605 3126 rum,
628 3063 720 3131 qui
752 3064 818 3117 de
845 3060 1071 3130 panibus
1092 3061 1316 3115 saturati
1345 3058 1588 3123 fuerant;
1619 3067 1673 3114 et
1694 3060 1833 3114 sicut
1850 3058 2025 3130 aquila

464 3153 547 3207 vel
578 3152 766 3223 gallina
797 3158 1051 3220 provocat
1093 3150 1158 3203 ad
1197 3149 1477 3203 velandum
1520 3149 1690 3217 pullos
1721 3165 1881 3214 suos,
1920 3167 2025 3206 non

463 3254 637 3301 cessat
663 3245 954 3315 praedicare
982 3245 1083 3299 hac
1110 3252 1165 3297 et
1192 3244 1332 3308 illac,
1354 3253 1410 3298 et
1432 3245 1581 3299 verbi
1625 3246 1875 3314 pabulum
1900 3248 2028 3303 sub-

464 3337 788 3391 ministrare.
816 3334 883 3389 Et
906 3334 1185 3389 ascendens
1204 3334 1257 3389 in
1282 3344 1502 3388 montem
1521 3343 1631 3389 erat
1654 3335 1745 3389 ibi.
1769 3336 2028 3393 Amabilis

463 3429 610 3482 locus
652 3427 754 3482 iste
794 3440 948 3480 mons
983 3434 1098 3480 erat
1128 3426 1379 3491 Domino,
1423 3425 1546 3495 quia
1578 3435 1814 3482 remotus
1853 3436 1971 3482 erat
1995 3444 2027 3483 a

460 3517 761 3589 frequentia
788 3517 1094 3583 civitatum;
1119 3525 1174 3571 et
1200 3524 1460 3582 secretus,
1483 3526 1538 3571 et
1565 3516 1631 3571 ad
1658 3517 1952 3573 docendum
1974 3527 2029 3574 et

420 3660 430 3670 ,
463 3609 529 3663 ad
567 3592 849 3663 orandum.
894 3606 958 3660 Et
989 3604 1310 3661 accesserunt
1352 3607 1421 3660 ad
1464 3623 1580 3661 eum
1619 3607 1782 3661 turbtc
1825 3606 2022 3667 multm.

460 3698 577 3755 Non
605 3707 723 3754 erat
750 3698 802 3751 iu
835 3705 946 3752 toto
974 3698 1191 3762 mundo,
1221 3711 1393 3767 neque
1422 3697 1512 3768 qui
1541 3697 1619 3752 sic
1645 3696 1892 3763 doceret,
1935 3714 2028 3753 ne.

458 3806 566 3862 que
597 3791 687 3860 qui
716 3790 840 3844 talia
866 3789 1082 3849 faceret,
1115 3797 1398 3859 propterea
1430 3789 1500 3843 ita
1530 3789 1779 3843 ardenter
1801 3802 2027 3844 concur-

458 3884 652 3939 rebant
697 3884 764 3937 ad
804 3898 950 3948 eum,
988 3883 1248 3938 habentes
1293 3897 1472 3938 secum
1517 3890 1720 3948 mutos,
1760 3897 1928 3938 caecos
1971 3892 2027 3939 et

458 3972 698 4039 claudos,
737 3972 938 4028 debiles
961 3982 1015 4028 et
1046 3973 1180 4027 alios
1217 3971 1434 4027 multos.
1467 3969 1510 4025 0
1541 3972 1739 4044 syllaba
1786 3988 2025 4028 commu-

458 4071 673 4125 nionem
705 4069 1010 4124 habetcum
1040 4085 1109 4122 au
1138 4067 1497 4138 diphthongo,
1541 4076 1601 4122 ut
1639 4076 1722 4122 est
1751 4068 1886 4122 lotus
1925 4083 2023 4137 pro

458 4158 666 4225 lautus,
711 4158 956 4214 similiter
983 4156 1062 4211 clo
1101 4157 1459 4228 diphthongus
1490 4172 1587 4227 pro
1612 4155 1893 4210 clauditur.
1928 4156 2021 4210 Vi-

460 4250 688 4306 dendum
712 4257 798 4305 est
820 4249 972 4304 nobis
998 4264 1164 4318 quare
1191 4247 1381 4302 debiles
1409 4248 1566 4312 dicit,
1595 4255 1650 4302 et
1681 4256 1866 4317 postea
1895 4246 2024 4302 dicit

459 4339 589 4394 alios
615 4337 850 4393 multos?
883 4338 1015 4406 Quia
1041 4338 1181 4394 sicut
1207 4338 1397 4393 beatus
1418 4336 1772 4408 Hieronymus
1794 4338 1941 4402 dicit,
1966 4336 2021 4391 in

457 4429 647 4484 Latina
678 4428 857 4500 lingua
885 4444 989 4483 non
1028 4428 1187 4482 habet
1212 4442 1317 4481 una
1349 4425 1633 4481 inﬁrmitas
1660 4426 1892 4496 speciale
1918 4440 2018 4480 no-

458 4535 602 4585 men,
630 4521 770 4575 sicut
792 4519 930 4588 apud
956 4517 1171 4573 Graccus
1190 4558 1204 4577 .
1234 4527 1288 4573 et
1316 4518 1368 4571 in
1403 4526 1585 4573 nostra
1613 4517 1811 4573 rustica
1839 4517 2017 4587 lingua

461 4608 660 4663 idcirco
682 4607 857 4678 posuit
886 4605 1092 4661 debiles.
1121 4606 1222 4671 Qui
1248 4606 1391 4660 enim
1419 4615 1601 4660 nostra
1638 4605 1814 4677 lingua
1838 4605 2020 4660 luscus

459 4697 672 4762 dicitur,
708 4697 892 4752 Graece
925 4695 1120 4750 dicitur
1140 4694 1320 4761 killos,
1363 4702 1424 4748 ut
1468 4708 1587 4749 cum
1625 4696 1889 4765 interpres
1916 4696 2017 4750 hoc

459 4788 662 4843 invenit
689 4787 742 4841 in
769 4785 955 4841 Graeco
974 4826 987 4851 ,
1031 4801 1136 4841 non
1165 4785 1351 4840 habuit
1375 4784 1517 4840 aliud
1546 4785 1599 4839 in
1624 4784 1814 4841 Latino
1832 4825 1846 4850 ,
1882 4785 2018 4840 dixit

459 4878 690 4934 debiles:
743 4887 797 4933 et
844 4879 897 4932 in
950 4878 1294 4949 replicatione
1342 4860 1632 4931 sanitatum
1683 4877 2016 4931 enumeravit

459 4977 635 5022 mutos
652 4967 948 5038 loquentes,
964 4982 1133 5022 caecos
1144 4967 1405 5031 videntes,
1425 4965 1641 5021 claudos
1660 4965 2012 5022 ambulantes.

456 5059 534 5113 De
556 5058 648 5113 illo
670 5059 833 5114 verbo
852 5051 1016 5122 siluit;
1056 5056 1198 5127 quod
1230 5058 1281 5111 in
1311 5057 1635 5126 proprietate
1676 5056 1869 5128 linguae
1910 5055 2015 5110 La-

458 5149 606 5215 tinae,
633 5158 694 5204 ut
718 5150 917 5206 diceret
939 5164 1045 5205 non
1071 5150 1292 5204 invenit.
1317 5148 1473 5204 Iesus
1499 5158 1690 5214 autem,
1723 5148 2015 5203 convocatis

450 5244 744 5315 discipulis,
785 5245 956 5300 dixit:
997 5244 1249 5300 Misereor
1283 5244 1475 5309 turbae,
1506 5245 1628 5315 quia
1656 5242 1830 5297 triduo
1858 5243 2010 5296 εωιὶ-

458 5346 579 5390 nent
614 5353 713 5391 me.
745 5336 981 5406 Utraque
1010 5345 1194 5390 natura
1218 5336 1426 5390 Domini
1468 5336 1521 5390 in
1564 5336 1665 5390 hoc
1700 5333 1841 5389 facto
1862 5349 2015 5387 mon-

460 5436 679 5494 stratur,
708 5436 764 5483 et
801 5428 977 5483 divina
1018 5443 1121 5496 qua
1148 5427 1462 5493 miraculum
1491 5426 1638 5493 facit,
1681 5434 1735 5482 et
1779 5424 2012 5480 humana

452 5531 562 5583 qua
597 5518 763 5572 turbae
789 5518 1092 5573 miseretur.
1134 5517 1202 5571 Et
1230 5518 1486 5571 dimittere
1517 5534 1601 5572 eos
1623 5517 1834 5587 jejunos
1863 5514 2009 5581 nolo,

460 5620 524 5657 ne
543 5606 780 5673 deﬁciant
810 5609 864 5660 in
893 5608 996 5660 via.
1019 5607 1167 5673 Quod
1195 5608 1260 5661 de
1293 5617 1492 5676 septem
1531 5606 1757 5675 panibus
1782 5612 2012 5674 quatuor

458 5695 622 5748 millia
649 5697 879 5765 satiavit,
911 5716 1003 5753 sna
1032 5710 1113 5755 est
1144 5698 1463 5753 clementia:
1506 5696 1799 5751 Misericors
1836 5706 1883 5750 et
1914 5695 2012 5749 mi-

2142 524 2284 596 qnod
2312 526 2451 580 viam
2492 527 2649 581 istius
2683 527 2859 581 saeculi
2896 526 3051 581 aliter
3084 529 3365 598 nequimus
3406 532 3700 590 incolumes
3749 556 3753 563 τ

2143 617 2391 683 transire,
2415 619 2514 673 nisi
2540 618 2700 675 venbo
2718 618 3090 688 Redemptoris
3110 620 3277 674 nostri
3298 622 3574 678 satiemur.
3598 624 3701 680 Per

2140 705 2284 760 illam
2329 721 2487 775 quam
2533 707 2777 776 superius
2815 707 3038 764 audiStis
3085 709 3152 763 de
3194 710 3431 780 quinque
3473 715 3701 781 panibus

2138 794 2924 870 satiatis,spiritalis'refectio
2951 801 3349 856 demonstratur
3386 819 3549 874 quam
3583 809 3699 861 suis

2138 891 2383 947 ﬁdelibus
2410 894 2476 947 de
2503 891 2771 947 veteribus
2796 892 3057 947 exhibuit.
3097 893 3204 947 Ista
3227 903 3405 948 autem
3433 896 3698 965 signiﬁcat

2136 997 2253 1038 eam
2280 984 2583 1037 satietatem
2611 998 2772 1051 quam
2801 985 2868 1037 de
2894 983 3195 1055 Evangeliis
3236 985 3348 1039 suis
3389 987 3444 1039 in
3480 1001 3544 1041 se
3577 1002 3697 1042 cre-

2137 1072 2385 1127 dentibus
2411 1072 2561 1139 facit,
2584 1073 2636 1127 in
2665 1073 2750 1127 illa
2786 1073 2961 1129 littera
2990 1074 3200 1130 Veteris
3239 1076 3562 1133 Testamenti
3586 1080 3696 1147 spi-

2136 1162 2306 1218 ritalis
2332 1164 2501 1235 gratia
2524 1148 2868 1218 credentibus
2890 1163 3174 1218 revelatur.
3205 1163 3444 1236 Utraque
3469 1166 3691 1221 refectio

2136 1252 2191 1306 in
2218 1267 2324 1307 uno
2353 1256 2532 1308 monte
2555 1252 2877 1317 celebratur,
2900 1253 3024 1322 quia
3053 1262 3109 1308 et
3146 1269 3283 1309 unus
3309 1262 3394 1309 est
3420 1254 3608 1317 dator,
3634 1264 3692 1310 et

2134 1349 2362 1411 utraque
2385 1338 2608 1399 refectio
2632 1342 2699 1396 ad
2724 1356 2883 1396 unam
2907 1355 3117 1396 cenam
3137 1343 3348 1409 invitat,
3368 1359 3529 1415 quam
3551 1346 3692 1401 idem

2133 1431 2289 1487 nobis
2306 1432 2648 1502 pueparavit,
2677 1433 2768 1503 qui
2798 1432 2953 1487 istam
2981 1433 3143 1488 dedit.
3181 1433 3333 1502 Quod
3358 1436 3490 1491 dicit
3518 1438 3693 1491 triduo

2133 1522 2385 1576 sustinent
2405 1538 2504 1587 me,
2519 1522 2632 1576 sive
2652 1531 2871 1593 propter
2883 1523 3335 1592 praedicationem,
3350 1526 3462 1580 sive
3474 1537 3695 1595 propter

2132 1620 2258 1664 suos
2283 1607 2525 1665 inﬁrmos
2554 1610 2837 1665 sanandos.
2870 1610 3195 1681 Spiritalit'r
3221 1614 3384 1668 verbo
3408 1615 3568 1669 turba
3592 1617 3695 1669 tri-

2131 1698 2238 1755 duo
2262 1700 2508 1766 sustinet,
2540 1714 2662 1755 cum
2691 1715 2879 1756 omnes
2912 1703 3190 1757 credentes
3221 1703 3275 1756 in
3299 1711 3540 1759 sanctam
3566 1704 3694 1759 Tri-

2133 1795 2377 1859 nitatem,
2409 1795 2776 1850 remissionem
2810 1804 3152 1864 peceatorum
3185 1797 3254 1851 ab
3283 1796 3399 1866 ipso
3425 1805 3691 1866 spectant,

2131 1884 2216 1940 vel
2247 1885 2424 1940 triduo
2456 1885 2739 1940 Dominum
2772 1886 3055 1946 sustinent.
3092 1900 3215 1941 cum
3255 1886 3311 1940 in
3336 1886 3689 1956 cogitatione,

2131 1977 2424 2041 locutione,
2464 1983 2519 2032 et
2555 1992 2716 2048 opere
2757 1979 3048 2032 observant
3087 1993 3154 2033 ne
3196 1968 3362 2033 Deum
3396 1976 3687 2032 oﬂendant.

2131 2066 2407 2123 Dimittere
2434 2056 2526 2123 eos
2546 2083 2651 2122 non
2675 2067 2785 2123 vult
2810 2083 2878 2122 ne
2913 2067 3164 2123 deﬁciant
3191 2068 3247 2122 in
3274 2068 3383 2134 via,
3406 2068 3540 2138 quia
3566 2068 3695 2123 licet

2130 2159 2350 2213 credant
2377 2158 2429 2213 in
2455 2173 2576 2213 eum
2604 2158 2781 2230 populi
2798 2198 2815 2224 ,
2846 2158 2983 2212 inter
3008 2165 3086 2213 tot
3119 2158 3344 2214 adversa
3374 2157 3606 2212 titubant
3632 2159 3693 2213 in

2128 2251 2236 2317 via,
2262 2251 2363 2306 nisi
2393 2250 2704 2322 frequenter
2731 2251 3071 2306 consolentur
3107 2259 3165 2306 et
3204 2258 3517 2306 recreentur
3540 2249 3691 2304 verbi

2130 2341 2295 2396 divini
2340 2342 2717 2397 admonitione.
2749 2341 2886 2407 Quot
2919 2358 3077 2412 panes
3117 2341 3359 2396 habetis"?
3393 2340 3692 2410 lutea-agat

2129 2432 2271 2501 quod
2298 2446 2422 2487 eum
2457 2447 2561 2487 non
2605 2432 2756 2497 latet,
2792 2442 2850 2487 ut
2873 2432 2960 2487 alii
2991 2434 3203 2500 cognito
3231 2430 3486 2487 miraculo
3510 2430 3689 2485 aediﬁ-

2129 2530 2335 2577 centur.
2366 2521 2466 2589 Qui
2509 2522 2766 2577 miracula
2795 2522 2941 2587 fecit,
2970 2523 3237 2578 ordinavit
3274 2532 3338 2577 ut
3360 2531 3480 2576 tunc
3499 2530 3689 2577 essent

2128 2612 2380 2683 quinque,
2413 2627 2555 2667 nunc
2577 2620 2800 2681 septem,
2828 2622 3046 2682 propter
3067 2619 3269 2681 septem
3297 2612 3437 2665 dona
3452 2609 3689 2679 Spiritus

2128 2688 2322 2768 sancti,
2350 2702 2416 2757 de
2442 2702 2637 2772 quibus
2659 2704 2941 2757 credentes
2965 2701 3255 2770 replentur.
3285 2697 3402 2754 Non
3440 2700 3689 2755 dicuntur

2128 2800 2303 2848 autem
2331 2791 2498 2847 fuisse
2511 2792 2820 2857 hordeacei,
2833 2792 2955 2862 quia
2975 2790 3245 2862 Evangelii
3274 2789 3563 2844 revelatam
3580 2789 3692 2860 glo-

2130 2883 2263 2938 riam
2286 2882 2499 2937 Domini
2527 2896 2630 2952 qua
2660 2881 2825 2938 Vetus
2862 2882 3263 2937 Testamentum
3308 2885 3554 2933 texuerat
3594 2894 3691 2932 an-

2126 2971 2410 3025 nuntiavit.
2458 2969 2529 3024 Et
2554 2986 2745 3040 paucos
2773 2971 3066 3041 pisciculos.
3101 2969 3207 3024 Per
3246 2984 3384 3040 quos
3430 2968 3520 3022 alii
3560 2966 3690 3024 libri

2129 3062 2260 3119 Novi
2288 3063 2611 3118 Testamenti
2645 3061 2962 3134 figurantur,
2992 3069 3051 3115 ut
3076 3061 3325 3132 Epistula
3351 3060 3514 3125 Pauli,
3550 3074 3685 3129 apo-

2053 3119 2097 3182 C
2128 3158 2382 3214 stolomm
2412 3156 2599 3220 Actus,
2627 3119 3324 3226 eorumdem'Apocalypsis,
3363 3162 3417 3209 et
3449 3119 3641 3222 reliqui
3666 3169 3687 3217 ;

2124 3250 2206 3306 vel
2235 3251 2404 3306 sancti
2447 3250 2538 3320 qui
2579 3250 2656 3303 in‘
2680 3249 2772 3304 illo
2806 3256 3046 3320 tempore
3091 3246 3270 3314 fuere,
3304 3262 3526 3318 quorum
3568 3248 3687 3317 ipsa

2126 3339 2401 3409 Scriptura
2423 3340 2587 3394 vitam
2622 3347 2676 3394 et
2695 3341 3001 3409 passionem
3029 3340 3289 3395 continet.
3314 3340 3417 3406 Qui
3442 3339 3597 3410 quasi
3620 3342 3688 3394 de

2121 3429 2387 3501 profundo
2416 3429 2574 3500 hujus
2597 3431 2774 3486 surculi
2797 3431 2951 3486 electi
2978 3438 3034 3485 et
3058 3431 3276 3497 elevati,
3303 3446 3336 3485 a
3364 3431 3568 3487 caelesti
3597 3431 3685 3485 be-

2122 3518 2423 3576 nedictione
2448 3523 2743 3577 consecrati
2771 3522 3049 3587 reficiunt,
3092 3537 3214 3578 eum
3249 3521 3500 3593 exemplo
3529 3522 3686 3576 nolis

2124 3618 2248 3665 sunt
2274 3609 2340 3665 ad
2364 3613 2498 3665 bene
2522 3612 2801 3681 agendum.
2828 3608 2895 3665 Et
2918 3614 3159 3682 pracepit
3177 3613 3346 3666 turbat
3360 3612 3684 3666 discumbere

2120 3717 2278 3773 super
2304 3712 2514 3757 terram.
2560 3703 2618 3758 In
2656 3703 2760 3758 alia
2796 3703 3086 3760 refectione
3131 3719 3296 3774 super
3343 3704 3522 3758 fenum
3564 3704 3682 3759 dis-

2119 3794 2455 3860 cubuerant,
2504 3794 2628 3864 quia
2673 3793 2778 3849 illis
2815 3795 3049 3864 antiquis
3095 3795 3305 3865 populis
3350 3795 3682 3850 solummodo

2120 3882 2419 3952 voluptates
2483 3885 2724 3939 carnales
2764 3888 3117 3955 'praeeeptum
3173 3892 3259 3941 est
3319 3885 3528 3941 calcare
3550 3926 3565 3947 ,
3624 3886 3681 3940 in

2118 3972 2404 4042 Evangelio
2428 3973 2684 4043 perfectis
2709 3974 2886 4029 omnia
2925 3984 3134 4029 terrena
3167 3990 3293 4029 cum
3316 3975 3683 4046 voluptatibus

2114 4071 2445 4132 pmoeptum
2475 4070 2557 4118 est
2585 4065 2853 4120 abdicare.
2890 4064 2955 4118 Et
2999 4065 3257 4136 accipiens
3292 4076 3484 4137 septem
3518 4082 3682 4136 partes

2116 4153 2315 4222 gratias
2350 4170 2537 4224 agens,
2573 4155 2727 4226 fregit
2754 4165 2803 4211 et
2841 4157 2982 4211 dedit
3014 4156 3301 4228 discipulis,
3345 4168 3395 4212 et
3434 4154 3683 4227 discipuli

2113 4240 2369 4298 dederunt
2409 4245 2630 4316 populis.
2677 4246 2811 4312 Quia
2868 4248 3119 4302 Dominus
3161 4249 3415 4303 erudiens
3460 4259 3679 4319 aposto-

2114 4331 2197 4386 los
2222 4348 2348 4390 suos
2376 4342 2429 4389 et
2451 4351 2546 4404 per
2564 4351 2658 4390 eos
2691 4336 2857 4392 voluit
2891 4337 3088 4392 erudiri
3126 4340 3332 4393 turbas.
3374 4337 3525 4404 Quod
3554 4355 3682 4410 gra-

2118 4424 2222 4478 tias
2267 4424 2396 4494 agit,
2446 4427 2681 4482 ostendit
2719 4434 2977 4496 quantum
3017 4429 3351 4499 congaudent
3391 4429 3459 4483 de
3502 4428 3683 4484 salute

2119 4517 2336 4586 generis
2355 4516 2570 4572 humani
2590 4559 2605 4582 ,
2638 4526 2695 4573 et
2735 4528 2796 4572 ut
2840 4534 2938 4575 nos
2975 4521 3173 4592 gratias
3201 4535 3364 4592 agere
3394 4521 3465 4576 de
3495 4522 3679 4576 omni-

2119 4606 2219 4661 bus
2258 4606 2466 4661 collatis
2488 4608 2611 4662 vitae
2634 4608 2947 4665 muneribus
2977 4610 3183 4665 doceat.
3232 4611 3298 4666 Et
3335 4627 3399 4666 es
3427 4612 3529 4667 hoc
3556 4611 3681 4668 loco

2114 4698 2232 4753 sive
2269 4713 2334 4753 ex
2361 4699 2480 4755 aliis
2508 4701 2835 4756 consuetudo
2872 4712 3113 4757 servatur
3142 4716 3174 4756 a
3216 4703 3458 4759 ﬁdelibus
3493 4705 3678 4761 a'burn

2118 4790 2454 4858 benedicere,
2484 4801 2539 4848 et
2560 4808 2773 4848 versum
2800 4794 2988 4864 psalmi
3019 4795 3325 4861 decantare,
3349 4795 3477 4852 licet
3496 4806 3552 4852 et
3581 4798 3675 4853 ilia

2112 4896 2248 4953 gens
2289 4882 2400 4953 jam
2454 4883 2676 4939 haberet
2719 4884 2773 4938 in
2824 4885 3223 4941 consuetudine.
3274 4885 3425 4954 Quod
3475 4887 3678 4944 dicitur

2114 4972 2354 5044 fregisse,
2372 4975 2700 5044 apertionem
2720 4973 2983 5046 signiﬁcat
3000 4985 3455 5031 sacramentorum
3475 4978 3677 5047 quibus

2114 5062 2181 5117 ad
2209 5070 2514 5132 perpetuam
2544 5064 2768 5119 salutem
2795 5064 3149 5120 instituendus
3173 5075 3291 5119 erat
3316 5067 3563 5135 populus.
3598 5066 3673 5121 Et

2111 5152 2439 5207 comederunt
2463 5166 2509 5209 et
2537 5155 2760 5208 saturati
2781 5165 2921 5208 sunt.
2949 5154 3243 5210 Comedth
3268 5164 3325 5210 et
3356 5164 3681 5211 saturantur

2112 5243 2179 5297 de
2219 5242 2445 5312 panibus
2487 5258 2550 5297 ac
2574 5243 2809 5312 piscibus
2834 5244 3044 5299 Domini
3090 5245 3179 5312 qui
3208 5244 3429 5299 audiunt
3454 5244 3675 5315 eloquia

2115 5331 2323 5385 Domini
2365 5340 2421 5386 et
2446 5331 2710 5387 intuentes
2732 5331 3086 5403 praecedentes
3113 5341 3342 5394 metas,
3367 5333 3578 5402 θέρεος
3598 5333 3675 5389 ad

2110 5437 2342 5492 superna
2387 5422 2622 5477 excitant
2670 5422 2954 5478 desideria.
2997 5422 3064 5476 Et
3111 5423 3249 5493 quod
3287 5421 3549 5491 superfuit
3600 5423 3677 5475 de

2110 5513 2437 5582 fragmentis,
2478 5512 2705 5565 tulerunt
2737 5521 2927 5582 septem
2974 5520 3195 5581 spartes.
3246 5510 3350 5567 Per
3394 5512 3517 5568 haec
3553 5511 3672 5566 fra—

2110 5609 2288 5656 menta
2339 5600 2699 5673 intelliguntur
2752 5603 2940 5657 altiora
2988 5601 3328 5671 perfectionis
3370 5612 3663 5672 praecepta.

2109 5710 2228 5763 qua:
2255 5693 2537 5753 multitudo
2561 5692 2738 5762 populi
2775 5693 2960 5763 nequit
2985 5692 3280 5764 intelligere
3309 5692 3392 5747 vel
3413 5706 3667 5756 servare,
