3952 6186
314 265 447 363 11393

1422 285 1784 351 EXPOSITIO
1821 284 1888 340 IN
1928 283 2360 341 MATTHEUM.

3379 283 3511 341 ιεκ

307 418 366 464 ut
399 412 520 462 sunt
547 404 708 459 multa
738 404 804 460 de
843 404 1117 461 divinitate
1139 412 1298 474 atque
1326 405 1392 461 de
1416 405 1721 476 virginitate
1748 418 1867 459 sera.
1886 411 1936 469 Α
1952 400 2049 473 .qul
2081 401 2132 454 in
2157 376 2308 472 signo
2329 402 2514 456 mortis
2536 400 2765 464 Domini,
2790 408 2845 454 et
2864 400 2927 453 de
2947 398 3083 453 coelo
3103 398 3308 470 signum
3334 401 3513 458 datam

304 494 493 559 vanda,
539 508 634 553 seu
664 492 1077 562 derelinquendo
1121 495 1299 549 omnia
1346 510 1465 563 quae
1505 491 1755 563 perfectis
1796 500 1851 547 et

302 587 596 645 volentibus
637 602 742 641 non
771 596 1034 658 pmcepta
1074 587 1164 642 sed
1194 588 1246 642 in
1289 587 1532 657 exemplo
1558 594 1848 641 monstrata

299 687 436 734 sunt.
456 676 604 745 Quod
628 692 756 732 vero
776 686 975 748 septem
1000 686 1124 733 sunt
1142 687 1354 748 sporta},
1379 688 1597 749 propter
1618 678 1849 748 Spiritus

297 766 464 822 sancti
493 756 742 837 gratiam,
783 782 904 837 qua:
948 769 1249 839 septenario
1270 784 1492 824 numero
1526 784 1555 822 a
1591 769 1846 837 propheta

293 855 627 926 praedicatur.
654 854 757 911 Per
788 865 991 927 septem
1029 870 1259 931 sportas,
1290 858 1444 913 electi
1474 859 1850 927 prrcdicatores

294 944 678 998 ostenduntur:
710 945 835 1014 quia
860 947 999 1001 sicut
1043 942 1241 1016 sportze
1278 947 1341 1001 de
1378 945 1543 1016 junco
1570 955 1624 1000 et
1658 946 1849 1016 palmis

292 1042 433 1097 sunt,
462 1033 533 1088 ita
563 1033 774 1090 fortiter
810 1044 867 1090 et
910 1035 1173 1092 indefesse
1204 1037 1515 1091 memoriam
1551 1038 1631 1092 sui
1662 1037 1847 1092 condi-

289 1126 420 1181 toris
456 1124 509 1179 in
555 1126 716 1181 corde
746 1134 991 1193 servant;
1021 1136 1077 1182 et
1112 1129 1263 1197 quasi
1302 1126 1494 1183 ﬂorent
1523 1144 1642 1183 cum
1674 1129 1738 1183 de
1765 1129 1848 1184 die

287 1214 341 1269 in
367 1214 506 1270 diem
536 1214 675 1270 novd
716 1215 981 1272 desiderio
1005 1217 1072 1270 ad
1098 1233 1335 1271 amorem
1366 1218 1655 1273 conditoris
1684 1219 1848 1272 anhe-

287 1304 434 1362 lant:
468 1307 535 1362 de
568 1308 761 1377 quibus
803 1307 999 1362 dicitur
1025 1327 1036 1361 :
1066 1307 1252 1362 Justus
1300 1318 1355 1361 ut
1399 1307 1575 1378 palma
1622 1308 1844 1377 ﬂorebit.

285 1396 448 1452 Fiunt
472 1406 653 1452 autem
678 1407 731 1452 et
758 1398 886 1467 ipsa:
921 1407 1118 1467 sporta:
1142 1407 1195 1452 et
1224 1414 1419 1469 parvae,
1446 1414 1577 1466 quas
1607 1400 1849 1453 videmus

283 1486 338 1541 in
380 1487 618 1543 basilicis
664 1504 787 1544 cum
822 1488 1177 1544 oblationibus
1229 1489 1390 1554 ferri;
1422 1491 1582 1543 etiam
1619 1507 1847 1561 magnae,

282 1585 341 1632 ut
375 1580 478 1633 tria
508 1579 593 1635 vel
621 1588 849 1651 quatuor
872 1576 1047 1636 modia
1073 1598 1299 1637 annona:
1324 1583 1570 1653 capiant;
1599 1584 1761 1639 etiam
1791 1593 1849 1639 ut

280 1668 478 1724 infirmi
504 1686 625 1726 cum
652 1671 780 1741 ipsis
806 1673 1011 1744 possint
1031 1672 1233 1742 portari
1256 1692 1267 1726 ε
1300 1674 1440 1733 sicut
1463 1682 1518 1727 et
1547 1675 1617 1729 ibi
1649 1674 1845 1731 factum

1946 508 2069 547 cum
2096 492 2173 547 sol
2218 492 2409 546 caelum
2439 500 2551 546 atra
2583 494 2723 545 nube
2753 492 2907 555 texit,
2950 502 3006 544 et
3036 491 3100 545 de
3131 499 3273 544 terra
3306 492 3513 563 signum

1947 585 2130 640 datum
2158 591 2258 648 est,
2303 599 2497 654 corpus
2537 593 2807 637 terrenum
2834 583 3094 646 surrexit,
3124 590 3178 637 et
3205 584 3269 638 de
3299 583 3509 640 inferno

1946 674 2178 728 claustra
2226 673 2390 743 ipsius
2434 672 2634 735 fracta,
2673 682 2729 728 et
2774 674 2939 728 multa
2991 673 3156 727 millia
3207 686 3511 731 sanctorum

1945 765 2210 822 exierunt.
2253 763 2319 818 Et
2366 763 2556 816 relictis
2605 762 2711 816 illis
2760 762 2902 815 abiit.
2959 762 3027 818 Et
3081 771 3209 819 tunc
3258 765 3515 820 Dominus

1946 854 2247 910 incredulos
2294 856 2605 919 deserebat,
2643 854 2920 932 et_adhuc
2972 856 3314 913 invisibiliter
3357 857 3515 929 hodie

1946 946 2134 1000 eadem
2170 945 2318 1001 facit.
2358 947 2565 1000 Deserit
2602 944 2907 1001 incredulos
2946 954 2999 1001 et
3029 949 3305 1016 superbos,
3346 958 3399 1002 et
3434 967 3516 1005 re-

1947 1037 2175 1104 quiescit
2227 1036 2282 1091 in
2334 1037 2683 1091 trementibus
2746 1051 3023 1091 sermones
3084 1052 3228 1092 suos.
3281 1037 3342 1091 Et
3398 1057 3515 1093 cum

1945 1127 2199 1181 venissent
2228 1125 2469 1195 discipuli
2498 1126 2610 1194 ejus
2639 1140 2782 1179 trans
2808 1124 3021 1194 fretum,
3047 1126 3191 1179 obliti
3216 1137 3335 1182 sunt
3361 1145 3517 1197 panes

1946 1219 2194 1279 accipere.
2221 1218 2415 1271 lterum
2445 1226 2567 1285 post
2588 1216 2974 1270 saluratiouem
3001 1217 3314 1286 populorum
3341 1217 3516 1272 aufert

1946 1323 2005 1362 se
2028 1308 2093 1362 de
2122 1308 2235 1377 ipso
2259 1307 2397 1372 loco,
2425 1322 2490 1361 ne
2516 1305 2653 1361 forte
2675 1307 2902 1376 populus
2925 1307 3169 1361 eamdem
3192 1307 3517 1363 voluntatem

1946 1394 2189 1467 haberet,
2232 1413 2391 1467 quam
2424 1397 2672 1467 superius
2720 1396 2999 1451 habuerat.
3028 1396 3183 1464 Quod
3219 1413 3347 1452 vero
3390 1399 3520 1452 dicit

1946 1488 2069 1557 quia
2116 1488 2267 1542 obliti
2316 1494 2439 1542 sunt
2483 1486 2730 1555 discipuli
2778 1501 2944 1555 panes
2979 1485 3183 1550 tollere,
3219 1488 3521 1542 ostenditur

1946 1580 2072 1649 quia
2106 1596 2205 1635 nec
2235 1579 2492 1634 Dominus
2524 1595 2623 1634 nec
2652 1579 2897 1648 discipuli
2944 1594 3263 1648 magnopere
3289 1579 3356 1634 de
3400 1581 3523 1635 cibo

1949 1679 2164 1725 terreno
2191 1670 2515 1741 cogitabant.
2544 1669 2670 1723 Sive
2701 1669 2821 1723 ideo
2856 1669 2981 1737 quia
3013 1670 3336 1724 abundantia
3366 1671 3520 1740 panis

276 1765 379 1813 est.
417 1758 587 1814 Erant
615 1771 788 1815 autem
825 1763 916 1833 qui
951 1764 1394 1819 manducaverunt
1433 1767 1585 1835 quasi
1621 1778 1847 1836 quatuor
1872 1759 1919 1818 B
1946 1767 2065 1813 erat
2104 1759 2156 1812 iu
2187 1758 2299 1828 ipsa
2348 1766 2526 1822 terra;
2559 1766 2615 1811 et
2649 1757 2789 1827 quod
2835 1757 2902 1810 ad
2948 1757 3148 1811 victum
3195 1758 3518 1826 pertinebat,

275 1846 465 1903 millia.
496 1848 564 1906 Ut
594 1850 709 1920 ipso
750 1843 972 1908 numero
998 1856 1345 1909 ostenderent
1371 1856 1437 1911 de
1472 1856 1739 1929 Evangelii
1785 1875 1843 1914 se

271 1947 459 2010 pastos
482 1956 603 1997 esse
627 1943 861 1999 cibariis.
888 1942 1145 1999 Similiter
1166 1961 1265 2000 nec
1290 1947 1394 2001 isto
1415 1947 1567 2018 signo
1594 1950 1844 2007 mulieres

270 2032 566 2101 et-parvuli
592 2035 876 2089 mittuntur
902 2036 956 2090 in
983 2052 1288 2105 numerum,
1317 2048 1538 2109 propter
1578 2041 1845 2096 mutabili-

272 2129 438 2177 tatem
461 2132 518 2178 et
548 2123 1028 2195 imperfectionem.

341 2215 590 2273 Ascendit
613 2220 668 2273 in
694 2220 1010 2283 naviculam,
1031 2232 1078 2277 et
1102 2223 1235 2277 venit
1263 2224 1318 2278 in
1341 2233 1534 2278 terram
1559 2224 1840 2294 Magedun.

272 2306 340 2363 Et
362 2308 576 2366 Marcus
602 2311 731 2366 dicit
754 2311 1131 2367 Dalmanutlza.
1158 2313 1352 2369 Dicunt
1377 2323 1555 2369 autem
1576 2316 1842 2384 doctores,

269 2407 365 2453 aut
392 2415 533 2455 unus
561 2399 710 2457 locus
735 2409 819 2456 est
858 2403 962 2457 duo
991 2404 1204 2458 nomina
1248 2403 1475 2470 habens,
1515 2413 1609 2458 aut
1655 2405 1845 2460 vilium

268 2492 557 2562 scriptoris
583 2492 783 2548 factum
812 2501 895 2549 est
923 2494 976 2550 in
1019 2494 1213 2551 Marco.
1250 2495 1317 2550 Et
1348 2507 1676 2551 accesserunt
1706 2495 1847 2551 Pha—

268 2581 438 2646 riscei,
464 2591 512 2637 et
542 2592 796 2638 tentantes
827 2595 1134 2655 rogaverunt
1160 2601 1277 2640 eum
1308 2596 1363 2640 ut
1392 2588 1600 2657 signum
1630 2588 1693 2641 de
1719 2586 1846 2641 caelo

267 2672 559 2727 ostenderet
585 2672 677 2726 eis.
706 2670 940 2729 Joannes
969 2682 1156 2729 narrat
1193 2676 1349 2745 quale
1384 2677 1595 2748 signum
1640 2693 1849 2748 quaere-

262 2761 442 2827 bant,
488 2762 630 2817 sicut
664 2762 776 2832 jam
825 2765 1071 2834 superius
1111 2766 1310 2822 dictum
1350 2776 1436 2822 est
1471 2768 1596 2837 quia
1635 2777 1690 2822 et
1731 2774 1852 2837 post

263 2851 661 2907 saturatiouem
689 2852 926 2921 quinque
951 2870 1174 2923 panum,
1206 2856 1399 2911 similia
1444 2858 1851 2928 postulaverunt

261 2951 327 2998 ut
357 2949 609 3012 pasceret
635 2942 700 2997 de
729 2959 926 2997 manna
959 2932 1236 3014 pupulum,
1265 2947 1350 3003 vel
1398 2945 1600 3003 faceret
1640 2956 1845 3003 tonare.

262 3028 379 3088 Sed
405 3040 658 3087 neutrum
679 3032 745 3088 de
767 3033 875 3089 illis
896 3034 1103 3091 duobus
1124 3037 1291 3108 signis
1310 3038 1376 3091 de
1396 3038 1500 3093 alio
1521 3039 1660 3109 cmlp
1680 3040 1846 3104 venit,

1942 1848 2286 1903 ministrabit
2312 1848 2539 1918 populus
2570 1846 2798 1901 Domino
2818 1857 2871 1902 et
2902 1847 3181 1916 discipulis
3214 1845 3346 1914 ejus.
3379 1846 3523 1914 Quo-

1942 1941 2101 1995 modo
2127 1940 2277 1993 obliti
2309 1947 2432 1993 sunt
2475 1954 2595 1993 cum
2642 1937 2844 1991 dictum
2890 1939 2981 2002 sit,
3013 1937 3154 2008 quod
3189 1939 3522 1994 sustulerunt

1942 2039 2146 2098 septem
2171 2028 2417 2097 sportas?
2445 2029 2548 2081 Sed
2578 2028 2751 2096 ipsum
2784 2027 2851 2080 ad
2881 2043 3147 2097 pauperes
3170 2028 3519 2091 dimiserunt;

1943 2121 2276 2176 solummodo
2309 2138 2473 2175 unum
2519 2135 2710 2190 panem
2758 2120 3049 2184 habebant,
3090 2121 3303 2189 quando
3346 2122 3519 2191 ipsum

1944 2210 2120 2266 lacum
2152 2212 2510 2274 transierunt,
2541 2211 2810 2265 habebant
2840 2226 3004 2264 unum
3027 2251 3042 2275 ,
3080 2219 3135 2264 et
3164 2210 3326 2264 alium
3364 2211 3523 2280 spiri-

1946 2300 2105 2355 talem
2133 2301 2225 2371 qui
2258 2301 2504 2355 dixerat:
2536 2300 2646 2371 Ego
2670 2316 2787 2354 sum
2816 2300 2970 2368 panis
2998 2300 3149 2354 vivus
3173 2299 3261 2368 qui
3292 2301 3355 2354 de
3386 2300 3525 2354 cmlo

1944 2390 2236 2452 descendit,
2273 2400 2556 2467 propterea
2584 2406 2690 2443 non
2734 2398 2849 2444 erat
2878 2390 2957 2443 eis
2993 2404 3212 2443 necesse
3246 2399 3521 2442 terrenum

1945 2500 2205 2555 quaerere.
2228 2483 2327 2550 Qui
2354 2484 2489 2537 dixit
2511 2485 2619 2537 eis:
2645 2480 2929 2536 Intuemini
2950 2492 2997 2535 et
3022 2491 3195 2536 cavete
3216 2499 3247 2534 a
3270 2482 3521 2550 fermento

1946 2572 2340 2630 Pharisworum
2361 2585 2408 2626 et
2441 2573 2837 2628 Saducrrorum.
2863 2573 3122 2626 Dominus
3149 2572 3288 2626 sicut
3311 2587 3526 2642 semper

1946 2664 2173 2718 docebat
2217 2662 2524 2731 discipulos,
2572 2677 2640 2716 ne
2679 2670 2771 2714 aut
2813 2661 2912 2731 ipsi
2943 2661 3136 2727 otiosi,
3174 2669 3266 2714 aut
3306 2661 3456 2715 iacui
3494 2678 3522 2715 a

1945 2751 2088 2806 bono
2110 2767 2274 2820 opere
2305 2759 2601 2813 cessarent,
2638 2750 2980 2820 praecipiebat
3012 2758 3068 2803 ut
3103 2751 3439 2806 custodirent
3467 2766 3528 2805 se

1947 2856 1978 2896 a
2027 2841 2270 2896 doctrina
2304 2840 2718 2902 Pharismorum,
2744 2856 2841 2909 per
2868 2839 3190 2894 fermentum
3222 2840 3522 2894 doctrinam

1949 2934 2134 2989 volens
2176 2933 2421 3004 intelligi.
2455 2932 2707 2988 Doctrina
2752 2932 3169 2998 Pharismorum,
3201 2933 3418 2988 decreta
3445 2933 3529 2986 di-

1944 3027 2084 3081 vinae
2125 3026 2257 3097 legis
2300 3025 2678 3080 traditionibus
2723 3025 3001 3079 hominum
3052 3033 3397 3094 postponere,
3440 3025 3527 3080 vel

261 3123 371 3178 nisi
417 3122 486 3178 de
514 3122 618 3178 isto
647 3123 737 3178 ubi
765 3124 1011 3181 volucres
1038 3126 1237 3194 volant,
1284 3129 1423 3184 unde
1449 3130 1697 3186 volucres
1723 3113 1917 3203 caelia
1947 3117 2113 3172 νει·δο
2138 3116 2346 3172 Domi!“
2376 3115 2628 3170 mandata
2652 3114 2947 3184 Ρΐωάίοπθ
2972 3132 2984 3166 ε
3010 3113 3168 3169 faelis
3188 3115 3523 3187 impugnare-

263 3213 520 3278 dicimus.
549 3211 869 3268 Tonitruum
916 3222 1097 3301 autem
1125 3226 1319 3273 ventus
1353 3228 1408 3273 et
1435 3234 1573 3289 aqua
1613 3219 1847 3285 faciunt,

1948 3209 2005 3264 In
2027 3209 2130 3263 alio
2150 3208 2441 3280 Evangelio
2462 3208 2625 3262 etiam
2649 3224 2678 3260 a
2703 3206 2966 3261 fermento
2984 3206 3212 3262 Herodis
3231 3207 3526 3261 cavendum

263 3301 396 3373 quia
424 3317 549 3358 cum
572 3311 765 3358 ventus
802 3303 854 3358 in
885 3297 1027 3360 nube
1048 3321 1107 3360 se
1135 3306 1415 3363 incluserit
1435 3311 1626 3380 quazrit
1647 3311 1848 3366 aditum

1952 3298 2113 3372 iubet.
2142 3299 2488 3355 Fermentum
2523 3297 2771 3362 Herodis,
2808 3307 2865 3352 et
2907 3297 3231 3352 adulterium
3254 3339 3269 3363 ,
3297 3297 3527 3352 homici-

263 3400 327 3446 ut
354 3399 625 3462 erumpat,
648 3401 705 3447 et
730 3407 853 3447 cum
883 3392 1103 3448 rescidit
1141 3394 1195 3448 in
1223 3396 1443 3463 nubem,
1477 3413 1668 3453 sonum
1696 3399 1847 3465 facit,

265 3490 322 3536 et
364 3481 547 3552 ignem
574 3495 742 3548 creat,
778 3489 834 3535 et
876 3481 1034 3537 simul
1078 3483 1344 3551 oriuntur,
1379 3488 1472 3542 sed
1502 3488 1594 3542 lux
1623 3499 1749 3544 ante
1774 3492 1853 3545 vi-

264 3560 431 3628 detur
482 3573 609 3644 quia
637 3572 839 3629 clarius
882 3581 967 3629 est
999 3573 1177 3629 lumen
1218 3583 1274 3629 et
1317 3579 1523 3633 acutior
1551 3590 1639 3645 est,
1662 3597 1852 3637 sensus

265 3663 420 3720 visus
448 3680 631 3734 quam
675 3665 920 3730 auditus,
965 3664 1091 3736 quia
1138 3665 1348 3737 longius
1400 3654 1643 3725 videmus
1690 3687 1852 3741 quam

264 3757 548 3814 audimus.
593 3757 717 3812 ideo
747 3766 927 3813 autem
967 3757 1105 3827 ignis
1149 3757 1388 3817 fulminis
1435 3762 1694 3833 majorem
1742 3764 1850 3827 vim

267 3848 439 3906 habet
473 3850 541 3904 ad
570 3850 978 3919 penetrandum,
1021 3850 1148 3919 quia
1178 3852 1426 3908 subtilior
1456 3862 1540 3908 est
1574 3870 1733 3926 quam
1759 3869 1857 3910 no—

267 3951 406 4008 ster,
438 3941 492 3996 id
514 3951 599 3996 est
621 3940 712 4011 qui
749 3940 903 3995 nobis
932 3941 986 3994 in
1015 3955 1114 3993 usu
1141 3948 1244 3995 est.
1275 3942 1316 4016 _F
1323 3943 1362 3998 it
1399 3954 1580 4000 autem
1608 3961 1704 4016 per
1730 3961 1852 4001 eum

269 4031 573 4102 aliquando
611 4030 895 4100 castigatio
939 4029 996 4086 iu
1041 4014 1375 4099 hominibus,
1423 4034 1564 4090 sicut
1608 4014 1705 4105 per
1747 4038 1853 4092 alia

268 4121 567 4178 elementa.
596 4122 670 4177 De
707 4124 836 4193 ipsis
875 4124 1040 4178 etiam
1069 4122 1351 4181 elementis
1391 4128 1542 4199 signa
1589 4130 1851 4194 viderant,

269 4213 502 4282 quando
540 4213 797 4269 Dominus
823 4230 971 4271 mare
997 4226 1052 4272 et
1080 4226 1267 4275 ventos
1294 4228 1714 4289 compescuerat.
1749 4219 1856 4276 Sed

273 4301 370 4370 qui
399 4300 680 4356 Dominum
706 4305 959 4360 tentando
982 4308 1180 4379 aliquid
1210 4316 1418 4378 petunt,
1447 4323 1555 4362 non
1580 4318 1859 4364 merentur

273 4395 552 4463 accipere,
578 4395 715 4450 sicut
750 4411 850 4451 nec
882 4397 957 4453 illi
982 4398 1244 4456 fecerunt.
1269 4397 1435 4453 Facto
1458 4410 1631 4454 autem
1656 4417 1858 4472 vespere

274 4484 462 4539 dicitis
484 4500 503 4538 :
534 4482 785 4541 Serenum
827 4488 946 4555 erit,
986 4489 1334 4544 rubicundum"
1366 4500 1440 4544 est
1476 4488 1614 4544 ehim
1649 4492 1852 4547 castum.

278 4576 444 4633 Sicut
471 4577 607 4634 solet
632 4578 866 4634 evenire.
903 4579 959 4635 Si
989 4580 1068 4636 sol
1093 4582 1149 4637 in
1172 4583 1314 4638 nube
1334 4584 1638 4653 vespertlua
1661 4600 1854 4653 aquam

279 4667 433 4722 circa
457 4682 562 4721 non
588 4667 855 4734 habuerit,
876 4669 971 4725 sed
995 4672 1345 4727 rubicundam
1370 4673 1588 4737 nubem,
1612 4676 1857 4742 sequenti

281 4757 373 4812 die
408 4757 586 4828 pluvia
619 4774 725 4813 non
755 4760 878 4815 erit.
919 4759 988 4816 Et
1038 4779 1189 4817 mane
1234 4764 1574 4834 (subauditur
1618 4764 1857 4837 dicitis):

283 4845 468 4901 Hodie
493 4857 764 4919 tempestas
793 4848 1126 4923 (subauditur
1157 4854 1297 4923 erit),
1338 4855 1519 4910 rutilat
1545 4856 1682 4911 enim
1714 4859 1861 4913 triste
1902 4880 1911 4890 ·

279 4938 495 4994 mlum.
542 4939 767 5008 Quando
810 4943 980 4999 nubes
1023 4945 1313 5002 orientales
1346 4948 1655 5003 rubicundae
1699 4957 1854 5013 sunt,

279 5030 472 5102 pluvia
497 5032 613 5103 ipsa
639 5033 725 5088 die
752 5034 873 5087 erit.
898 5033 956 5088 In
978 5034 1064 5091 die
1087 5035 1215 5090 dicit
1239 5037 1499 5093 Dominus
1518 5039 1586 5094 ad
1609 5038 1856 5116 Iudaeos:

284 5119 511 5175 Faciem
535 5121 647 5176 caeli
674 5122 967 5193 dijudicare
992 5127 1173 5190 nostis,
1200 5126 1348 5196 signa
1374 5137 1544 5181 autem
1572 5138 1859 5198 temporum

284 5228 400 5263 non
443 5212 652 5282 potestis
692 5212 843 5277 scire,
874 5222 923 5267 et
952 5215 1373 5269 consuetudinem
1416 5216 1612 5270 habetis
1656 5227 1860 5271 notatas

284 5300 498 5357 pluvias
525 5303 603 5359 vel
639 5306 960 5369 serenitates,
983 5314 1030 5360 et
1052 5307 1201 5377 signa
1230 5307 1481 5361 adventus
1504 5305 1633 5361 Filii
1668 5307 1765 5362 Dei
1797 5326 1862 5364 ex

281 5394 664 5464 prophetarum
703 5395 942 5452 ,oraculis
990 5413 1094 5450 non
1139 5397 1349 5465 potestis
1398 5399 1548 5451 scire.
1588 5396 1862 5453 Generatio

286 5484 441 5539 mala
467 5497 511 5541 et
557 5487 798 5542 adultera
835 5489 1040 5559 signum
1064 5490 1272 5558 quaerit,
1299 5498 1347 5543 et
1386 5490 1592 5558 signum
1624 5506 1729 5545 non
1768 5493 1865 5547 da-

286 5576 439 5629 bitur
465 5579 545 5641 ei,
589 5578 691 5631 nisi
726 5579 930 5649 signum
973 5577 1127 5632 Iona:
1166 5579 1445 5648 prophetis.
1483 5578 1601 5633 Jam
1649 5580 1716 5636 de
1760 5582 1864 5639 hoc

285 5671 548 5739 Superius
587 5671 786 5726 dictum
818 5680 935 5738 est;
966 5681 1019 5727 et
1049 5672 1150 5727 hoc
1182 5687 1326 5727 nunc
1361 5671 1562 5728 dixisse
1605 5672 1859 5741 sulIiciat,

1686 5836 1715 5857 ρ

1950 3393 2130 3458 dium,
2174 3392 2447 3447 simulatio
2494 3392 2788 3461 religionis.
2838 3386 3187 3445 Fermentum
3231 3407 3263 3444 a
3315 3390 3530 3447 fervore

1950 3496 2291 3556 nuncupatur
2326 3485 2469 3554 quod
2519 3485 2639 3554 plus
2686 3500 2845 3553 quam
2888 3500 2992 3539 una
3039 3485 3172 3540 hora
3213 3500 3321 3539 non
3352 3493 3531 3553 potest

1950 3577 2248 3641 contineri;
2274 3576 2568 3630 crescendo
2593 3575 2733 3629 enim
2764 3575 2995 3629 excedit.

2019 3666 2087 3719 At
2127 3665 2204 3720 illi
2247 3665 2538 3735 cogitabant
2582 3650 2817 3720 inter‘se
2857 3666 3085 3719 dicentes
3125 3680 3143 3719 :
3191 3664 3329 3731 Quia
3367 3683 3529 3736 panes

1952 3773 2056 3811 non
2112 3758 2423 3827 accepimus.
2483 3757 2742 3812 Dominus
2803 3757 3119 3827 spiritaliter
3177 3756 3525 3825 loquebatur,

1953 3848 2198 3917 discipuli
2263 3848 2554 3902 carnaliter
2622 3848 2977 3918 accipiebant.
3027 3848 3349 3920 Cogitabam
3406 3865 3529 3921 eum

1953 3940 2094 3995 seire
2125 3954 2218 3994 eos
2251 3955 2417 4009 panes
2450 3954 2556 3993 non
2592 3940 2791 3994 habere
2819 3947 2876 3993 ut
2904 3954 3028 3994 cum
3058 3939 3285 3993 farinam
3325 3940 3533 3995 inveni-

1954 4043 2097 4098 rent,
2134 4048 2240 4087 non
2284 4031 2669 4087 fermentareut
2709 4032 2775 4087 de
2814 4032 3078 4088 fermento
3115 4031 3528 4088 Pharisaeorum.

1956 4118 2135 4178 Sciens
2171 4132 2345 4176 autem
2396 4122 2552 4176 Iesus
2594 4122 2726 4176 dixit
2774 4124 2850 4197 eis
2890 4136 2908 4174 .'
2951 4122 3088 4188 Quid
3123 4124 3361 4203 cogitatis
3398 4118 3534 4177 inter

1955 4235 2066 4281 vos,
2096 4217 2313 4272 modica:
2339 4217 2482 4286 ﬁdei,
2509 4216 2647 4287 quod
2675 4233 2835 4286 panes
2863 4233 2966 4270 non
2997 4214 3236 4270 habetis?
3267 4212 3381 4269 Non
3410 4215 3532 4270 dico
3568 4229 3577 4241 '

1957 4326 2058 4366 nec
2091 4310 2158 4364 de
2209 4308 2299 4363 illo
2345 4307 2627 4371 fermento,
2676 4323 2777 4363 nec
2827 4308 2894 4362 de
2928 4307 3018 4361 illo
3065 4320 3205 4377 pane
3247 4306 3390 4362 unde
3436 4321 3532 4362 vos

1960 4403 2225 4473 cogitatis.
2276 4400 2525 4454 Nondum
2588 4398 2900 4469 intelligitis,
2959 4412 3121 4468 neque
3185 4399 3533 4453 recordamini

1958 4495 2183 4565 quinque
2220 4507 2412 4562 panum
2444 4491 2500 4543 in
2540 4491 2767 4561 quinque
2789 4489 2956 4544 millia
2990 4489 3276 4544 hominum.
3305 4481 3565 4556 Quando'

1960 4583 2126 4647 dicit,
2161 4580 2390 4636 nondum
2419 4579 2726 4649 intelligitis,
2772 4579 3086 4651 spiritaliter
3125 4579 3530 4650 intelligentiam

1958 4675 2206 4745 requirit,
2231 4673 2354 4742 quia
2396 4671 2713 4726 miraculum
2740 4686 2929 4726 omnes
2971 4671 3061 4740 qui
3093 4670 3342 4726 viderunt
3380 4670 3533 4726 intel-

1959 4767 2226 4822 lexerunt.
2270 4763 2395 4819 Vult
2440 4771 2499 4816 ut
2542 4762 2663 4816 illas
2710 4762 3090 4827 saturationes,
3135 4769 3189 4815 et
3217 4776 3439 4830 panem,
3477 4770 3533 4814 et

1961 4858 2151 4930 pisces,
2184 4865 2240 4911 et
2268 4856 2588 4910 fermentum
2620 4853 2918 4924 intelligant
2960 4853 3295 4924 spiritaliter,
3328 4853 3451 4921 qui:
3484 4852 3531 4906 si

1961 4948 2286 5005 fermentum
2319 4947 2504 5001 farina:
2540 4945 2755 4999 mistum
2800 4944 2979 5006 fuerit,
3001 4934 3156 5013 'quod
3198 4960 3420 5013 parvum
3453 4942 3532 4995 vi-

1963 5040 2190 5095 debatur
2231 5040 2284 5092 in
2316 5036 2485 5104 majus
2510 5035 2715 5095 erevit:
2750 5036 2822 5089 ita
2865 5045 2919 5090 et
2956 5036 3196 5089 doctrina
3242 5034 3379 5088 mala
3412 5033 3530 5102 plus

1964 5132 2180 5194 crescit,
2208 5146 2365 5199 quam
2396 5130 2566 5192 bona;
2599 5128 2736 5183 slent
2760 5128 3046 5199 Apostolus
3071 5127 3234 5181 dicit:
3265 5124 3528 5178 Modicum
3623 5120 3631 5129 ’

1964 5221 2273 5290 fermentum
2322 5229 2483 5272 totam
2540 5235 2767 5273 mussant
2816 5218 3120 5286 corrumpit.
3168 5215 3427 5269 Similiter
3476 5224 3531 5269 et

1966 5311 2215 5367 haeretica
2242 5310 2513 5375 doctrina,
2535 5310 2579 5365 si
2604 5310 2671 5364 ad
2700 5309 2968 5364 modicum
2992 5308 3045 5362 in
3070 5306 3292 5376 alicujus
3314 5315 3530 5375 pectore

1963 5402 2253 5471 scrpserit,
2290 5401 2398 5456 cito
2442 5402 2702 5470 pervertit
2750 5400 2918 5454 illum.
2962 5398 3148 5453 Omnis
3181 5398 3323 5451 enim
3371 5397 3530 5450 homo

1965 5492 2033 5547 ad
2061 5490 2257 5545 malum
2285 5490 2445 5545 citius
2473 5490 2795 5545 informatur
2822 5505 2984 5559 quam
3015 5488 3082 5542 ad
3122 5489 3338 5541 bonum.
3382 5483 3527 5538 Venit

1963 5580 2119 5636 Iesus
2145 5582 2197 5634 in
2225 5591 2397 5649 partes
2429 5580 2683 5635 Casarew
2714 5578 2960 5649 Philippi.
3003 5577 3107 5633 Iste
3138 5587 3220 5633 est
3256 5576 3530 5646 Philippus
3552 5596 3568 5608 ~

1966 5674 2133 5728 frater
2180 5671 2405 5728 Herodis
2443 5671 2592 5740 cujus
2632 5685 2855 5726 uxorem
2886 5668 3124 5723 llcrodcs
3153 5667 3383 5722 habebat
3416 5684 3427 5718 :
3475 5664 3526 5717 iu
