  <div class='ocr_page' id='page_1' title='image "/cluster/home/n/w/nwhite01/storage/ocr_20150623/106/hvd.32044054759717/704.png"; bbox 0 0 3988 6186; ppageno 0'>
   <div class='ocr_carea' id='block_1_1' title="bbox 322 293 463 351">
    <p class='ocr_par' dir='ltr' id='par_1_1' title="bbox 322 293 463 351">
     <span class='ocr_line' id='line_1_1' title="bbox 322 293 463 351; baseline 0 -1"><span class='ocrx_word' id='word_1_1' title='bbox 322 293 463 351; x_wconf 73' lang='grc'><strong>1597</strong></span> 
     </span>
    </p>
   </div>
   <div class='ocr_carea' id='block_1_2' title="bbox 1324 287 2364 367">
    <p class='ocr_par' dir='ltr' id='par_1_2' title="bbox 1324 287 2364 367">
     <span class='ocr_line' id='line_1_2' title="bbox 1324 287 2364 367; baseline -0.003 -18"><span class='ocrx_word' id='word_1_2' title='bbox 1324 358 1333 367; x_wconf 88' lang='lat'>_</span> <span class='ocrx_word' id='word_1_3' title='bbox 1430 287 1792 349; x_wconf 72' lang='lat' dir='ltr'><strong>uxrosmo</strong></span> <span class='ocrx_word' id='word_1_4' title='bbox 1828 289 1895 344; x_wconf 73' lang='lat' dir='ltr'><strong>IN</strong></span> <span class='ocrx_word' id='word_1_5' title='bbox 1933 290 2364 346; x_wconf 63' lang='lat' dir='ltr'><strong>MTTltA-ZUM.</strong></span> 
     </span>
    </p>
   </div>
   <div class='ocr_carea' id='block_1_3' title="bbox 3411 297 3546 356">
    <p class='ocr_par' dir='ltr' id='par_1_3' title="bbox 3411 297 3546 356">
     <span class='ocr_line' id='line_1_3' title="bbox 3411 297 3546 356; baseline 0.037 -4"><span class='ocrx_word' id='word_1_6' title='bbox 3411 297 3546 356; x_wconf 69' lang='lat' dir='ltr'><strong>ms</strong></span> 
     </span>
    </p>
   </div>
   <div class='ocr_carea' id='block_1_4' title="bbox 313 406 3543 481">
    <p class='ocr_par' dir='ltr' id='par_1_4' title="bbox 313 406 3543 481">
     <span class='ocr_line' id='line_1_4' title="bbox 313 406 3543 481; baseline -0.001 -12"><span class='ocrx_word' id='word_1_7' title='bbox 313 417 379 472; x_wconf 77' lang='lat' dir='ltr'><strong>de</strong></span> <span class='ocrx_word' id='word_1_8' title='bbox 404 430 562 469; x_wconf 78' lang='lat' dir='ltr'><strong>manu</strong></span> <span class='ocrx_word' id='word_1_9' title='bbox 590 429 723 467; x_wconf 85' lang='lat' dir='ltr'><strong>mea.</strong></span> <span class='ocrx_word' id='word_1_10' title='bbox 752 412 845 468; x_wconf 75' lang='lat' dir='ltr'><strong>Vel</strong></span> <span class='ocrx_word' id='word_1_11' title='bbox 874 420 1042 481; x_wconf 66' lang='lat' dir='ltr'><strong>porta:</strong></span> <span class='ocrx_word' id='word_1_12' title='bbox 1070 410 1228 466; x_wconf 81' lang='lat' dir='ltr'><strong>inferi</strong></span> <span class='ocrx_word' id='word_1_13' title='bbox 1256 429 1269 464; x_wconf 89' lang='lat'><strong>:</strong></span> <span class='ocrx_word' id='word_1_14' title='bbox 1298 420 1519 481; x_wconf 86' lang='lat' dir='ltr'><strong>peccata</strong></span> <span class='ocrx_word' id='word_1_15' title='bbox 1557 420 1717 481; x_wconf 88' lang='lat' dir='ltr'><strong>atque</strong></span> <span class='ocrx_word' id='word_1_16' title='bbox 1744 409 1887 464; x_wconf 20' lang='lat' dir='ltr'><strong>vitia.</strong></span> <span class='ocrx_word' id='word_1_17' title='bbox 1902 413 1954 472; x_wconf 86' lang='grc' dir='ltr'><strong>Α</strong></span> <span class='ocrx_word' id='word_1_18' title='bbox 1979 406 2151 476; x_wconf 82' lang='lat' dir='ltr'><strong>Supra</strong></span> <span class='ocrx_word' id='word_1_19' title='bbox 2194 407 2354 476; x_wconf 85' lang='lat' dir='ltr'><strong>jussit</strong></span> <span class='ocrx_word' id='word_1_20' title='bbox 2388 415 2446 461; x_wconf 92' lang='lat' dir='ltr'><strong>ut</strong></span> <span class='ocrx_word' id='word_1_21' title='bbox 2481 408 2860 464; x_wconf 84' lang='lat' dir='ltr'><strong>annuntiarcnt</strong></span> <span class='ocrx_word' id='word_1_22' title='bbox 2908 410 3143 476; x_wconf 76' lang='lat' dir='ltr'><strong>venisse,</strong></span> <span class='ocrx_word' id='word_1_23' title='bbox 3186 408 3289 480; x_wconf 74' lang='lat' dir='ltr'><strong>qui</strong></span> <span class='ocrx_word' id='word_1_24' title='bbox 3325 410 3543 467; x_wconf 65' lang='lat' dir='ltr'><strong>verbum</strong></span> 
     </span>
    </p>
   </div>
   <div class='ocr_carea' id='block_1_5' title="bbox 311 502 1876 573">
    <p class='ocr_par' dir='ltr' id='par_1_5' title="bbox 311 502 1876 573">
     <span class='ocr_line' id='line_1_5' title="bbox 311 502 1876 573; baseline -0.003 -12"><span class='ocrx_word' id='word_1_25' title='bbox 311 521 407 561; x_wconf 91' lang='lat' dir='ltr'><strong>seu</strong></span> <span class='ocrx_word' id='word_1_26' title='bbox 434 504 676 560; x_wconf 75' lang='lat' dir='ltr'><strong>doctrina</strong></span> <span class='ocrx_word' id='word_1_27' title='bbox 708 504 1101 563; x_wconf 64' lang='lat' dir='ltr'><strong>haereticorum,</strong></span> <span class='ocrx_word' id='word_1_28' title='bbox 1127 518 1226 572; x_wconf 89' lang='lat' dir='ltr'><strong>per</strong></span> <span class='ocrx_word' id='word_1_29' title='bbox 1251 518 1409 573; x_wconf 89' lang='lat' dir='ltr'><strong>quam</strong></span> <span class='ocrx_word' id='word_1_30' title='bbox 1441 502 1602 557; x_wconf 90' lang='lat' dir='ltr'><strong>illecti</strong></span> <span class='ocrx_word' id='word_1_31' title='bbox 1631 502 1876 557; x_wconf 83' lang='lat' dir='ltr'><strong>homines</strong></span> 
     </span>
    </p>
   </div>
   <div class='ocr_carea' id='block_1_6' title="bbox 313 591 1878 661">
    <p class='ocr_par' dir='ltr' id='par_1_6' title="bbox 313 591 1878 661">
     <span class='ocr_line' id='line_1_6' title="bbox 313 591 1878 661; baseline -0.003 -11"><span class='ocrx_word' id='word_1_32' title='bbox 313 596 580 651; x_wconf 78' lang='lat' dir='ltr'><strong>ducuntur</strong></span> <span class='ocrx_word' id='word_1_33' title='bbox 604 596 671 648; x_wconf 90' lang='lat' dir='ltr'><strong>ad</strong></span> <span class='ocrx_word' id='word_1_34' title='bbox 696 602 977 649; x_wconf 87' lang='lat' dir='ltr'><strong>tartarum.</strong></span> <span class='ocrx_word' id='word_1_35' title='bbox 1008 592 1183 648; x_wconf 74' lang='lat' dir='ltr'><strong>Multa:</strong></span> <span class='ocrx_word' id='word_1_36' title='bbox 1218 603 1342 648; x_wconf 89' lang='lat' dir='ltr'><strong>sunt</strong></span> <span class='ocrx_word' id='word_1_37' title='bbox 1378 600 1544 661; x_wconf 75' lang='lat' dir='ltr'><strong>porta:</strong></span> <span class='ocrx_word' id='word_1_38' title='bbox 1568 591 1748 656; x_wconf 81' lang='lat' dir='ltr'><strong>inferi,</strong></span> <span class='ocrx_word' id='word_1_39' title='bbox 1784 592 1878 647; x_wconf 88' lang='lat' dir='ltr'><strong>sed</strong></span> 
     </span>
    </p>
   </div>
   <div class='ocr_carea' id='block_1_7' title="bbox 310 681 1877 752">
    <p class='ocr_par' dir='ltr' id='par_1_7' title="bbox 310 681 1877 752">
     <span class='ocr_line' id='line_1_7' title="bbox 310 681 1877 752; baseline -0.003 -13"><span class='ocrx_word' id='word_1_40' title='bbox 310 684 469 739; x_wconf 71' lang='lat' dir='ltr'><strong>nullae</strong></span> <span class='ocrx_word' id='word_1_41' title='bbox 494 683 747 739; x_wconf 64' lang='lat' dir='ltr'><strong>Ecclesia:</strong></span> <span class='ocrx_word' id='word_1_42' title='bbox 775 682 1086 752; x_wconf 68' lang='lat' dir='ltr'><strong>praevalent.</strong></span> <span class='ocrx_word' id='word_1_43' title='bbox 1113 684 1239 752; x_wconf 84' lang='lat' dir='ltr'><strong>quia</strong></span> <span class='ocrx_word' id='word_1_44' title='bbox 1272 683 1362 752; x_wconf 88' lang='lat' dir='ltr'><strong>qui</strong></span> <span class='ocrx_word' id='word_1_45' title='bbox 1395 682 1553 737; x_wconf 82' lang='lat' dir='ltr'><strong>ﬁdem</strong></span> <span class='ocrx_word' id='word_1_46' title='bbox 1592 681 1792 736; x_wconf 76' lang='lat' dir='ltr'><strong>Christi</strong></span> <span class='ocrx_word' id='word_1_47' title='bbox 1822 682 1877 735; x_wconf 77' lang='lat' dir='ltr'><strong>in</strong></span> 
     </span>
    </p>
   </div>
   <div class='ocr_carea' id='block_1_8' title="bbox 307 772 1878 843">
    <p class='ocr_par' dir='ltr' id='par_1_8' title="bbox 307 772 1878 843">
     <span class='ocr_line' id='line_1_8' title="bbox 307 772 1878 843; baseline -0.001 -14"><span class='ocrx_word' id='word_1_48' title='bbox 307 778 472 830; x_wconf 87' lang='lat' dir='ltr'><strong>corde</strong></span> <span class='ocrx_word' id='word_1_49' title='bbox 504 773 737 828; x_wconf 89' lang='lat' dir='ltr'><strong>tenuerit</strong></span> <span class='ocrx_word' id='word_1_50' title='bbox 762 772 1015 843; x_wconf 71' lang='lat' dir='ltr'><strong>perfecte,</strong></span> <span class='ocrx_word' id='word_1_51' title='bbox 1049 788 1209 827; x_wconf 87' lang='lat' dir='ltr'><strong>omne</strong></span> <span class='ocrx_word' id='word_1_52' title='bbox 1235 773 1493 842; x_wconf 83' lang='lat' dir='ltr'><strong>quidquid</strong></span> <span class='ocrx_word' id='word_1_53' title='bbox 1523 773 1761 826; x_wconf 85' lang='lat' dir='ltr'><strong>exterius</strong></span> <span class='ocrx_word' id='word_1_54' title='bbox 1788 788 1878 827; x_wconf 89' lang='lat' dir='ltr'><strong>ac-</strong></span> 
     </span>
    </p>
   </div>
   <div class='ocr_carea' id='block_1_9' title="bbox 307 862 1872 931">
    <p class='ocr_par' dir='ltr' id='par_1_9' title="bbox 307 862 1872 931">
     <span class='ocr_line' id='line_1_9' title="bbox 307 862 1872 931; baseline -0.001 -12"><span class='ocrx_word' id='word_1_55' title='bbox 307 865 442 920; x_wconf 92' lang='lat' dir='ltr'><strong>cidit</strong></span> <span class='ocrx_word' id='word_1_56' title='bbox 487 863 793 918; x_wconf 87' lang='lat' dir='ltr'><strong>tentationis</strong></span> <span class='ocrx_word' id='word_1_57' title='bbox 830 862 1081 917; x_wconf 81' lang='lat' dir='ltr'><strong>facillime</strong></span> <span class='ocrx_word' id='word_1_58' title='bbox 1122 865 1367 918; x_wconf 88' lang='lat' dir='ltr'><strong>devincet</strong></span> <span class='ocrx_word' id='word_1_59' title='bbox 1394 864 1504 919; x_wconf 89' lang='lat' dir='ltr'><strong>Deo</strong></span> <span class='ocrx_word' id='word_1_60' title='bbox 1547 871 1872 931; x_wconf 83' lang='lat' dir='ltr'><strong>protectore.</strong></span> 
     </span>
    </p>
   </div>
   <div class='ocr_carea' id='block_1_10' title="bbox 310 954 1877 1025">
    <p class='ocr_par' dir='ltr' id='par_1_10' title="bbox 310 954 1877 1025">
     <span class='ocr_line' id='line_1_10' title="bbox 310 954 1877 1025; baseline 0 -16"><span class='ocrx_word' id='word_1_61' title='bbox 310 956 626 1023; x_wconf 84' lang='lat' dir='ltr'><strong>Quicunque</strong></span> <span class='ocrx_word' id='word_1_62' title='bbox 658 954 725 1008; x_wconf 90' lang='lat' dir='ltr'><strong>ab</strong></span> <span class='ocrx_word' id='word_1_63' title='bbox 750 954 984 1009; x_wconf 84' lang='lat' dir='ltr'><strong>Ecclesia</strong></span> <span class='ocrx_word' id='word_1_64' title='bbox 1025 955 1309 1010; x_wconf 84' lang='lat' dir='ltr'><strong>recesserit</strong></span> <span class='ocrx_word' id='word_1_65' title='bbox 1333 955 1434 1009; x_wconf 85' lang='lat' dir='ltr'><strong>ﬁde</strong></span> <span class='ocrx_word' id='word_1_66' title='bbox 1462 956 1544 1010; x_wconf 86' lang='lat' dir='ltr'><strong>vel</strong></span> <span class='ocrx_word' id='word_1_67' title='bbox 1566 969 1751 1025; x_wconf 89' lang='lat' dir='ltr'><strong>opere,</strong></span> <span class='ocrx_word' id='word_1_68' title='bbox 1778 954 1877 1009; x_wconf 88' lang='lat' dir='ltr'><strong>iste</strong></span> 
     </span>
    </p>
   </div>
   <div class='ocr_carea' id='block_1_11' title="bbox 307 1044 1874 1116">
    <p class='ocr_par' dir='ltr' id='par_1_11' title="bbox 307 1044 1874 1116">
     <span class='ocr_line' id='line_1_11' title="bbox 307 1044 1874 1116; baseline -0.002 -15"><span class='ocrx_word' id='word_1_69' title='bbox 307 1063 417 1102; x_wconf 91' lang='lat' dir='ltr'><strong>non</strong></span> <span class='ocrx_word' id='word_1_70' title='bbox 431 1058 606 1116; x_wconf 74' lang='lat' dir='ltr'><strong>super</strong></span> <span class='ocrx_word' id='word_1_71' title='bbox 634 1054 856 1110; x_wconf 89' lang='lat' dir='ltr'><strong>terram,</strong></span> <span class='ocrx_word' id='word_1_72' title='bbox 888 1046 983 1100; x_wconf 89' lang='lat' dir='ltr'><strong>sed</strong></span> <span class='ocrx_word' id='word_1_73' title='bbox 1017 1060 1179 1115; x_wconf 84' lang='lat' dir='ltr'><strong>super</strong></span> <span class='ocrx_word' id='word_1_74' title='bbox 1222 1044 1874 1099; x_wconf 71' lang='lat' dir='ltr'><strong>arenam‘t‘undamentum</strong></span> 
     </span>
    </p>
   </div>
   <div class='ocr_carea' id='block_1_12' title="bbox 306 1136 1874 1209">
    <p class='ocr_par' dir='ltr' id='par_1_12' title="bbox 306 1136 1874 1209">
     <span class='ocr_line' id='line_1_12' title="bbox 306 1136 1874 1209; baseline 0 -17"><span class='ocrx_word' id='word_1_75' title='bbox 306 1139 551 1209; x_wconf 87' lang='lat' dir='ltr'><strong>posuisse</strong></span> <span class='ocrx_word' id='word_1_76' title='bbox 599 1139 924 1193; x_wconf 88' lang='lat' dir='ltr'><strong>credendum</strong></span> <span class='ocrx_word' id='word_1_77' title='bbox 972 1146 1072 1192; x_wconf 88' lang='lat' dir='ltr'><strong>est.</strong></span> <span class='ocrx_word' id='word_1_78' title='bbox 1113 1137 1180 1190; x_wconf 88' lang='lat' dir='ltr'><strong>Et</strong></span> <span class='ocrx_word' id='word_1_79' title='bbox 1217 1138 1308 1191; x_wconf 89' lang='lat' dir='ltr'><strong>tibi</strong></span> <span class='ocrx_word' id='word_1_80' title='bbox 1342 1136 1476 1190; x_wconf 83' lang='lat' dir='ltr'><strong><em>dabo</em></strong></span> <span class='ocrx_word' id='word_1_81' title='bbox 1512 1139 1680 1191; x_wconf 80' lang='lat' dir='ltr'><strong>claves</strong></span> <span class='ocrx_word' id='word_1_82' title='bbox 1730 1140 1874 1207; x_wconf 84' lang='lat' dir='ltr'><strong>regni</strong></span> 
     </span>
    </p>
   </div>
   <div class='ocr_carea' id='block_1_13' title="bbox 307 1227 1870 1298">
    <p class='ocr_par' dir='ltr' id='par_1_13' title="bbox 307 1227 1870 1298">
     <span class='ocr_line' id='line_1_13' title="bbox 307 1227 1870 1298; baseline 0.001 -16"><span class='ocrx_word' id='word_1_83' title='bbox 307 1228 572 1282; x_wconf 76' lang='lat' dir='ltr'><strong>cazlorum.</strong></span> <span class='ocrx_word' id='word_1_84' title='bbox 597 1227 786 1284; x_wconf 90' lang='lat' dir='ltr'><strong>Claves</strong></span> <span class='ocrx_word' id='word_1_85' title='bbox 810 1229 960 1298; x_wconf 82' lang='lat' dir='ltr'><strong>regni</strong></span> <span class='ocrx_word' id='word_1_86' title='bbox 985 1229 1241 1283; x_wconf 63' lang='lat' dir='ltr'><strong>caelorum</strong></span> <span class='ocrx_word' id='word_1_87' title='bbox 1267 1230 1489 1283; x_wconf 89' lang='lat' dir='ltr'><strong>scientia</strong></span> <span class='ocrx_word' id='word_1_88' title='bbox 1512 1230 1870 1294; x_wconf 76' lang='lat' dir='ltr'><strong>discernendi,</strong></span> 
     </span>
    </p>
   </div>
   <div class='ocr_carea' id='block_1_14' title="bbox 303 1320 1873 1391">
    <p class='ocr_par' dir='ltr' id='par_1_14' title="bbox 303 1320 1873 1391">
     <span class='ocr_line' id='line_1_14' title="bbox 303 1320 1873 1391; baseline 0 -16"><span class='ocrx_word' id='word_1_89' title='bbox 303 1320 649 1391; x_wconf 90' lang='lat' dir='ltr'><strong>potentiaque</strong></span> <span class='ocrx_word' id='word_1_90' title='bbox 667 1336 776 1390; x_wconf 89' lang='lat' dir='ltr'><strong>qua</strong></span> <span class='ocrx_word' id='word_1_91' title='bbox 796 1320 984 1391; x_wconf 87' lang='lat' dir='ltr'><strong>dignos</strong></span> <span class='ocrx_word' id='word_1_92' title='bbox 1011 1320 1250 1390; x_wconf 87' lang='lat' dir='ltr'><strong>recipere</strong></span> <span class='ocrx_word' id='word_1_93' title='bbox 1278 1320 1329 1373; x_wconf 92' lang='lat' dir='ltr'><strong>in</strong></span> <span class='ocrx_word' id='word_1_94' title='bbox 1356 1335 1600 1390; x_wconf 79' lang='lat' dir='ltr'><strong>regnum,</strong></span> <span class='ocrx_word' id='word_1_95' title='bbox 1628 1321 1873 1390; x_wconf 71' lang='lat' dir='ltr'><strong>indignos</strong></span> 
     </span>
    </p>
   </div>
   <div class='ocr_carea' id='block_1_15' title="bbox 304 1412 1871 1484">
    <p class='ocr_par' dir='ltr' id='par_1_15' title="bbox 304 1412 1871 1484">
     <span class='ocr_line' id='line_1_15' title="bbox 304 1412 1871 1484; baseline -0.004 -13"><span class='ocrx_word' id='word_1_96' title='bbox 304 1416 590 1471; x_wconf 72' lang='lat' dir='ltr'><strong>excludere</strong></span> <span class='ocrx_word' id='word_1_97' title='bbox 636 1414 830 1470; x_wconf 79' lang='lat' dir='ltr'><strong>debeat</strong></span> <span class='ocrx_word' id='word_1_98' title='bbox 873 1412 1207 1483; x_wconf 80' lang='lat' dir='ltr'><strong>intelligitur.</strong></span> <span class='ocrx_word' id='word_1_99' title='bbox 1244 1412 1308 1466; x_wconf 88' lang='lat' dir='ltr'><strong>Et</strong></span> <span class='ocrx_word' id='word_1_100' title='bbox 1351 1412 1691 1484; x_wconf 81' lang='lat' dir='ltr'><strong>quodcunque</strong></span> <span class='ocrx_word' id='word_1_101' title='bbox 1737 1412 1871 1481; x_wconf 82' lang='lat' dir='ltr'><strong>liga-</strong></span> 
     </span>
    </p>
   </div>
   <div class='ocr_carea' id='block_1_16' title="bbox 304 1505 1875 1579">
    <p class='ocr_par' dir='ltr' id='par_1_16' title="bbox 304 1505 1875 1579">
     <span class='ocr_line' id='line_1_16' title="bbox 304 1505 1875 1579; baseline -0.003 -17"><span class='ocrx_word' id='word_1_102' title='bbox 304 1510 436 1563; x_wconf 81' lang='lat' dir='ltr'><strong>veris</strong></span> <span class='ocrx_word' id='word_1_103' title='bbox 464 1524 620 1579; x_wconf 90' lang='lat' dir='ltr'><strong>super</strong></span> <span class='ocrx_word' id='word_1_104' title='bbox 647 1516 841 1561; x_wconf 87' lang='lat' dir='ltr'><strong>terram</strong></span> <span class='ocrx_word' id='word_1_105' title='bbox 867 1507 963 1560; x_wconf 89' lang='lat' dir='ltr'><strong>erit</strong></span> <span class='ocrx_word' id='word_1_106' title='bbox 992 1506 1208 1575; x_wconf 84' lang='lat' dir='ltr'><strong>ligatum</strong></span> <span class='ocrx_word' id='word_1_107' title='bbox 1238 1515 1285 1559; x_wconf 89' lang='lat' dir='ltr'><strong>et</strong></span> <span class='ocrx_word' id='word_1_108' title='bbox 1329 1506 1383 1559; x_wconf 88' lang='lat' dir='ltr'><strong>in</strong></span> <span class='ocrx_word' id='word_1_109' title='bbox 1418 1505 1578 1570; x_wconf 71' lang='lat' dir='ltr'><strong>caelis,</strong></span> <span class='ocrx_word' id='word_1_110' title='bbox 1618 1515 1667 1559; x_wconf 91' lang='lat' dir='ltr'><strong>et</strong></span> <span class='ocrx_word' id='word_1_111' title='bbox 1708 1505 1875 1575; x_wconf 87' lang='lat' dir='ltr'><strong>quod-</strong></span> 
     </span>
    </p>
   </div>
   <div class='ocr_carea' id='block_1_17' title="bbox 302 1597 1868 1670">
    <p class='ocr_par' dir='ltr' id='par_1_17' title="bbox 302 1597 1868 1670">
     <span class='ocr_line' id='line_1_17' title="bbox 302 1597 1868 1670; baseline -0.001 -18"><span class='ocrx_word' id='word_1_112' title='bbox 302 1617 503 1670; x_wconf 78' lang='lat' dir='ltr'><strong>cunque</strong></span> <span class='ocrx_word' id='word_1_113' title='bbox 525 1598 738 1663; x_wconf 72' lang='lat' dir='ltr'><strong>solveris</strong></span> <span class='ocrx_word' id='word_1_114' title='bbox 779 1615 933 1669; x_wconf 86' lang='lat' dir='ltr'><strong>super</strong></span> <span class='ocrx_word' id='word_1_115' title='bbox 967 1607 1160 1652; x_wconf 91' lang='lat' dir='ltr'><strong>terram</strong></span> <span class='ocrx_word' id='word_1_116' title='bbox 1192 1598 1290 1652; x_wconf 89' lang='lat' dir='ltr'><strong>erit</strong></span> <span class='ocrx_word' id='word_1_117' title='bbox 1315 1597 1542 1651; x_wconf 82' lang='lat' dir='ltr'><strong>solutum</strong></span> <span class='ocrx_word' id='word_1_118' title='bbox 1564 1607 1611 1652; x_wconf 89' lang='lat' dir='ltr'><strong>et</strong></span> <span class='ocrx_word' id='word_1_119' title='bbox 1632 1599 1687 1651; x_wconf 91' lang='lat' dir='ltr'><strong>in</strong></span> <span class='ocrx_word' id='word_1_120' title='bbox 1710 1597 1868 1653; x_wconf 68' lang='lat' dir='ltr'><strong>cretis.</strong></span> 
     </span>
    </p>
   </div>
   <div class='ocr_carea' id='block_1_18' title="bbox 301 1680 1866 1760">
    <p class='ocr_par' dir='ltr' id='par_1_18' title="bbox 301 1680 1866 1760">
     <span class='ocr_line' id='line_1_18' title="bbox 301 1680 1866 1760; baseline -0.003 -15"><span class='ocrx_word' id='word_1_121' title='bbox 301 1680 428 1745; x_wconf 44' lang='lat' dir='ltr'><strong>Hoc.</strong></span> <span class='ocrx_word' id='word_1_122' title='bbox 449 1699 556 1745; x_wconf 87' lang='lat' dir='ltr'><strong>tam</strong></span> <span class='ocrx_word' id='word_1_123' title='bbox 590 1690 745 1746; x_wconf 86' lang='lat' dir='ltr'><strong>Petro</strong></span> <span class='ocrx_word' id='word_1_124' title='bbox 769 1705 929 1760; x_wconf 90' lang='lat' dir='ltr'><strong>quam</strong></span> <span class='ocrx_word' id='word_1_125' title='bbox 955 1688 1203 1743; x_wconf 90' lang='lat' dir='ltr'><strong>omnibus</strong></span> <span class='ocrx_word' id='word_1_126' title='bbox 1228 1687 1480 1758; x_wconf 74' lang='lat' dir='ltr'><strong>apostolis</strong></span> <span class='ocrx_word' id='word_1_127' title='bbox 1513 1696 1571 1742; x_wconf 89' lang='lat' dir='ltr'><strong>et</strong></span> <span class='ocrx_word' id='word_1_128' title='bbox 1593 1701 1866 1743; x_wconf 83' lang='lat' dir='ltr'><strong>successo-</strong></span> 
     </span>
    </p>
   </div>
   <div class='ocr_carea' id='block_1_19' title="bbox 1978 496 3546 566">
    <p class='ocr_par' dir='ltr' id='par_1_19' title="bbox 1978 496 3546 566">
     <span class='ocr_line' id='line_1_19' title="bbox 1978 496 3546 566; baseline 0.004 -16"><span class='ocrx_word' id='word_1_129' title='bbox 1978 496 2167 551; x_wconf 89' lang='lat' dir='ltr'><strong>salutis</strong></span> <span class='ocrx_word' id='word_1_130' title='bbox 2193 497 2273 551; x_wconf 88' lang='lat' dir='ltr'><strong>eis</strong></span> <span class='ocrx_word' id='word_1_131' title='bbox 2313 497 2672 561; x_wconf 81' lang='lat' dir='ltr'><strong>annuntiaret,</strong></span> <span class='ocrx_word' id='word_1_132' title='bbox 2709 506 2760 553; x_wconf 90' lang='lat' dir='ltr'><strong>et</strong></span> <span class='ocrx_word' id='word_1_133' title='bbox 2806 498 3047 556; x_wconf 81' lang='lat' dir='ltr'><strong>inﬁrmos</strong></span> <span class='ocrx_word' id='word_1_134' title='bbox 3074 515 3262 556; x_wconf 89' lang='lat' dir='ltr'><strong>eorum</strong></span> <span class='ocrx_word' id='word_1_135' title='bbox 3308 512 3546 566; x_wconf 79' lang='lat' dir='ltr'><strong>curaret,</strong></span> 
     </span>
    </p>
   </div>
   <div class='ocr_carea' id='block_1_20' title="bbox 1976 589 3547 663">
    <p class='ocr_par' dir='ltr' id='par_1_20' title="bbox 1976 589 3547 663">
     <span class='ocr_line' id='line_1_20' title="bbox 1976 589 3547 663; baseline 0.004 -20"><span class='ocrx_word' id='word_1_136' title='bbox 1976 597 2036 643; x_wconf 90' lang='lat' dir='ltr'><strong>ut</strong></span> <span class='ocrx_word' id='word_1_137' title='bbox 2056 589 2305 644; x_wconf 86' lang='lat' dir='ltr'><strong>venirent</strong></span> <span class='ocrx_word' id='word_1_138' title='bbox 2329 590 2396 643; x_wconf 88' lang='lat' dir='ltr'><strong>ad</strong></span> <span class='ocrx_word' id='word_1_139' title='bbox 2429 604 2571 643; x_wconf 89' lang='lat' dir='ltr'><strong>eum.</strong></span> <span class='ocrx_word' id='word_1_140' title='bbox 2601 590 2667 644; x_wconf 88' lang='lat' dir='ltr'><strong>Et</strong></span> <span class='ocrx_word' id='word_1_141' title='bbox 2690 601 2811 660; x_wconf 90' lang='lat' dir='ltr'><strong>post</strong></span> <span class='ocrx_word' id='word_1_142' title='bbox 2835 607 2959 646; x_wconf 87' lang='lat' dir='ltr'><strong>cum</strong></span> <span class='ocrx_word' id='word_1_143' title='bbox 3000 594 3210 647; x_wconf 90' lang='lat' dir='ltr'><strong>videret</strong></span> <span class='ocrx_word' id='word_1_144' title='bbox 3235 594 3327 663; x_wconf 90' lang='lat' dir='ltr'><strong>qui</strong></span> <span class='ocrx_word' id='word_1_145' title='bbox 3356 593 3547 663; x_wconf 77' lang='lat' dir='ltr'><strong>dignos</strong></span> 
     </span>
    </p>
   </div>
   <div class='ocr_carea' id='block_1_21' title="bbox 1974 680 3542 752">
    <p class='ocr_par' dir='ltr' id='par_1_21' title="bbox 1974 680 3542 752">
     <span class='ocr_line' id='line_1_21' title="bbox 1974 680 3542 752; baseline 0.004 -16"><span class='ocrx_word' id='word_1_146' title='bbox 1974 696 2034 736; x_wconf 89' lang='lat' dir='ltr'><strong>se</strong></span> <span class='ocrx_word' id='word_1_147' title='bbox 2081 680 2321 737; x_wconf 82' lang='lat' dir='ltr'><strong>facerent</strong></span> <span class='ocrx_word' id='word_1_148' title='bbox 2377 682 2445 736; x_wconf 90' lang='lat' dir='ltr'><strong>ad</strong></span> <span class='ocrx_word' id='word_1_149' title='bbox 2495 684 2761 737; x_wconf 87' lang='lat' dir='ltr'><strong>noscenda</strong></span> <span class='ocrx_word' id='word_1_150' title='bbox 2816 685 3105 739; x_wconf 85' lang='lat' dir='ltr'><strong>secretiora</strong></span> <span class='ocrx_word' id='word_1_151' title='bbox 3167 696 3542 752; x_wconf 88' lang='lat' dir='ltr'><strong>sacramenta,</strong></span> 
     </span>
    </p>
   </div>
   <div class='ocr_carea' id='block_1_22' title="bbox 1974 773 3547 843">
    <p class='ocr_par' dir='ltr' id='par_1_22' title="bbox 1974 773 3547 843">
     <span class='ocr_line' id='line_1_22' title="bbox 1974 773 3547 843; baseline 0.004 -17"><span class='ocrx_word' id='word_1_152' title='bbox 1974 774 2339 841; x_wconf 72' lang='lat' dir='ltr'><strong>ponderentur</strong></span> <span class='ocrx_word' id='word_1_153' title='bbox 2361 773 2440 828; x_wconf 89' lang='lat' dir='ltr'><strong>cis</strong></span> <span class='ocrx_word' id='word_1_154' title='bbox 2472 787 2597 827; x_wconf 90' lang='lat' dir='ltr'><strong>cum</strong></span> <span class='ocrx_word' id='word_1_155' title='bbox 2631 774 2905 843; x_wconf 86' lang='lat' dir='ltr'><strong>apostolis,</strong></span> <span class='ocrx_word' id='word_1_156' title='bbox 2933 776 3023 843; x_wconf 86' lang='lat' dir='ltr'><strong>qui</strong></span> <span class='ocrx_word' id='word_1_157' title='bbox 3048 790 3175 830; x_wconf 90' lang='lat' dir='ltr'><strong>vero</strong></span> <span class='ocrx_word' id='word_1_158' title='bbox 3211 775 3453 832; x_wconf 83' lang='lat' dir='ltr'><strong>facerent</strong></span> <span class='ocrx_word' id='word_1_159' title='bbox 3485 793 3547 834; x_wconf 85' lang='lat' dir='ltr'><strong>se</strong></span> 
     </span>
    </p>
   </div>
   <div class='ocr_carea' id='block_1_23' title="bbox 1975 862 3546 937">
    <p class='ocr_par' dir='ltr' id='par_1_23' title="bbox 1975 862 3546 937">
     <span class='ocr_line' id='line_1_23' title="bbox 1975 862 3546 937; baseline 0.005 -22"><span class='ocrx_word' id='word_1_160' title='bbox 1975 862 2221 931; x_wconf 89' lang='lat' dir='ltr'><strong>indignos</strong></span> <span class='ocrx_word' id='word_1_161' title='bbox 2256 863 2566 917; x_wconf 86' lang='lat' dir='ltr'><strong>recederent</strong></span> <span class='ocrx_word' id='word_1_162' title='bbox 2592 863 2745 916; x_wconf 83' lang='lat' dir='ltr'><strong>vacui</strong></span> <span class='ocrx_word' id='word_1_163' title='bbox 2776 877 2897 916; x_wconf 91' lang='lat' dir='ltr'><strong>cum</strong></span> <span class='ocrx_word' id='word_1_164' title='bbox 2925 864 3227 929; x_wconf 67' lang='lat' dir='ltr'><strong>Pharismis,</strong></span> <span class='ocrx_word' id='word_1_165' title='bbox 3261 867 3403 921; x_wconf 86' lang='lat' dir='ltr'><strong>sicut</strong></span> <span class='ocrx_word' id='word_1_166' title='bbox 3432 867 3546 937; x_wconf 79' lang='lat' dir='ltr'><strong>ipse</strong></span> 
     </span>
    </p>
   </div>
   <div class='ocr_carea' id='block_1_24' title="bbox 1974 938 3541 1022">
    <p class='ocr_par' dir='ltr' id='par_1_24' title="bbox 1974 938 3541 1022">
     <span class='ocr_line' id='line_1_24' title="bbox 1974 938 3541 1022; baseline 0.006 -17"><span class='ocrx_word' id='word_1_167' title='bbox 1974 951 2127 1005; x_wconf 82' lang='lat' dir='ltr'><strong>dixit.</strong></span> <span class='ocrx_word' id='word_1_168' title='bbox 2160 951 2242 1005; x_wconf 88' lang='lat' dir='ltr'><strong>Ne</strong></span> <span class='ocrx_word' id='word_1_169' title='bbox 2262 953 2478 1006; x_wconf 77' lang='lat' dir='ltr'><strong>mittatis</strong></span> <span class='ocrx_word' id='word_1_170' title='bbox 2506 953 2817 1022; x_wconf 78' lang='lat' dir='ltr'><strong>margaritas</strong></span> <span class='ocrx_word' id='word_1_171' title='bbox 2851 964 3064 1008; x_wconf 83' lang='lat' dir='ltr'><strong>vestras.</strong></span> <span class='ocrx_word' id='word_1_172' title='bbox 3093 954 3268 1011; x_wconf 90' lang='lat' dir='ltr'><strong>Simili</strong></span> <span class='ocrx_word' id='word_1_173' title='bbox 3300 938 3458 1013; x_wconf 87' lang='lat' dir='ltr'><strong>modo</strong></span> <span class='ocrx_word' id='word_1_174' title='bbox 3487 960 3541 1013; x_wconf 85' lang='lat' dir='ltr'><strong>in</strong></span> 
     </span>
    </p>
   </div>
   <div class='ocr_carea' id='block_1_25' title="bbox 1973 1040 3544 1112">
    <p class='ocr_par' dir='ltr' id='par_1_25' title="bbox 1973 1040 3544 1112">
     <span class='ocr_line' id='line_1_25' title="bbox 1973 1040 3544 1112; baseline 0.006 -18"><span class='ocrx_word' id='word_1_175' title='bbox 1973 1041 2076 1095; x_wconf 86' lang='lat' dir='ltr'><strong>hoc</strong></span> <span class='ocrx_word' id='word_1_176' title='bbox 2100 1040 2216 1095; x_wconf 89' lang='lat' dir='ltr'><strong>loco</strong></span> <span class='ocrx_word' id='word_1_177' title='bbox 2257 1042 2498 1111; x_wconf 67' lang='lat' dir='ltr'><strong>praecipit</strong></span> <span class='ocrx_word' id='word_1_178' title='bbox 2524 1058 2591 1097; x_wconf 92' lang='lat' dir='ltr'><strong>ne</strong></span> <span class='ocrx_word' id='word_1_179' title='bbox 2628 1043 2829 1112; x_wconf 89' lang='lat' dir='ltr'><strong>passim</strong></span> <span class='ocrx_word' id='word_1_180' title='bbox 2857 1058 2976 1097; x_wconf 93' lang='lat' dir='ltr'><strong>cum</strong></span> <span class='ocrx_word' id='word_1_181' title='bbox 3015 1044 3289 1100; x_wconf 88' lang='lat' dir='ltr'><strong>Christum</strong></span> <span class='ocrx_word' id='word_1_182' title='bbox 3335 1063 3544 1103; x_wconf 84' lang='lat' dir='ltr'><strong>annun-</strong></span> 
     </span>
    </p>
   </div>
   <div class='ocr_carea' id='block_1_26' title="bbox 1977 1116 3555 1197">
    <p class='ocr_par' dir='ltr' id='par_1_26' title="bbox 1977 1116 3555 1197">
     <span class='ocr_line' id='line_1_26' title="bbox 1977 1116 3555 1197; baseline 0.001 -12"><span class='ocrx_word' id='word_1_183' title='bbox 1977 1116 2193 1196; x_wconf 71' lang='lat' dir='ltr'><strong>tiarent,</strong></span> <span class='ocrx_word' id='word_1_184' title='bbox 2221 1147 2287 1187; x_wconf 92' lang='lat' dir='ltr'><strong>ne</strong></span> <span class='ocrx_word' id='word_1_185' title='bbox 2313 1131 2618 1187; x_wconf 69' lang='lat' dir='ltr'><strong>diii‘erretur</strong></span> <span class='ocrx_word' id='word_1_186' title='bbox 2644 1133 2846 1188; x_wconf 82' lang='lat' dir='ltr'><strong>utilitas</strong></span> <span class='ocrx_word' id='word_1_187' title='bbox 2871 1135 3067 1197; x_wconf 88' lang='lat' dir='ltr'><strong>crucis,</strong></span> <span class='ocrx_word' id='word_1_188' title='bbox 3100 1143 3156 1190; x_wconf 90' lang='lat' dir='ltr'><strong>et</strong></span> <span class='ocrx_word' id='word_1_189' title='bbox 3181 1137 3410 1192; x_wconf 90' lang='lat' dir='ltr'><strong>mundus</strong></span> <span class='ocrx_word' id='word_1_190' title='bbox 3434 1153 3555 1193; x_wconf 89' lang='lat' dir='ltr'><strong>non.</strong></span> 
     </span>
    </p>
   </div>
   <div class='ocr_carea' id='block_1_27' title="bbox 1974 1224 3543 1301">
    <p class='ocr_par' dir='ltr' id='par_1_27' title="bbox 1974 1224 3543 1301">
     <span class='ocr_line' id='line_1_27' title="bbox 1974 1224 3543 1301; baseline 0.006 -24"><span class='ocrx_word' id='word_1_191' title='bbox 1974 1225 2345 1281; x_wconf 83' lang='lat' dir='ltr'><strong>redimeretur.</strong></span> <span class='ocrx_word' id='word_1_192' title='bbox 2378 1224 2484 1279; x_wconf 88' lang='lat' dir='ltr'><strong>Seu</strong></span> <span class='ocrx_word' id='word_1_193' title='bbox 2516 1225 2618 1279; x_wconf 89' lang='lat' dir='ltr'><strong>alia</strong></span> <span class='ocrx_word' id='word_1_194' title='bbox 2649 1242 2809 1282; x_wconf 87' lang='lat' dir='ltr'><strong>causa</strong></span> <span class='ocrx_word' id='word_1_195' title='bbox 2853 1226 3101 1283; x_wconf 86' lang='lat' dir='ltr'><strong>Christus</strong></span> <span class='ocrx_word' id='word_1_196' title='bbox 3148 1245 3398 1301; x_wconf 87' lang='lat' dir='ltr'><strong>magnum</strong></span> <span class='ocrx_word' id='word_1_197' title='bbox 3448 1249 3543 1287; x_wconf 90' lang='lat' dir='ltr'><strong>no-</strong></span> 
     </span>
    </p>
   </div>
   <div class='ocr_carea' id='block_1_28' title="bbox 1973 1316 3542 1388">
    <p class='ocr_par' dir='ltr' id='par_1_28' title="bbox 1973 1316 3542 1388">
     <span class='ocr_line' id='line_1_28' title="bbox 1973 1316 3542 1388; baseline 0.006 -20"><span class='ocrx_word' id='word_1_198' title='bbox 1973 1331 2095 1372; x_wconf 86' lang='lat' dir='ltr'><strong>men</strong></span> <span class='ocrx_word' id='word_1_199' title='bbox 2124 1325 2239 1370; x_wconf 90' lang='lat' dir='ltr'><strong>erat</strong></span> <span class='ocrx_word' id='word_1_200' title='bbox 2267 1316 2319 1369; x_wconf 90' lang='lat' dir='ltr'><strong>in</strong></span> <span class='ocrx_word' id='word_1_201' title='bbox 2350 1316 2465 1385; x_wconf 89' lang='lat' dir='ltr'><strong>ipsa</strong></span> <span class='ocrx_word' id='word_1_202' title='bbox 2495 1324 2672 1386; x_wconf 83' lang='lat' dir='ltr'><strong>gente,</strong></span> <span class='ocrx_word' id='word_1_203' title='bbox 2702 1318 2838 1372; x_wconf 86' lang='lat' dir='ltr'><strong>sicut</strong></span> <span class='ocrx_word' id='word_1_204' title='bbox 2865 1320 3005 1388; x_wconf 88' lang='lat' dir='ltr'><strong>apud</strong></span> <span class='ocrx_word' id='word_1_205' title='bbox 3037 1336 3135 1374; x_wconf 92' lang='lat' dir='ltr'><strong>nos</strong></span> <span class='ocrx_word' id='word_1_206' title='bbox 3166 1330 3249 1375; x_wconf 89' lang='lat' dir='ltr'><strong>est</strong></span> <span class='ocrx_word' id='word_1_207' title='bbox 3285 1321 3463 1377; x_wconf 65' lang='lat' dir='ltr'><strong>Caesar</strong></span> <span class='ocrx_word' id='word_1_208' title='bbox 3486 1332 3542 1380; x_wconf 89' lang='lat' dir='ltr'><strong>et</strong></span> 
     </span>
    </p>
   </div>
   <div class='ocr_carea' id='block_1_29' title="bbox 1932 1405 3540 1479">
    <p class='ocr_par' dir='ltr' id='par_1_29' title="bbox 1932 1405 3540 1479">
     <span class='ocr_line' id='line_1_29' title="bbox 1932 1405 3540 1479; baseline 0.007 -21"><span class='ocrx_word' id='word_1_209' title='bbox 1932 1436 1939 1445; x_wconf 75' lang='grc' dir='ltr'><em>ι</em></span> <span class='ocrx_word' id='word_1_210' title='bbox 1971 1406 2259 1473; x_wconf 73' lang='lat' dir='ltr'><strong>Augustus.</strong></span> <span class='ocrx_word' id='word_1_211' title='bbox 2294 1405 2409 1460; x_wconf 86' lang='lat' dir='ltr'><strong>Non</strong></span> <span class='ocrx_word' id='word_1_212' title='bbox 2441 1407 2553 1460; x_wconf 89' lang='lat' dir='ltr'><strong>vult</strong></span> <span class='ocrx_word' id='word_1_213' title='bbox 2600 1423 2726 1479; x_wconf 87' lang='lat' dir='ltr'><strong>ergo</strong></span> <span class='ocrx_word' id='word_1_214' title='bbox 2770 1409 2978 1479; x_wconf 83' lang='lat' dir='ltr'><strong>publice</strong></span> <span class='ocrx_word' id='word_1_215' title='bbox 3008 1410 3134 1464; x_wconf 81' lang='lat' dir='ltr'><strong>illud</strong></span> <span class='ocrx_word' id='word_1_216' title='bbox 3165 1428 3360 1467; x_wconf 87' lang='lat' dir='ltr'><strong>nomen</strong></span> <span class='ocrx_word' id='word_1_217' title='bbox 3387 1414 3453 1468; x_wconf 87' lang='lat' dir='ltr'><strong>de</strong></span> <span class='ocrx_word' id='word_1_218' title='bbox 3481 1430 3540 1469; x_wconf 89' lang='lat' dir='ltr'><strong>se</strong></span> 
     </span>
    </p>
   </div>
   <div class='ocr_carea' id='block_1_30' title="bbox 1971 1498 3541 1577">
    <p class='ocr_par' dir='ltr' id='par_1_30' title="bbox 1971 1498 3541 1577">
     <span class='ocr_line' id='line_1_30' title="bbox 1971 1498 3541 1577; baseline 0.008 -28"><span class='ocrx_word' id='word_1_219' title='bbox 1971 1498 2248 1565; x_wconf 65' lang='lat' dir='ltr'><strong>prtedicari</strong></span> <span class='ocrx_word' id='word_1_220' title='bbox 2266 1512 2334 1552; x_wconf 90' lang='lat' dir='ltr'><strong>ne</strong></span> <span class='ocrx_word' id='word_1_221' title='bbox 2355 1498 2664 1553; x_wconf 83' lang='lat' dir='ltr'><strong>scandalum</strong></span> <span class='ocrx_word' id='word_1_222' title='bbox 2688 1498 2886 1556; x_wconf 75' lang='lat' dir='ltr'><strong>Judacis</strong></span> <span class='ocrx_word' id='word_1_223' title='bbox 2911 1502 3080 1563; x_wconf 77' lang='lat' dir='ltr'><strong>fieret,</strong></span> <span class='ocrx_word' id='word_1_224' title='bbox 3097 1505 3238 1571; x_wconf 87' lang='lat' dir='ltr'><strong>quod</strong></span> <span class='ocrx_word' id='word_1_225' title='bbox 3262 1516 3541 1577; x_wconf 86' lang='lat' dir='ltr'><strong>arrogaret</strong></span> 
     </span>
    </p>
   </div>
   <div class='ocr_carea' id='block_1_31' title="bbox 1970 1588 3540 1663">
    <p class='ocr_par' dir='ltr' id='par_1_31' title="bbox 1970 1588 3540 1663">
     <span class='ocr_line' id='line_1_31' title="bbox 1970 1588 3540 1663; baseline 0.006 -20"><span class='ocrx_word' id='word_1_226' title='bbox 1970 1588 2071 1643; x_wconf 78' lang='lat' dir='ltr'><strong>sibi</strong></span> <span class='ocrx_word' id='word_1_227' title='bbox 2102 1590 2302 1658; x_wconf 87' lang='lat' dir='ltr'><strong>regiam</strong></span> <span class='ocrx_word' id='word_1_228' title='bbox 2328 1598 2666 1659; x_wconf 84' lang='lat' dir='ltr'><strong>potestatem.</strong></span> <span class='ocrx_word' id='word_1_229' title='bbox 2701 1592 2853 1646; x_wconf 89' lang='lat' dir='ltr'><strong>Unde</strong></span> <span class='ocrx_word' id='word_1_230' title='bbox 2886 1602 3069 1663; x_wconf 86' lang='lat' dir='ltr'><strong>postea</strong></span> <span class='ocrx_word' id='word_1_231' title='bbox 3104 1592 3269 1649; x_wconf 75' lang='lat' dir='ltr'><strong>Judaei</strong></span> <span class='ocrx_word' id='word_1_232' title='bbox 3298 1611 3419 1651; x_wconf 91' lang='lat' dir='ltr'><strong>eum</strong></span> <span class='ocrx_word' id='word_1_233' title='bbox 3450 1614 3540 1653; x_wconf 90' lang='lat' dir='ltr'><strong>ac-</strong></span> 
     </span>
    </p>
   </div>
   <div class='ocr_carea' id='block_1_32' title="bbox 1968 1680 3538 1749">
    <p class='ocr_par' dir='ltr' id='par_1_32' title="bbox 1968 1680 3538 1749">
     <span class='ocr_line' id='line_1_32' title="bbox 1968 1680 3538 1749; baseline 0.006 -17"><span class='ocrx_word' id='word_1_234' title='bbox 1968 1691 2292 1733; x_wconf 79' lang='lat' dir='ltr'><strong>cusaverunt</strong></span> <span class='ocrx_word' id='word_1_235' title='bbox 2321 1680 2459 1749; x_wconf 91' lang='lat' dir='ltr'><strong>apud</strong></span> <span class='ocrx_word' id='word_1_236' title='bbox 2488 1681 2741 1745; x_wconf 84' lang='lat' dir='ltr'><strong>Pilatum,</strong></span> <span class='ocrx_word' id='word_1_237' title='bbox 2786 1692 2841 1736; x_wconf 91' lang='lat' dir='ltr'><strong>et</strong></span> <span class='ocrx_word' id='word_1_238' title='bbox 2870 1691 3046 1737; x_wconf 86' lang='lat' dir='ltr'><strong>tamen</strong></span> <span class='ocrx_word' id='word_1_239' title='bbox 3095 1682 3295 1740; x_wconf 88' lang='lat' dir='ltr'><strong>Pilatus</strong></span> <span class='ocrx_word' id='word_1_240' title='bbox 3337 1687 3538 1743; x_wconf 76' lang='lat' dir='ltr'><strong>inVitus</strong></span> 
     </span>
    </p>
   </div>
   <div class='ocr_carea' id='block_1_33' title="bbox 301 1769 3532 1851">
    <p class='ocr_par' dir='ltr' id='par_1_33' title="bbox 301 1769 3532 1851">
     <span class='ocr_line' id='line_1_33' title="bbox 301 1769 3532 1851; baseline 0.002 -24"><span class='ocrx_word' id='word_1_241' title='bbox 301 1784 453 1838; x_wconf 67' lang='lat' dir='ltr'><strong>ribus</strong></span> <span class='ocrx_word' id='word_1_242' title='bbox 477 1796 661 1837; x_wconf 75' lang='grc' dir='ltr'><strong>θοι-ωτι</strong></span> <span class='ocrx_word' id='word_1_243' title='bbox 702 1782 795 1851; x_wconf 75' lang='lat' dir='ltr'><strong>qui</strong></span> <span class='ocrx_word' id='word_1_244' title='bbox 842 1781 897 1835; x_wconf 78' lang='lat' dir='ltr'><strong>in</strong></span> <span class='ocrx_word' id='word_1_245' title='bbox 940 1779 1179 1835; x_wconf 76' lang='lat' dir='ltr'><strong>Ecclesia</strong></span> <span class='ocrx_word' id='word_1_246' title='bbox 1207 1781 1451 1834; x_wconf 73' lang='lat' dir='ltr'><strong>eumdem</strong></span> <span class='ocrx_word' id='word_1_247' title='bbox 1480 1778 1654 1834; x_wconf 79' lang='lat' dir='ltr'><strong>locum</strong></span> <span class='ocrx_word' id='word_1_248' title='bbox 1687 1787 1869 1833; x_wconf 61' lang='lat' dir='ltr'><strong>tenent</strong></span> <span class='ocrx_word' id='word_1_249' title='bbox 1896 1776 1943 1834; x_wconf 86' lang='lat' dir='ltr'><strong>B</strong></span> <span class='ocrx_word' id='word_1_250' title='bbox 1969 1769 2254 1824; x_wconf 88' lang='lat' dir='ltr'><strong>scribendo</strong></span> <span class='ocrx_word' id='word_1_251' title='bbox 2300 1771 2637 1825; x_wconf 79' lang='lat' dir='ltr'><strong>confirmavit</strong></span> <span class='ocrx_word' id='word_1_252' title='bbox 2687 1774 2828 1842; x_wconf 88' lang='lat' dir='ltr'><strong>quod</strong></span> <span class='ocrx_word' id='word_1_253' title='bbox 2878 1788 2972 1828; x_wconf 80' lang='lat' dir='ltr'><strong>rex</strong></span> <span class='ocrx_word' id='word_1_254' title='bbox 3020 1782 3163 1828; x_wconf 84' lang='lat' dir='ltr'><strong>esset</strong></span> <span class='ocrx_word' id='word_1_255' title='bbox 3205 1773 3532 1832; x_wconf 70' lang='lat' dir='ltr'><strong>Iudaeorum.</strong></span> 
     </span>
    </p>
   </div>
   <div class='ocr_carea' id='block_1_34' title="bbox 299 1871 1869 1941">
    <p class='ocr_par' dir='ltr' id='par_1_34' title="bbox 299 1871 1869 1941">
     <span class='ocr_line' id='line_1_34' title="bbox 299 1871 1869 1941; baseline -0.003 -13"><span class='ocrx_word' id='word_1_256' title='bbox 299 1884 449 1929; x_wconf 89' lang='lat' dir='ltr'><strong>recte</strong></span> <span class='ocrx_word' id='word_1_257' title='bbox 474 1874 742 1929; x_wconf 87' lang='lat' dir='ltr'><strong>credimus</strong></span> <span class='ocrx_word' id='word_1_258' title='bbox 764 1888 1098 1935; x_wconf 88' lang='lat' dir='ltr'><strong>concessum,</strong></span> <span class='ocrx_word' id='word_1_259' title='bbox 1124 1872 1247 1941; x_wconf 86' lang='lat' dir='ltr'><strong>quia</strong></span> <span class='ocrx_word' id='word_1_260' title='bbox 1278 1872 1388 1940; x_wconf 90' lang='lat' dir='ltr'><strong>ipse</strong></span> <span class='ocrx_word' id='word_1_261' title='bbox 1420 1880 1542 1941; x_wconf 90' lang='lat' dir='ltr'><strong>post</strong></span> <span class='ocrx_word' id='word_1_262' title='bbox 1566 1871 1869 1937; x_wconf 85' lang='lat' dir='ltr'><strong>passionem</strong></span> 
     </span>
    </p>
   </div>
   <div class='ocr_carea' id='block_1_35' title="bbox 297 1962 1872 2045">
    <p class='ocr_par' dir='ltr' id='par_1_35' title="bbox 297 1962 1872 2045">
     <span class='ocr_line' id='line_1_35' title="bbox 297 1962 1872 2045; baseline -0.001 -27"><span class='ocrx_word' id='word_1_263' title='bbox 297 1978 562 2035; x_wconf 85' lang='lat' dir='ltr'><strong>apparens</strong></span> <span class='ocrx_word' id='word_1_264' title='bbox 587 1964 687 2028; x_wconf 90' lang='lat' dir='ltr'><strong>eis,</strong></span> <span class='ocrx_word' id='word_1_265' title='bbox 714 1964 851 2018; x_wconf 80' lang='lat' dir='ltr'><strong>dixit</strong></span> <span class='ocrx_word' id='word_1_266' title='bbox 876 1982 888 2017; x_wconf 91' lang='lat'><strong>:</strong></span> <span class='ocrx_word' id='word_1_267' title='bbox 912 1963 1140 2045; x_wconf 40' lang='lat' dir='ltr'><strong>.Accipite</strong></span> <span class='ocrx_word' id='word_1_268' title='bbox 1166 1962 1418 2033; x_wconf 80' lang='lat' dir='ltr'><strong>Spiritum</strong></span> <span class='ocrx_word' id='word_1_269' title='bbox 1451 1972 1721 2026; x_wconf 79' lang='lat' dir='ltr'><strong>sanctum;</strong></span> <span class='ocrx_word' id='word_1_270' title='bbox 1744 1980 1872 2033; x_wconf 83' lang='lat' dir='ltr'><strong>quo-</strong></span> 
     </span>
    </p>
   </div>
   <div class='ocr_carea' id='block_1_36' title="bbox 298 2044 1865 2126">
    <p class='ocr_par' dir='ltr' id='par_1_36' title="bbox 298 2044 1865 2126">
     <span class='ocr_line' id='line_1_36' title="bbox 298 2044 1865 2126; baseline 0.001 -17"><span class='ocrx_word' id='word_1_271' title='bbox 298 2073 415 2111; x_wconf 87' lang='lat' dir='ltr'><strong>rum</strong></span> <span class='ocrx_word' id='word_1_272' title='bbox 465 2058 761 2113; x_wconf 87' lang='lat' dir='ltr'><strong>remiseritis</strong></span> <span class='ocrx_word' id='word_1_273' title='bbox 796 2044 1026 2126; x_wconf 87' lang='lat' dir='ltr'><strong>peccata,</strong></span> <span class='ocrx_word' id='word_1_274' title='bbox 1077 2057 1408 2109; x_wconf 88' lang='lat' dir='ltr'><strong>remittuntur</strong></span> <span class='ocrx_word' id='word_1_275' title='bbox 1431 2057 1536 2119; x_wconf 87' lang='lat' dir='ltr'><strong>eis;</strong></span> <span class='ocrx_word' id='word_1_276' title='bbox 1569 2065 1615 2109; x_wconf 89' lang='lat' dir='ltr'><strong>et</strong></span> <span class='ocrx_word' id='word_1_277' title='bbox 1649 2044 1865 2126; x_wconf 79' lang='lat' dir='ltr'><strong>quorum</strong></span> 
     </span>
    </p>
   </div>
   <div class='ocr_carea' id='block_1_37' title="bbox 299 2144 1867 2215">
    <p class='ocr_par' dir='ltr' id='par_1_37' title="bbox 299 2144 1867 2215">
     <span class='ocr_line' id='line_1_37' title="bbox 299 2144 1867 2215; baseline 0 -16"><span class='ocrx_word' id='word_1_278' title='bbox 299 2148 634 2212; x_wconf 82' lang='lat' dir='ltr'><strong>retinueritis,</strong></span> <span class='ocrx_word' id='word_1_279' title='bbox 665 2155 863 2201; x_wconf 85' lang='lat' dir='ltr'><strong>retenta</strong></span> <span class='ocrx_word' id='word_1_280' title='bbox 890 2155 1034 2209; x_wconf 86' lang='lat' dir='ltr'><strong>sunt,</strong></span> <span class='ocrx_word' id='word_1_281' title='bbox 1056 2153 1115 2199; x_wconf 89' lang='lat' dir='ltr'><strong>ut</strong></span> <span class='ocrx_word' id='word_1_282' title='bbox 1136 2144 1385 2199; x_wconf 81' lang='lat' dir='ltr'><strong>videlicet</strong></span> <span class='ocrx_word' id='word_1_283' title='bbox 1413 2160 1535 2199; x_wconf 90' lang='lat' dir='ltr'><strong>cum</strong></span> <span class='ocrx_word' id='word_1_284' title='bbox 1558 2146 1867 2215; x_wconf 80' lang='lat' dir='ltr'><strong>agnoverint</strong></span> 
     </span>
    </p>
   </div>
   <div class='ocr_carea' id='block_1_38' title="bbox 295 2236 1868 2311">
    <p class='ocr_par' dir='ltr' id='par_1_38' title="bbox 295 2236 1868 2311">
     <span class='ocr_line' id='line_1_38' title="bbox 295 2236 1868 2311; baseline -0.001 -19"><span class='ocrx_word' id='word_1_285' title='bbox 295 2254 491 2293; x_wconf 89' lang='lat' dir='ltr'><strong>causas</strong></span> <span class='ocrx_word' id='word_1_286' title='bbox 533 2238 871 2308; x_wconf 88' lang='lat' dir='ltr'><strong>peccantium</strong></span> <span class='ocrx_word' id='word_1_287' title='bbox 909 2251 1044 2305; x_wconf 89' lang='lat' dir='ltr'><strong>quos</strong></span> <span class='ocrx_word' id='word_1_288' title='bbox 1073 2236 1423 2305; x_wconf 84' lang='lat' dir='ltr'><strong>cognoverint</strong></span> <span class='ocrx_word' id='word_1_289' title='bbox 1450 2250 1576 2290; x_wconf 88' lang='lat' dir='ltr'><strong>vere</strong></span> <span class='ocrx_word' id='word_1_290' title='bbox 1603 2236 1868 2311; x_wconf 76' lang='lat' dir='ltr'><strong>pteniten-</strong></span> 
     </span>
    </p>
   </div>
   <div class='ocr_carea' id='block_1_39' title="bbox 295 2321 1867 2394">
    <p class='ocr_par' dir='ltr' id='par_1_39' title="bbox 295 2321 1867 2394">
     <span class='ocr_line' id='line_1_39' title="bbox 295 2321 1867 2394; baseline -0.001 -16"><span class='ocrx_word' id='word_1_291' title='bbox 295 2326 429 2379; x_wconf 88' lang='lat' dir='ltr'><strong>tiam</strong></span> <span class='ocrx_word' id='word_1_292' title='bbox 470 2339 648 2394; x_wconf 89' lang='lat' dir='ltr'><strong>agere,</strong></span> <span class='ocrx_word' id='word_1_293' title='bbox 679 2332 734 2378; x_wconf 90' lang='lat' dir='ltr'><strong>et</strong></span> <span class='ocrx_word' id='word_1_294' title='bbox 764 2322 903 2377; x_wconf 91' lang='lat' dir='ltr'><strong>nolle</strong></span> <span class='ocrx_word' id='word_1_295' title='bbox 928 2321 1068 2375; x_wconf 91' lang='lat' dir='ltr'><strong>ultra</strong></span> <span class='ocrx_word' id='word_1_296' title='bbox 1101 2321 1295 2375; x_wconf 87' lang='lat' dir='ltr'><strong>reverti</strong></span> <span class='ocrx_word' id='word_1_297' title='bbox 1337 2322 1403 2375; x_wconf 87' lang='lat' dir='ltr'><strong>ad</strong></span> <span class='ocrx_word' id='word_1_298' title='bbox 1446 2322 1703 2377; x_wconf 87' lang='lat' dir='ltr'><strong>vomitum</strong></span> <span class='ocrx_word' id='word_1_299' title='bbox 1744 2338 1867 2393; x_wconf 89' lang='lat' dir='ltr'><strong>pec-</strong></span> 
     </span>
    </p>
   </div>
   <div class='ocr_carea' id='block_1_40' title="bbox 293 2410 1868 2479">
    <p class='ocr_par' dir='ltr' id='par_1_40' title="bbox 293 2410 1868 2479">
     <span class='ocr_line' id='line_1_40' title="bbox 293 2410 1868 2479; baseline -0.002 -9"><span class='ocrx_word' id='word_1_300' title='bbox 293 2416 435 2479; x_wconf 87' lang='lat' dir='ltr'><strong>cati,</strong></span> <span class='ocrx_word' id='word_1_301' title='bbox 486 2414 603 2469; x_wconf 91' lang='lat' dir='ltr'><strong>illos</strong></span> <span class='ocrx_word' id='word_1_302' title='bbox 654 2412 927 2468; x_wconf 86' lang='lat' dir='ltr'><strong>absolvere</strong></span> <span class='ocrx_word' id='word_1_303' title='bbox 974 2412 1160 2479; x_wconf 77' lang='lat' dir='ltr'><strong>dignos</strong></span> <span class='ocrx_word' id='word_1_304' title='bbox 1203 2410 1464 2479; x_wconf 84' lang='lat' dir='ltr'><strong>judicent,</strong></span> <span class='ocrx_word' id='word_1_305' title='bbox 1506 2420 1561 2466; x_wconf 82' lang='lat' dir='ltr'><strong>et</strong></span> <span class='ocrx_word' id='word_1_306' title='bbox 1603 2427 1632 2466; x_wconf 89' lang='lat' dir='ltr'><strong>a</strong></span> <span class='ocrx_word' id='word_1_307' title='bbox 1676 2412 1868 2477; x_wconf 79' lang='lat' dir='ltr'><strong>timore</strong></span> 
     </span>
    </p>
   </div>
   <div class='ocr_carea' id='block_1_41' title="bbox 296 2485 1866 2574">
    <p class='ocr_par' dir='ltr' id='par_1_41' title="bbox 296 2485 1866 2574">
     <span class='ocr_line' id='line_1_41' title="bbox 296 2485 1866 2574; baseline 0 -14"><span class='ocrx_word' id='word_1_308' title='bbox 296 2506 486 2560; x_wconf 84' lang='lat' dir='ltr'><strong>mortis</strong></span> <span class='ocrx_word' id='word_1_309' title='bbox 513 2512 786 2574; x_wconf 71' lang='lat' dir='ltr'><strong>perpetuae</strong></span> <span class='ocrx_word' id='word_1_310' title='bbox 824 2485 1188 2558; x_wconf 71' lang='lat' dir='ltr'><strong>consolentur.</strong></span> <span class='ocrx_word' id='word_1_311' title='bbox 1216 2500 1361 2567; x_wconf 87' lang='lat' dir='ltr'><strong>Quos</strong></span> <span class='ocrx_word' id='word_1_312' title='bbox 1388 2519 1516 2557; x_wconf 88' lang='lat' dir='ltr'><strong>vero</strong></span> <span class='ocrx_word' id='word_1_313' title='bbox 1547 2504 1598 2557; x_wconf 89' lang='lat' dir='ltr'><strong>in</strong></span> <span class='ocrx_word' id='word_1_314' title='bbox 1633 2507 1866 2573; x_wconf 88' lang='lat' dir='ltr'><strong>peccatis</strong></span> 
     </span>
    </p>
   </div>
   <div class='ocr_carea' id='block_1_42' title="bbox 293 2592 1867 2665">
    <p class='ocr_par' dir='ltr' id='par_1_42' title="bbox 293 2592 1867 2665">
     <span class='ocr_line' id='line_1_42' title="bbox 293 2592 1867 2665; baseline 0.001 -16"><span class='ocrx_word' id='word_1_315' title='bbox 293 2594 665 2650; x_wconf 89' lang='lat' dir='ltr'><strong>criminalibus</strong></span> <span class='ocrx_word' id='word_1_316' title='bbox 701 2594 866 2648; x_wconf 89' lang='lat' dir='ltr'><strong>vitam</strong></span> <span class='ocrx_word' id='word_1_317' title='bbox 918 2593 1075 2648; x_wconf 79' lang='lat' dir='ltr'><strong>linire</strong></span> <span class='ocrx_word' id='word_1_318' title='bbox 1118 2592 1379 2656; x_wconf 88' lang='lat' dir='ltr'><strong>viderint,</strong></span> <span class='ocrx_word' id='word_1_319' title='bbox 1431 2594 1549 2649; x_wconf 90' lang='lat' dir='ltr'><strong>illos</strong></span> <span class='ocrx_word' id='word_1_320' title='bbox 1596 2595 1867 2665; x_wconf 87' lang='lat' dir='ltr'><strong>perpetuis</strong></span> 
     </span>
    </p>
   </div>
   <div class='ocr_carea' id='block_1_43' title="bbox 294 2678 1866 2758">
    <p class='ocr_par' dir='ltr' id='par_1_43' title="bbox 294 2678 1866 2758">
     <span class='ocr_line' id='line_1_43' title="bbox 294 2678 1866 2758; baseline 0.001 -16"><span class='ocrx_word' id='word_1_321' title='bbox 294 2687 572 2757; x_wconf 84' lang='lat' dir='ltr'><strong>suppliciis</strong></span> <span class='ocrx_word' id='word_1_322' title='bbox 608 2687 898 2742; x_wconf 86' lang='lat' dir='ltr'><strong>tradendos</strong></span> <span class='ocrx_word' id='word_1_323' title='bbox 926 2678 1217 2749; x_wconf 73' lang='lat' dir='ltr'><strong>insinuent,</strong></span> <span class='ocrx_word' id='word_1_324' title='bbox 1262 2688 1402 2743; x_wconf 87' lang='lat' dir='ltr'><strong>sicut</strong></span> <span class='ocrx_word' id='word_1_325' title='bbox 1451 2688 1563 2758; x_wconf 90' lang='lat' dir='ltr'><strong>ipse</strong></span> <span class='ocrx_word' id='word_1_326' title='bbox 1607 2689 1866 2745; x_wconf 90' lang='lat' dir='ltr'><strong>Dominus</strong></span> 
     </span>
    </p>
   </div>
   <div class='ocr_carea' id='block_1_44' title="bbox 293 2776 1865 2838">
    <p class='ocr_par' dir='ltr' id='par_1_44' title="bbox 293 2776 1865 2838">
     <span class='ocr_line' id='line_1_44' title="bbox 293 2776 1865 2838; baseline 0 -6"><span class='ocrx_word' id='word_1_327' title='bbox 293 2777 534 2832; x_wconf 86' lang='lat' dir='ltr'><strong>insinuat</strong></span> <span class='ocrx_word' id='word_1_328' title='bbox 561 2778 744 2832; x_wconf 88' lang='lat' dir='ltr'><strong>dicens</strong></span> <span class='ocrx_word' id='word_1_329' title='bbox 779 2796 792 2831; x_wconf 90' lang='lat'><strong>:</strong></span> <span class='ocrx_word' id='word_1_330' title='bbox 823 2776 881 2833; x_wconf 92' lang='lat' dir='ltr'><strong>Si</strong></span> <span class='ocrx_word' id='word_1_331' title='bbox 927 2777 1213 2831; x_wconf 80' lang='lat' dir='ltr'><strong>Ecclesium</strong></span> <span class='ocrx_word' id='word_1_332' title='bbox 1243 2795 1344 2831; x_wconf 87' lang='lat' dir='ltr'><strong>non</strong></span> <span class='ocrx_word' id='word_1_333' title='bbox 1387 2779 1629 2838; x_wconf 84' lang='lat' dir='ltr'><strong>audierit,</strong></span> <span class='ocrx_word' id='word_1_334' title='bbox 1665 2782 1731 2833; x_wconf 88' lang='lat' dir='ltr'><strong>sit</strong></span> <span class='ocrx_word' id='word_1_335' title='bbox 1769 2780 1865 2834; x_wconf 87' lang='lat' dir='ltr'><strong>tibi</strong></span> 
     </span>
    </p>
   </div>
   <div class='ocr_carea' id='block_1_45' title="bbox 290 2866 1865 2935">
    <p class='ocr_par' dir='ltr' id='par_1_45' title="bbox 290 2866 1865 2935">
     <span class='ocr_line' id='line_1_45' title="bbox 290 2866 1865 2935; baseline 0 -14"><span class='ocrx_word' id='word_1_336' title='bbox 290 2870 428 2922; x_wconf 83' lang='lat' dir='ltr'><strong>sicut</strong></span> <span class='ocrx_word' id='word_1_337' title='bbox 478 2868 710 2921; x_wconf 83' lang='lat' dir='ltr'><strong>ethnicus</strong></span> <span class='ocrx_word' id='word_1_338' title='bbox 758 2876 808 2920; x_wconf 91' lang='lat' dir='ltr'><strong>et</strong></span> <span class='ocrx_word' id='word_1_339' title='bbox 851 2866 1176 2935; x_wconf 88' lang='lat' dir='ltr'><strong>publicanus.</strong></span> <span class='ocrx_word' id='word_1_340' title='bbox 1225 2866 1530 2921; x_wconf 87' lang='lat' dir='ltr'><strong>Similitudo</strong></span> <span class='ocrx_word' id='word_1_341' title='bbox 1587 2868 1746 2922; x_wconf 89' lang='lat' dir='ltr'><strong>datur</strong></span> <span class='ocrx_word' id='word_1_342' title='bbox 1800 2869 1865 2921; x_wconf 85' lang='lat' dir='ltr'><strong>de</strong></span> 
     </span>
    </p>
   </div>
   <div class='ocr_carea' id='block_1_46' title="bbox 291 2957 1866 3029">
    <p class='ocr_par' dir='ltr' id='par_1_46' title="bbox 291 2957 1866 3029">
     <span class='ocr_line' id='line_1_46' title="bbox 291 2957 1866 3029; baseline -0.001 -14"><span class='ocrx_word' id='word_1_343' title='bbox 291 2958 524 3029; x_wconf 79' lang='lat' dir='ltr'><strong>leprosis</strong></span> <span class='ocrx_word' id='word_1_344' title='bbox 553 2959 604 3013; x_wconf 92' lang='lat' dir='ltr'><strong>in</strong></span> <span class='ocrx_word' id='word_1_345' title='bbox 633 2957 889 3022; x_wconf 89' lang='lat' dir='ltr'><strong>Levitico,</strong></span> <span class='ocrx_word' id='word_1_346' title='bbox 920 2957 1061 3027; x_wconf 89' lang='lat' dir='ltr'><strong>quod</strong></span> <span class='ocrx_word' id='word_1_347' title='bbox 1107 2958 1246 3013; x_wconf 90' lang='lat' dir='ltr'><strong>sicut</strong></span> <span class='ocrx_word' id='word_1_348' title='bbox 1290 2958 1551 3013; x_wconf 86' lang='lat' dir='ltr'><strong>sacerdos</strong></span> <span class='ocrx_word' id='word_1_349' title='bbox 1576 2957 1866 3024; x_wconf 86' lang='lat' dir='ltr'><strong>jubebatur</strong></span> 
     </span>
    </p>
   </div>
   <div class='ocr_carea' id='block_1_47' title="bbox 292 3047 1861 3118">
    <p class='ocr_par' dir='ltr' id='par_1_47' title="bbox 292 3047 1861 3118">
     <span class='ocr_line' id='line_1_47' title="bbox 292 3047 1861 3118; baseline 0.001 -14"><span class='ocrx_word' id='word_1_350' title='bbox 292 3049 646 3105; x_wconf 87' lang='lat' dir='ltr'><strong>considerare</strong></span> <span class='ocrx_word' id='word_1_351' title='bbox 691 3048 980 3118; x_wconf 89' lang='lat' dir='ltr'><strong>leprosum,</strong></span> <span class='ocrx_word' id='word_1_352' title='bbox 1017 3050 1075 3103; x_wconf 85' lang='lat' dir='ltr'><strong>ut</strong></span> <span class='ocrx_word' id='word_1_353' title='bbox 1121 3050 1186 3102; x_wconf 89' lang='lat' dir='ltr'><strong>ad</strong></span> <span class='ocrx_word' id='word_1_354' title='bbox 1220 3048 1499 3102; x_wconf 84' lang='lat' dir='ltr'><strong>arbitrium</strong></span> <span class='ocrx_word' id='word_1_355' title='bbox 1533 3047 1646 3116; x_wconf 86' lang='lat' dir='ltr'><strong>ejus</strong></span> <span class='ocrx_word' id='word_1_356' title='bbox 1679 3051 1861 3104; x_wconf 85' lang='lat' dir='ltr'><strong>decer-</strong></span> 
     </span>
    </p>
   </div>
   <div class='ocr_carea' id='block_1_48' title="bbox 1972 1859 3538 1933">
    <p class='ocr_par' dir='ltr' id='par_1_48' title="bbox 1972 1859 3538 1933">
     <span class='ocr_line' id='line_1_48' title="bbox 1972 1859 3538 1933; baseline 0.009 -22"><span class='ocrx_word' id='word_1_357' title='bbox 1972 1859 2122 1925; x_wconf 88' lang='lat' dir='ltr'><strong>Quod</strong></span> <span class='ocrx_word' id='word_1_358' title='bbox 2147 1859 2480 1930; x_wconf 77' lang='lat' dir='ltr'><strong>intelligitur,</strong></span> <span class='ocrx_word' id='word_1_359' title='bbox 2505 1862 2630 1930; x_wconf 89' lang='lat' dir='ltr'><strong>quia</strong></span> <span class='ocrx_word' id='word_1_360' title='bbox 2658 1863 2736 1917; x_wconf 90' lang='lat' dir='ltr'><strong>sic</strong></span> <span class='ocrx_word' id='word_1_361' title='bbox 2757 1878 2909 1933; x_wconf 82' lang='lat' dir='ltr'><strong>reges</strong></span> <span class='ocrx_word' id='word_1_362' title='bbox 2937 1866 3266 1920; x_wconf 87' lang='lat' dir='ltr'><strong>vocabantur</strong></span> <span class='ocrx_word' id='word_1_363' title='bbox 3291 1868 3538 1925; x_wconf 87' lang='lat' dir='ltr'><strong>videlicet</strong></span> 
     </span>
    </p>
   </div>
   <div class='ocr_carea' id='block_1_49' title="bbox 1970 1948 3531 2029">
    <p class='ocr_par' dir='ltr' id='par_1_49' title="bbox 1970 1948 3531 2029">
     <span class='ocr_line' id='line_1_49' title="bbox 1970 1948 3531 2029; baseline 0.007 -26"><span class='ocrx_word' id='word_1_364' title='bbox 1970 1948 2192 2012; x_wconf 73' lang='lat' dir='ltr'><strong>Christi,</strong></span> <span class='ocrx_word' id='word_1_365' title='bbox 2220 1958 2276 2004; x_wconf 91' lang='lat' dir='ltr'><strong>ct</strong></span> <span class='ocrx_word' id='word_1_366' title='bbox 2297 1952 2598 2020; x_wconf 78' lang='lat' dir='ltr'><strong>exemplum</strong></span> <span class='ocrx_word' id='word_1_367' title='bbox 2631 1951 2779 2007; x_wconf 88' lang='lat' dir='ltr'><strong>dedit</strong></span> <span class='ocrx_word' id='word_1_368' title='bbox 2803 1953 2935 2018; x_wconf 88' lang='lat' dir='ltr'><strong>suis,</strong></span> <span class='ocrx_word' id='word_1_369' title='bbox 2971 1970 3039 2010; x_wconf 91' lang='lat' dir='ltr'><strong>ne</strong></span> <span class='ocrx_word' id='word_1_370' title='bbox 3077 1966 3320 2026; x_wconf 83' lang='lat' dir='ltr'><strong>quaerant</strong></span> <span class='ocrx_word' id='word_1_371' title='bbox 3355 1961 3531 2029; x_wconf 81' lang='lat' dir='ltr'><strong>magni</strong></span> 
     </span>
    </p>
   </div>
   <div class='ocr_carea' id='block_1_50' title="bbox 1969 2040 3541 2119">
    <p class='ocr_par' dir='ltr' id='par_1_50' title="bbox 1969 2040 3541 2119">
     <span class='ocr_line' id='line_1_50' title="bbox 1969 2040 3541 2119; baseline 0.006 -25"><span class='ocrx_word' id='word_1_372' title='bbox 1969 2040 2074 2094; x_wconf 84' lang='lat' dir='ltr'><strong>diei</strong></span> <span class='ocrx_word' id='word_1_373' title='bbox 2103 2040 2157 2094; x_wconf 93' lang='lat' dir='ltr'><strong>in</strong></span> <span class='ocrx_word' id='word_1_374' title='bbox 2192 2042 2417 2111; x_wconf 72' lang='lat' dir='ltr'><strong>populis;</strong></span> <span class='ocrx_word' id='word_1_375' title='bbox 2448 2042 2564 2098; x_wconf 87' lang='lat' dir='ltr'><strong>Non</strong></span> <span class='ocrx_word' id='word_1_376' title='bbox 2592 2051 2673 2098; x_wconf 88' lang='lat' dir='ltr'><strong>est</strong></span> <span class='ocrx_word' id='word_1_377' title='bbox 2716 2052 2892 2098; x_wconf 88' lang='lat' dir='ltr'><strong>autem</strong></span> <span class='ocrx_word' id='word_1_378' title='bbox 2928 2044 3226 2103; x_wconf 88' lang='lat' dir='ltr'><strong>Salvatoris</strong></span> <span class='ocrx_word' id='word_1_379' title='bbox 3259 2049 3541 2119; x_wconf 89' lang='lat' dir='ltr'><strong>proprium.</strong></span> 
     </span>
    </p>
   </div>
   <div class='ocr_carea' id='block_1_51' title="bbox 1967 2122 3535 2211">
    <p class='ocr_par' dir='ltr' id='par_1_51' title="bbox 1967 2122 3535 2211">
     <span class='ocr_line' id='line_1_51' title="bbox 1967 2122 3535 2211; baseline 0.006 -25"><span class='ocrx_word' id='word_1_380' title='bbox 1967 2147 2161 2187; x_wconf 85' lang='lat' dir='ltr'><strong>nomen</strong></span> <span class='ocrx_word' id='word_1_381' title='bbox 2191 2122 2458 2197; x_wconf 64' lang='lat' dir='ltr'><strong>Christus&#39;,</strong></span> <span class='ocrx_word' id='word_1_382' title='bbox 2506 2135 2596 2190; x_wconf 86' lang='lat' dir='ltr'><strong>sed</strong></span> <span class='ocrx_word' id='word_1_383' title='bbox 2639 2151 2923 2191; x_wconf 87' lang='lat' dir='ltr'><strong>commune</strong></span> <span class='ocrx_word' id='word_1_384' title='bbox 2950 2138 3226 2211; x_wconf 85' lang='lat' dir='ltr'><strong>dignitatis</strong></span> <span class='ocrx_word' id='word_1_385' title='bbox 3254 2150 3447 2196; x_wconf 87' lang='lat' dir='ltr'><strong>nomen</strong></span> <span class='ocrx_word' id='word_1_386' title='bbox 3478 2151 3535 2196; x_wconf 90' lang='lat' dir='ltr'><strong>et</strong></span> 
     </span>
    </p>
   </div>
   <div class='ocr_carea' id='block_1_52' title="bbox 1966 2222 3528 2297">
    <p class='ocr_par' dir='ltr' id='par_1_52' title="bbox 1966 2222 3528 2297">
     <span class='ocr_line' id='line_1_52' title="bbox 1966 2222 3528 2297; baseline 0.005 -22"><span class='ocrx_word' id='word_1_387' title='bbox 1966 2224 2263 2292; x_wconf 87' lang='lat' dir='ltr'><strong>potestatis.</strong></span> <span class='ocrx_word' id='word_1_388' title='bbox 2291 2222 2446 2279; x_wconf 86' lang='lat' dir='ltr'><strong>Jesus</strong></span> <span class='ocrx_word' id='word_1_389' title='bbox 2479 2224 2726 2280; x_wconf 90' lang='lat' dir='ltr'><strong>Christus</strong></span> <span class='ocrx_word' id='word_1_390' title='bbox 2763 2228 3036 2297; x_wconf 88' lang='lat' dir='ltr'><strong>proprium</strong></span> <span class='ocrx_word' id='word_1_391' title='bbox 3067 2231 3376 2285; x_wconf 84' lang='lat' dir='ltr'><strong>vocabulum</strong></span> <span class='ocrx_word' id='word_1_392' title='bbox 3407 2230 3528 2285; x_wconf 89' lang='lat' dir='ltr'><strong>Sal-</strong></span> 
     </span>
    </p>
   </div>
   <div class='ocr_carea' id='block_1_53' title="bbox 1968 2314 3532 2391">
    <p class='ocr_par' dir='ltr' id='par_1_53' title="bbox 1968 2314 3532 2391">
     <span class='ocr_line' id='line_1_53' title="bbox 1968 2314 3532 2391; baseline 0.006 -26"><span class='ocrx_word' id='word_1_393' title='bbox 1968 2314 2169 2368; x_wconf 86' lang='lat' dir='ltr'><strong>vatoris</strong></span> <span class='ocrx_word' id='word_1_394' title='bbox 2206 2324 2309 2369; x_wconf 89' lang='lat' dir='ltr'><strong>est.</strong></span> <span class='ocrx_word' id='word_1_395' title='bbox 2339 2315 2539 2369; x_wconf 73' lang='lat' dir='ltr'><strong>Exinde</strong></span> <span class='ocrx_word' id='word_1_396' title='bbox 2578 2317 2724 2387; x_wconf 70' lang='lat' dir='ltr'><strong>erepit</strong></span> <span class='ocrx_word' id='word_1_397' title='bbox 2763 2317 2918 2371; x_wconf 76' lang='lat' dir='ltr'><strong>Iesus</strong></span> <span class='ocrx_word' id='word_1_398' title='bbox 2962 2321 3224 2373; x_wconf 84' lang='lat' dir='ltr'><strong>ostendere</strong></span> <span class='ocrx_word' id='word_1_399' title='bbox 3261 2321 3532 2391; x_wconf 86' lang='lat' dir='ltr'><strong>discipulis</strong></span> 
     </span>
    </p>
   </div>
   <div class='ocr_carea' id='block_1_54' title="bbox 1965 2407 3532 2481">
    <p class='ocr_par' dir='ltr' id='par_1_54' title="bbox 1965 2407 3532 2481">
     <span class='ocr_line' id='line_1_54' title="bbox 1965 2407 3532 2481; baseline 0.004 -22"><span class='ocrx_word' id='word_1_400' title='bbox 1965 2407 2074 2459; x_wconf 79' lang='lat' dir='ltr'><strong>suis</strong></span> <span class='ocrx_word' id='word_1_401' title='bbox 2103 2407 2240 2477; x_wconf 88' lang='lat' dir='ltr'><strong>quod</strong></span> <span class='ocrx_word' id='word_1_402' title='bbox 2283 2418 2533 2477; x_wconf 72' lang='lat' dir='ltr'><strong>oporteret</strong></span> <span class='ocrx_word' id='word_1_403' title='bbox 2559 2425 2677 2461; x_wconf 87' lang='lat' dir='ltr'><strong>eum</strong></span> <span class='ocrx_word' id='word_1_404' title='bbox 2706 2410 2782 2462; x_wconf 88' lang='lat' dir='ltr'><strong>ire</strong></span> <span class='ocrx_word' id='word_1_405' title='bbox 2815 2409 3227 2481; x_wconf 75' lang='lat' dir='ltr'><strong>Hierosolymam</strong></span> <span class='ocrx_word' id='word_1_406' title='bbox 3246 2454 3260 2475; x_wconf 94' lang='lat'><strong>,</strong></span> <span class='ocrx_word' id='word_1_407' title='bbox 3287 2424 3333 2466; x_wconf 85' lang='lat' dir='ltr'><strong>et</strong></span> <span class='ocrx_word' id='word_1_408' title='bbox 3364 2413 3532 2467; x_wconf 82' lang='lat' dir='ltr'><strong>multa</strong></span> 
     </span>
    </p>
   </div>
   <div class='ocr_carea' id='block_1_55' title="bbox 1965 2498 3531 2571">
    <p class='ocr_par' dir='ltr' id='par_1_55' title="bbox 1965 2498 3531 2571">
     <span class='ocr_line' id='line_1_55' title="bbox 1965 2498 3531 2571; baseline 0.004 -20"><span class='ocrx_word' id='word_1_409' title='bbox 1965 2500 2074 2568; x_wconf 85' lang='lat' dir='ltr'><strong>pati</strong></span> <span class='ocrx_word' id='word_1_410' title='bbox 2098 2516 2129 2552; x_wconf 91' lang='lat' dir='ltr'><strong>a</strong></span> <span class='ocrx_word' id='word_1_411' title='bbox 2155 2499 2460 2564; x_wconf 85' lang='lat' dir='ltr'><strong>senioribus,</strong></span> <span class='ocrx_word' id='word_1_412' title='bbox 2482 2509 2529 2553; x_wconf 91' lang='lat' dir='ltr'><strong>et</strong></span> <span class='ocrx_word' id='word_1_413' title='bbox 2554 2500 2758 2564; x_wconf 87' lang='lat' dir='ltr'><strong>scribis,</strong></span> <span class='ocrx_word' id='word_1_414' title='bbox 2775 2511 2820 2554; x_wconf 89' lang='lat' dir='ltr'><strong>et</strong></span> <span class='ocrx_word' id='word_1_415' title='bbox 2842 2498 3158 2571; x_wconf 84' lang='lat' dir='ltr'><strong>principibus</strong></span> <span class='ocrx_word' id='word_1_416' title='bbox 3180 2504 3531 2558; x_wconf 80' lang='lat' dir='ltr'><strong>sacerdotum.</strong></span> 
     </span>
    </p>
   </div>
   <div class='ocr_carea' id='block_1_56' title="bbox 1967 2589 3536 2659">
    <p class='ocr_par' dir='ltr' id='par_1_56' title="bbox 1967 2589 3536 2659">
     <span class='ocr_line' id='line_1_56' title="bbox 1967 2589 3536 2659; baseline 0.003 -17"><span class='ocrx_word' id='word_1_417' title='bbox 1967 2589 2118 2643; x_wconf 84' lang='lat' dir='ltr'><strong>Nunc</strong></span> <span class='ocrx_word' id='word_1_418' title='bbox 2140 2604 2308 2659; x_wconf 90' lang='lat' dir='ltr'><strong>quare</strong></span> <span class='ocrx_word' id='word_1_419' title='bbox 2330 2590 2640 2658; x_wconf 73' lang='lat' dir='ltr'><strong>prteceperit</strong></span> <span class='ocrx_word' id='word_1_420' title='bbox 2661 2605 2764 2644; x_wconf 91' lang='lat' dir='ltr'><strong>non</strong></span> <span class='ocrx_word' id='word_1_421' title='bbox 2798 2604 2855 2644; x_wconf 88' lang='lat' dir='ltr'><strong>se</strong></span> <span class='ocrx_word' id='word_1_422' title='bbox 2895 2590 3356 2646; x_wconf 80' lang='lat' dir='ltr'><strong>manifestatumm</strong></span> <span class='ocrx_word' id='word_1_423' title='bbox 3380 2593 3536 2648; x_wconf 84' lang='lat' dir='ltr'><strong>Chri-</strong></span> 
     </span>
    </p>
   </div>
   <div class='ocr_carea' id='block_1_57' title="bbox 1966 2680 3535 2753">
    <p class='ocr_par' dir='ltr' id='par_1_57' title="bbox 1966 2680 3535 2753">
     <span class='ocr_line' id='line_1_57' title="bbox 1966 2680 3535 2753; baseline 0.004 -18"><span class='ocrx_word' id='word_1_424' title='bbox 1966 2690 2107 2735; x_wconf 88' lang='lat' dir='ltr'><strong>stum</strong></span> <span class='ocrx_word' id='word_1_425' title='bbox 2130 2681 2183 2736; x_wconf 90' lang='lat' dir='ltr'><strong>in</strong></span> <span class='ocrx_word' id='word_1_426' title='bbox 2212 2681 2420 2753; x_wconf 88' lang='lat' dir='ltr'><strong>populis</strong></span> <span class='ocrx_word' id='word_1_427' title='bbox 2441 2681 2695 2736; x_wconf 82' lang='lat' dir='ltr'><strong>declarat.</strong></span> <span class='ocrx_word' id='word_1_428' title='bbox 2724 2680 2801 2735; x_wconf 85' lang='lat' dir='ltr'><strong>Ac</strong></span> <span class='ocrx_word' id='word_1_429' title='bbox 2821 2681 2865 2736; x_wconf 90' lang='lat' dir='ltr'><strong>si</strong></span> <span class='ocrx_word' id='word_1_430' title='bbox 2892 2692 3075 2752; x_wconf 86' lang='lat' dir='ltr'><strong>aperte</strong></span> <span class='ocrx_word' id='word_1_431' title='bbox 3104 2682 3425 2740; x_wconf 87' lang='lat' dir='ltr'><strong>dicat:Cum</strong></span> <span class='ocrx_word' id='word_1_432' title='bbox 3447 2700 3535 2741; x_wconf 91' lang='lat' dir='ltr'><strong>me</strong></span> 
     </span>
    </p>
   </div>
   <div class='ocr_carea' id='block_1_58' title="bbox 1967 2773 3531 2846">
    <p class='ocr_par' dir='ltr' id='par_1_58' title="bbox 1967 2773 3531 2846">
     <span class='ocr_line' id='line_1_58' title="bbox 1967 2773 3531 2846; baseline 0.007 -22"><span class='ocrx_word' id='word_1_433' title='bbox 1967 2773 2208 2828; x_wconf 90' lang='lat' dir='ltr'><strong>videritis</strong></span> <span class='ocrx_word' id='word_1_434' title='bbox 2252 2781 2373 2844; x_wconf 90' lang='lat' dir='ltr'><strong>post</strong></span> <span class='ocrx_word' id='word_1_435' title='bbox 2404 2773 2722 2843; x_wconf 77' lang='lat' dir='ltr'><strong>passionem</strong></span> <span class='ocrx_word' id='word_1_436' title='bbox 2764 2784 3132 2846; x_wconf 82' lang='lat' dir='ltr'><strong>resurgentem</strong></span> <span class='ocrx_word' id='word_1_437' title='bbox 3178 2794 3209 2834; x_wconf 87' lang='lat' dir='ltr'><strong>a</strong></span> <span class='ocrx_word' id='word_1_438' title='bbox 3265 2780 3531 2845; x_wconf 89' lang='lat' dir='ltr'><strong>mortuis,</strong></span> 
     </span>
    </p>
   </div>
   <div class='ocr_carea' id='block_1_59' title="bbox 1965 2862 3529 2937">
    <p class='ocr_par' dir='ltr' id='par_1_59' title="bbox 1965 2862 3529 2937">
     <span class='ocr_line' id='line_1_59' title="bbox 1965 2862 3529 2937; baseline 0.006 -22"><span class='ocrx_word' id='word_1_439' title='bbox 1965 2863 2090 2932; x_wconf 87' lang='lat' dir='ltr'><strong>quia</strong></span> <span class='ocrx_word' id='word_1_440' title='bbox 2119 2863 2252 2917; x_wconf 90' lang='lat' dir='ltr'><strong>nihil</strong></span> <span class='ocrx_word' id='word_1_441' title='bbox 2274 2862 2489 2933; x_wconf 87' lang='lat' dir='ltr'><strong>prodest</strong></span> <span class='ocrx_word' id='word_1_442' title='bbox 2525 2864 2820 2933; x_wconf 81' lang='lat' dir='ltr'><strong>praedicare</strong></span> <span class='ocrx_word' id='word_1_443' title='bbox 2848 2883 2990 2922; x_wconf 89' lang='lat' dir='ltr'><strong>nunc</strong></span> <span class='ocrx_word' id='word_1_444' title='bbox 3020 2867 3292 2937; x_wconf 84' lang='lat' dir='ltr'><strong>paululum</strong></span> <span class='ocrx_word' id='word_1_445' title='bbox 3321 2869 3529 2935; x_wconf 79' lang='lat' dir='ltr'><strong>videri,</strong></span> 
     </span>
    </p>
   </div>
   <div class='ocr_carea' id='block_1_60' title="bbox 1965 2953 3543 3031">
    <p class='ocr_par' dir='ltr' id='par_1_60' title="bbox 1965 2953 3543 3031">
     <span class='ocr_line' id='line_1_60' title="bbox 1965 2953 3543 3031; baseline 0.003 -23"><span class='ocrx_word' id='word_1_446' title='bbox 1965 2953 2162 3008; x_wconf 89' lang='lat' dir='ltr'><strong>derisui</strong></span> <span class='ocrx_word' id='word_1_447' title='bbox 2195 2953 2413 3016; x_wconf 89' lang='lat' dir='ltr'><strong>haberi,</strong></span> <span class='ocrx_word' id='word_1_448' title='bbox 2446 2962 2502 3008; x_wconf 90' lang='lat' dir='ltr'><strong>et</strong></span> <span class='ocrx_word' id='word_1_449' title='bbox 2547 2956 2839 3024; x_wconf 90' lang='lat' dir='ltr'><strong>opprobrio</strong></span> <span class='ocrx_word' id='word_1_450' title='bbox 2886 2958 3128 3029; x_wconf 77' lang='lat' dir='ltr'><strong>crucifigi</strong></span> <span class='ocrx_word' id='word_1_451' title='bbox 3159 2967 3215 3014; x_wconf 90' lang='lat' dir='ltr'><strong>et</strong></span> <span class='ocrx_word' id='word_1_452' title='bbox 3254 2958 3543 3031; x_wconf 80' lang='lat' dir='ltr'><strong>ﬂagellari...</strong></span> 
     </span>
    </p>
   </div>
   <div class='ocr_carea' id='block_1_61' title="bbox 1928 3046 3537 3116">
    <p class='ocr_par' dir='ltr' id='par_1_61' title="bbox 1928 3046 3537 3116">
     <span class='ocr_line' id='line_1_61' title="bbox 1928 3046 3537 3116; baseline 0.004 -15"><span class='ocrx_word' id='word_1_453' title='bbox 1928 3066 1935 3075; x_wconf 63' lang='grc' dir='ltr'><em>ι</em></span> <span class='ocrx_word' id='word_1_454' title='bbox 1964 3046 2213 3102; x_wconf 66' lang='lat' dir='ltr'><strong>Prtedicit</strong></span> <span class='ocrx_word' id='word_1_455' title='bbox 2239 3047 2403 3101; x_wconf 91' lang='lat' dir='ltr'><strong>etiam</strong></span> <span class='ocrx_word' id='word_1_456' title='bbox 2446 3047 2750 3116; x_wconf 86' lang='lat' dir='ltr'><strong>passionem</strong></span> <span class='ocrx_word' id='word_1_457' title='bbox 2777 3064 2959 3114; x_wconf 90' lang='lat' dir='ltr'><strong>suam,</strong></span> <span class='ocrx_word' id='word_1_458' title='bbox 2989 3058 3047 3104; x_wconf 94' lang='lat' dir='ltr'><strong>ut</strong></span> <span class='ocrx_word' id='word_1_459' title='bbox 3079 3051 3255 3105; x_wconf 90' lang='lat' dir='ltr'><strong>minus</strong></span> <span class='ocrx_word' id='word_1_460' title='bbox 3282 3051 3537 3107; x_wconf 76' lang='lat' dir='ltr'><strong>dubitent</strong></span> 
     </span>
    </p>
   </div>
   <div class='ocr_carea' id='block_1_62' title="bbox 293 3134 3535 3219">
    <p class='ocr_par' dir='ltr' id='par_1_62' title="bbox 293 3134 3535 3219">
     <span class='ocr_line' id='line_1_62' title="bbox 293 3134 3535 3219; baseline 0 -23"><span class='ocrx_word' id='word_1_461' title='bbox 293 3154 517 3197; x_wconf 88' lang='lat' dir='ltr'><strong>neretur</strong></span> <span class='ocrx_word' id='word_1_462' title='bbox 541 3142 633 3212; x_wconf 87' lang='lat' dir='ltr'><strong>qui</strong></span> <span class='ocrx_word' id='word_1_463' title='bbox 673 3150 816 3197; x_wconf 87' lang='lat' dir='ltr'><strong>esset</strong></span> <span class='ocrx_word' id='word_1_464' title='bbox 858 3140 1122 3211; x_wconf 89' lang='lat' dir='ltr'><strong>leprosus,</strong></span> <span class='ocrx_word' id='word_1_465' title='bbox 1152 3150 1208 3196; x_wconf 90' lang='lat' dir='ltr'><strong>et</strong></span> <span class='ocrx_word' id='word_1_466' title='bbox 1235 3141 1323 3211; x_wconf 90' lang='lat' dir='ltr'><strong>qui</strong></span> <span class='ocrx_word' id='word_1_467' title='bbox 1362 3157 1465 3196; x_wconf 91' lang='lat' dir='ltr'><strong>non</strong></span> <span class='ocrx_word' id='word_1_468' title='bbox 1512 3151 1671 3207; x_wconf 90' lang='lat' dir='ltr'><strong>esset,</strong></span> <span class='ocrx_word' id='word_1_469' title='bbox 1707 3144 1787 3197; x_wconf 90' lang='lat' dir='ltr'><strong>sic</strong></span> <span class='ocrx_word' id='word_1_470' title='bbox 1814 3153 1869 3198; x_wconf 89' lang='lat' dir='ltr'><strong>et</strong></span> <span class='ocrx_word' id='word_1_471' title='bbox 1893 3134 1937 3195; x_wconf 89' lang='lat' dir='ltr'><strong>C</strong></span> <span class='ocrx_word' id='word_1_472' title='bbox 1969 3140 2022 3194; x_wconf 93' lang='lat' dir='ltr'><strong>in</strong></span> <span class='ocrx_word' id='word_1_473' title='bbox 2049 3138 2166 3207; x_wconf 84' lang='lat' dir='ltr'><strong>ejus</strong></span> <span class='ocrx_word' id='word_1_474' title='bbox 2194 3139 2607 3194; x_wconf 88' lang='lat' dir='ltr'><strong>resurrectione.</strong></span> <span class='ocrx_word' id='word_1_475' title='bbox 2633 3140 2700 3194; x_wconf 85' lang='lat' dir='ltr'><strong>Et</strong></span> <span class='ocrx_word' id='word_1_476' title='bbox 2717 3139 3010 3219; x_wconf 77' lang='lat' dir='ltr'><strong>notandum</strong></span> <span class='ocrx_word' id='word_1_477' title='bbox 3032 3141 3172 3210; x_wconf 82' lang='lat' dir='ltr'><strong>quod</strong></span> <span class='ocrx_word' id='word_1_478' title='bbox 3194 3142 3282 3195; x_wconf 88' lang='lat' dir='ltr'><strong>ille</strong></span> <span class='ocrx_word' id='word_1_479' title='bbox 3305 3142 3395 3211; x_wconf 90' lang='lat' dir='ltr'><strong>qui</strong></span> <span class='ocrx_word' id='word_1_480' title='bbox 3419 3144 3535 3197; x_wconf 69' lang='lat' dir='ltr'><strong>haec</strong></span> 
     </span>
    </p>
   </div>
   <div class='ocr_carea' id='block_1_63' title="bbox 292 3230 1865 3302">
    <p class='ocr_par' dir='ltr' id='par_1_63' title="bbox 292 3230 1865 3302">
     <span class='ocr_line' id='line_1_63' title="bbox 292 3230 1865 3302; baseline -0.001 -16"><span class='ocrx_word' id='word_1_481' title='bbox 292 3231 532 3302; x_wconf 88' lang='lat' dir='ltr'><strong>episcopi</strong></span> <span class='ocrx_word' id='word_1_482' title='bbox 558 3239 611 3285; x_wconf 88' lang='lat' dir='ltr'><strong>et</strong></span> <span class='ocrx_word' id='word_1_483' title='bbox 637 3231 944 3287; x_wconf 86' lang='lat' dir='ltr'><strong>sacerdotes</strong></span> <span class='ocrx_word' id='word_1_484' title='bbox 971 3231 1024 3283; x_wconf 93' lang='lat' dir='ltr'><strong>in</strong></span> <span class='ocrx_word' id='word_1_485' title='bbox 1056 3230 1291 3285; x_wconf 84' lang='lat' dir='ltr'><strong>Ecclesia</strong></span> <span class='ocrx_word' id='word_1_486' title='bbox 1329 3230 1448 3285; x_wconf 89' lang='lat' dir='ltr'><strong>illos</strong></span> <span class='ocrx_word' id='word_1_487' title='bbox 1477 3230 1671 3285; x_wconf 85' lang='lat' dir='ltr'><strong>debent</strong></span> <span class='ocrx_word' id='word_1_488' title='bbox 1700 3230 1865 3300; x_wconf 82' lang='lat' dir='ltr'><strong>ligare</strong></span> 
     </span>
    </p>
   </div>
   <div class='ocr_carea' id='block_1_64' title="bbox 295 3322 1866 3392">
    <p class='ocr_par' dir='ltr' id='par_1_64' title="bbox 295 3322 1866 3392">
     <span class='ocr_line' id='line_1_64' title="bbox 295 3322 1866 3392; baseline 0.001 -16"><span class='ocrx_word' id='word_1_489' title='bbox 295 3339 433 3392; x_wconf 88' lang='lat' dir='ltr'><strong>quos</strong></span> <span class='ocrx_word' id='word_1_490' title='bbox 460 3322 690 3378; x_wconf 81' lang='lat' dir='ltr'><strong>viderint</strong></span> <span class='ocrx_word' id='word_1_491' title='bbox 730 3322 968 3392; x_wconf 90' lang='lat' dir='ltr'><strong>leprosos</strong></span> <span class='ocrx_word' id='word_1_492' title='bbox 1007 3323 1058 3376; x_wconf 92' lang='lat' dir='ltr'><strong>in</strong></span> <span class='ocrx_word' id='word_1_493' title='bbox 1096 3323 1272 3377; x_wconf 88' lang='lat' dir='ltr'><strong>anima</strong></span> <span class='ocrx_word' id='word_1_494' title='bbox 1315 3322 1380 3377; x_wconf 93' lang='lat' dir='ltr'><strong>de</strong></span> <span class='ocrx_word' id='word_1_495' title='bbox 1421 3323 1656 3392; x_wconf 84' lang='lat' dir='ltr'><strong>peccatis</strong></span> <span class='ocrx_word' id='word_1_496' title='bbox 1683 3324 1866 3378; x_wconf 86' lang='lat' dir='ltr'><strong>crimi-</strong></span> 
     </span>
    </p>
   </div>
   <div class='ocr_carea' id='block_1_65' title="bbox 295 3410 1863 3466">
    <p class='ocr_par' dir='ltr' id='par_1_65' title="bbox 295 3410 1863 3466">
     <span class='ocr_line' id='line_1_65' title="bbox 295 3410 1863 3466; baseline 0 0"><span class='ocrx_word' id='word_1_497' title='bbox 295 3411 528 3466; x_wconf 90' lang='lat' dir='ltr'><strong>nalibus.</strong></span> <span class='ocrx_word' id='word_1_498' title='bbox 573 3410 704 3466; x_wconf 90' lang='lat' dir='ltr'><strong>Cum</strong></span> <span class='ocrx_word' id='word_1_499' title='bbox 733 3425 862 3465; x_wconf 90' lang='lat' dir='ltr'><strong>vero</strong></span> <span class='ocrx_word' id='word_1_500' title='bbox 911 3411 1141 3465; x_wconf 86' lang='lat' dir='ltr'><strong>viderint</strong></span> <span class='ocrx_word' id='word_1_501' title='bbox 1185 3420 1279 3465; x_wconf 92' lang='lat' dir='ltr'><strong>aut</strong></span> <span class='ocrx_word' id='word_1_502' title='bbox 1329 3411 1592 3466; x_wconf 88' lang='lat' dir='ltr'><strong>audierint</strong></span> <span class='ocrx_word' id='word_1_503' title='bbox 1633 3413 1863 3466; x_wconf 87' lang='lat' dir='ltr'><strong>ablatam</strong></span> 
     </span>
    </p>
   </div>
   <div class='ocr_carea' id='block_1_66' title="bbox 295 3502 1864 3573">
    <p class='ocr_par' dir='ltr' id='par_1_66' title="bbox 295 3502 1864 3573">
     <span class='ocr_line' id='line_1_66' title="bbox 295 3502 1864 3573; baseline -0.001 -16"><span class='ocrx_word' id='word_1_504' title='bbox 295 3503 521 3573; x_wconf 89' lang='lat' dir='ltr'><strong>lepram,</strong></span> <span class='ocrx_word' id='word_1_505' title='bbox 551 3503 603 3557; x_wconf 90' lang='lat' dir='ltr'><strong>id</strong></span> <span class='ocrx_word' id='word_1_506' title='bbox 640 3510 724 3557; x_wconf 89' lang='lat' dir='ltr'><strong>est</strong></span> <span class='ocrx_word' id='word_1_507' title='bbox 753 3511 973 3571; x_wconf 84' lang='lat' dir='ltr'><strong>peccata</strong></span> <span class='ocrx_word' id='word_1_508' title='bbox 1019 3517 1116 3570; x_wconf 88' lang='lat' dir='ltr'><strong>per</strong></span> <span class='ocrx_word' id='word_1_509' title='bbox 1142 3502 1303 3569; x_wconf 79' lang='lat' dir='ltr'><strong>digna</strong></span> <span class='ocrx_word' id='word_1_510' title='bbox 1342 3516 1502 3569; x_wconf 90' lang='lat' dir='ltr'><strong>opera</strong></span> <span class='ocrx_word' id='word_1_511' title='bbox 1536 3502 1864 3570; x_wconf 62' lang='lat' dir='ltr'><strong>paenitentia:</strong></span> 
     </span>
    </p>
   </div>
   <div class='ocr_carea' id='block_1_67' title="bbox 293 3589 1863 3657">
    <p class='ocr_par' dir='ltr' id='par_1_67' title="bbox 293 3589 1863 3657">
     <span class='ocr_line' id='line_1_67' title="bbox 293 3589 1863 3657; baseline -0.001 -10"><span class='ocrx_word' id='word_1_512' title='bbox 293 3601 354 3647; x_wconf 87' lang='lat' dir='ltr'><strong>et</strong></span> <span class='ocrx_word' id='word_1_513' title='bbox 392 3592 765 3653; x_wconf 78' lang='lat' dir='ltr'><strong>confessionis,</strong></span> <span class='ocrx_word' id='word_1_514' title='bbox 807 3599 933 3645; x_wconf 88' lang='lat' dir='ltr'><strong>tunc</strong></span> <span class='ocrx_word' id='word_1_515' title='bbox 975 3590 1171 3644; x_wconf 89' lang='lat' dir='ltr'><strong>debent</strong></span> <span class='ocrx_word' id='word_1_516' title='bbox 1216 3589 1334 3644; x_wconf 91' lang='lat' dir='ltr'><strong>illos</strong></span> <span class='ocrx_word' id='word_1_517' title='bbox 1382 3589 1679 3644; x_wconf 86' lang='lat' dir='ltr'><strong>absolvere.</strong></span> <span class='ocrx_word' id='word_1_518' title='bbox 1712 3591 1863 3657; x_wconf 88' lang='lat' dir='ltr'><strong>Quod</strong></span> 
     </span>
    </p>
   </div>
   <div class='ocr_carea' id='block_1_68' title="bbox 290 3678 1865 3752">
    <p class='ocr_par' dir='ltr' id='par_1_68' title="bbox 290 3678 1865 3752">
     <span class='ocr_line' id='line_1_68' title="bbox 290 3678 1865 3752; baseline -0.001 -15"><span class='ocrx_word' id='word_1_519' title='bbox 290 3682 403 3752; x_wconf 76' lang='lat' dir='ltr'><strong>iam</strong></span> <span class='ocrx_word' id='word_1_520' title='bbox 450 3683 548 3737; x_wconf 88' lang='lat' dir='ltr'><strong>sub</strong></span> <span class='ocrx_word' id='word_1_521' title='bbox 591 3680 834 3750; x_wconf 87' lang='lat' dir='ltr'><strong>exemplo</strong></span> <span class='ocrx_word' id='word_1_522' title='bbox 858 3680 1053 3734; x_wconf 79' lang='lat' dir='ltr'><strong>Lazari</strong></span> <span class='ocrx_word' id='word_1_523' title='bbox 1092 3680 1342 3742; x_wconf 78' lang='lat' dir='ltr'><strong>diximus,</strong></span> <span class='ocrx_word' id='word_1_524' title='bbox 1376 3687 1435 3733; x_wconf 92' lang='lat' dir='ltr'><strong>ut</strong></span> <span class='ocrx_word' id='word_1_525' title='bbox 1464 3678 1610 3734; x_wconf 90' lang='lat' dir='ltr'><strong>illum</strong></span> <span class='ocrx_word' id='word_1_526' title='bbox 1655 3682 1865 3736; x_wconf 85' lang='lat' dir='ltr'><strong>studeat</strong></span> 
     </span>
    </p>
   </div>
   <div class='ocr_carea' id='block_1_69' title="bbox 293 3770 1862 3841">
    <p class='ocr_par' dir='ltr' id='par_1_69' title="bbox 293 3770 1862 3841">
     <span class='ocr_line' id='line_1_69' title="bbox 293 3770 1862 3841; baseline -0.001 -14"><span class='ocrx_word' id='word_1_527' title='bbox 293 3773 575 3828; x_wconf 85' lang='lat' dir='ltr'><strong>absolvere</strong></span> <span class='ocrx_word' id='word_1_528' title='bbox 599 3786 757 3841; x_wconf 89' lang='lat' dir='ltr'><strong>quem</strong></span> <span class='ocrx_word' id='word_1_529' title='bbox 782 3770 1040 3828; x_wconf 87' lang='lat' dir='ltr'><strong>Dominus</strong></span> <span class='ocrx_word' id='word_1_530' title='bbox 1068 3772 1119 3825; x_wconf 89' lang='lat' dir='ltr'><strong>in</strong></span> <span class='ocrx_word' id='word_1_531' title='bbox 1152 3770 1330 3824; x_wconf 88' lang='lat' dir='ltr'><strong>anima</strong></span> <span class='ocrx_word' id='word_1_532' title='bbox 1358 3771 1710 3835; x_wconf 86' lang='lat' dir='ltr'><strong>resuscitavit,</strong></span> <span class='ocrx_word' id='word_1_533' title='bbox 1738 3772 1862 3841; x_wconf 90' lang='lat' dir='ltr'><strong>quia</strong></span> 
     </span>
    </p>
   </div>
   <div class='ocr_carea' id='block_1_70' title="bbox 292 3862 1865 3933">
    <p class='ocr_par' dir='ltr' id='par_1_70' title="bbox 292 3862 1865 3933">
     <span class='ocr_line' id='line_1_70' title="bbox 292 3862 1865 3933; baseline 0 -14"><span class='ocrx_word' id='word_1_534' title='bbox 292 3866 341 3919; x_wconf 90' lang='lat' dir='ltr'><strong>si</strong></span> <span class='ocrx_word' id='word_1_535' title='bbox 371 3863 609 3933; x_wconf 90' lang='lat' dir='ltr'><strong>discipuli</strong></span> <span class='ocrx_word' id='word_1_536' title='bbox 640 3872 765 3917; x_wconf 89' lang='lat' dir='ltr'><strong>ante</strong></span> <span class='ocrx_word' id='word_1_537' title='bbox 807 3862 1094 3917; x_wconf 86' lang='lat' dir='ltr'><strong>solvissent</strong></span> <span class='ocrx_word' id='word_1_538' title='bbox 1119 3862 1380 3917; x_wconf 88' lang='lat' dir='ltr'><strong>Lazarum</strong></span> <span class='ocrx_word' id='word_1_539' title='bbox 1417 3878 1576 3932; x_wconf 89' lang='lat' dir='ltr'><strong>quam</strong></span> <span class='ocrx_word' id='word_1_540' title='bbox 1608 3864 1865 3919; x_wconf 88' lang='lat' dir='ltr'><strong>Dominus</strong></span> 
     </span>
    </p>
   </div>
   <div class='ocr_carea' id='block_1_71' title="bbox 290 3951 1862 4022">
    <p class='ocr_par' dir='ltr' id='par_1_71' title="bbox 290 3951 1862 4022">
     <span class='ocr_line' id='line_1_71' title="bbox 290 3951 1862 4022; baseline -0.001 -13"><span class='ocrx_word' id='word_1_541' title='bbox 290 3955 443 4009; x_wconf 86' lang='lat' dir='ltr'><strong>illum</strong></span> <span class='ocrx_word' id='word_1_542' title='bbox 470 3952 869 4017; x_wconf 88' lang='lat' dir='ltr'><strong>resuscitasset,</strong></span> <span class='ocrx_word' id='word_1_543' title='bbox 892 3951 1114 4007; x_wconf 83' lang='lat' dir='ltr'><strong>fetorem</strong></span> <span class='ocrx_word' id='word_1_544' title='bbox 1143 3953 1320 4022; x_wconf 89' lang='lat' dir='ltr'><strong>potius</strong></span> <span class='ocrx_word' id='word_1_545' title='bbox 1338 3954 1681 4017; x_wconf 84' lang='lat' dir='ltr'><strong>ostenderent</strong></span> <span class='ocrx_word' id='word_1_546' title='bbox 1702 3968 1862 4022; x_wconf 90' lang='lat' dir='ltr'><strong>quam</strong></span> 
     </span>
    </p>
   </div>
   <div class='ocr_carea' id='block_1_72' title="bbox 292 4044 1863 4115">
    <p class='ocr_par' dir='ltr' id='par_1_72' title="bbox 292 4044 1863 4115">
     <span class='ocr_line' id='line_1_72' title="bbox 292 4044 1863 4115; baseline -0.001 -16"><span class='ocrx_word' id='word_1_547' title='bbox 292 4047 569 4101; x_wconf 87' lang='lat' dir='ltr'><strong>virtutem.</strong></span> <span class='ocrx_word' id='word_1_548' title='bbox 613 4044 764 4112; x_wconf 89' lang='lat' dir='ltr'><strong>Quod</strong></span> <span class='ocrx_word' id='word_1_549' title='bbox 792 4053 970 4100; x_wconf 86' lang='lat' dir='ltr'><strong>autem</strong></span> <span class='ocrx_word' id='word_1_550' title='bbox 999 4045 1151 4114; x_wconf 88' lang='lat' dir='ltr'><strong>quasi</strong></span> <span class='ocrx_word' id='word_1_551' title='bbox 1181 4045 1278 4100; x_wconf 89' lang='lat' dir='ltr'><strong>soli</strong></span> <span class='ocrx_word' id='word_1_552' title='bbox 1318 4044 1478 4100; x_wconf 83' lang='lat' dir='ltr'><strong>Petro</strong></span> <span class='ocrx_word' id='word_1_553' title='bbox 1524 4046 1637 4100; x_wconf 65' lang='lat' dir='ltr'><strong>hate</strong></span> <span class='ocrx_word' id='word_1_554' title='bbox 1667 4044 1863 4115; x_wconf 87' lang='lat' dir='ltr'><strong>legatio</strong></span> 
     </span>
    </p>
   </div>
   <div class='ocr_carea' id='block_1_73' title="bbox 292 4133 1863 4205">
    <p class='ocr_par' dir='ltr' id='par_1_73' title="bbox 292 4133 1863 4205">
     <span class='ocr_line' id='line_1_73' title="bbox 292 4133 1863 4205; baseline -0.001 -16"><span class='ocrx_word' id='word_1_555' title='bbox 292 4135 403 4190; x_wconf 88' lang='lat' dir='ltr'><strong>dici</strong></span> <span class='ocrx_word' id='word_1_556' title='bbox 447 4135 679 4197; x_wconf 90' lang='lat' dir='ltr'><strong>videtur,</strong></span> <span class='ocrx_word' id='word_1_557' title='bbox 722 4134 841 4189; x_wconf 89' lang='lat' dir='ltr'><strong>ideo</strong></span> <span class='ocrx_word' id='word_1_558' title='bbox 871 4133 932 4188; x_wconf 86' lang='lat' dir='ltr'><strong>iit</strong></span> <span class='ocrx_word' id='word_1_559' title='bbox 971 4135 1096 4204; x_wconf 90' lang='lat' dir='ltr'><strong>quia</strong></span> <span class='ocrx_word' id='word_1_560' title='bbox 1128 4135 1243 4203; x_wconf 90' lang='lat' dir='ltr'><strong>ipse</strong></span> <span class='ocrx_word' id='word_1_561' title='bbox 1273 4134 1481 4189; x_wconf 89' lang='lat' dir='ltr'><strong>locutus</strong></span> <span class='ocrx_word' id='word_1_562' title='bbox 1505 4143 1589 4190; x_wconf 90' lang='lat' dir='ltr'><strong>est</strong></span> <span class='ocrx_word' id='word_1_563' title='bbox 1625 4150 1721 4205; x_wconf 90' lang='lat' dir='ltr'><strong>pro</strong></span> <span class='ocrx_word' id='word_1_564' title='bbox 1749 4149 1863 4188; x_wconf 86' lang='lat' dir='ltr'><strong>om-</strong></span> 
     </span>
    </p>
   </div>
   <div class='ocr_carea' id='block_1_74' title="bbox 292 4226 1863 4296">
    <p class='ocr_par' dir='ltr' id='par_1_74' title="bbox 292 4226 1863 4296">
     <span class='ocr_line' id='line_1_74' title="bbox 292 4226 1863 4296; baseline 0.001 -16"><span class='ocrx_word' id='word_1_565' title='bbox 292 4226 475 4289; x_wconf 86' lang='lat' dir='ltr'><strong>nibus,</strong></span> <span class='ocrx_word' id='word_1_566' title='bbox 505 4235 560 4281; x_wconf 89' lang='lat' dir='ltr'><strong>et</strong></span> <span class='ocrx_word' id='word_1_567' title='bbox 607 4226 660 4280; x_wconf 90' lang='lat' dir='ltr'><strong>in</strong></span> <span class='ocrx_word' id='word_1_568' title='bbox 706 4227 821 4296; x_wconf 90' lang='lat' dir='ltr'><strong>ipso</strong></span> <span class='ocrx_word' id='word_1_569' title='bbox 869 4228 1117 4281; x_wconf 90' lang='lat' dir='ltr'><strong>omnibus</strong></span> <span class='ocrx_word' id='word_1_570' title='bbox 1162 4241 1478 4295; x_wconf 89' lang='lat' dir='ltr'><strong>responsum</strong></span> <span class='ocrx_word' id='word_1_571' title='bbox 1522 4235 1637 4291; x_wconf 89' lang='lat' dir='ltr'><strong>est,</strong></span> <span class='ocrx_word' id='word_1_572' title='bbox 1666 4235 1722 4282; x_wconf 93' lang='lat' dir='ltr'><strong>et</strong></span> <span class='ocrx_word' id='word_1_573' title='bbox 1750 4226 1863 4295; x_wconf 89' lang='lat' dir='ltr'><strong>ipse</strong></span> 
     </span>
    </p>
   </div>
   <div class='ocr_carea' id='block_1_75' title="bbox 293 4315 1863 4377">
    <p class='ocr_par' dir='ltr' id='par_1_75' title="bbox 293 4315 1863 4377">
     <span class='ocr_line' id='line_1_75' title="bbox 293 4315 1863 4377; baseline 0.001 -7"><span class='ocrx_word' id='word_1_574' title='bbox 293 4332 424 4371; x_wconf 88' lang='lat' dir='ltr'><strong>vera</strong></span> <span class='ocrx_word' id='word_1_575' title='bbox 457 4316 559 4370; x_wconf 79' lang='lat' dir='ltr'><strong>[ide</strong></span> <span class='ocrx_word' id='word_1_576' title='bbox 588 4315 866 4371; x_wconf 81' lang='lat' dir='ltr'><strong>confessus</strong></span> <span class='ocrx_word' id='word_1_577' title='bbox 897 4324 1001 4377; x_wconf 86' lang='lat' dir='ltr'><strong>est,</strong></span> <span class='ocrx_word' id='word_1_578' title='bbox 1039 4326 1094 4371; x_wconf 91' lang='lat' dir='ltr'><strong>et</strong></span> <span class='ocrx_word' id='word_1_579' title='bbox 1121 4332 1248 4371; x_wconf 90' lang='lat' dir='ltr'><strong>vero</strong></span> <span class='ocrx_word' id='word_1_580' title='bbox 1283 4332 1467 4371; x_wconf 88' lang='lat' dir='ltr'><strong>amore</strong></span> <span class='ocrx_word' id='word_1_581' title='bbox 1497 4315 1668 4372; x_wconf 80' lang='lat' dir='ltr'><strong>fuerat</strong></span> <span class='ocrx_word' id='word_1_582' title='bbox 1709 4333 1863 4372; x_wconf 90' lang='lat' dir='ltr'><strong>secu-</strong></span> 
     </span>
    </p>
   </div>
   <div class='ocr_carea' id='block_1_76' title="bbox 292 4404 1860 4475">
    <p class='ocr_par' dir='ltr' id='par_1_76' title="bbox 292 4404 1860 4475">
     <span class='ocr_line' id='line_1_76' title="bbox 292 4404 1860 4475; baseline 0.001 -16"><span class='ocrx_word' id='word_1_583' title='bbox 292 4414 405 4468; x_wconf 85' lang='lat' dir='ltr'><strong>tus,</strong></span> <span class='ocrx_word' id='word_1_584' title='bbox 449 4404 613 4458; x_wconf 87' lang='lat' dir='ltr'><strong>etiam</strong></span> <span class='ocrx_word' id='word_1_585' title='bbox 643 4416 697 4457; x_wconf 93' lang='lat' dir='ltr'><strong>et</strong></span> <span class='ocrx_word' id='word_1_586' title='bbox 723 4404 792 4458; x_wconf 87' lang='lat' dir='ltr'><strong>ob</strong></span> <span class='ocrx_word' id='word_1_587' title='bbox 834 4404 935 4460; x_wconf 90' lang='lat' dir='ltr'><strong>hoc</strong></span> <span class='ocrx_word' id='word_1_588' title='bbox 966 4414 1024 4458; x_wconf 91' lang='lat' dir='ltr'><strong>ut</strong></span> <span class='ocrx_word' id='word_1_589' title='bbox 1050 4421 1237 4461; x_wconf 91' lang='lat' dir='ltr'><strong>omnes</strong></span> <span class='ocrx_word' id='word_1_590' title='bbox 1280 4406 1560 4461; x_wconf 86' lang='lat' dir='ltr'><strong>credentes</strong></span> <span class='ocrx_word' id='word_1_591' title='bbox 1586 4422 1683 4475; x_wconf 90' lang='lat' dir='ltr'><strong>pro</strong></span> <span class='ocrx_word' id='word_1_592' title='bbox 1710 4416 1860 4461; x_wconf 87' lang='lat' dir='ltr'><strong>certo</strong></span> 
     </span>
    </p>
   </div>
   <div class='ocr_carea' id='block_1_77' title="bbox 1964 3230 3536 3301">
    <p class='ocr_par' dir='ltr' id='par_1_77' title="bbox 1964 3230 3536 3301">
     <span class='ocr_line' id='line_1_77' title="bbox 1964 3230 3536 3301; baseline 0.003 -18"><span class='ocrx_word' id='word_1_593' title='bbox 1964 3245 2220 3300; x_wconf 86' lang='lat' dir='ltr'><strong>passurus</strong></span> <span class='ocrx_word' id='word_1_594' title='bbox 2245 3230 2339 3284; x_wconf 89' lang='lat' dir='ltr'><strong>Dei</strong></span> <span class='ocrx_word' id='word_1_595' title='bbox 2370 3230 2538 3285; x_wconf 89' lang='lat' dir='ltr'><strong>Filius</strong></span> <span class='ocrx_word' id='word_1_596' title='bbox 2562 3270 2576 3294; x_wconf 91' lang='lat'><strong>,</strong></span> <span class='ocrx_word' id='word_1_597' title='bbox 2607 3230 2841 3285; x_wconf 89' lang='lat' dir='ltr'><strong>hominis</strong></span> <span class='ocrx_word' id='word_1_598' title='bbox 2865 3230 2965 3293; x_wconf 91' lang='lat' dir='ltr'><strong>sit,</strong></span> <span class='ocrx_word' id='word_1_599' title='bbox 2987 3232 3110 3301; x_wconf 83' lang='lat' dir='ltr'><strong>quia</strong></span> <span class='ocrx_word' id='word_1_600' title='bbox 3157 3232 3408 3287; x_wconf 85' lang='lat' dir='ltr'><strong>divinitas</strong></span> <span class='ocrx_word' id='word_1_601' title='bbox 3437 3234 3536 3287; x_wconf 81' lang='lat' dir='ltr'><strong>ini-</strong></span> 
     </span>
    </p>
   </div>
   <div class='ocr_carea' id='block_1_78' title="bbox 1963 3321 3533 3392">
    <p class='ocr_par' dir='ltr' id='par_1_78' title="bbox 1963 3321 3533 3392">
     <span class='ocr_line' id='line_1_78' title="bbox 1963 3321 3533 3392; baseline 0.002 -17"><span class='ocrx_word' id='word_1_602' title='bbox 1963 3321 2232 3391; x_wconf 88' lang='lat' dir='ltr'><strong>passibilis</strong></span> <span class='ocrx_word' id='word_1_603' title='bbox 2253 3321 2460 3375; x_wconf 89' lang='lat' dir='ltr'><strong>exstitit</strong></span> <span class='ocrx_word' id='word_1_604' title='bbox 2479 3321 2531 3375; x_wconf 92' lang='lat' dir='ltr'><strong>in</strong></span> <span class='ocrx_word' id='word_1_605' title='bbox 2554 3322 2827 3391; x_wconf 83' lang='lat' dir='ltr'><strong>passione.</strong></span> <span class='ocrx_word' id='word_1_606' title='bbox 2851 3322 2943 3377; x_wconf 88' lang='lat' dir='ltr'><strong>ille</strong></span> <span class='ocrx_word' id='word_1_607' title='bbox 2963 3323 3054 3392; x_wconf 89' lang='lat' dir='ltr'><strong>qui</strong></span> <span class='ocrx_word' id='word_1_608' title='bbox 3076 3322 3143 3378; x_wconf 89' lang='lat' dir='ltr'><strong>de</strong></span> <span class='ocrx_word' id='word_1_609' title='bbox 3164 3332 3347 3379; x_wconf 89' lang='lat' dir='ltr'><strong>sancta</strong></span> <span class='ocrx_word' id='word_1_610' title='bbox 3371 3324 3533 3378; x_wconf 82' lang='lat' dir='ltr'><strong>Maria</strong></span> 
     </span>
    </p>
   </div>
   <div class='ocr_carea' id='block_1_79' title="bbox 1963 3412 3533 3482">
    <p class='ocr_par' dir='ltr' id='par_1_79' title="bbox 1963 3412 3533 3482">
     <span class='ocr_line' id='line_1_79' title="bbox 1963 3412 3533 3482; baseline 0.003 -16"><span class='ocrx_word' id='word_1_611' title='bbox 1963 3421 2123 3468; x_wconf 89' lang='lat' dir='ltr'><strong>natus</strong></span> <span class='ocrx_word' id='word_1_612' title='bbox 2148 3420 2253 3479; x_wconf 89' lang='lat' dir='ltr'><strong>est,</strong></span> <span class='ocrx_word' id='word_1_613' title='bbox 2286 3412 2375 3467; x_wconf 91' lang='lat' dir='ltr'><strong>ille</strong></span> <span class='ocrx_word' id='word_1_614' title='bbox 2394 3427 2587 3482; x_wconf 88' lang='lat' dir='ltr'><strong>passus</strong></span> <span class='ocrx_word' id='word_1_615' title='bbox 2615 3422 2717 3469; x_wconf 90' lang='lat' dir='ltr'><strong>est.</strong></span> <span class='ocrx_word' id='word_1_616' title='bbox 2754 3414 2823 3468; x_wconf 85' lang='lat' dir='ltr'><strong>Et</strong></span> <span class='ocrx_word' id='word_1_617' title='bbox 2851 3432 3120 3469; x_wconf 83' lang='lat' dir='ltr'><strong>assumens</strong></span> <span class='ocrx_word' id='word_1_618' title='bbox 3154 3432 3271 3469; x_wconf 85' lang='lat' dir='ltr'><strong>eum</strong></span> <span class='ocrx_word' id='word_1_619' title='bbox 3301 3416 3490 3470; x_wconf 79' lang='lat' dir='ltr'><strong>Petrus</strong></span> <span class='ocrx_word' id='word_1_620' title='bbox 3518 3458 3533 3480; x_wconf 84' lang='lat'><strong>,</strong></span> 
     </span>
    </p>
   </div>
   <div class='ocr_carea' id='block_1_80' title="bbox 1963 3504 3533 3576">
    <p class='ocr_par' dir='ltr' id='par_1_80' title="bbox 1963 3504 3533 3576">
     <span class='ocr_line' id='line_1_80' title="bbox 1963 3504 3533 3576; baseline 0.003 -19"><span class='ocrx_word' id='word_1_621' title='bbox 1963 3504 2110 3573; x_wconf 65' lang='lat' dir='ltr'><strong>capit</strong></span> <span class='ocrx_word' id='word_1_622' title='bbox 2131 3504 2399 3573; x_wconf 84' lang='lat' dir='ltr'><strong>increpare</strong></span> <span class='ocrx_word' id='word_1_623' title='bbox 2422 3504 2572 3558; x_wconf 86' lang='lat' dir='ltr'><strong>illum</strong></span> <span class='ocrx_word' id='word_1_624' title='bbox 2596 3504 2789 3559; x_wconf 82' lang='lat' dir='ltr'><strong>dicens.</strong></span> <span class='ocrx_word' id='word_1_625' title='bbox 2817 3504 3013 3560; x_wconf 85' lang='lat' dir='ltr'><strong>Beatus</strong></span> <span class='ocrx_word' id='word_1_626' title='bbox 3038 3505 3227 3561; x_wconf 89' lang='lat' dir='ltr'><strong>Petrus</strong></span> <span class='ocrx_word' id='word_1_627' title='bbox 3248 3522 3347 3576; x_wconf 87' lang='lat' dir='ltr'><strong>pro</strong></span> <span class='ocrx_word' id='word_1_628' title='bbox 3366 3508 3533 3562; x_wconf 88' lang='lat' dir='ltr'><strong>nimia</strong></span> 
     </span>
    </p>
   </div>
   <div class='ocr_carea' id='block_1_81' title="bbox 1965 3594 3532 3666">
    <p class='ocr_par' dir='ltr' id='par_1_81' title="bbox 1965 3594 3532 3666">
     <span class='ocr_line' id='line_1_81' title="bbox 1965 3594 3532 3666; baseline 0.004 -18"><span class='ocrx_word' id='word_1_629' title='bbox 1965 3594 2147 3648; x_wconf 70' lang='lat' dir='ltr'><strong>ﬁde-et</strong></span> <span class='ocrx_word' id='word_1_630' title='bbox 2173 3609 2356 3648; x_wconf 88' lang='lat' dir='ltr'><strong>amore</strong></span> <span class='ocrx_word' id='word_1_631' title='bbox 2377 3610 2496 3662; x_wconf 69' lang='lat' dir='ltr'><strong>quae</strong></span> <span class='ocrx_word' id='word_1_632' title='bbox 2518 3595 2748 3651; x_wconf 87' lang='lat' dir='ltr'><strong>habebat</strong></span> <span class='ocrx_word' id='word_1_633' title='bbox 2775 3611 2903 3666; x_wconf 82' lang='lat' dir='ltr'><strong>erga</strong></span> <span class='ocrx_word' id='word_1_634' title='bbox 2927 3596 3092 3651; x_wconf 90' lang='lat' dir='ltr'><strong>Deum</strong></span> <span class='ocrx_word' id='word_1_635' title='bbox 3116 3606 3383 3661; x_wconf 90' lang='lat' dir='ltr'><strong>nostrum,</strong></span> <span class='ocrx_word' id='word_1_636' title='bbox 3407 3614 3532 3654; x_wconf 90' lang='lat' dir='ltr'><strong>cum</strong></span> 
     </span>
    </p>
   </div>
   <div class='ocr_carea' id='block_1_82' title="bbox 1965 3684 3536 3757">
    <p class='ocr_par' dir='ltr' id='par_1_82' title="bbox 1965 3684 3536 3757">
     <span class='ocr_line' id='line_1_82' title="bbox 1965 3684 3536 3757; baseline 0.003 -20"><span class='ocrx_word' id='word_1_637' title='bbox 1965 3684 2207 3739; x_wconf 89' lang='lat' dir='ltr'><strong>audisset</strong></span> <span class='ocrx_word' id='word_1_638' title='bbox 2234 3684 2520 3754; x_wconf 86' lang='lat' dir='ltr'><strong>opprobria</strong></span> <span class='ocrx_word' id='word_1_639' title='bbox 2549 3693 2603 3738; x_wconf 92' lang='lat' dir='ltr'><strong>et</strong></span> <span class='ocrx_word' id='word_1_640' title='bbox 2628 3693 2855 3739; x_wconf 90' lang='lat' dir='ltr'><strong>mortem</strong></span> <span class='ocrx_word' id='word_1_641' title='bbox 2880 3701 3038 3755; x_wconf 89' lang='lat' dir='ltr'><strong>quam</strong></span> <span class='ocrx_word' id='word_1_642' title='bbox 3062 3686 3319 3743; x_wconf 91' lang='lat' dir='ltr'><strong>Dominus</strong></span> <span class='ocrx_word' id='word_1_643' title='bbox 3339 3689 3536 3757; x_wconf 63' lang='lat' dir='ltr'><strong>praedi-</strong></span> 
     </span>
    </p>
   </div>
   <div class='ocr_carea' id='block_1_83' title="bbox 1963 3773 3534 3845">
    <p class='ocr_par' dir='ltr' id='par_1_83' title="bbox 1963 3773 3534 3845">
     <span class='ocr_line' id='line_1_83' title="bbox 1963 3773 3534 3845; baseline 0.001 -15"><span class='ocrx_word' id='word_1_644' title='bbox 1963 3776 2120 3830; x_wconf 86' lang='lat' dir='ltr'><strong>cebat</strong></span> <span class='ocrx_word' id='word_1_645' title='bbox 2148 3790 2206 3829; x_wconf 91' lang='lat' dir='ltr'><strong>se</strong></span> <span class='ocrx_word' id='word_1_646' title='bbox 2233 3789 2516 3843; x_wconf 88' lang='lat' dir='ltr'><strong>passurum</strong></span> <span class='ocrx_word' id='word_1_647' title='bbox 2539 3773 2946 3845; x_wconf 76' lang='lat' dir='ltr'><strong>Hierosolymis.</strong></span> <span class='ocrx_word' id='word_1_648' title='bbox 2972 3777 3325 3844; x_wconf 79' lang='lat' dir='ltr'><strong>apprehendit</strong></span> <span class='ocrx_word' id='word_1_649' title='bbox 3357 3778 3534 3832; x_wconf 87' lang='lat' dir='ltr'><strong>Domi-</strong></span> 
     </span>
    </p>
   </div>
   <div class='ocr_carea' id='block_1_84' title="bbox 1963 3864 3528 3936">
    <p class='ocr_par' dir='ltr' id='par_1_84' title="bbox 1963 3864 3528 3936">
     <span class='ocr_line' id='line_1_84' title="bbox 1963 3864 3528 3936; baseline 0.001 -17"><span class='ocrx_word' id='word_1_650' title='bbox 1963 3866 2167 3919; x_wconf 88' lang='lat' dir='ltr'><strong>minum</strong></span> <span class='ocrx_word' id='word_1_651' title='bbox 2194 3874 2402 3920; x_wconf 88' lang='lat' dir='ltr'><strong>secreto</strong></span> <span class='ocrx_word' id='word_1_652' title='bbox 2420 3905 2434 3929; x_wconf 95' lang='lat'><strong>,</strong></span> <span class='ocrx_word' id='word_1_653' title='bbox 2462 3879 2531 3919; x_wconf 90' lang='lat' dir='ltr'><strong>ne</strong></span> <span class='ocrx_word' id='word_1_654' title='bbox 2558 3880 2741 3919; x_wconf 89' lang='lat' dir='ltr'><strong>coram</strong></span> <span class='ocrx_word' id='word_1_655' title='bbox 2767 3865 2885 3918; x_wconf 87' lang='lat' dir='ltr'><strong>aliis</strong></span> <span class='ocrx_word' id='word_1_656' title='bbox 2916 3864 3188 3921; x_wconf 87' lang='lat' dir='ltr'><strong>videretur</strong></span> <span class='ocrx_word' id='word_1_657' title='bbox 3213 3868 3528 3936; x_wconf 81' lang='lat' dir='ltr'><strong>magistrum</strong></span> 
     </span>
    </p>
   </div>
   <div class='ocr_carea' id='block_1_85' title="bbox 1964 3953 3531 4038">
    <p class='ocr_par' dir='ltr' id='par_1_85' title="bbox 1964 3953 3531 4038">
     <span class='ocr_line' id='line_1_85' title="bbox 1964 3953 3531 4038; baseline -0.001 -29"><span class='ocrx_word' id='word_1_658' title='bbox 1964 3956 2286 4038; x_wconf 76' lang='lat' dir='ltr'><strong>redarguere</strong></span> <span class='ocrx_word' id='word_1_659' title='bbox 2306 3996 2320 4018; x_wconf 94' lang='lat'><strong>,</strong></span> <span class='ocrx_word' id='word_1_660' title='bbox 2351 3963 2407 4009; x_wconf 88' lang='lat' dir='ltr'><strong>et</strong></span> <span class='ocrx_word' id='word_1_661' title='bbox 2434 3954 2597 4025; x_wconf 57' lang='lat' dir='ltr'><strong>carpit</strong></span> <span class='ocrx_word' id='word_1_662' title='bbox 2616 3954 2664 4007; x_wconf 89' lang='lat' dir='ltr'><strong>ei</strong></span> <span class='ocrx_word' id='word_1_663' title='bbox 2699 3954 2763 4008; x_wconf 89' lang='lat' dir='ltr'><strong>de</strong></span> <span class='ocrx_word' id='word_1_664' title='bbox 2784 3953 2976 4009; x_wconf 78' lang='lat' dir='ltr'><strong>affectu</strong></span> <span class='ocrx_word' id='word_1_665' title='bbox 3010 3954 3282 4010; x_wconf 82' lang='lat' dir='ltr'><strong>felicitatis</strong></span> <span class='ocrx_word' id='word_1_666' title='bbox 3312 3957 3531 4012; x_wconf 83' lang='lat' dir='ltr'><strong>dicere:</strong></span> 
     </span>
    </p>
   </div>
   <div class='ocr_carea' id='block_1_86' title="bbox 1964 4044 3533 4116">
    <p class='ocr_par' dir='ltr' id='par_1_86' title="bbox 1964 4044 3533 4116">
     <span class='ocr_line' id='line_1_86' title="bbox 1964 4044 3533 4116; baseline 0.002 -17"><span class='ocrx_word' id='word_1_667' title='bbox 1964 4047 2109 4099; x_wconf 86' lang='lat' dir='ltr'><strong>Absit</strong></span> <span class='ocrx_word' id='word_1_668' title='bbox 2132 4063 2164 4099; x_wconf 82' lang='grc' dir='ltr'><em>α</em></span> <span class='ocrx_word' id='word_1_669' title='bbox 2189 4054 2256 4109; x_wconf 85' lang='lat' dir='ltr'><strong>te,</strong></span> <span class='ocrx_word' id='word_1_670' title='bbox 2283 4044 2519 4109; x_wconf 86' lang='lat' dir='ltr'><strong>Domine,</strong></span> <span class='ocrx_word' id='word_1_671' title='bbox 2548 4060 2650 4098; x_wconf 90' lang='lat' dir='ltr'><strong>non</strong></span> <span class='ocrx_word' id='word_1_672' title='bbox 2671 4045 2768 4098; x_wconf 86' lang='lat' dir='ltr'><strong>erit</strong></span> <span class='ocrx_word' id='word_1_673' title='bbox 2791 4045 2887 4099; x_wconf 88' lang='lat' dir='ltr'><strong>tibi</strong></span> <span class='ocrx_word' id='word_1_674' title='bbox 2914 4047 3028 4100; x_wconf 82' lang='lat' dir='ltr'><strong>hoc.</strong></span> <span class='ocrx_word' id='word_1_675' title='bbox 3056 4046 3113 4100; x_wconf 81' lang='lat' dir='ltr'><strong>Id</strong></span> <span class='ocrx_word' id='word_1_676' title='bbox 3138 4053 3239 4110; x_wconf 90' lang='lat' dir='ltr'><strong>est,</strong></span> <span class='ocrx_word' id='word_1_677' title='bbox 3271 4047 3372 4101; x_wconf 89' lang='lat' dir='ltr'><strong>hoc</strong></span> <span class='ocrx_word' id='word_1_678' title='bbox 3390 4049 3533 4116; x_wconf 87' lang='lat' dir='ltr'><strong>quod</strong></span> 
     </span>
    </p>
   </div>
   <div class='ocr_carea' id='block_1_87' title="bbox 1964 4135 3530 4207">
    <p class='ocr_par' dir='ltr' id='par_1_87' title="bbox 1964 4135 3530 4207">
     <span class='ocr_line' id='line_1_87' title="bbox 1964 4135 3530 4207; baseline -0.001 -14"><span class='ocrx_word' id='word_1_679' title='bbox 1964 4138 2099 4193; x_wconf 86' lang='lat' dir='ltr'><strong>dicis</strong></span> <span class='ocrx_word' id='word_1_680' title='bbox 2150 4137 2302 4207; x_wconf 85' lang='lat' dir='ltr'><strong>longe</strong></span> <span class='ocrx_word' id='word_1_681' title='bbox 2349 4135 2421 4191; x_wconf 89' lang='lat' dir='ltr'><strong>sit</strong></span> <span class='ocrx_word' id='word_1_682' title='bbox 2467 4150 2498 4189; x_wconf 93' lang='lat' dir='ltr'><strong>a</strong></span> <span class='ocrx_word' id='word_1_683' title='bbox 2546 4144 2615 4190; x_wconf 91' lang='lat' dir='ltr'><strong>te.</strong></span> <span class='ocrx_word' id='word_1_684' title='bbox 2669 4135 2756 4190; x_wconf 84' lang='lat' dir='ltr'><strong>Vel</strong></span> <span class='ocrx_word' id='word_1_685' title='bbox 2804 4137 2945 4192; x_wconf 89' lang='lat' dir='ltr'><strong>sicut</strong></span> <span class='ocrx_word' id='word_1_686' title='bbox 2991 4138 3044 4191; x_wconf 93' lang='lat' dir='ltr'><strong>in</strong></span> <span class='ocrx_word' id='word_1_687' title='bbox 3102 4136 3291 4192; x_wconf 63' lang='lat' dir='ltr'><strong>Grieco</strong></span> <span class='ocrx_word' id='word_1_688' title='bbox 3347 4137 3530 4203; x_wconf 88' lang='lat' dir='ltr'><strong>habet,</strong></span> 
     </span>
    </p>
   </div>
   <div class='ocr_carea' id='block_1_88' title="bbox 1963 4226 3539 4297">
    <p class='ocr_par' dir='ltr' id='par_1_88' title="bbox 1963 4226 3539 4297">
     <span class='ocr_line' id='line_1_88' title="bbox 1963 4226 3539 4297; baseline -0.003 -12"><span class='ocrx_word' id='word_1_689' title='bbox 1963 4231 2186 4286; x_wconf 57' lang='lat' dir='ltr'><strong>amem</strong></span> <span class='ocrx_word' id='word_1_690' title='bbox 2216 4232 2297 4283; x_wconf 82' lang='grc' dir='ltr'><strong>σοὶ</strong></span> <span class='ocrx_word' id='word_1_691' title='bbox 2332 4245 2345 4279; x_wconf 92' lang='lat'><strong>:</strong></span> <span class='ocrx_word' id='word_1_692' title='bbox 2388 4226 2539 4294; x_wconf 85' lang='lat' dir='ltr'><strong>Quod</strong></span> <span class='ocrx_word' id='word_1_693' title='bbox 2564 4235 2677 4289; x_wconf 91' lang='lat' dir='ltr'><strong>est,</strong></span> <span class='ocrx_word' id='word_1_694' title='bbox 2724 4226 2992 4297; x_wconf 85' lang='lat' dir='ltr'><strong>Propitius</strong></span> <span class='ocrx_word' id='word_1_695' title='bbox 3019 4237 3127 4282; x_wconf 85' lang='lat' dir='ltr'><strong>esto</strong></span> <span class='ocrx_word' id='word_1_696' title='bbox 3170 4228 3283 4280; x_wconf 89' lang='lat' dir='ltr'><strong>tibi.</strong></span> <span class='ocrx_word' id='word_1_697' title='bbox 3313 4227 3539 4282; x_wconf 81' lang='lat' dir='ltr'><strong>Nolcbat</strong></span> 
     </span>
    </p>
   </div>
   <div class='ocr_carea' id='block_1_89' title="bbox 1963 4317 3536 4388">
    <p class='ocr_par' dir='ltr' id='par_1_89' title="bbox 1963 4317 3536 4388">
     <span class='ocr_line' id='line_1_89' title="bbox 1963 4317 3536 4388; baseline -0.002 -13"><span class='ocrx_word' id='word_1_698' title='bbox 1963 4321 2107 4376; x_wconf 89' lang='lat' dir='ltr'><strong>enim</strong></span> <span class='ocrx_word' id='word_1_699' title='bbox 2131 4319 2409 4375; x_wconf 89' lang='lat' dir='ltr'><strong>destruere</strong></span> <span class='ocrx_word' id='word_1_700' title='bbox 2442 4317 2830 4373; x_wconf 83' lang='lat' dir='ltr'><strong>confessionem</strong></span> <span class='ocrx_word' id='word_1_701' title='bbox 2859 4334 3010 4373; x_wconf 86' lang='lat' dir='ltr'><strong>suam</strong></span> <span class='ocrx_word' id='word_1_702' title='bbox 3030 4360 3044 4377; x_wconf 88' lang='lat'><strong>,</strong></span> <span class='ocrx_word' id='word_1_703' title='bbox 3085 4326 3140 4374; x_wconf 91' lang='lat' dir='ltr'><strong>et</strong></span> <span class='ocrx_word' id='word_1_704' title='bbox 3162 4317 3387 4387; x_wconf 88' lang='lat' dir='ltr'><strong>putabat</strong></span> <span class='ocrx_word' id='word_1_705' title='bbox 3411 4332 3536 4388; x_wconf 88' lang='lat' dir='ltr'><strong>per—</strong></span> 
     </span>
    </p>
   </div>
   <div class='ocr_carea' id='block_1_90' title="bbox 1964 4402 3532 4481">
    <p class='ocr_par' dir='ltr' id='par_1_90' title="bbox 1964 4402 3532 4481">
     <span class='ocr_line' id='line_1_90' title="bbox 1964 4402 3532 4481; baseline -0.003 -15"><span class='ocrx_word' id='word_1_706' title='bbox 1964 4412 2089 4466; x_wconf 90' lang='lat' dir='ltr'><strong>dere</strong></span> <span class='ocrx_word' id='word_1_707' title='bbox 2114 4409 2392 4481; x_wconf 69' lang='lat' dir='ltr'><strong>prsemittm</strong></span> <span class='ocrx_word' id='word_1_708' title='bbox 2418 4408 2712 4463; x_wconf 87' lang='lat' dir='ltr'><strong>Salvatoris</strong></span> <span class='ocrx_word' id='word_1_709' title='bbox 2741 4409 2883 4477; x_wconf 87' lang='lat' dir='ltr'><strong>quod</strong></span> <span class='ocrx_word' id='word_1_710' title='bbox 2912 4409 3156 4463; x_wconf 87' lang='lat' dir='ltr'><strong>audierat</strong></span> <span class='ocrx_word' id='word_1_711' title='bbox 3186 4423 3201 4461; x_wconf 90' lang='lat'><strong>:</strong></span> <span class='ocrx_word' id='word_1_712' title='bbox 3236 4402 3431 4462; x_wconf 82' lang='lat' dir='ltr'><strong>Beatus</strong></span> <span class='ocrx_word' id='word_1_713' title='bbox 3459 4424 3532 4472; x_wconf 76' lang='lat' dir='ltr'><strong>es,</strong></span> 
     </span>
    </p>
   </div>
   <div class='ocr_carea' id='block_1_91' title="bbox 294 4487 3537 4569">
    <p class='ocr_par' dir='ltr' id='par_1_91' title="bbox 294 4487 3537 4569">
     <span class='ocr_line' id='line_1_91' title="bbox 294 4487 3537 4569; baseline 0.001 -18"><span class='ocrx_word' id='word_1_714' title='bbox 294 4496 493 4561; x_wconf 89' lang='lat' dir='ltr'><strong>sciant,</strong></span> <span class='ocrx_word' id='word_1_715' title='bbox 528 4495 669 4564; x_wconf 89' lang='lat' dir='ltr'><strong>quod</strong></span> <span class='ocrx_word' id='word_1_716' title='bbox 696 4495 997 4564; x_wconf 87' lang='lat' dir='ltr'><strong>quicunque</strong></span> <span class='ocrx_word' id='word_1_717' title='bbox 1030 4511 1089 4551; x_wconf 91' lang='lat' dir='ltr'><strong>se</strong></span> <span class='ocrx_word' id='word_1_718' title='bbox 1134 4497 1201 4551; x_wconf 88' lang='lat' dir='ltr'><strong>ab</strong></span> <span class='ocrx_word' id='word_1_719' title='bbox 1228 4497 1432 4551; x_wconf 85' lang='lat' dir='ltr'><strong>unitate</strong></span> <span class='ocrx_word' id='word_1_720' title='bbox 1469 4495 1587 4551; x_wconf 84' lang='lat' dir='ltr'><strong>ﬁdei</strong></span> <span class='ocrx_word' id='word_1_721' title='bbox 1616 4511 1863 4566; x_wconf 83' lang='lat' dir='ltr'><strong>segrega-</strong></span> <span class='ocrx_word' id='word_1_722' title='bbox 1888 4487 1943 4546; x_wconf 84' lang='grc' dir='ltr'><strong>Ι)</strong></span> <span class='ocrx_word' id='word_1_723' title='bbox 1968 4499 2151 4556; x_wconf 84' lang='lat' dir='ltr'><strong>Simon</strong></span> <span class='ocrx_word' id='word_1_724' title='bbox 2170 4501 2428 4569; x_wconf 85' lang='lat' dir='ltr'><strong>Barjona,</strong></span> <span class='ocrx_word' id='word_1_725' title='bbox 2454 4508 2510 4553; x_wconf 93' lang='lat' dir='ltr'><strong>et</strong></span> <span class='ocrx_word' id='word_1_726' title='bbox 2530 4499 2731 4568; x_wconf 87' lang='lat' dir='ltr'><strong>reliqua</strong></span> <span class='ocrx_word' id='word_1_727' title='bbox 2757 4514 2875 4569; x_wconf 72' lang='lat' dir='ltr'><strong>qua:</strong></span> <span class='ocrx_word' id='word_1_728' title='bbox 2893 4500 3156 4555; x_wconf 79' lang='lat' dir='ltr'><strong>audierat.</strong></span> <span class='ocrx_word' id='word_1_729' title='bbox 3179 4498 3288 4555; x_wconf 88' lang='lat' dir='ltr'><strong>Nec</strong></span> <span class='ocrx_word' id='word_1_730' title='bbox 3312 4500 3537 4569; x_wconf 88' lang='lat' dir='ltr'><strong>putabat</strong></span> 
     </span>
    </p>
   </div>
   <div class='ocr_carea' id='block_1_92' title="bbox 291 4586 1863 4654">
    <p class='ocr_par' dir='ltr' id='par_1_92' title="bbox 291 4586 1863 4654">
     <span class='ocr_line' id='line_1_92' title="bbox 291 4586 1863 4654; baseline 0 -15"><span class='ocrx_word' id='word_1_731' title='bbox 291 4586 494 4647; x_wconf 89' lang='lat' dir='ltr'><strong>verint.</strong></span> <span class='ocrx_word' id='word_1_732' title='bbox 528 4600 626 4639; x_wconf 89' lang='lat' dir='ltr'><strong>nec</strong></span> <span class='ocrx_word' id='word_1_733' title='bbox 666 4586 871 4639; x_wconf 88' lang='lat' dir='ltr'><strong>veniam</strong></span> <span class='ocrx_word' id='word_1_734' title='bbox 908 4596 1249 4654; x_wconf 82' lang='lat' dir='ltr'><strong>pcecatomm</strong></span> <span class='ocrx_word' id='word_1_735' title='bbox 1297 4594 1714 4654; x_wconf 88' lang='lat' dir='ltr'><strong>consequentur,</strong></span> <span class='ocrx_word' id='word_1_736' title='bbox 1764 4600 1863 4640; x_wconf 93' lang='lat' dir='ltr'><strong>nec</strong></span> 
     </span>
    </p>
   </div>
   <div class='ocr_carea' id='block_1_93' title="bbox 293 4675 1865 4745">
    <p class='ocr_par' dir='ltr' id='par_1_93' title="bbox 293 4675 1865 4745">
     <span class='ocr_line' id='line_1_93' title="bbox 293 4675 1865 4745; baseline -0.001 -14"><span class='ocrx_word' id='word_1_737' title='bbox 293 4677 500 4731; x_wconf 85' lang='lat' dir='ltr'><strong>aditum</strong></span> <span class='ocrx_word' id='word_1_738' title='bbox 546 4675 694 4745; x_wconf 87' lang='lat' dir='ltr'><strong>regni</strong></span> <span class='ocrx_word' id='word_1_739' title='bbox 736 4675 992 4730; x_wconf 77' lang='lat' dir='ltr'><strong>caelorum</strong></span> <span class='ocrx_word' id='word_1_740' title='bbox 1028 4676 1230 4730; x_wconf 87' lang='lat' dir='ltr'><strong>intrare</strong></span> <span class='ocrx_word' id='word_1_741' title='bbox 1272 4684 1541 4745; x_wconf 86' lang='lat' dir='ltr'><strong>poterunt.</strong></span> <span class='ocrx_word' id='word_1_742' title='bbox 1588 4675 1865 4729; x_wconf 88' lang='lat' dir='ltr'><strong>imitemur</strong></span> 
     </span>
    </p>
   </div>
   <div class='ocr_carea' id='block_1_94' title="bbox 293 4750 1864 4836">
    <p class='ocr_par' dir='ltr' id='par_1_94' title="bbox 293 4750 1864 4836">
     <span class='ocr_line' id='line_1_94' title="bbox 293 4750 1864 4836; baseline 0.001 -16"><span class='ocrx_word' id='word_1_743' title='bbox 293 4780 426 4836; x_wconf 85' lang='lat' dir='ltr'><strong>ergo</strong></span> <span class='ocrx_word' id='word_1_744' title='bbox 451 4766 667 4819; x_wconf 88' lang='lat' dir='ltr'><strong>beatum</strong></span> <span class='ocrx_word' id='word_1_745' title='bbox 694 4765 910 4819; x_wconf 90' lang='lat' dir='ltr'><strong>Petrum</strong></span> <span class='ocrx_word' id='word_1_746' title='bbox 937 4766 990 4819; x_wconf 87' lang='lat' dir='ltr'><strong>in</strong></span> <span class='ocrx_word' id='word_1_747' title='bbox 1012 4750 1346 4820; x_wconf 79' lang='lat' dir='ltr'><strong>confessione</strong></span> <span class='ocrx_word' id='word_1_748' title='bbox 1370 4782 1508 4820; x_wconf 70' lang='lat' dir='ltr'><strong>verae</strong></span> <span class='ocrx_word' id='word_1_749' title='bbox 1534 4766 1675 4830; x_wconf 88' lang='lat' dir='ltr'><strong>lidei,</strong></span> <span class='ocrx_word' id='word_1_750' title='bbox 1708 4774 1764 4819; x_wconf 89' lang='lat' dir='ltr'><strong>ut</strong></span> <span class='ocrx_word' id='word_1_751' title='bbox 1784 4767 1864 4822; x_wconf 88' lang='lat' dir='ltr'><strong>sic</strong></span> 
     </span>
    </p>
   </div>
   <div class='ocr_carea' id='block_1_95' title="bbox 295 4854 1864 4919">
    <p class='ocr_par' dir='ltr' id='par_1_95' title="bbox 295 4854 1864 4919">
     <span class='ocr_line' id='line_1_95' title="bbox 295 4854 1864 4919; baseline 0.001 -8"><span class='ocrx_word' id='word_1_752' title='bbox 295 4865 355 4911; x_wconf 90' lang='lat' dir='ltr'><strong>et</strong></span> <span class='ocrx_word' id='word_1_753' title='bbox 394 4857 557 4910; x_wconf 88' lang='lat' dir='ltr'><strong>corde</strong></span> <span class='ocrx_word' id='word_1_754' title='bbox 597 4854 909 4919; x_wconf 85' lang='lat' dir='ltr'><strong>credamus,</strong></span> <span class='ocrx_word' id='word_1_755' title='bbox 947 4864 1001 4909; x_wconf 90' lang='lat' dir='ltr'><strong>et</strong></span> <span class='ocrx_word' id='word_1_756' title='bbox 1038 4871 1135 4909; x_wconf 86' lang='lat' dir='ltr'><strong>ore</strong></span> <span class='ocrx_word' id='word_1_757' title='bbox 1178 4855 1544 4910; x_wconf 77' lang='lat' dir='ltr'><strong>conﬁteantur.</strong></span> <span class='ocrx_word' id='word_1_758' title='bbox 1591 4856 1864 4912; x_wconf 87' lang='lat' dir='ltr'><strong>Imitemur</strong></span> 
     </span>
    </p>
   </div>
   <div class='ocr_carea' id='block_1_96' title="bbox 295 4943 1861 5018">
    <p class='ocr_par' dir='ltr' id='par_1_96' title="bbox 295 4943 1861 5018">
     <span class='ocr_line' id='line_1_96' title="bbox 295 4943 1861 5018; baseline 0.001 -18"><span class='ocrx_word' id='word_1_759' title='bbox 295 4945 446 5000; x_wconf 85' lang='lat' dir='ltr'><strong>illum</strong></span> <span class='ocrx_word' id='word_1_760' title='bbox 471 4943 538 5000; x_wconf 90' lang='lat' dir='ltr'><strong>de</strong></span> <span class='ocrx_word' id='word_1_761' title='bbox 562 4961 659 4999; x_wconf 88' lang='lat' dir='ltr'><strong>sua</strong></span> <span class='ocrx_word' id='word_1_762' title='bbox 688 4944 1053 5014; x_wconf 89' lang='lat' dir='ltr'><strong>simplicitate,</strong></span> <span class='ocrx_word' id='word_1_763' title='bbox 1078 4946 1202 5015; x_wconf 90' lang='lat' dir='ltr'><strong>quia</strong></span> <span class='ocrx_word' id='word_1_764' title='bbox 1231 4946 1369 5000; x_wconf 71' lang='lat' dir='ltr'><strong>filius</strong></span> <span class='ocrx_word' id='word_1_765' title='bbox 1395 4946 1654 5002; x_wconf 65' lang='lat' dir='ltr'><strong>columba:</strong></span> <span class='ocrx_word' id='word_1_766' title='bbox 1682 4949 1861 5018; x_wconf 89' lang='lat' dir='ltr'><strong>appel-</strong></span> 
     </span>
    </p>
   </div>
   <div class='ocr_carea' id='block_1_97' title="bbox 294 5037 1864 5109">
    <p class='ocr_par' dir='ltr' id='par_1_97' title="bbox 294 5037 1864 5109">
     <span class='ocr_line' id='line_1_97' title="bbox 294 5037 1864 5109; baseline 0.003 -18"><span class='ocrx_word' id='word_1_767' title='bbox 294 5037 457 5092; x_wconf 88' lang='lat' dir='ltr'><strong>latur.</strong></span> <span class='ocrx_word' id='word_1_768' title='bbox 504 5038 818 5094; x_wconf 87' lang='lat' dir='ltr'><strong>Constantia</strong></span> <span class='ocrx_word' id='word_1_769' title='bbox 863 5052 1075 5108; x_wconf 91' lang='lat' dir='ltr'><strong>quoque</strong></span> <span class='ocrx_word' id='word_1_770' title='bbox 1122 5039 1187 5092; x_wconf 87' lang='lat' dir='ltr'><strong>ad</strong></span> <span class='ocrx_word' id='word_1_771' title='bbox 1231 5040 1519 5093; x_wconf 86' lang='lat' dir='ltr'><strong>vincendas</strong></span> <span class='ocrx_word' id='word_1_772' title='bbox 1567 5041 1864 5109; x_wconf 87' lang='lat' dir='ltr'><strong>voluptates</strong></span> 
     </span>
    </p>
   </div>
   <div class='ocr_carea' id='block_1_98' title="bbox 295 5126 1865 5202">
    <p class='ocr_par' dir='ltr' id='par_1_98' title="bbox 295 5126 1865 5202">
     <span class='ocr_line' id='line_1_98' title="bbox 295 5126 1865 5202; baseline 0.001 -17"><span class='ocrx_word' id='word_1_773' title='bbox 295 5126 1206 5200; x_wconf 65' lang='lat' dir='ltr'><strong>smculiparesilliessesatagamus,</strong></span> <span class='ocrx_word' id='word_1_774' title='bbox 1232 5141 1289 5184; x_wconf 91' lang='lat' dir='ltr'><strong>ut</strong></span> <span class='ocrx_word' id='word_1_775' title='bbox 1327 5131 1389 5184; x_wconf 88' lang='lat' dir='ltr'><strong>ad</strong></span> <span class='ocrx_word' id='word_1_776' title='bbox 1425 5132 1572 5185; x_wconf 91' lang='lat' dir='ltr'><strong>illum</strong></span> <span class='ocrx_word' id='word_1_777' title='bbox 1607 5149 1728 5186; x_wconf 85' lang='lat' dir='ltr'><strong>cum</strong></span> <span class='ocrx_word' id='word_1_778' title='bbox 1759 5148 1865 5202; x_wconf 90' lang='lat' dir='ltr'><strong>quo</strong></span> 
     </span>
    </p>
   </div>
   <div class='ocr_carea' id='block_1_99' title="bbox 295 5220 1164 5290">
    <p class='ocr_par' dir='ltr' id='par_1_99' title="bbox 295 5220 1164 5290">
     <span class='ocr_line' id='line_1_99' title="bbox 295 5220 1164 5290; baseline 0 -16"><span class='ocrx_word' id='word_1_779' title='bbox 295 5220 411 5290; x_wconf 84' lang='lat' dir='ltr'><strong>ipse</strong></span> <span class='ocrx_word' id='word_1_780' title='bbox 436 5230 519 5275; x_wconf 88' lang='lat' dir='ltr'><strong>est</strong></span> <span class='ocrx_word' id='word_1_781' title='bbox 541 5221 818 5290; x_wconf 81' lang='lat' dir='ltr'><strong>pervenire</strong></span> <span class='ocrx_word' id='word_1_782' title='bbox 843 5234 1164 5274; x_wconf 87' lang='lat' dir='ltr'><strong>mereamur.</strong></span> 
     </span>
    </p>
   </div>
   <div class='ocr_carea' id='block_1_100' title="bbox 372 5310 1862 5381">
    <p class='ocr_par' dir='ltr' id='par_1_100' title="bbox 372 5310 1862 5381">
     <span class='ocr_line' id='line_1_100' title="bbox 372 5310 1862 5381; baseline 0 -17"><span class='ocrx_word' id='word_1_783' title='bbox 372 5310 516 5364; x_wconf 82' lang='lat' dir='ltr'><strong>Tunc</strong></span> <span class='ocrx_word' id='word_1_784' title='bbox 549 5313 788 5381; x_wconf 59' lang='lat' dir='ltr'><strong>praecepit</strong></span> <span class='ocrx_word' id='word_1_785' title='bbox 830 5310 1099 5381; x_wconf 82' lang='lat' dir='ltr'><strong>discipulis</strong></span> <span class='ocrx_word' id='word_1_786' title='bbox 1144 5312 1255 5364; x_wconf 88' lang='lat' dir='ltr'><strong>suis</strong></span> <span class='ocrx_word' id='word_1_787' title='bbox 1298 5321 1353 5362; x_wconf 90' lang='lat' dir='ltr'><strong>ut</strong></span> <span class='ocrx_word' id='word_1_788' title='bbox 1399 5311 1588 5364; x_wconf 85' lang='lat' dir='ltr'><strong>nemini</strong></span> <span class='ocrx_word' id='word_1_789' title='bbox 1637 5312 1862 5364; x_wconf 87' lang='lat' dir='ltr'><strong>dicerent</strong></span> 
     </span>
    </p>
   </div>
   <div class='ocr_carea' id='block_1_101' title="bbox 294 5400 1864 5480">
    <p class='ocr_par' dir='ltr' id='par_1_101' title="bbox 294 5400 1864 5480">
     <span class='ocr_line' id='line_1_101' title="bbox 294 5400 1864 5480; baseline 0.003 -28"><span class='ocrx_word' id='word_1_790' title='bbox 294 5403 420 5469; x_wconf 81' lang='lat' dir='ltr'><strong>quia</strong></span> <span class='ocrx_word' id='word_1_791' title='bbox 457 5402 563 5466; x_wconf 79' lang='lat' dir='ltr'><strong>ipse</strong></span> <span class='ocrx_word' id='word_1_792' title='bbox 596 5400 1021 5480; x_wconf 48' lang='lat' dir='ltr'><strong>essenChristus.</strong></span> <span class='ocrx_word' id='word_1_793' title='bbox 1053 5401 1303 5473; x_wconf 81' lang='lat' dir='ltr'><strong>Legimus</strong></span> <span class='ocrx_word' id='word_1_794' title='bbox 1346 5418 1504 5470; x_wconf 89' lang='lat' dir='ltr'><strong>supra</strong></span> <span class='ocrx_word' id='word_1_795' title='bbox 1550 5404 1673 5471; x_wconf 89' lang='lat' dir='ltr'><strong>quia</strong></span> <span class='ocrx_word' id='word_1_796' title='bbox 1719 5404 1864 5457; x_wconf 86' lang='lat' dir='ltr'><strong>misit</strong></span> 
     </span>
    </p>
   </div>
   <div class='ocr_carea' id='block_1_102' title="bbox 297 5488 1861 5561">
    <p class='ocr_par' dir='ltr' id='par_1_102' title="bbox 297 5488 1861 5561">
     <span class='ocr_line' id='line_1_102' title="bbox 297 5488 1861 5561; baseline 0.004 -22"><span class='ocrx_word' id='word_1_797' title='bbox 297 5488 584 5559; x_wconf 81' lang='lat' dir='ltr'><strong>discipulos</strong></span> <span class='ocrx_word' id='word_1_798' title='bbox 630 5508 753 5545; x_wconf 84' lang='lat' dir='ltr'><strong>suos</strong></span> <span class='ocrx_word' id='word_1_799' title='bbox 796 5493 859 5544; x_wconf 84' lang='lat' dir='ltr'><strong>ad</strong></span> <span class='ocrx_word' id='word_1_800' title='bbox 897 5492 1317 5561; x_wconf 56' lang='lat' dir='ltr'><strong>praedicandum,</strong></span> <span class='ocrx_word' id='word_1_801' title='bbox 1363 5501 1416 5544; x_wconf 89' lang='lat' dir='ltr'><strong>et</strong></span> <span class='ocrx_word' id='word_1_802' title='bbox 1456 5492 1616 5558; x_wconf 67' lang='lat' dir='ltr'><strong>jussit</strong></span> <span class='ocrx_word' id='word_1_803' title='bbox 1657 5509 1861 5546; x_wconf 73' lang='lat' dir='ltr'><strong>mutuu-</strong></span> 
     </span>
    </p>
   </div>
   <div class='ocr_carea' id='block_1_103' title="bbox 298 5579 1860 5653">
    <p class='ocr_par' dir='ltr' id='par_1_103' title="bbox 298 5579 1860 5653">
     <span class='ocr_line' id='line_1_103' title="bbox 298 5579 1860 5653; baseline 0.006 -22"><span class='ocrx_word' id='word_1_804' title='bbox 298 5579 457 5641; x_wconf 87' lang='lat' dir='ltr'><strong>tiare,</strong></span> <span class='ocrx_word' id='word_1_805' title='bbox 504 5583 786 5635; x_wconf 67' lang='lat' dir='ltr'><strong>adventum</strong></span> <span class='ocrx_word' id='word_1_806' title='bbox 833 5599 983 5636; x_wconf 79' lang='lat' dir='ltr'><strong>suum</strong></span> <span class='ocrx_word' id='word_1_807' title='bbox 1028 5584 1092 5636; x_wconf 87' lang='lat' dir='ltr'><strong>ad</strong></span> <span class='ocrx_word' id='word_1_808' title='bbox 1138 5598 1259 5645; x_wconf 86' lang='lat' dir='ltr'><strong>eos;</strong></span> <span class='ocrx_word' id='word_1_809' title='bbox 1314 5598 1453 5633; x_wconf 86' lang='lat' dir='ltr'><strong>nunc.</strong></span> <span class='ocrx_word' id='word_1_810' title='bbox 1501 5586 1749 5653; x_wconf 66' lang='lat' dir='ltr'><strong>prazcrpit</strong></span> <span class='ocrx_word' id='word_1_811' title='bbox 1794 5602 1860 5641; x_wconf 84' lang='lat' dir='ltr'><strong>ne</strong></span> 
     </span>
    </p>
   </div>
   <div class='ocr_carea' id='block_1_104' title="bbox 286 5674 1856 5747">
    <p class='ocr_par' dir='ltr' id='par_1_104' title="bbox 286 5674 1856 5747">
     <span class='ocr_line' id='line_1_104' title="bbox 286 5674 1856 5747; baseline 0.006 -24"><span class='ocrx_word' id='word_1_812' title='bbox 286 5682 421 5733; x_wconf 60' lang='lat' dir='ltr'><strong>,eutn</strong></span> <span class='ocrx_word' id='word_1_813' title='bbox 479 5674 653 5728; x_wconf 81' lang='lat' dir='ltr'><strong>dicant</strong></span> <span class='ocrx_word' id='word_1_814' title='bbox 699 5674 999 5738; x_wconf 71' lang='lat' dir='ltr'><strong>Christum,</strong></span> <span class='ocrx_word' id='word_1_815' title='bbox 1048 5675 1138 5729; x_wconf 78' lang='lat' dir='ltr'><strong>sed</strong></span> <span class='ocrx_word' id='word_1_816' title='bbox 1192 5674 1441 5728; x_wconf 75' lang='lat' dir='ltr'><strong>discretio</strong></span> <span class='ocrx_word' id='word_1_817' title='bbox 1487 5685 1567 5730; x_wconf 70' lang='lat' dir='ltr'><strong>est</strong></span> <span class='ocrx_word' id='word_1_818' title='bbox 1619 5678 1856 5747; x_wconf 47' lang='lat' dir='ltr'><strong>itzttlligi.</strong></span> 
     </span>
    </p>
   </div>
   <div class='ocr_carea' id='block_1_105' title="bbox 1965 4578 3532 4662">
    <p class='ocr_par' dir='ltr' id='par_1_105' title="bbox 1965 4578 3532 4662">
     <span class='ocr_line' id='line_1_105' title="bbox 1965 4578 3532 4662; baseline -0.001 -15"><span class='ocrx_word' id='word_1_819' title='bbox 1965 4606 2123 4662; x_wconf 90' lang='lat' dir='ltr'><strong>posse</strong></span> <span class='ocrx_word' id='word_1_820' title='bbox 2140 4592 2255 4647; x_wconf 85' lang='lat' dir='ltr'><strong>ﬁeri</strong></span> <span class='ocrx_word' id='word_1_821' title='bbox 2278 4599 2337 4646; x_wconf 90' lang='lat' dir='ltr'><strong>ut</strong></span> <span class='ocrx_word' id='word_1_822' title='bbox 2358 4590 2524 4646; x_wconf 81' lang='lat' dir='ltr'><strong>Filius</strong></span> <span class='ocrx_word' id='word_1_823' title='bbox 2546 4591 2639 4645; x_wconf 89' lang='lat' dir='ltr'><strong>Dei</strong></span> <span class='ocrx_word' id='word_1_824' title='bbox 2660 4578 3018 4647; x_wconf 74' lang='lat' dir='ltr'><strong>occideretur.</strong></span> <span class='ocrx_word' id='word_1_825' title='bbox 3049 4592 3169 4647; x_wconf 87' lang='lat' dir='ltr'><strong>Non</strong></span> <span class='ocrx_word' id='word_1_826' title='bbox 3189 4594 3287 4647; x_wconf 87' lang='lat' dir='ltr'><strong>erit</strong></span> <span class='ocrx_word' id='word_1_827' title='bbox 3308 4591 3398 4645; x_wconf 84' lang='lat' dir='ltr'><strong>tibi</strong></span> <span class='ocrx_word' id='word_1_828' title='bbox 3416 4593 3532 4645; x_wconf 81' lang='lat' dir='ltr'><strong>hoc.</strong></span> 
     </span>
    </p>
   </div>
   <div class='ocr_carea' id='block_1_106' title="bbox 1966 4682 3534 4753">
    <p class='ocr_par' dir='ltr' id='par_1_106' title="bbox 1966 4682 3534 4753">
     <span class='ocr_line' id='line_1_106' title="bbox 1966 4682 3534 4753; baseline 0 -16"><span class='ocrx_word' id='word_1_829' title='bbox 1966 4682 2082 4737; x_wconf 78' lang='lat' dir='ltr'><strong>Non</strong></span> <span class='ocrx_word' id='word_1_830' title='bbox 2103 4692 2326 4752; x_wconf 90' lang='lat' dir='ltr'><strong>possunt</strong></span> <span class='ocrx_word' id='word_1_831' title='bbox 2344 4696 2503 4736; x_wconf 90' lang='lat' dir='ltr'><strong>aures</strong></span> <span class='ocrx_word' id='word_1_832' title='bbox 2520 4697 2651 4736; x_wconf 76' lang='lat' dir='ltr'><strong>meae</strong></span> <span class='ocrx_word' id='word_1_833' title='bbox 2672 4682 2773 4736; x_wconf 89' lang='lat' dir='ltr'><strong>ista</strong></span> <span class='ocrx_word' id='word_1_834' title='bbox 2796 4684 3094 4753; x_wconf 86' lang='lat' dir='ltr'><strong>percipere,</strong></span> <span class='ocrx_word' id='word_1_835' title='bbox 3117 4697 3219 4738; x_wconf 92' lang='lat' dir='ltr'><strong>nec</strong></span> <span class='ocrx_word' id='word_1_836' title='bbox 3242 4698 3337 4740; x_wconf 88' lang='lat' dir='ltr'><strong>cor</strong></span> <span class='ocrx_word' id='word_1_837' title='bbox 3357 4698 3534 4738; x_wconf 79' lang='lat' dir='ltr'><strong>meum</strong></span> 
     </span>
    </p>
   </div>
   <div class='ocr_carea' id='block_1_107' title="bbox 1966 4769 3534 4843">
    <p class='ocr_par' dir='ltr' id='par_1_107' title="bbox 1966 4769 3534 4843">
     <span class='ocr_line' id='line_1_107' title="bbox 1966 4769 3534 4843; baseline 0 -16"><span class='ocrx_word' id='word_1_838' title='bbox 1966 4772 2205 4827; x_wconf 89' lang='lat' dir='ltr'><strong>credere.</strong></span> <span class='ocrx_word' id='word_1_839' title='bbox 2240 4769 2342 4836; x_wconf 82' lang='lat' dir='ltr'><strong>Qui</strong></span> <span class='ocrx_word' id='word_1_840' title='bbox 2382 4788 2657 4825; x_wconf 85' lang='lat' dir='ltr'><strong>conversus</strong></span> <span class='ocrx_word' id='word_1_841' title='bbox 2695 4771 2829 4825; x_wconf 74' lang='lat' dir='ltr'><strong>dixit</strong></span> <span class='ocrx_word' id='word_1_842' title='bbox 2856 4769 3015 4825; x_wconf 89' lang='lat' dir='ltr'><strong>Petro</strong></span> <span class='ocrx_word' id='word_1_843' title='bbox 3046 4790 3065 4827; x_wconf 89' lang='lat'><strong><em>:</em></strong></span> <span class='ocrx_word' id='word_1_844' title='bbox 3108 4770 3245 4828; x_wconf 85' lang='lat' dir='ltr'><strong>Vade</strong></span> <span class='ocrx_word' id='word_1_845' title='bbox 3277 4782 3390 4843; x_wconf 85' lang='lat' dir='ltr'><strong>post</strong></span> <span class='ocrx_word' id='word_1_846' title='bbox 3419 4790 3534 4837; x_wconf 80' lang='lat' dir='ltr'><strong>me,</strong></span> 
     </span>
    </p>
   </div>
   <div class='ocr_carea' id='block_1_108' title="bbox 1966 4860 3533 4937">
    <p class='ocr_par' dir='ltr' id='par_1_108' title="bbox 1966 4860 3533 4937">
     <span class='ocr_line' id='line_1_108' title="bbox 1966 4860 3533 4937; baseline -0.001 -20"><span class='ocrx_word' id='word_1_847' title='bbox 1966 4861 2216 4917; x_wconf 86' lang='lat' dir='ltr'><strong>Satanas.</strong></span> <span class='ocrx_word' id='word_1_848' title='bbox 2261 4860 2489 4916; x_wconf 86' lang='lat' dir='ltr'><strong>Satanas</strong></span> <span class='ocrx_word' id='word_1_849' title='bbox 2520 4861 2716 4937; x_wconf 88' lang='lat' dir='ltr'><strong>dicitur</strong></span> <span class='ocrx_word' id='word_1_850' title='bbox 2750 4863 3082 4926; x_wconf 89' lang='lat' dir='ltr'><strong>contrarius;</strong></span> <span class='ocrx_word' id='word_1_851' title='bbox 3116 4862 3243 4917; x_wconf 84' lang='lat' dir='ltr'><strong>vade</strong></span> <span class='ocrx_word' id='word_1_852' title='bbox 3275 4871 3387 4931; x_wconf 81' lang='lat' dir='ltr'><strong>post</strong></span> <span class='ocrx_word' id='word_1_853' title='bbox 3423 4879 3533 4925; x_wconf 87' lang='lat' dir='ltr'><strong>me,</strong></span> 
     </span>
    </p>
   </div>
   <div class='ocr_carea' id='block_1_109' title="bbox 1963 4950 3535 5021">
    <p class='ocr_par' dir='ltr' id='par_1_109' title="bbox 1963 4950 3535 5021">
     <span class='ocr_line' id='line_1_109' title="bbox 1963 4950 3535 5021; baseline -0.001 -15"><span class='ocrx_word' id='word_1_854' title='bbox 1963 4968 2139 5007; x_wconf 88' lang='lat' dir='ltr'><strong>meam</strong></span> <span class='ocrx_word' id='word_1_855' title='bbox 2170 4966 2395 5021; x_wconf 88' lang='lat' dir='ltr'><strong>sequere</strong></span> <span class='ocrx_word' id='word_1_856' title='bbox 2418 4950 2752 5006; x_wconf 86' lang='lat' dir='ltr'><strong>voluntatem</strong></span> <span class='ocrx_word' id='word_1_857' title='bbox 2774 4960 2829 5005; x_wconf 89' lang='lat' dir='ltr'><strong>et</strong></span> <span class='ocrx_word' id='word_1_858' title='bbox 2849 4953 2956 5008; x_wconf 91' lang='lat' dir='ltr'><strong>noli</strong></span> <span class='ocrx_word' id='word_1_859' title='bbox 2981 4968 3101 5007; x_wconf 89' lang='lat' dir='ltr'><strong>esse</strong></span> <span class='ocrx_word' id='word_1_860' title='bbox 3123 4953 3189 5006; x_wconf 90' lang='lat' dir='ltr'><strong>de</strong></span> <span class='ocrx_word' id='word_1_861' title='bbox 3218 4952 3301 5006; x_wconf 90' lang='lat' dir='ltr'><strong>his</strong></span> <span class='ocrx_word' id='word_1_862' title='bbox 3319 4961 3535 5006; x_wconf 81' lang='lat' dir='ltr'><strong>contra-</strong></span> 
     </span>
    </p>
   </div>
   <div class='ocr_carea' id='block_1_110' title="bbox 1965 5039 3533 5109">
    <p class='ocr_par' dir='ltr' id='par_1_110' title="bbox 1965 5039 3533 5109">
     <span class='ocr_line' id='line_1_110' title="bbox 1965 5039 3533 5109; baseline -0.001 -15"><span class='ocrx_word' id='word_1_863' title='bbox 1965 5041 2077 5094; x_wconf 87' lang='lat' dir='ltr'><strong>rius</strong></span> <span class='ocrx_word' id='word_1_864' title='bbox 2115 5055 2234 5108; x_wconf 77' lang='lat' dir='ltr'><strong>quze</strong></span> <span class='ocrx_word' id='word_1_865' title='bbox 2260 5055 2290 5093; x_wconf 89' lang='lat' dir='ltr'><strong>a</strong></span> <span class='ocrx_word' id='word_1_866' title='bbox 2317 5055 2403 5094; x_wconf 90' lang='lat' dir='ltr'><strong>me</strong></span> <span class='ocrx_word' id='word_1_867' title='bbox 2437 5040 2681 5093; x_wconf 84' lang='lat' dir='ltr'><strong>ordinata</strong></span> <span class='ocrx_word' id='word_1_868' title='bbox 2704 5049 2831 5094; x_wconf 90' lang='lat' dir='ltr'><strong>sunt</strong></span> <span class='ocrx_word' id='word_1_869' title='bbox 2860 5057 2981 5094; x_wconf 91' lang='lat' dir='ltr'><strong>cum</strong></span> <span class='ocrx_word' id='word_1_870' title='bbox 3012 5041 3190 5095; x_wconf 84' lang='lat' dir='ltr'><strong>Patre.</strong></span> <span class='ocrx_word' id='word_1_871' title='bbox 3228 5039 3533 5109; x_wconf 84' lang='lat' dir='ltr'><strong>Discipulus</strong></span> 
     </span>
    </p>
   </div>
   <div class='ocr_carea' id='block_1_111' title="bbox 1963 5130 3531 5199">
    <p class='ocr_par' dir='ltr' id='par_1_111' title="bbox 1963 5130 3531 5199">
     <span class='ocr_line' id='line_1_111' title="bbox 1963 5130 3531 5199; baseline 0.001 -16"><span class='ocrx_word' id='word_1_872' title='bbox 1963 5144 2044 5193; x_wconf 86' lang='lat' dir='ltr'><strong>es,</strong></span> <span class='ocrx_word' id='word_1_873' title='bbox 2076 5139 2359 5198; x_wconf 88' lang='lat' dir='ltr'><strong>propterea</strong></span> <span class='ocrx_word' id='word_1_874' title='bbox 2387 5130 2550 5184; x_wconf 88' lang='lat' dir='ltr'><strong>debes</strong></span> <span class='ocrx_word' id='word_1_875' title='bbox 2575 5130 2748 5199; x_wconf 86' lang='lat' dir='ltr'><strong>sequi,</strong></span> <span class='ocrx_word' id='word_1_876' title='bbox 2774 5148 2878 5184; x_wconf 90' lang='lat' dir='ltr'><strong>non</strong></span> <span class='ocrx_word' id='word_1_877' title='bbox 2902 5132 3111 5185; x_wconf 86' lang='lat' dir='ltr'><strong>docere.</strong></span> <span class='ocrx_word' id='word_1_878' title='bbox 3141 5131 3255 5185; x_wconf 77' lang='lat' dir='ltr'><strong>Non</strong></span> <span class='ocrx_word' id='word_1_879' title='bbox 3282 5139 3366 5186; x_wconf 90' lang='lat' dir='ltr'><strong>est</strong></span> <span class='ocrx_word' id='word_1_880' title='bbox 3386 5131 3531 5185; x_wconf 87' lang='lat' dir='ltr'><strong>simi-</strong></span> 
     </span>
    </p>
   </div>
   <div class='ocr_carea' id='block_1_112' title="bbox 1967 5222 3532 5292">
    <p class='ocr_par' dir='ltr' id='par_1_112' title="bbox 1967 5222 3532 5292">
     <span class='ocr_line' id='line_1_112' title="bbox 1967 5222 3532 5292; baseline 0.003 -17"><span class='ocrx_word' id='word_1_881' title='bbox 1967 5222 2033 5277; x_wconf 89' lang='lat' dir='ltr'><strong>lis</strong></span> <span class='ocrx_word' id='word_1_882' title='bbox 2076 5224 2178 5275; x_wconf 87' lang='lat' dir='ltr'><strong>ista</strong></span> <span class='ocrx_word' id='word_1_883' title='bbox 2227 5223 2490 5276; x_wconf 87' lang='lat' dir='ltr'><strong>sententia</strong></span> <span class='ocrx_word' id='word_1_884' title='bbox 2539 5222 2612 5276; x_wconf 93' lang='lat' dir='ltr'><strong>illi</strong></span> <span class='ocrx_word' id='word_1_885' title='bbox 2662 5239 2825 5292; x_wconf 88' lang='lat' dir='ltr'><strong>quam</strong></span> <span class='ocrx_word' id='word_1_886' title='bbox 2864 5225 2928 5276; x_wconf 88' lang='lat' dir='ltr'><strong>ad</strong></span> <span class='ocrx_word' id='word_1_887' title='bbox 2958 5224 3225 5277; x_wconf 82' lang='lat' dir='ltr'><strong>diabolum</strong></span> <span class='ocrx_word' id='word_1_888' title='bbox 3274 5224 3532 5280; x_wconf 88' lang='lat' dir='ltr'><strong>Dominus</strong></span> 
     </span>
    </p>
   </div>
   <div class='ocr_carea' id='block_1_113' title="bbox 1966 5312 3533 5381">
    <p class='ocr_par' dir='ltr' id='par_1_113' title="bbox 1966 5312 3533 5381">
     <span class='ocr_line' id='line_1_113' title="bbox 1966 5312 3533 5381; baseline 0.001 -16"><span class='ocrx_word' id='word_1_889' title='bbox 1966 5312 2116 5369; x_wconf 83' lang='lat' dir='ltr'><strong>dixit,</strong></span> <span class='ocrx_word' id='word_1_890' title='bbox 2143 5312 2267 5381; x_wconf 87' lang='lat' dir='ltr'><strong>quia</strong></span> <span class='ocrx_word' id='word_1_891' title='bbox 2297 5312 2368 5364; x_wconf 92' lang='lat' dir='ltr'><strong>illi</strong></span> <span class='ocrx_word' id='word_1_892' title='bbox 2391 5313 2590 5365; x_wconf 90' lang='lat' dir='ltr'><strong>dictum</strong></span> <span class='ocrx_word' id='word_1_893' title='bbox 2614 5322 2717 5376; x_wconf 91' lang='lat' dir='ltr'><strong>est,</strong></span> <span class='ocrx_word' id='word_1_894' title='bbox 2756 5312 2914 5377; x_wconf 79' lang='lat' dir='ltr'><strong>Vade,</strong></span> <span class='ocrx_word' id='word_1_895' title='bbox 2940 5313 3189 5371; x_wconf 82' lang='lat' dir='ltr'><strong>Satanas.</strong></span> <span class='ocrx_word' id='word_1_896' title='bbox 3216 5315 3533 5369; x_wconf 84' lang='lat' dir='ltr'><strong>subauditur</strong></span> 
     </span>
    </p>
   </div>
   <div class='ocr_carea' id='block_1_114' title="bbox 1966 5401 3531 5470">
    <p class='ocr_par' dir='ltr' id='par_1_114' title="bbox 1966 5401 3531 5470">
     <span class='ocr_line' id='line_1_114' title="bbox 1966 5401 3531 5470; baseline 0.002 -15"><span class='ocrx_word' id='word_1_897' title='bbox 1966 5404 2020 5457; x_wconf 88' lang='lat' dir='ltr'><strong>in</strong></span> <span class='ocrx_word' id='word_1_898' title='bbox 2045 5403 2309 5470; x_wconf 78' lang='lat' dir='ltr'><strong>abyssum.</strong></span> <span class='ocrx_word' id='word_1_899' title='bbox 2334 5402 2423 5455; x_wconf 86' lang='lat' dir='ltr'><strong>Isti</strong></span> <span class='ocrx_word' id='word_1_900' title='bbox 2442 5410 2617 5455; x_wconf 85' lang='lat' dir='ltr'><strong>autem</strong></span> <span class='ocrx_word' id='word_1_901' title='bbox 2641 5401 2775 5456; x_wconf 85' lang='lat' dir='ltr'><strong>vade</strong></span> <span class='ocrx_word' id='word_1_902' title='bbox 2804 5416 2948 5455; x_wconf 78' lang='lat' dir='ltr'><strong>retro</strong></span> <span class='ocrx_word' id='word_1_903' title='bbox 2974 5412 3095 5470; x_wconf 82' lang='lat' dir='ltr'><strong>post</strong></span> <span class='ocrx_word' id='word_1_904' title='bbox 3123 5417 3225 5465; x_wconf 87' lang='lat' dir='ltr'><strong>me,</strong></span> <span class='ocrx_word' id='word_1_905' title='bbox 3254 5404 3305 5456; x_wconf 92' lang='lat' dir='ltr'><strong>id</strong></span> <span class='ocrx_word' id='word_1_906' title='bbox 3333 5412 3416 5457; x_wconf 90' lang='lat' dir='ltr'><strong>est</strong></span> <span class='ocrx_word' id='word_1_907' title='bbox 3445 5420 3531 5460; x_wconf 91' lang='lat' dir='ltr'><strong>me</strong></span> 
     </span>
    </p>
   </div>
   <div class='ocr_carea' id='block_1_115' title="bbox 1966 5491 3528 5563">
    <p class='ocr_par' dir='ltr' id='par_1_115' title="bbox 1966 5491 3528 5563">
     <span class='ocr_line' id='line_1_115' title="bbox 1966 5491 3528 5563; baseline 0 -16"><span class='ocrx_word' id='word_1_908' title='bbox 1966 5495 2196 5553; x_wconf 82' lang='lat' dir='ltr'><strong>imitare,</strong></span> <span class='ocrx_word' id='word_1_909' title='bbox 2228 5503 2283 5545; x_wconf 91' lang='lat' dir='ltr'><strong>ut</strong></span> <span class='ocrx_word' id='word_1_910' title='bbox 2311 5491 2498 5546; x_wconf 87' lang='lat' dir='ltr'><strong>eadem</strong></span> <span class='ocrx_word' id='word_1_911' title='bbox 2528 5494 2658 5546; x_wconf 81' lang='lat' dir='ltr'><strong>vclis</strong></span> <span class='ocrx_word' id='word_1_912' title='bbox 2683 5509 2801 5561; x_wconf 66' lang='lat' dir='ltr'><strong>quzc</strong></span> <span class='ocrx_word' id='word_1_913' title='bbox 2822 5510 2939 5563; x_wconf 80' lang='lat' dir='ltr'><strong>ego.</strong></span> <span class='ocrx_word' id='word_1_914' title='bbox 2973 5494 3086 5546; x_wconf 64' lang='lat' dir='ltr'><strong>Non</strong></span> <span class='ocrx_word' id='word_1_915' title='bbox 3113 5503 3194 5546; x_wconf 86' lang='lat' dir='ltr'><strong>est</strong></span> <span class='ocrx_word' id='word_1_916' title='bbox 3222 5501 3398 5547; x_wconf 87' lang='lat' dir='ltr'><strong>autem</strong></span> <span class='ocrx_word' id='word_1_917' title='bbox 3427 5497 3528 5548; x_wconf 88' lang='lat' dir='ltr'><strong>tui-</strong></span> 
     </span>
    </p>
   </div>
   <div class='ocr_carea' id='block_1_116' title="bbox 1969 5575 3530 5655">
    <p class='ocr_par' dir='ltr' id='par_1_116' title="bbox 1969 5575 3530 5655">
     <span class='ocr_line' id='line_1_116' title="bbox 1969 5575 3530 5655; baseline 0.001 -16"><span class='ocrx_word' id='word_1_918' title='bbox 1969 5603 2086 5640; x_wconf 83' lang='lat' dir='ltr'><strong>rtnu</strong></span> <span class='ocrx_word' id='word_1_919' title='bbox 2116 5575 2157 5637; x_wconf 60' lang='lat' dir='ltr'><strong>si</strong></span> <span class='ocrx_word' id='word_1_920' title='bbox 2199 5585 2453 5638; x_wconf 84' lang='lat' dir='ltr'><strong>Dominus</strong></span> <span class='ocrx_word' id='word_1_921' title='bbox 2482 5584 2637 5638; x_wconf 79' lang='lat' dir='ltr'><strong>Petro</strong></span> <span class='ocrx_word' id='word_1_922' title='bbox 2668 5587 2787 5640; x_wconf 80' lang='lat' dir='ltr'><strong>talia</strong></span> <span class='ocrx_word' id='word_1_923' title='bbox 2825 5587 2959 5640; x_wconf 73' lang='lat' dir='ltr'><strong>dixit</strong></span> <span class='ocrx_word' id='word_1_924' title='bbox 2994 5606 3003 5637; x_wconf 95' lang='lat'>:</span> <span class='ocrx_word' id='word_1_925' title='bbox 3029 5596 3150 5655; x_wconf 84' lang='lat' dir='ltr'><strong>post</strong></span> <span class='ocrx_word' id='word_1_926' title='bbox 3178 5595 3376 5640; x_wconf 80' lang='lat' dir='ltr'><strong>laniant</strong></span> <span class='ocrx_word' id='word_1_927' title='bbox 3400 5586 3530 5641; x_wconf 64' lang='lat' dir='ltr'><strong>heac</strong></span> 
     </span>
    </p>
   </div>
   <div class='ocr_carea' id='block_1_117' title="bbox 1969 5676 3527 5748">
    <p class='ocr_par' dir='ltr' id='par_1_117' title="bbox 1969 5676 3527 5748">
     <span class='ocr_line' id='line_1_117' title="bbox 1969 5676 3527 5748; baseline 0.001 -15"><span class='ocrx_word' id='word_1_928' title='bbox 1969 5683 2066 5734; x_wconf 77' lang='lat' dir='ltr'><strong>tizu</strong></span> <span class='ocrx_word' id='word_1_929' title='bbox 2090 5680 2251 5732; x_wconf 79' lang='lat' dir='ltr'><strong>linem</strong></span> <span class='ocrx_word' id='word_1_930' title='bbox 2286 5692 2443 5745; x_wconf 76' lang='lat' dir='ltr'><strong>quam</strong></span> <span class='ocrx_word' id='word_1_931' title='bbox 2492 5694 2649 5748; x_wconf 67' lang='lat' dir='ltr'><strong>supra</strong></span> <span class='ocrx_word' id='word_1_932' title='bbox 2685 5679 2906 5740; x_wconf 74' lang='lat' dir='ltr'><strong>dixerat,</strong></span> <span class='ocrx_word' id='word_1_933' title='bbox 2949 5679 3072 5747; x_wconf 71' lang='lat' dir='ltr'><strong>quia</strong></span> <span class='ocrx_word' id='word_1_934' title='bbox 3113 5678 3301 5734; x_wconf 75' lang='lat' dir='ltr'><strong>beatus</strong></span> <span class='ocrx_word' id='word_1_935' title='bbox 3333 5676 3527 5734; x_wconf 78' lang='lat' dir='ltr'><strong>Petrus</strong></span> 
     </span>
    </p>
   </div>
  </div>
