3988 6186
489 271 627 330 1599

1259 270 1644 328 ΟΗΒΙΞἸΪΙΑΝΙ
1682 269 2088 327 DRUTHMABI
2127 268 2571 331 CORBEIENSIS
2608 272 2908 330 MONACHI

3576 270 3717 333 ulla

488 392 665 447 adhuc
681 406 784 447 non
808 396 928 445 erat
945 388 1235 458 perfectus,
1260 389 1435 442 adhuc
1452 400 1576 443 eum
1596 397 1716 443 erat
1736 397 2048 458 negaturus,
2072 393 2126 453 Α
2150 404 2241 443 cor
2261 389 2485 444 hominis
2512 389 2761 453 asceiidit,
2799 405 2917 459 quia
2947 388 3259 459 preparavit
3288 390 3542 448 Domian
3588 396 3719 449 diti.

483 493 541 538 et
559 483 740 537 omnia
764 481 853 535 illa
873 495 903 534 a
926 480 1037 534 Deo
1056 494 1161 534 non
1186 480 1254 534 ad
1275 494 1517 549 prmsens
1536 494 1792 535 concessa
1815 479 2042 547 fuerant,

483 575 579 629 sed
604 573 657 626 iu
687 570 863 626 futuro
890 570 1177 640 promissa,
1209 569 1263 624 id
1296 578 1379 624 est
1406 570 1496 622 tibi
1522 568 1679 636 dabo,
1722 585 1830 624 non
1857 570 1947 636 do,
1990 578 2045 624 et

482 662 707 729 reliqua.
740 659 856 715 Non
901 659 1043 713 enim
1070 659 1215 728 sapis
1241 674 1361 728 quae
1404 658 1501 712 Dei
1521 668 1665 724 sunt,
1698 660 1915 729 ignoras
1949 660 2045 716 Dei

482 752 875 806 ordinationem
905 790 920 809 ,
968 750 1094 819 quia
1143 748 1458 818 dispositum
1512 748 1684 803 habeo
1714 764 1824 818 per
1867 764 2044 803 meam

483 851 712 898 mortem
744 841 1005 896 redimere
1036 840 1292 895 mundum
1319 859 1332 893 :
1359 856 1424 895 ea
1452 855 1572 909 quae
1600 840 1874 894 hominum
1921 848 2046 895 sunt

461 929 617 987 'mihi
644 931 857 994 suades,
885 931 1098 998 quando
1126 938 1352 983 mortem
1380 928 1624 998 refugere
1669 928 1890 994 suades,
1919 929 2044 998 quia

484 1025 654 1095 ipsam
682 1024 854 1079 solent
886 1004 1011 1091 puri
1047 1022 1291 1077 homines
1318 1022 1526 1076 timere.
1559 1020 1703 1075 Tunc
1730 1020 1886 1074 Jesus
1912 1021 2044 1075 dixit

483 1112 753 1181 discipulis
781 1112 907 1165 suis.
956 1111 1062 1166 Nec
1104 1111 1206 1165 ista
1239 1125 1336 1165 nec
1376 1110 1621 1179 superius
1658 1110 2045 1179 comprehensa

483 1204 621 1260 dixit
651 1202 843 1264 turbis,
872 1202 965 1255 sed
992 1200 1269 1271 discipulis
1289 1201 1423 1263 suis,
1454 1200 1577 1268 quia
1614 1215 1720 1253 non
1759 1207 1915 1253 erant
1942 1200 2044 1254 ista

483 1293 538 1347 in
566 1292 982 1363 perfectionibus
1023 1291 1359 1361 praedicanda
1383 1331 1398 1356 ,
1440 1306 1625 1345 verum
1666 1288 1938 1358 perfectis.
1985 1289 2045 1345 Si

482 1382 598 1453 quis
622 1381 729 1436 vult
749 1391 863 1451 post
881 1398 961 1435 me
980 1381 1165 1435 venire.
1195 1381 1250 1435 Si
1277 1381 1398 1450 quis
1420 1382 1534 1435 vult
1555 1397 1640 1435 me
1664 1381 1883 1443 imitari,
1908 1382 2046 1435 sicut

484 1473 731 1543 discipuli
770 1472 946 1527 facere
976 1473 1172 1527 debent
1219 1473 1554 1543 magistrum.
1589 1472 1878 1542 Postquam
1906 1489 2045 1542 prte-

484 1563 619 1617 dixit
643 1562 710 1617 de
752 1562 864 1618 suis
894 1561 1232 1617 contumeliis
1271 1571 1327 1617 et
1352 1572 1551 1627 morte,
1600 1570 1776 1617 armat
1799 1578 1957 1627 suos,
1987 1572 2048 1619 ut

483 1662 782 1723 praeparent
810 1667 870 1708 se
907 1652 972 1705 ad
1001 1646 1190 1708 eadem
1221 1653 1557 1724 perferenda.
1606 1654 1830 1725 Abneget
1866 1666 2047 1709 semet-

2144 477 2379 547 gentibus
2403 494 2478 532 se.

2217 567 2357 633 Quid
2382 570 2520 622 enim
2559 570 2765 639 prodest
2808 571 3005 625 homini
3039 570 3085 625 si
3113 572 3368 627 mundum
3409 575 3716 629 universus

2143 656 2392 722 lucretur,
2438 660 2627 714 anima:
2654 677 2770 714 vero
2802 676 2912 714 sum
2938 661 3305 716 detrimentum
3327 663 3538 732 faciat?
3573 666 3720 732 Quid

2144 745 2345 815 profuit
2386 748 2494 803 illis
2523 749 2972 817 imperatoribus,
2997 750 3086 818 qui
3116 749 3276 805 istum
3307 754 3568 806 mundum
3609 756 3718 808 ha-

2142 838 2373 893 buerunt
2400 853 2498 908 per
2517 840 2707 906 viginti
2752 855 2922 895 annos
2940 882 2954 905 ,
2987 851 3045 894 ut
3070 840 3394 897 Octavianus
3430 858 3529 914 per
3555 844 3720 915 quin-

2143 930 2395 999 quaginta
2417 938 2529 989 tres
2557 945 2749 996 annos,
2781 946 2901 985 cum
2921 930 3034 998 jam
3054 947 3149 1001 per
3171 933 3513 1004 octingentos
3532 933 3721 1002 jaceat

2144 1020 2201 1073 in
2224 1018 2463 1074 inferno?
2486 1019 2734 1090 Nunquid
2760 1037 2865 1076 non
2888 1021 3069 1077 fuerat
3090 1023 3141 1077 ei
3161 1024 3353 1079 melius
3369 1039 3493 1080 esse
3505 1027 3715 1080 socium

2144 1108 2332 1163 Lazari
2383 1112 2648 1180 pauperis,
2675 1126 2834 1180 quam
2865 1115 3023 1167 modo
3065 1128 3187 1168 esse
3222 1116 3717 1172 socium‘diaboli?

2147 1199 2500 1254 Transierunt
2516 1215 2704 1256 omnes
2720 1202 2954 1257 honores
2973 1203 3114 1257 illius
3139 1215 3392 1273 tanquam
3407 1207 3627 1266 umbrae,
3658 1214 3716 1260 et

2145 1297 2402 1361 tanquam
2429 1293 2715 1346 somnium.
2750 1293 3082 1363 Frequenter
3107 1311 3228 1350 cum
3255 1296 3438 1351 aureis
3463 1297 3717 1352 emittm

2146 1391 2202 1436 et
2234 1384 2414 1438 aureis
2438 1385 2604 1439 scutis
2628 1385 2863 1455 suscepti
2887 1394 3012 1439 sunt
3030 1402 3058 1439 a
3082 1387 3425 1449 oonsulibus;
3452 1395 3509 1442 et
3526 1397 3713 1457 postea

2146 1474 2275 1529 nudi
2298 1483 2352 1529 et
2387 1476 2463 1529 rei
2486 1477 2694 1546 excepti
2720 1493 2753 1531 a
2793 1477 3101 1548 nigerrimis
3142 1479 3472 1534 dromonibus
3500 1519 3517 1541 ,
3560 1488 3615 1533 et
3660 1479 3718 1532 iu

2146 1574 2349 1620 interno
2364 1567 2484 1636 igne
2510 1566 2737 1638 religati.
2760 1567 2912 1634 Quod
2940 1568 3092 1639 pejus
3113 1578 3216 1632 est,
3235 1570 3386 1624 multi
3413 1570 3714 1625 Christiani

2149 1656 2302 1712 ibunt
2325 1673 2446 1712 cum
2478 1658 2609 1729 ipsis
2629 1660 2720 1728 qui
2751 1661 2889 1713 viam
2910 1661 3158 1716 veritatis
3189 1663 3330 1717 scire
3354 1663 3569 1717 debent.
3602 1664 3720 1716 Aut

482 1743 671 1811 ipsum.
718 1742 938 1798 Desinat
965 1758 1085 1797 esse
1129 1742 1270 1813 quod
1298 1744 1558 1799 hactenus
1584 1744 1687 1799 fuit
1729 1760 1825 1814 per
1850 1745 2044 1800 malam
2074 1732 2121 1791 Β
2147 1763 2304 1817 quam
2345 1747 2487 1802 dabit
2536 1749 2688 1804 homo
2716 1752 3168 1805 commutationem
3202 1768 3299 1822 pro
3338 1753 3515 1806 anima
3566 1754 3721 1807 sua?

483 1835 945 1889 conversationem
979 1851 1141 1903 super
1168 1834 1562 1891 Pharis-eorum
1593 1837 1964 1900 traditionem,
1994 1846 2050 1891 et

481 1925 705 1994 incipiat
725 1940 846 1981 esse
877 1941 1044 1980 novus
1075 1942 1172 1996 per
1201 1941 1374 1981 meam
1399 1928 1839 1985 admonitionem.
1876 1928 2048 1982 Dene-

482 2026 572 2087 get
600 2017 653 2071 iu
684 2018 795 2073 suis
823 2019 1032 2073 actibus
1058 2028 1213 2072 vetus
1236 2018 1398 2073 homo
1420 2033 1541 2098 ese
1565 2018 1656 2087 qui
1687 2019 2048 2088 corrumpitur

482 2110 775 2165 secundum
831 2110 1095 2165 desideria
1145 2125 1277 2175 sua,
1325 2118 1380 2163 et
1411 2109 1631 2178 incipiat
1679 2124 1849 2163 novus
1875 2109 2044 2163 Adam

479 2200 615 2266 faue,
644 2201 734 2270 qui
763 2214 1047 2257 renovatur
1074 2201 1140 2254 de
1165 2201 1253 2255 die
1280 2201 1332 2255 in
1371 2201 1513 2255 diem
1542 2201 1595 2254 in
1626 2199 1895 2269 agnitione
1926 2198 2043 2253 Dei.

480 2293 551 2349 Et
600 2294 747 2348 tollat
792 2310 991 2347 crucem
1040 2311 1223 2359 suam,
1270 2303 1320 2347 et
1363 2301 1610 2363 sequatur
1658 2308 1758 2345 me.
1805 2291 1947 2345 Crux
2005 2305 2045 2343 a

482 2384 722 2439 cruciatu
752 2383 968 2447 dicitur,
990 2392 1045 2438 et
1066 2398 1161 2452 per
1184 2398 1398 2437 crucem
1429 2380 2042 2444 mortificatiovitiorum

480 2476 814 2546 intelligitur.
852 2476 919 2530 Et
951 2476 1091 2529 sicut
1114 2476 1159 2530 is
1195 2475 1286 2544 qui
1326 2472 1657 2543 cruciﬁgitur
1681 2471 1807 2525 huic
1844 2471 2045 2524 mundo

480 2568 727 2632 moritur,
766 2568 844 2623 sic
871 2569 918 2622 is
941 2560 1333 2638 quiChrislum
1363 2566 1515 2635 sequi
1542 2565 1651 2618 vult
1675 2564 1833 2618 debet
1857 2561 2047 2617 morti-

479 2660 642 2716 iicare
668 2660 945 2731 passiones
965 2657 1326 2713 membrorum
1350 2672 1589 2713 suorum.
1616 2655 1835 2709 Duobus
1862 2661 2042 2707 autem

479 2752 654 2810 modis
682 2767 813 2806 crux
841 2750 1041 2806 tollitur
1067 2769 1079 2803 :
1113 2765 1234 2805 cum
1257 2758 1350 2803 aut
1388 2763 1483 2819 per
1503 2747 1879 2802 abstinentiam
1924 2759 2045 2799 cor-

478 2863 579 2919 pus
605 2845 835 2902 aﬂicitur
853 2887 867 2909 ,
896 2854 987 2902 aut
1015 2861 1111 2916 per
1129 2844 1552 2915 compassionem
1575 2841 1807 2912 proximi
1833 2842 2046 2896 animus

480 2941 750 3012 afﬂigitur.
783 2939 934 3006 Quod
961 2938 1157 2994 Paulus
1196 2938 1316 2992 aliis
1338 2937 1521 2991 verbis
1549 2936 1600 2991 id
1642 2936 1815 3005 ipsum
1849 2934 2048 2989 clamat

478 3032 730 3101 inquiens
764 3049 777 3083 :
817 3028 1130 3098 Mortiﬁcate
1157 3028 1385 3084 membra
1413 3037 1577 3082 vestra
1599 3042 1716 3097 quia
1742 3035 1861 3079 sunt
1890 3041 2045 3093 super

479 3131 696 3185 terram,
730 3122 883 3184 iram,
932 3119 1352 3189 fornicationem,
1384 3118 1691 3180 avaritiam,
1722 3125 1777 3170 et
1818 3116 2042 3185 reliqua.

478 3211 537 3266 ln
565 3213 741 3281 seipse
767 3212 922 3266 nobis
944 3209 1244 3279 exemplum
1272 3208 1623 3271 monstravit,
1649 3207 1739 3277 qui
1770 3209 1846 3262 ait
1874 3225 1886 3261 :
1918 3207 2049 3260 Cas-

478 3302 584 3372 tigo
615 3318 800 3371 corpus
821 3317 988 3355 meum
1013 3308 1061 3354 et
1080 3300 1136 3353 in
1162 3300 1450 3352 seruitutem
1470 3297 1667 3366 redigo,
1691 3312 1752 3349 ne
1780 3295 1912 3363 forte
1926 3313 2043 3350 cum

480 3391 599 3446 aliis
627 3392 1034 3461 prirdicaverim,
1064 3391 1174 3460 ipse
1204 3388 1448 3458 reprobus
1477 3386 1685 3456 efﬁciar.
1720 3386 1858 3440 Ecce
1883 3385 2041 3440 audi-

481 3482 656 3536 vimus
685 3482 748 3536 de
772 3496 931 3535 cruce
959 3481 1200 3551 corporis
1223 3480 1325 3544 sui,
1354 3479 1694 3547 requiramus
1715 3478 1778 3531 de
1799 3492 2041 3546 compas~

476 3572 628 3627 sione
653 3572 903 3642 proximi.
933 3571 1022 3626 Ait
1054 3586 1302 3640 namque.
1356 3569 1485 3634 Quis
1526 3568 1825 3637 inﬁrmatur
1860 3577 1908 3622 et
1950 3583 2041 3638 ego

382 3645 390 3653 ’
477 3680 584 3721 non
620 3661 895 3731 inﬁrmos?
917 3663 1032 3732 quis
1059 3660 1453 3716 scandalizatur
1478 3667 1525 3713 et
1556 3674 1647 3727 ego
1680 3674 1782 3711 non
1808 3656 1974 3710 uror?

555 3754 659 3821 Qui
696 3754 831 3809 enim
873 3752 1085 3807 voluerit
1130 3752 1356 3806 animam
1397 3766 1548 3805 suam
1589 3748 1786 3803 salvam
1841 3747 2039 3816 facere,

477 3845 655 3921 perdet
679 3860 814 3897 eam.
846 3843 949 3909 Qui
974 3842 1054 3897 sic
1086 3841 1316 3896 voluerit
1342 3841 1576 3894 animam
1600 3837 1803 3892 salvam
1831 3836 2039 3902 facere,

476 3943 539 3989 ut
558 3933 690 3989 nolit
714 3947 831 3988 eam
855 3932 984 3986 dare
1010 3946 1108 4003 pro
1135 3930 1365 3993 Christo,
1399 3926 1586 3998 perdet
1612 3926 1824 3996 quando
1849 3925 2041 3983 melius

474 4026 676 4082 habere
719 4025 899 4081 debet.
934 4023 1037 4089 Qui
1072 4033 1246 4077 autem
1292 4022 1575 4093 perdiderit
1620 4020 1852 4074 animant
1889 4034 2040 4073 suam

475 4124 686 4187 propter
736 4131 849 4180 me,
904 4114 1103 4169 salvam
1145 4112 1299 4182 faciet
1345 4128 1480 4167 eam.
1527 4110 1628 4176 Qui
1677 4112 1890 4163 tradere
1930 4124 2039 4167 non

472 4207 719 4263 timuerit
762 4215 980 4277 propter
1015 4220 1102 4260 me
1128 4205 1360 4259 animam
1391 4218 1542 4259 suam
1586 4203 1640 4256 in
1670 4203 1772 4257 hoc
1804 4200 1999 4257 saeculo
2024 4240 2039 4265 ,

476 4298 679 4355 salvam
707 4296 868 4354 faciet
889 4312 1009 4352 eam
1036 4297 1309 4353 infuturo.
1333 4296 1496 4364 Quasi
1523 4293 1771 4364 agricolae
1791 4293 2036 4349 dicatur:

2148 1834 2355 1891 Nullam
2384 1839 2859 1894 commutationem
2893 1839 3114 1895 deberet
3133 1840 3292 1895 homo
3319 1841 3444 1895 dare
3468 1856 3568 1909 pro
3590 1841 3722 1895 aui-

2145 1942 2232 1981 ma
2260 1941 2378 1988 sua,
2392 1928 2505 1991 sed,
2520 1928 2661 1997 quod
2682 1928 2834 1998 pejus
2846 1939 2951 1994 est,
2968 1930 3120 1984 multi
3138 1938 3262 1984 sunt
3279 1930 3370 2000 qui
3391 1938 3721 2000 prarponuot

2146 2033 2343 2087 corpus
2365 2018 2575 2084 animus,
2592 2026 2655 2073 et
2675 2019 2986 2089 temporalia
3008 2021 3245 2085 aeternis,
3266 2029 3324 2076 et
3341 2036 3447 2075 non
3464 2022 3720 2092 cogitant

2145 2111 2212 2165 de
2241 2111 2420 2165 anima
2453 2110 2550 2166 nec
2580 2112 2646 2165 de
2688 2112 2799 2166 vita
2828 2120 3116 2183 perpetua,
3161 2114 3255 2168 sed
3280 2112 3571 2168 honoribus
3600 2122 3722 2166 ter»-

2145 2203 2289 2256 renis
2314 2243 2329 2265 ,
2379 2210 2433 2257 et
2473 2201 2540 2256 de
2567 2203 2812 2267 caducis,
2851 2211 2906 2257 et
2948 2203 3260 2258 venundant
3297 2218 3354 2257 se
3398 2211 3453 2257 ut
3496 2202 3717 2259 faciant

2144 2292 2341 2347 malum
2379 2293 2518 2347 sicut
2560 2293 2626 2347 de
2652 2292 2837 2349 Achab
2862 2294 3060 2349 dicitur
3084 2312 3097 2349 :
3121 2292 3224 2361 Qui
3249 2294 3581 2348 venundatus
3618 2306 3719 2351 est

2144 2391 2204 2437 ut
2233 2382 2430 2436 faceret
2443 2382 2657 2437 malum.
2677 2381 2880 2449 Quibus
2892 2382 3443 2453 frequenterevenitut
3462 2383 3716 2448 Balaam,

2145 2473 2233 2540 qui
2259 2489 2377 2526 cum
2406 2472 2708 2543 prohibitus
2732 2480 2875 2527 esset
2900 2488 2930 2526 a
2953 2472 3064 2527 Deo
3086 2487 3153 2527 ne
3176 2473 3272 2527 iret
3290 2471 3352 2525 ad
3375 2471 3719 2526 maledicen-

2145 2565 2271 2618 dum
2296 2563 2565 2633 populum,
2610 2562 2804 2619 ductus
2828 2563 3121 2632 cupiditate
3143 2563 3365 2618 muneris
3401 2570 3454 2618 et
3494 2562 3718 2617 iterum

2145 2664 2306 2724 atque
2350 2656 2542 2709 iterum
2580 2654 2933 2726 interrogavit
2960 2655 3150 2719 Deum,
3178 2669 3295 2708 cum
3325 2669 3429 2707 non
3455 2662 3606 2708 esset
3646 2664 3718 2710 ut

2145 2746 2307 2800 homo
2333 2744 2424 2814 qui
2477 2745 2689 2798 mentiri
2732 2752 2931 2814 posset.
2972 2743 3077 2799 Sed
3122 2745 3245 2815 quia
3284 2745 3363 2798 sic
3400 2744 3718 2813 importune

2142 2837 2314 2905 petiit,
2342 2846 2399 2890 et
2420 2836 2624 2906 accepit
2646 2835 2790 2904 quod
2815 2835 2955 2890 Dens
2976 2835 3168 2900 noluit,
3186 2845 3242 2890 et
3260 2834 3339 2889 ilh'
3362 2849 3462 2888 non
3482 2832 3715 2904 profuit.

2146 2920 2258 2984 Sic.
2280 2929 2433 2984 multi
2460 2945 2581 2984 cum
2609 2931 2813 2985 intrant
2856 2931 2908 2985 in
2944 2930 3227 2986 ecclesiam
3266 2929 3443 3001 lingua
3484 2929 3716 2985 alterius

2149 3022 2314 3076 verba
2340 3029 2579 3085 cantant,
2609 3030 2666 3076 et
2693 3022 2873 3076 animo
2897 3022 2964 3076 de
2992 3020 3286 3078 honoribus
3309 3021 3544 3092 cogitant
3563 3060 3579 3081 ,
3622 3021 3715 3076 sic

2149 3128 2246 3183 per
2273 3113 2468 3167 multos
2492 3113 2625 3167 dies.
2653 3112 2794 3166 Deus
2817 3120 2996 3168 autem
3018 3112 3238 3181 respicit
3259 3111 3325 3167 ad
3352 3125 3458 3174 cor,
3484 3120 3542 3164 ct
3559 3110 3718 3165 videt

2145 3218 2264 3272 quae
2289 3219 2384 3258 cor
2419 3213 2669 3272 precatur
2697 3217 2713 3256 :
2743 3203 2907 3256 verba
2939 3217 3057 3271 qua:
3085 3201 3265 3272 lingua
3308 3201 3431 3257 dicit
3475 3199 3717 3256 alterius

2145 3295 2307 3348 verba
2336 3302 2477 3355 sunt,
2528 3293 2631 3348 nisi
2660 3293 2982 3348 verecundia
3027 3292 3101 3346 illi
3133 3300 3304 3357 esset,
3348 3291 3483 3360 quod
3531 3294 3717 3346 corde

2143 3387 2276 3457 tegit
2301 3386 2480 3456 lingua
2517 3394 2753 3442 caneret.
2782 3384 2915 3441 Cum
2945 3385 3089 3439 videt
3134 3386 3300 3455 igitur
3321 3385 3454 3439 Deus
3499 3385 3718 3453 sepius

2141 3496 2206 3534 ea
2236 3481 2409 3551 magis
2433 3496 2533 3535 nos
2555 3489 2745 3551 optare
2775 3480 2827 3534 in
2851 3482 3012 3536 corde
3033 3490 3088 3535 et
3103 3465 3293 3550 apere,
3319 3479 3485 3534 iratus
3506 3494 3717 3534 conca.

2142 3574 2222 3628 dit
2248 3574 2390 3643 quod
2421 3582 2608 3628 contra
2637 3574 2966 3627 voluntatem
2997 3573 3167 3644 ipsius
3191 3582 3246 3628 et
3270 3583 3452 3627 contra
3478 3572 3714 3627 salutem

2142 3675 2381 3720 nostram
2406 3671 2522 3725 est,
2554 3672 2716 3733 atque
2740 3662 2831 3717 tali
2867 3662 3026 3717 modo
3052 3661 3147 3716 dat
3185 3662 3308 3731 quis
3337 3662 3719 3717 commutatio-

2141 3770 2264 3809 nem
2294 3769 2391 3824 pro
2431 3755 2609 3808 anima
2639 3769 2755 3819 sua,
2788 3769 2909 3808 cum
2953 3751 3100 3823 eligit
3136 3761 3349 3806 terrena
3383 3759 3437 3805 et
3484 3751 3717 3821 negligi:

2140 3855 2363 3899 :cterna.
2397 3841 2571 3897 Filius
2600 3844 2738 3896 enim
2784 3842 3007 3895 hominis
3042 3849 3287 3895 venturus
3325 3850 3399 3895 est
3438 3841 3492 3893 in
3536 3840 3715 3909 gloria

2143 3936 2320 3991 Patris
2343 3953 2458 3991 cum
2484 3936 2684 4007 angelis
2724 3937 2853 3990 suis.
2881 3936 3014 4002 Quia
3038 3934 3362 4005 praedixerat
3386 3933 3454 3987 de
3474 3948 3535 3987 se
3559 3942 3619 3987 et
3642 3934 3718 3987 de

2139 4028 2459 4098 sequacibus
2486 4027 2598 4081 suis
2635 4027 2832 4095 oppido
2868 4040 3057 4096 aspera
3081 4065 3095 4086 ,
3150 4039 3294 4078 nunc
3327 4022 3618 4092 temperat,
3652 4031 3719 4078 et

2138 4135 2238 4191 pro
2263 4136 2368 4190 qua
2397 4134 2559 4174 causa
2594 4118 2718 4173 talia
2747 4117 3012 4173 sustinere
3036 4115 3269 4171 debeant
3290 4112 3555 4181 ostendit,
3596 4116 3718 4170 sci-

2141 4210 2268 4265 licet
2288 4211 2415 4281 quia
2442 4217 2698 4264 venturus
2727 4210 2816 4271 sit,
2846 4207 2900 4263 id
2939 4214 3021 4263 est
3043 4208 3156 4277 ipse
3190 4206 3422 4261 hominis
3458 4206 3510 4259 in
3537 4206 3715 4276 gloria

2138 4300 2315 4355 Patris
2354 4300 2420 4355 ad
2444 4298 2788 4370 iudicandum
2814 4298 2963 4353 vivos
2991 4306 3047 4354 et
3068 4309 3332 4363 mortuos,
3375 4298 3499 4369 quia
3542 4298 3717 4353 Pater

477 4391 537 4447 Si
562 4392 644 4447 vis
662 4390 867 4449 salvum
894 4390 1070 4446 facere
1092 4390 1440 4453 frumentum,
1459 4388 1623 4458 perde
1643 4386 1768 4443 illud
1791 4386 1845 4440 in
1871 4394 2038 4449 terra,
2069 4430 2118 4491 Β
2142 4405 2301 4447 oume
2323 4390 2583 4460 judicium
2608 4390 2756 4444 dedit
2782 4388 2936 4444 Filio.
2967 4387 3038 4443 Et
3076 4400 3199 4443 tunc
3227 4388 3397 4442 reddet
3427 4390 3718 4456 unicuique

472 4485 601 4555 quia
640 4484 685 4540 si
715 4485 1012 4540 servaveris
1060 4485 1113 4538 in
1154 4485 1368 4547 horreo,
1395 4481 1590 4551 peribit
1621 4500 1632 4534 :
1675 4480 1803 4536 siin
1840 4491 2040 4535 terram

468 4575 690 4645 ieceris,
714 4573 939 4642 recipies
970 4573 1150 4644 duplo.
1175 4573 1288 4627 Hoc
1307 4572 1413 4628 illis
1439 4581 1566 4626 tunc
1588 4572 1793 4626 dictum
1824 4580 1928 4636 est,
1949 4571 2040 4639 qui

470 4667 617 4723 inter
655 4666 1058 4736 persecutiones
1102 4665 1301 4720 versati
1348 4674 1472 4720 sunt
1521 4680 1877 4735 paganorum.
1930 4663 2040 4718 Nos

473 4756 677 4812 similes
700 4771 823 4811 esse
850 4756 1173 4826 martyribus
1199 4756 1244 4811 si
1284 4755 1530 4811 volumus
1548 4796 1563 4819 ,
1605 4755 1864 4811 debemus
1896 4751 2034 4810 mala

472 4848 841 4920 proximorum
883 4856 937 4902 et
964 4848 1365 4918 persecutiones
1394 4846 1652 4901 malorum
1694 4848 2033 4902 Christiano-

475 4952 597 4994 rum
624 4937 998 5008 aequanimiter
1026 4937 1196 5003 ferre,
1227 4938 1352 5009 quia
1381 4952 1488 4991 non
1519 4937 1720 4992 erimus
1759 4944 2039 4993 consortes

474 5040 768 5103 martyrum
794 5071 808 5097 ,
859 5031 903 5086 si
945 5046 1049 5084 non
1094 5032 1296 5086 erimus
1324 5031 1635 5099 passionum
1667 5028 1750 5083 vel
1778 5029 1829 5082 in
1860 5028 2038 5098 aliquo

474 5122 788 5194 participes.
822 5120 925 5188 Qui
970 5132 1142 5179 autem
1168 5122 1447 5191 perdiderit
1471 5122 1713 5189 {animum
1740 5135 1889 5175 suam
1914 5136 2039 5189 pro-

473 5223 588 5284 pter
611 5228 715 5276 me,
737 5211 816 5266 vel
843 5213 1002 5280 (sicut
1031 5213 1082 5267 in
1115 5212 1219 5267 alio
1250 5211 1536 5281 Evangelio
1563 5209 1811 5281 habetur)
1834 5217 2040 5280 propter

473 5302 816 5373 Evangelium
859 5321 1050 5369 meum,
1098 5303 1315 5357 inveniet
1362 5319 1507 5366 eam,
1554 5301 1638 5356 vel
1683 5314 1843 5355 sensu
1878 5313 2037 5367 quem

474 5396 721 5465 superius
763 5397 1024 5459 diximus,
1063 5396 1145 5450 vel
1196 5411 1295 5464 per
1324 5397 1555 5450 animum
1602 5401 1841 5448 nostram
1884 5392 2038 5446 volu-

472 5492 649 5555 ptates
676 5487 836 5557 hujus
864 5488 1063 5542 smculi.
1094 5486 1407 5554 Quicunque
1426 5500 1524 5554 pro
1552 5484 1647 5542 Dei
1687 5497 1871 5557 amore
1899 5480 2036 5537 delia

475 5572 586 5628 cias
614 5586 668 5630 et
697 5578 999 5645 voluptates
1038 5577 1196 5644 hujus
1230 5575 1408 5630 smeuli
1445 5574 1791 5644 abuegaverit
1818 5556 1920 5627 sibi
1940 5612 1953 5636 ,
1984 5571 2036 5626 in

471 5670 673 5723 Cteruo
702 5667 897 5722 sicculo
919 5669 1137 5742 recipiet.
1160 5671 1343 5742 quales
1376 5680 1463 5721 nec
1487 5665 1665 5721 oculus
1695 5664 1841 5727 vidit,
1872 5680 1958 5716 nec
1985 5663 2038 5719 in

2143 4481 2426 4537 secundum
2451 4496 2607 4551 opera
2625 4498 2740 4534 sua.
2767 4481 2831 4534 Et
2853 4491 2978 4534 tunc
2999 4495 3092 4534 vos
3118 4481 3163 4535 si
3192 4479 3402 4535 fortiter
3423 4487 3479 4535 et
3495 4480 3718 4549 patiam

2142 4583 2226 4630 ter
2274 4571 2669 4634 sustinueritis,
2708 4580 2964 4625 :eternam
2995 4571 3512 4633 remunerationem,
3546 4580 3600 4624 et
3653 4571 3717 4625 hi

2142 4662 2233 4732 qui
2261 4676 2357 4715 vos
2388 4659 2673 4723 tribulant,
2703 4668 2900 4715 aeterna
2926 4658 3191 4728 recipient
3223 4668 3507 4713 tormenta.
3537 4660 3715 4713 Am

2141 4754 2256 4808 dico
2278 4751 2435 4814 vobis,
2457 4761 2579 4805 sunt
2608 4749 2819 4821 quidam
2843 4748 2907 4804 de
2938 4748 3021 4803 hic
3053 4748 3310 4803 stantibus
3338 4748 3424 4815 qui
3454 4764 3557 4801 non
3581 4764 3714 4818 gus-

2138 4844 2318 4898 tabunt
2338 4832 2552 4896 mortem
2581 4840 2742 4895 donec
2762 4840 2968 4893 videant
2985 4837 3156 4907 ﬁlium
3175 4838 3397 4891 Irontinis
3417 4836 3710 4890 uenientem

2138 4937 2194 4990 in
2216 4950 2372 5004 regno
2399 4950 2513 4987 suo.
2545 4931 2764 4987 Poterat
2782 4929 3145 5000 apostolorum
3170 4943 3290 4983 esse
3318 4928 3478 4982 tacita
3501 4924 3714 4996 cogita~

2146 5029 2222 5082 tio
2252 5034 2308 5079 ut
2337 5026 2581 5080 dicerent
2602 5063 2618 5089 ,
2646 5023 2703 5076 In
2734 5022 2840 5076 line
2868 5020 3052 5075 mundi
3082 5022 3185 5076 ista
3212 5028 3372 5075 erunt
3390 5033 3509 5088 qua:
3545 5018 3715 5071 nobis

2138 5116 2425 5188 promittit,
2452 5125 2506 5170 et
2536 5112 2624 5167 tali
2656 5112 2816 5167 modo
2838 5110 3130 5167 deﬁcerent
3149 5127 3182 5165 a
3204 5125 3317 5180 spe.
3348 5108 3499 5165 Nunc
3516 5107 3715 5176 prosi-

2140 5224 2227 5263 ma
2273 5205 2539 5276 promittit
2564 5202 2815 5258 videlicet
2854 5201 2998 5272 quod
3024 5201 3188 5271 aliqui
3219 5210 3323 5254 non
3369 5199 3479 5253 sint
3504 5213 3572 5251 ex
3614 5196 3717 5253 bis

2139 5306 2367 5355 mortem
2389 5294 2671 5367 gustaturi,
2701 5308 2862 5362 quam
2884 5307 3051 5361 parvo
3078 5300 3314 5361 tempore
3339 5287 3492 5359 quasi
3520 5286 3715 5356 pretio

2138 5387 2314 5445 bando
2333 5386 2641 5457 gustabunt.
2671 5381 2852 5439 Donec
2887 5382 3107 5436 videant
3135 5379 3301 5434 lilium
3346 5377 3578 5433 hominis
3606 5391 3719 5430 ve.

2138 5480 2373 5537 nientem
2417 5477 2471 5531 in
2504 5491 2669 5547 regno
2714 5489 2847 5539 suo,
2879 5469 2982 5530 hoc
3019 5483 3103 5528 est
3144 5471 3201 5525 in
3251 5470 3391 5540 regia
3418 5467 3713 5533 claritate,

2134 5569 2310 5640 qualis
2350 5564 2754 5636 postjudicium
2782 5565 3042 5619 videndus
3069 5572 3151 5618 est
3195 5564 3262 5617 ab
3302 5561 3549 5614 ooinii-us
3585 5556 3713 5609 cie-

2135 5660 2256 5716 ctis.
2284 5657 2415 5712 Nam
2465 5658 2518 5711 in
2552 5655 2753 5727 'pttlicio
2783 5654 3049 5711 videbitur
3075 5654 3128 5709 in
3156 5653 3323 5708 forma
3373 5649 3509 5705 servi
3553 5647 3715 5704 sicut
