3952 6186
286 279 414 335 illi!

1397 280 1754 337 EXPOSITIO
1793 282 1858 336 IN
1899 282 2326 343 ΜΑΤΊἮᾸΞΙῘΜ.

3359 287 3499 343 ηοε

283 399 481 454 dictum
525 403 606 449 est
642 397 856 465 quando
880 399 1148 460 ascendit,
1178 400 1256 453 sic
1282 401 1457 454 veniet
1495 401 1837 471 quemadmo—
1862 404 1907 462 Α
1937 405 2059 472 quia
2082 421 2188 460 non
2201 409 2552 466 substantiam
2574 411 3256 476 amiserunt,sedclaritate
3268 409 3497 481 desuper

279 489 404 543 dum
437 488 644 542 vidistis
665 502 784 542 eum
815 497 1049 549 euntem.
1082 497 1138 544 ut
1163 491 1376 544 videant
1402 507 1521 544 eum
1552 501 1607 545 et
1634 492 1758 546 boni
1785 501 1837 545 et

283 580 402 634 mali
433 594 591 647 quem
615 586 1072 648 contempserunt,
1100 581 1239 634 sicut
1273 583 1528 652 scriptum
1581 590 1700 641 est:
1749 581 1838 635 Vi-

277 671 413 724 debit
443 687 560 723 eum
583 672 750 723 omnis
772 671 970 731 oculus,
999 682 1044 725 et
1069 673 1157 742 qui
1172 689 1289 725 eum
1315 684 1658 741 pupugerunt.
1681 673 1836 728 Vide-

277 760 410 816 bunt
432 771 608 816 autem
635 777 756 817 eum
793 762 976 829 iujusti
1001 764 1294 817 terribilem
1314 805 1329 827 ,
1351 765 1482 832 justi
1519 765 1700 818 mitem
1731 781 1835 819 una

276 855 570 924 eademque
595 855 782 908 forma.
819 854 908 908 Vel
934 870 1154 924 regnum
1181 855 1298 924 ejus
1330 870 1566 923 praesens
1597 855 1834 910 Ecclesia

277 946 609 1015 intelligitur,
645 960 803 1014 quam
845 947 992 999 multi
1015 947 1266 1001 viderunt
1291 946 1566 1000 fundatam
1595 948 1645 1000 in
1673 963 1836 1002 carne

275 1045 559 1104 antequam
591 1045 818 1090 mortem
845 1045 1181 1107 gustassent,
1210 1037 1349 1090 sicut
1377 1035 1612 1092 Joannes
1647 1039 1736 1106 qui
1766 1038 1834 1092 ad

274 1137 477 1196 septem
507 1127 774 1181 Ecclesias
803 1127 1019 1191 scribit,
1061 1135 1120 1180 ut
1144 1136 1288 1181 esset
1334 1127 1413 1181 eis
1437 1128 1731 1183 consolatio
1757 1130 1834 1183 vi-

272 1221 399 1274 dere
423 1219 534 1287 jam
582 1235 648 1273 ex
695 1228 882 1289 parte,
933 1221 984 1274 in
1015 1235 1134 1274 eum
1175 1221 1430 1274 mundum
1481 1221 1830 1275 crediturum.

273 1311 452 1365 Buch
472 1311 613 1365 enim
663 1320 817 1364 erant
846 1311 1088 1381 discipuli
1133 1312 1336 1376 adhuc,
1381 1320 1434 1365 et
1472 1311 1833 1367 necessarium

269 1410 387 1454 crat
418 1401 468 1454 in
498 1403 746 1470 praesenti
775 1402 949 1472 aliqua
977 1403 1320 1472 promittere,
1345 1406 1484 1458 unde
1503 1403 1555 1457 in
1581 1403 1830 1472 prasenti

273 1491 680 1556 roborarentur,
726 1499 779 1546 et
808 1492 858 1545 in
888 1490 1067 1546 futuro
1098 1493 1368 1547 robustius
1402 1493 1827 1548 consolarentur.

267 1580 365 1636 Yel
400 1581 467 1636 de
493 1568 960 1654 transfiguratione
980 1583 1096 1652 ejus
1123 1592 1297 1652 potest
1327 1582 1581 1654 intelligi,
1631 1583 1684 1637 in
1723 1598 1829 1653 qua

267 1688 387 1726 eum
417 1672 490 1726 illi
522 1681 633 1727 tres
656 1674 906 1728 viderunt
930 1674 1080 1742 quasi
1110 1674 1161 1728 in
1188 1689 1352 1744 regno
1380 1690 1508 1739 suo,
1535 1674 1638 1730 hoc
1662 1681 1746 1729 est
1772 1674 1825 1728 in

267 1762 412 1832 regia
452 1763 713 1831 dignitate
741 1779 845 1834 qua
877 1764 944 1817 ad
973 1763 1230 1833 judicium
1267 1765 1547 1820 videbitur.

793 1874 1018 1930 CAPUT
1058 1874 1291 1929 XXXVI.

631 1944 710 1998 De
737 1945 1196 2015 transﬁguratione
1223 1945 1452 1999 Domini.

333 2035 400 2088 Et
422 2045 536 2107 post
556 2036 665 2090 dies
684 2053 775 2090 sex
796 2039 1069 2108 assumpsit
1093 2037 1127 2089 Ι
1132 2055 1248 2092 esus
1279 2037 1486 2092 Petrum
1505 2049 1552 2093 et
1570 2037 1824 2094 Iacobum

259 2135 307 2179 et
339 2124 600 2180 Joannem
645 2126 862 2196 fratrem
891 2129 1024 2198 ejus.
1069 2130 1194 2183 Post
1221 2127 1336 2184 dies
1383 2145 1474 2184 sex
1504 2169 1520 2193 ,
1579 2130 1827 2184 videlicet

259 2225 539 2286 postquam
562 2217 661 2270 ista
684 2233 802 2286 quae
823 2219 1068 2288 superius
1083 2220 1306 2274 audistis
1328 2220 1535 2274 locutus
1554 2228 1657 2284 est,
1682 2221 1824 2290 quod

259 2317 443 2363 essent
467 2309 558 2377 qui
586 2324 692 2363 non
720 2320 901 2364 essent
925 2313 1186 2380 gustaturi
1212 2321 1458 2366 mortem.
1492 2313 1666 2369 Lucas
1693 2313 1824 2370 dicit

257 2415 384 2469 vere
410 2401 526 2454 dies
552 2410 695 2465 octo,
725 2403 818 2456 sed
852 2402 1026 2458 Lucas
1051 2404 1284 2471 primum
1310 2412 1364 2458 et
1385 2404 1629 2459 ultimum
1675 2423 1822 2462 com-

255 2490 541 2558 prehendit
563 2491 737 2554 diem,
772 2493 856 2546 isti
886 2493 990 2546 duo
1027 2491 1144 2547 illos
1172 2493 1337 2561 quiin
1368 2493 1546 2548 medio
1582 2494 1819 2562 fuerunt,

263 2578 332 2634 lit
365 2583 509 2636 enim
538 2583 626 2636 isti
652 2592 763 2638 tres
792 2584 923 2638 alios
950 2584 1318 2639 confortarent
1349 2593 1589 2655 tempore
1613 2587 1819 2656 passio-

257 2672 341 2726 nis
363 2672 498 2740 ejus,
523 2674 792 2743 eliguutur
812 2690 840 2728 a
865 2673 1110 2730 Domino.
1137 2675 1250 2729 Non
1271 2677 1412 2730 enim
1437 2677 1509 2731 illi
1535 2677 1624 2731 alii
1648 2680 1822 2734 adhuc

253 2764 479 2834 perfecti
505 2774 659 2818 erant
701 2773 757 2818 ut
800 2775 1018 2834 possent
1047 2781 1108 2820 ea
1136 2767 1336 2820 videre.
1369 2765 1500 2820 Nam
1526 2769 1687 2822 etiam
1729 2769 1818 2823 isti

146 2902 154 2910 .
253 2857 571 2923 ceciderunt
607 2866 660 2911 et
690 2858 985 2911 timuerunt
1032 2857 1204 2911 valde.
1251 2858 1818 2914 Secernuntur-autem

253 2950 342 3008 isti
377 2958 487 3003 tres
529 2965 559 3002 a
595 2950 822 3013 czeteris,
859 2950 1022 3003 certis
1062 2965 1158 3018 pro
1181 2950 1376 3003 causis.
1424 2949 1643 3014 Petrus,
1692 2952 1818 3021 quia

252 3043 468 3097 futurus
487 3050 604 3096 erat
626 3051 813 3111 pastor
843 3042 1096 3097 Ecclesia:
1122 3050 1176 3097 et
1203 3041 1268 3095 ad
1296 3042 1568 3097 Romanos
1600 3045 1818 3098 mitten-

253 3133 374 3197 dus,
419 3131 510 3201 qui
560 3140 798 3186 rectores
823 3131 972 3185 orbis
1008 3139 1182 3184 erant.
1213 3129 1476 3196 Joannes,
1507 3131 1631 3200 quia
1657 3131 1816 3186 altius

253 3233 370 3277 erat
398 3224 672 3278 locuturus
695 3223 894 3278 mundo
921 3225 1252 3279 divinitatem
1279 3225 1414 3294 ejus,
1439 3235 1492 3280 et
1514 3227 1651 3294 apud
1671 3224 1818 3280 Gras-

253 3330 345 3369 cos
375 3315 729 3384 sapientiores
772 3315 1022 3370 omnibus
1053 3315 1300 3386 gentibus
1325 3321 1443 3370 erat
1492 3316 1812 3370 directums.

253 3404 513 3468 Jacobus,
544 3404 666 3475 quia
703 3405 816 3475 ipse
861 3406 1067 3476 primus
1095 3407 1160 3462 de
1200 3407 1455 3478 apostolis
1492 3407 1812 3478 martyrium

253 3503 370 3549 erat
397 3510 495 3563 pro
537 3495 652 3564 ipso
680 3496 988 3555 subiturus,
1027 3504 1082 3549 et
1107 3495 1175 3551 ob
1214 3498 1318 3551 hoc
1344 3497 1519 3551 vocati
1563 3505 1686 3551 sunt
1722 3496 1816 3550 liii

253 3587 471 3640 tonitrui
506 3603 521 3639 :
557 3587 680 3655 quia
730 3587 829 3657 ipsi
878 3589 1018 3642 hanc
1065 3603 1252 3641 vocem
1287 3597 1443 3642 erant
1470 3589 1702 3643 audituri
1750 3589 1816 3643 de

253 3691 356 3745 qua
381 3692 524 3732 nunc
548 3677 695 3731 dicit.
723 3677 922 3748 Typice
946 3677 1246 3732 ostenditur
1273 3678 1410 3747 quod
1443 3678 1589 3731 multi
1615 3679 1781 3732 vocati
1798 3719 1812 3742 ,

250 3767 402 3834 pauci
426 3766 592 3820 electi.
627 3766 882 3836 Sequitur
915 3786 926 3819 :
960 3767 1114 3820 Ducit
1144 3766 1258 3820 illos
1284 3768 1337 3821 in
1361 3777 1604 3821 montem.
1641 3767 1696 3822 id
1732 3776 1816 3822 est

251 3855 295 3910 Τ
301 3857 470 3911 hahor
501 3857 552 3910 in
579 3855 815 3919 Galilzea.
853 3858 942 3927 qui
971 3859 1359 3928 interpretatur
1385 3858 1586 3911 veniens
1615 3857 1810 3912 lumen.

249 3949 586 4004 Conveniens
611 3951 999 4020 interpretatio,
1025 3951 1147 4019 quia
1173 3950 1243 4004 ibi
1268 3949 1573 4019 frequenter
1594 3951 1659 4004 de
1686 3961 1814 4004 vero

250 4037 453 4094 lumine
494 4039 780 4094 illuminati
825 4047 981 4102 sunt,
1029 4048 1088 4093 ut
1129 4040 1288 4094 etiam
1323 4056 1483 4094 nunc.
1516 4039 1809 4093 Excelsum.

251 4128 356 4185 Pro
385 4129 542 4185 valde
565 4130 766 4184 celsum
795 4130 934 4186 sicut
959 4131 1126 4184 nostri
1153 4129 1311 4200 Alpes
1339 4138 1463 4184 sunt
1488 4129 1540 4184 in
1567 4129 1815 4202 Burgun-

251 4219 359 4284 dia,
392 4220 444 4274 in
462 4220 662 4288 quibus
683 4219 830 4275 calor
854 4235 959 4274 non
987 4219 1208 4274 multum
1235 4230 1412 4290 potest
1431 4235 1626 4276 nocere
1651 4223 1814 4278 etiam

251 4311 307 4365 in
335 4319 550 4378 aestate,
580 4311 791 4380 quando
833 4312 1230 4382 transfiguratio
1263 4313 1364 4367 ista
1407 4313 1675 4368 celebrata
1709 4322 1810 4370 est.

253 4401 516 4459 Seorsum.
553 4403 636 4460 Ab
683 4404 802 4459 aliis
844 4404 1138 4473 discipulis.
1175 4404 1269 4460 Est
1303 4405 1452 4459 enim
1504 4406 1811 4460 adverbium
1839 4441 1890 4501 Β

251 4500 556 4570 separandi.
588 4497 654 4552 Et
685 4499 1087 4570 transﬁguratus
1112 4509 1186 4553 est
1218 4508 1335 4552 ante
1373 4515 1477 4552 eos.
1507 4497 1814 4568 Transﬁgu-

253 4599 404 4646 ratus
430 4593 483 4646 in
519 4592 622 4645 alia
660 4591 849 4661 figura.
903 4590 1034 4644 Nam
1061 4591 1414 4644 Substautiam
1464 4605 1571 4644 non
1608 4591 1810 4655 amisit,

254 4696 424 4751 neque
453 4682 784 4752 spiritualem
813 4692 904 4737 aut
933 4682 1135 4736 aeriqu
1171 4696 1362 4751 corpus
1384 4681 1694 4751 assumpsit,
1720 4681 1814 4736 sed

253 4772 424 4842 ipsam
451 4775 806 4829 substantiam
839 4774 1120 4845 gloriosam
1154 4773 1414 4836 reddidit,
1436 4774 1575 4827 sicut
1604 4773 1692 4828 hic
1724 4787 1814 4828 se-

253 4865 457 4933 quitur.
483 4863 550 4918 Et
574 4865 883 4935 resplenduit
901 4865 1058 4933 [acies
1075 4864 1185 4933 ejus
1206 4865 1336 4917 sicut
1358 4863 1455 4918 sol.
1472 4863 1528 4918 ln
1553 4879 1615 4917 ea
1641 4863 1813 4919 forma

259 4957 507 5026 apparuit
535 4957 792 5028 apostolis
819 4972 978 5029 quam
1005 4957 1100 5010 soli
1127 4956 1267 5010 oculi
1299 4955 1478 5010 mundi
1508 4964 1813 5010 sanctorum

255 5045 422 5099 visuri
452 5054 574 5100 sunt
619 5053 738 5115 post
779 5043 1038 5112 judicium
1084 5052 1378 5114 peractum.
1419 5045 1641 5110 Quando
1681 5045 1816 5097 dixit

256 5138 396 5191 sicut
446 5137 525 5192 sol
569 5152 674 5191 non
725 5136 897 5206 patuit
922 5135 1084 5190 altius
1123 5137 1412 5190 ascendere
1456 5137 1814 5206 comparando

258 5230 399 5300 quod
451 5231 610 5284 homo
653 5229 822 5282 oculis
864 5228 1230 5297 corporalibus
1275 5228 1465 5282 noscit.
1505 5225 1814 5281 Vestimenta

260 5332 430 5374 autem
455 5322 568 5391 ejus
590 5321 728 5390 facta
753 5329 870 5374 sunt
903 5319 1020 5372 alba
1047 5320 1176 5372 sicut
1200 5320 1308 5372 nix.
1335 5318 1390 5372 In
1413 5319 1512 5372 hoc
1534 5333 1815 5387 possumus

259 5412 400 5466 scire
429 5413 569 5482 quod
599 5428 794 5482 corpus
836 5411 974 5465 idem
999 5411 1171 5479 ipsum
1201 5410 1316 5471 fuit,
1343 5411 1467 5480 quia
1495 5410 1812 5466 vestimenta

259 5500 447 5556 eadem
473 5501 704 5556 fuerunt.
730 5503 803 5556 De
824 5502 1014 5572 quibus
1036 5501 1230 5554 dicitur
1250 5500 1371 5568 quia
1397 5497 1533 5552 facta
1557 5507 1680 5553 sunt
1694 5497 1814 5554 alba

260 5592 400 5647 sicut
429 5594 545 5657 uix,
571 5592 651 5647 vel
675 5595 811 5648 sicut
834 5595 885 5647 in
908 5593 1012 5648 alio
1043 5592 1158 5646 loco
1206 5592 1462 5661 scriptum
1485 5599 1566 5645 est
1589 5631 1603 5653 ,
1634 5589 1814 5660 qualia

263 5683 442 5742 nullus
488 5682 616 5741 fullo
666 5694 839 5755 potest
868 5700 1059 5757 parare
1109 5699 1268 5759 super
1313 5691 1528 5739 terram.
1582 5680 1816 5753 Apparet

1938 495 2157 552 inducta
2193 509 2334 552 sunt.
2368 501 2694 558 Vestimenta
2730 503 2947 566 Christi,
2973 504 3149 574 typice
3177 503 3348 556 sancti
3378 502 3494 570 ejus

1936 595 2060 641 sunt
2097 588 2164 641 de
2192 591 2384 657 quibus
2411 591 2607 646 Paulus
2634 595 2706 647 ait
2740 611 2755 648 :
2790 593 2893 658 Qui
2917 595 3051 648 enim
3079 595 3132 646 in
3167 591 3372 646 Christo
3402 592 3496 645 ba-

1933 679 2114 746 ptizati
2149 682 2289 742 estis,
2322 679 2582 735 Christum
2605 684 2862 738 induistis.
2891 684 2990 750 Qui
3025 683 3227 754 fulgent
3271 699 3411 737 nunc
3441 684 3493 736 in

1932 771 2205 837 przcsenti.
2242 773 2332 826 sed
2371 773 2422 826 in
2449 773 2628 827 futuro
2653 775 2872 840 clarius,
2903 776 3027 844 quia
3057 792 3172 828 cum
3197 777 3495 844 apparuerit

1932 860 2125 914 similes
2153 861 2199 913 ei
2235 864 2443 917 erimus.

2001 948 2078 1002 De
2106 949 2287 1019 quibus
2314 951 2520 1016 dicitur,
2565 951 2743 1022 qualia
2787 952 2918 1022 fullo
2965 971 3067 1007 non
3105 963 3266 1024 potest
3304 965 3510 1024 parare‘

1930 1055 2084 1108 super
2111 1049 2321 1092 terram.
2349 1040 2498 1094 Fullo
2533 1041 2651 1110 ille,
2687 1043 2752 1096 de
2779 1058 2884 1112 quo
2918 1043 3197 1097 Psalmista
3231 1063 3242 1097 :
3273 1043 3490 1098 Lavabis

1931 1146 2009 1183 me
2034 1139 2081 1182 et
2103 1146 2255 1199 super
2284 1131 2445 1184 nivem
2471 1131 2766 1197 dealbabor,
2795 1134 2919 1202 quia
2951 1149 3054 1187 non
3077 1143 3250 1202 potest
3274 1135 3401 1188 dare
3435 1135 3489 1188 in

1932 1222 2152 1280 sanctis,
2182 1222 2321 1290 quod
2348 1222 2582 1275 dandum
2606 1223 2853 1293 promisit
2891 1223 2942 1276 in
2973 1223 3142 1278 caelis.
3176 1222 3309 1277 Ecce
3332 1241 3493 1293 appa-

1931 1312 2032 1363 ruit
2070 1310 2271 1380 Moyses
2300 1321 2348 1365 ct
2371 1312 2535 1364 Elias.
2563 1311 2666 1366 Per
2699 1313 2916 1382 Moysen
2946 1320 2998 1367 et
3025 1313 3195 1367 Eliam
3226 1312 3493 1382 legislato—

1930 1415 2047 1455 rem
2075 1408 2130 1454 et
2168 1401 2423 1455 eximium
2468 1403 2844 1471 prophetarum
2876 1403 3130 1468 ostendit,
3174 1403 3299 1473 quia
3329 1411 3384 1458 et
3408 1403 3494 1456 lex

1929 1491 1995 1544 ab
2024 1491 2138 1559 ipso
2163 1492 2284 1545 data
2313 1498 2414 1554 est,
2444 1499 2499 1545 et
2529 1493 2698 1561 ipsum
2721 1491 3113 1561 prieliguravit;
3141 1501 3196 1546 et
3221 1493 3494 1561 prophetae

1927 1581 2043 1650 ipso
2073 1581 2371 1650 inspirante
2395 1582 2868 1650 prophetaveruut,
2893 1590 2948 1635 et
2969 1583 3151 1636 omnia
3174 1597 3293 1652 quae
3317 1583 3382 1637 de
3404 1581 3494 1636 illo

1925 1679 2082 1726 erant
2118 1671 2295 1726 futura
2324 1673 2649 1727 cecinerunt.
2688 1672 2884 1742 Typice
2924 1688 3021 1742 per
3056 1673 3271 1743 Moysen
3321 1673 3508 1727 sancti

1852 1745 1901 1804 Β
1926 1762 2015 1830 qui
2036 1763 2148 1833 jam
2179 1771 2386 1833 gustata
2437 1771 2605 1818 morte
2632 1779 2752 1818 cum
2785 1763 3007 1818 Domino
3043 1765 3356 1834 regnabant.
3388 1765 3492 1820 Per

1925 1853 2122 1922 Eliam,
2157 1855 2247 1924 qui
2291 1856 2465 1909 adhuc
2494 1856 2673 1909 vivere
2709 1855 2928 1920 dicitur,
2960 1855 3032 1909 illi
3083 1856 3237 1910 electi
3286 1856 3377 1926 qui
3435 1854 3491 1908 in

1923 1959 2085 1998 carne
2137 1945 2434 2014 reperiendi
2487 1953 2613 1999 sunt
2658 1945 2992 2014 figurantur;
3048 1946 3300 2015 quoniam
3351 1945 3490 1999 sicut

1924 2037 2119 2092 Paulus
2139 2039 2212 2092 ait
2236 2057 2249 2092 :
2279 2037 2473 2091 Μονιαὶ
2488 2039 2575 2108 qui
2596 2039 2649 2090 in
2665 2037 2870 2092 Christo
2887 2049 3007 2093 sunt
3025 2048 3288 2108 resurgant
3310 2040 3486 2108 primi,

1922 2127 2106 2180 deinde
2133 2127 2221 2192 qui
2245 2127 2346 2181 viri
2370 2127 2558 2182 im'enti
2594 2128 2788 2198 fuerint
2812 2127 2968 2182 simul
2999 2128 3261 2198 rapientur
3308 2127 3362 2181 in
3391 2144 3490 2180 uu-

1921 2216 2068 2270 bibus
2098 2206 2296 2270 obviam
2326 2216 2530 2271 Christo
2556 2219 2608 2271 in
2633 2234 2786 2282 aera,
2815 2205 2862 2271 et
2893 2219 2967 2272 sic
2993 2233 3192 2288 semper
3216 2233 3332 2270 cum
3367 2216 3485 2269 Ι)οη

1921 2309 2060 2360 mino
2089 2307 2302 2360 erimus.

1989 2398 2121 2454 Cum
2157 2417 2218 2454 eo
2257 2399 2538 2472 loquentes.
2585 2399 2805 2456 Scilicet
2849 2414 3132 2455 excessum
3179 2399 3296 2468 ejus
3323 2414 3482 2468 quem

1919 2501 2139 2546 acturus
2164 2501 2280 2546 erat
2311 2494 2363 2546 in
2395 2492 2724 2548 Hierusalem
2754 2495 3196 2562 pra-nuntiantes.
3229 2492 3488 2562 Origenes

1919 2581 2049 2636 dicit
2069 2585 2207 2650 quod
2235 2581 2445 2652 Moyses
2483 2599 2602 2636 eum
2637 2583 2832 2638 tabulis
2861 2599 2978 2652 quae
3009 2583 3266 2652 scriptam
3315 2583 3486 2652 legem

1918 2674 2242 2737 habuerunt,
2268 2675 2592 2744 apparuerit,
2623 2684 2677 2729 et
2703 2675 2844 2728 Elias
2866 2690 2985 2729 cum
3016 2690 3182 2733 curru
3204 2675 3358 2744 igneo
3392 2674 3486 2745 ad-

1917 2765 2145 2830 venerit,
2171 2773 2224 2820 et
2255 2765 2376 2820 inde
2401 2765 2621 2836 apostoli
2643 2780 2736 2820 eos
2757 2771 3150 2836 cognoverunt,
3182 2773 3237 2818 et
3269 2765 3484 2834 dignum

1915 2866 2038 2911 erat
2065 2866 2123 2910 ut
2162 2858 2215 2912 in
2251 2857 2518 2911 charitate
2545 2873 2664 2911 cum
2693 2858 2919 2911 Domino
2950 2863 3296 2925 apparentes,
3331 2855 3487 2908 terri-

1918 2949 2053 3006 biles
2081 2960 2136 3004 et
2183 2949 2424 3019 praeclari
2456 2956 2817 3018 apparerent,
2866 2948 3018 3017 quasi
3048 2947 3284 3002 dicerent
3319 2964 3330 2998 :
3368 2945 3484 3000 Non

1918 3040 2166 3094 videatur
2199 3041 2351 3094 voltis
2375 3041 2569 3094 durum
2589 3040 2694 3109 pati
2722 3053 2819 3108 pro
2843 3038 3079 3102 Christo,
3109 3037 3232 3108 quia
3259 3052 3358 3107 ego
3389 3052 3485 3106 per

1921 3131 2114 3199 legem,
2153 3139 2207 3186 et
2234 3131 2332 3185 iste
2359 3147 2454 3201 per
2482 3132 2816 3201 prophetiam
2854 3131 2970 3200 ipso
2986 3130 3207 3198 jubente
3236 3131 3316 3184 sie
3341 3146 3482 3199 pra:-

1920 3222 2280 3276 nuntiavimus
2333 3221 2590 3275 futurum.
2649 3220 2902 3284 Domine,
2953 3221 3140 3273 bonum
3169 3229 3241 3273 est
3285 3236 3378 3273 nos
3400 3221 3484 3273 hic

1917 3331 2046 3377 esse;
2067 3314 2110 3367 si
2135 3315 2228 3376 eis,
2253 3313 2506 3383 faciamus
2523 3313 2719 3366 Itictria
2742 3310 3077 3365 tabernacula
3122 3310 3256 3377 Quia
3276 3311 3486 3365 viderat

1919 3406 1984 3459 ad
2029 3413 2284 3492 pmictpm
2311 3403 2646 3458 delectabilia
2673 3402 2884 3465 Petrus,
2919 3401 3136 3456 volebat
3163 3401 3234 3456 ibi
3271 3416 3484 3470 seraper

1917 3497 2288 3551 immorari'ne
2317 3495 2382 3548 ad
2413 3502 2610 3548 terram
2639 3493 3020 3557 descenderet,
3065 3492 3153 3545 ubi
3200 3507 3298 3561 pro
3333 3500 3482 3546 certo

1916 3595 2237 3658 cognoverat
2277 3601 2396 3640 eum
2429 3585 2866 3655 crucifrgendum.
2910 3582 3192 3637 Nesciebat
3239 3583 3366 3650 quid
3402 3582 3482 3634 di-

1914 3688 2080 3742 ceret,
2109 3687 2163 3734 et
2199 3677 2372 3733 fuerat
2395 3679 2594 3734 oblitus
2621 3677 2823 3733 sanctis
2849 3676 3170 3746 promissum
3199 3691 3228 3727 a
3256 3674 3480 3728 Domino

1915 3770 1968 3824 in
1998 3771 2150 3826 cmlis
2197 3785 2414 3840 regnum
2437 3811 2451 3835 ,
2491 3785 2595 3825 non
2627 3770 2680 3824 in
2711 3778 2874 3832 terra,
2907 3781 3079 3836 neque
3104 3783 3259 3838 posse
3294 3783 3480 3837 quern-

1915 3872 2076 3928 quam
2137 3857 2347 3912 mortali
2405 3857 2793 3913 circumdatum
2854 3871 3020 3911 carne
3083 3854 3481 3909 immortalitate

1916 3948 2049 4012 frui,
2076 3949 2179 4003 nisi
2209 3949 2357 4019 prius
2384 3957 2557 4003 morte
2586 3955 2818 4017 gustata.
2851 3944 3133 4000 Faciamus
3162 3946 3245 3998 hic
3269 3947 3372 3999 tria
3401 3957 3482 4000 ta-

1916 4042 2211 4097 bernacula.
2249 4041 2362 4096 Non
2400 4049 2523 4098 sunt
2549 4042 2652 4096 tria
2696 4039 3037 4095 tabernacula
3066 4037 3332 4102 facienda,
3383 4037 3477 4092 sed

1913 4151 2076 4190 unum
2103 4175 2118 4199 ,
2151 4135 2274 4204 quia
2321 4133 2557 4188 Trinitas
2601 4132 2728 4186 licet
2771 4130 3034 4185 credenda
3061 4169 3075 4193 ,
3116 4145 3256 4183 unus
3301 4137 3478 4182 tamen

1913 4227 2054 4283 Deus
2090 4227 2142 4282 in
2191 4226 2488 4281 substantia
2511 4266 2524 4287 ,
2569 4233 2625 4280 et
2649 4238 2812 4278 unum
2843 4223 3006 4278 habet
3045 4221 3183 4276 ovile
3229 4221 3476 4276 Christus

1916 4319 2058 4388 quod
2083 4326 2167 4372 est
2188 4332 2290 4370 una
2318 4316 2554 4370 Ecclesia
2586 4313 2868 4370 catholica.
2902 4313 3083 4366 Adhuc
3112 4329 3173 4366 eo
3210 4311 3477 4382 loquente,

1915 4427 2030 4465 ecce
2073 4410 2230 4464 nubes
2268 4408 2444 4462 lucida
2494 4405 2811 4461 obumbravit
2847 4421 2953 4459 eos.
2985 4404 3118 4471 Quia
3169 4403 3361 4458 Petrus
3401 4411 3480 4482 ta-

1919 4486 2204 4556 bernacula
2255 4498 2522 4554 aadiﬁcare
2574 4497 2816 4562 volebat,
2864 4497 3101 4552 ostendit
3136 4497 3186 4552 ei
3222 4496 3480 4551 Dominus

1919 4593 2060 4664 quod
2110 4599 2293 4662 posset
2339 4591 2584 4646 eumdem
2635 4589 3002 4644 umbraculum
3050 4589 3284 4653 habere,
3317 4605 3476 4658 quem

1918 4682 2146 4754 praebuit
2171 4681 2336 4752 Moysi
2371 4696 2492 4736 cum
2519 4680 2712 4751 pepulo
2741 4695 2836 4734 suo
2872 4695 2970 4750 per
2993 4679 3342 4748 quadraginta
3385 4695 3480 4732 an-

1919 4791 2035 4831 nos.
2066 4774 2170 4828 Seu
2216 4774 2377 4828 etiam
2417 4772 2828 4827 usitatissimum
2865 4779 3032 4841 genus
3071 4770 3354 4825 locutionis
3383 4769 3475 4826 Dei

1916 4881 2015 4937 per
2055 4864 2248 4920 nubem
2279 4864 2346 4917 ad
2373 4863 2572 4916 electos
2603 4877 2748 4924 suos,
2781 4869 2839 4914 ut
2881 4862 2948 4915 ad
2981 4859 3081 4916 Job
3109 4869 3162 4914 et
3207 4859 3274 4914 ad
3304 4860 3474 4929 ipsum

1916 4954 2166 5024 Moysen,
2205 4951 2332 5021 quia
2379 4965 2476 5020 per
2520 4948 2714 5002 nubem
2766 4948 3076 5018 designatur
3121 4948 3241 5002 lene
3270 4946 3505 5025 blandi-1

1915 5052 2172 5098 mentum.
2204 5042 2272 5095 Et
2313 5045 2426 5095 ecce
2464 5055 2562 5093 vox
2589 5040 2656 5092 de
2683 5039 2815 5092 nube
2857 5041 3050 5094 dicens.
3097 5039 3230 5105 Quia
3282 5037 3473 5092 Petrus

1917 5134 2045 5189 nihil
2070 5133 2290 5188 rationis
2304 5133 2533 5196 dixerat,
2551 5146 2657 5184 non
2676 5140 2914 5184 meretur
2935 5129 3354 5198 responsionem,
3379 5129 3473 5181 scd

1915 5225 2074 5279 Pater
2102 5222 2382 5291 respondet
2413 5235 2510 5290 pro
2532 5219 2686 5282 Filio,
2713 5227 2767 5273 et
2789 5219 2941 5273 docet
2963 5229 3017 5272 et
3042 5219 3185 5288 ipsos
3205 5215 3472 5285 apostolos

1918 5324 1972 5370 et
2001 5330 2095 5385 per
2120 5313 2235 5367 illos
2259 5311 2511 5380 reliquos,
2539 5310 2663 5379 quia
2691 5309 2738 5364 is
2763 5310 2831 5364 sit
2860 5309 3022 5364 Filius
3046 5309 3162 5378 ejus
3182 5325 3284 5363 non
3308 5308 3472 5378 adop-

1919 5407 2080 5469 tivus,
2107 5403 2197 5458 sed
2221 5401 2487 5471 proprius.
2511 5400 2578 5455 Et
2601 5399 2675 5454 illi
2701 5399 2798 5455 soli
2826 5400 3090 5470 figendum
3119 5408 3201 5454 est
3223 5399 3472 5453 taberna-

1919 5495 2117 5557 culum,
2140 5492 2214 5546 illi
2235 5489 2705 5559 obtemperaudum
2727 5498 2781 5544 et
2799 5491 2866 5544 ah
2891 5489 3145 5560 apostolis
3168 5499 3222 5544 et
3243 5504 3272 5542 a
3291 5487 3471 5549 Movse

1917 5595 1972 5642 et
2001 5586 2066 5639 ab
2096 5583 2227 5638 Elia.
2255 5580 2357 5636 Hic
2393 5592 2466 5636 est
2505 5580 2553 5633 ιτ
2556 5579 2675 5634 ilius
2704 5597 2847 5634 meus
2877 5581 3110 5644 dilectus,
3135 5582 3190 5634 iu
3213 5597 3314 5648 quo
3343 5580 3470 5640 mihi

1920 5677 2240 5747 complacui;
2275 5676 2440 5746 ipsum
2487 5673 2682 5730 audite.
2711 5673 2776 5728 Et
2819 5674 2922 5730 hoc
2951 5675 3282 5730 retinendum
3325 5670 3467 5747 qum!
