3952 6186
505 281 652 337 1505

522 501 667 542 .eusa
697 492 799 537 est.
832 481 899 534 Et
925 480 1189 534 audientes
1215 478 1455 553 discipuli
1482 477 1767 532 ceciderunt
1794 478 1848 530 in
1873 476 2059 545 faciem

512 592 686 637 suam,
709 584 755 627 et
777 573 1059 627 timuerunt
1089 569 1255 623 valde.
1280 569 1395 625 Non
1422 578 1504 625 est
1529 570 1723 623 mirum
1749 568 1791 623 si
1820 568 2058 637 discipuli

509 667 705 719 timent
744 661 898 716 valde
917 701 933 725 ,
962 660 1087 730 quia
1116 661 1364 714 viderunt
1398 659 1675 713 Dominum
1706 657 2060 727 glorificatum

510 770 676 824 supra
704 754 989 807 humanam
1032 751 1257 805 formam
1300 757 1354 802 et
1380 749 1504 817 quia
1546 748 1637 802 Dei
1673 748 1848 801 Patris
1882 747 2060 800 audie-

512 852 640 898 runt
667 858 848 896 vocem
877 856 971 910 per
999 838 1286 905 subjectam
1315 845 1632 899 creaturam,
1661 844 1714 890 et
1740 837 1862 904 quia
1894 836 2060 903 nubes

512 936 797 1004 tetigerant
824 948 913 986 eos
935 933 1095 985 etiam
1123 938 1249 984 tunc
1268 943 1478 983 errasse
1507 943 1564 982 se
1591 936 1963 996 cognoverant.
1991 925 2059 979 Et

511 1028 723 1081 accessit
748 1024 921 1093 Iesus,
967 1035 1014 1078 et
1038 1024 1199 1091 tetigit
1222 1039 1325 1076 eos.
1360 1012 1500 1076 Usus
1528 1020 1772 1074 humana:
1800 1020 2061 1075 conditio-

511 1118 596 1171 ni's
617 1125 717 1181 est,
742 1131 862 1169 cum
880 1114 1077 1182 aliquid
1099 1128 1259 1178 super
1280 1126 1336 1166 se
1360 1110 1548 1183 videri,
1572 1109 1762 1163 timore
1783 1108 1941 1173 allici,
1969 1109 2060 1163 sed

514 1209 706 1263 iterum
754 1223 850 1277 per
892 1222 1076 1260 vocem
1106 1213 1159 1258 et
1203 1213 1401 1257 tactum
1440 1203 1690 1263 recreari.
1722 1201 1873 1267 Quod
1918 1208 1973 1255 et
2006 1201 2061 1255 in

478 1291 730 1354 'Daniele
753 1298 1011 1368 legimus,
1041 1304 1097 1350 et
1136 1297 1190 1350 in
1227 1294 1524 1347 Ezechiele.
1564 1292 1749 1361 Igitur,
1792 1294 1915 1362 quia
1964 1307 2061 1360 pro

512 1405 745 1459 superna
774 1404 904 1442 voce
930 1398 985 1441 et
1011 1387 1221 1441 actione
1244 1384 1432 1452 dejecti
1458 1383 1728 1453 iacebant,
1756 1393 2065 1437 recreantur

514 1494 546 1532 8
573 1485 826 1533 consueta
852 1492 980 1531 νοεθ
1006 1485 1061 1530 et
1086 1483 1231 1530 tactu
1256 1476 1508 1529 humano.

587 1569 762 1623 Nolite
791 1570 987 1622 timere.
1019 1569 1100 1621 Ad
1127 1579 1366 1623 nostram
1393 1566 1795 1622 instructionem
1819 1566 1919 1619 ista
1946 1580 2064 1619 om-

1279 274 1659 332 CHRISTIANI
1697 274 2096 335 DRUTHMARI
2136 274 2576 329 CORBEIENSIS
2608 271 2909 330 MONACIII

512 397 653 451 sicut
691 393 743 446 in
772 390 1036 459 baptismo
1071 386 1336 451 Trinitas,
1377 387 1457 443 sic
1502 387 1662 442 etiam
1690 388 1741 441 in
1769 396 1947 441 monte
1974 402 2061 441 os-
2086 403 2134 463 Α

3478 226 3491 235 .
3579 270 3731 324 μοι

2677 426 2899 483 CAPUT
2935 423 3191 480 XXXVII.

2754 535 2825 589 De
2862 535 3109 588 lunatico.

2229 671 2297 725 Et
2316 688 2432 725 cum
2469 673 2678 727 venisset
2712 670 2781 724 ad
2810 671 3031 733 turbam,
3063 672 3276 725 accessit
3312 662 3382 726 a'd
3402 690 3521 727 eum
3566 675 3735 728 homo

2156 764 2364 832 genibus
2410 761 2727 831 provolutus.
2770 761 3022 816 Notandte
3075 771 3197 816 sunt
3243 778 3457 833 semper
3502 765 3731 819 Domini

2156 853 2392 907 actiones
2427 853 2619 922 quibus
2665 866 2772 910 non
2811 860 2986 907 cessat
3037 868 3069 905 a
3116 853 3284 908 salute
3323 854 3636 909 hominum.
3673 856 3735 910 In

2157 952 2337 999 monte
2379 944 2654 1021 discipulis
2692 959 2888 998 arcana
2934 958 3045 998 sua:
3095 945 3390 1014 maiestatis
3428 950 3730 1007 reseravit.

2157 1034 2485 1089 descendens
2513 1037 2578 1089 de
2603 1049 2667 1088 eo
2695 1043 2954 1104 exceptus
2979 1042 3062 1088 est
3089 1050 3118 1087 a
3140 1036 3314 1089 turba.
3340 1037 3395 1089 In
3427 1046 3626 1091 monte
3645 1054 3734 1091 sa-

2160 1124 2306 1178 navit
2329 1123 2519 1179 dubias
2558 1133 2767 1179 mentes
2793 1124 3176 1193 apostolorum,
3227 1126 3279 1179 in
3305 1126 3469 1195 plano
3506 1129 3734 1181 sanavit

2159 1228 2385 1283 corpora
2412 1222 2467 1268 et
2508 1222 2716 1269 mentes
2747 1216 3042 1268 turbarum.
3074 1213 3310 1279 Domine,
3340 1218 3597 1270 miserere
3630 1221 3731 1270 mei

2158 1301 2277 1371 ﬁlii,
2324 1304 2447 1372 quia
2488 1302 2746 1357 lanaticus
2784 1312 2879 1357 est.
2924 1300 3014 1358 Sic
3062 1302 3134 1356 illi
3171 1303 3413 1369 homines
3458 1305 3728 1374 putabant

2162 1391 2304 1459 quod
2326 1407 2392 1446 ex
2419 1392 2556 1445 luna:
2578 1392 2879 1447 defectione
2905 1392 3063 1445 homo
3088 1392 3285 1445 malum
3307 1402 3615 1463 pateretur,
3637 1394 3734 1448 sed

2163 1494 2271 1535 non
2295 1488 2429 1534 erat.
2459 1479 2565 1535 Sed
2591 1479 2854 1543 diabolus,
2886 1486 2943 1533 ut
2977 1488 3157 1548 posset
3184 1480 3427 1535 homines
3452 1480 3662 1536 ledere
3681 1483 3735 1536 in

2166 1569 2364 1633 anima,
2408 1569 2727 1623 observabat
2753 1577 2961 1638 tempus
2999 1568 3159 1633 lunae,
3187 1576 3241 1622 et
3263 1570 3602 1639 corripiebat
3632 1572 3733 1625 ho-

515 1661 603 1714 nia
632 1660 771 1714 facta
798 1668 941 1721 sunt,
964 1667 1021 1712 et
1046 1674 1150 1713 non
1178 1659 1243 1713 ad
1267 1657 1639 1712 defectionem.
1667 1655 1964 1710 Electoruni
1989 1663 2071 1709 est
2169 1660 2387 1724 minem,
2425 1667 2485 1712 ut
2524 1658 2873 1714 infamaretur
2909 1666 3121 1713 creator
3166 1674 3260 1727 per
3305 1670 3650 1725 creaturam,
3682 1672 3738 1717 et

517 1750 571 1804 in
601 1750 792 1804 faciem
818 1751 1040 1814 cadere,
1067 1758 1122 1803 et
1156 1750 1503 1818 reproborum
1534 1749 1585 1801 in
1634 1747 1847 1801 dorsum
1865 1787 1880 1811 ,
1929 1755 1987 1800 ut
2015 1747 2067 1800 in
2100 1756 2145 1814 Β
2168 1752 2630 1821 blasphemareuu-
2656 1761 2868 1807 creator
2894 1752 2983 1821 qui
3026 1751 3185 1805 talem
3214 1761 3523 1806 creaturam
3550 1770 3736 1810 creas.

515 1844 764 1913 passione
805 1843 871 1897 de
909 1842 1336 1911 persecutoribus
1367 1839 1594 1894 Domini.
1630 1838 1868 1892 Levantcs
1897 1849 2067 1892 autem
2170 1851 2268 1905 set,
2303 1860 2369 1898 ex
2398 1858 2500 1911 qua
2528 1843 2691 1897 homo
2718 1842 2857 1896 mala
2892 1850 3187 1913 pateretur.
3228 1840 3379 1896 Hunc
3405 1852 3599 1897 autem
3632 1847 3735 1900 ho-

516 1931 693 1985 oculos
717 1948 837 1985 suos
858 1932 1108 1984 neminem
1128 1929 1379 1993 viderunt,
1407 1930 1505 1983 nisi
1528 1926 1695 1982 solum
1716 1926 1913 1981 Iesum.
1937 1926 2070 1982 Cum

517 2023 692 2077 Patris
712 2039 816 2078 vox
837 2023 998 2091 caepit
1018 2022 1207 2076 Filium
1229 2021 1620 2084 commendare,
1646 2019 1784 2074 servi
1815 2020 2071 2074 discesse-

519 2121 663 2166 runt.
695 2113 905 2167 Etcum
938 2123 1166 2182 surgunt
1194 2128 1298 2166 non
1329 2110 1508 2164 vident
1543 2109 1702 2162 alium
1749 2110 1852 2162 nisi
1894 2108 2072 2163 Domi-

520 2222 669 2270 num,
698 2222 766 2260 ne
790 2221 895 2259 vox
919 2221 1037 2274 qua:
1063 2202 1316 2259 sun’uerat
1336 2203 1401 2257 ad
1425 2203 1584 2256 alium
1610 2200 1887 2270 putaretur
1909 2200 2067 2266 facta,

519 2298 623 2351 nisi
652 2299 719 2350 ad
751 2296 941 2365 ipsum.
970 2296 1187 2365 Typice,
1215 2302 1493 2365 postquam
1529 2292 1774 2348 Christus
1793 2292 2067 2361 apparuit,

520 2402 628 2441 non
656 2385 753 2439 fuit
783 2386 1078 2440 necessitas
1104 2385 1235 2455 legis
1268 2385 1476 2449 umbra,
1501 2383 1582 2438 vel
1609 2383 1920 2438 vaticinatio
1950 2398 2073 2453 pro-

522 2475 771 2544 phetalis.
830 2474 898 2528 Et
926 2474 1346 2529 descendentibus
1385 2474 1487 2529 illis
1527 2474 1591 2528 de
1618 2485 1789 2529 monte
1832 2474 2070 2544 praecepit

521 2562 677 2617 Iesus
707 2565 880 2619 dicens
903 2578 920 2616 :
950 2564 1159 2618 Nemini
1182 2566 1415 2620 dixeritis
1440 2566 1700 2619 visionem.
1727 2564 1843 2619 Non
1871 2565 1983 2618 vult
2015 2572 2074 2619 ut

520 2654 878 2725 praedicentur
921 2671 1040 2726 qua:
1088 2656 1142 2709 in
1179 2665 1359 2710 monte
1384 2656 1628 2710 viderant
1653 2656 1705 2710 in
1729 2655 1964 2724 populis,
2005 2670 2074 2710 ne

521 2760 621 2815 pro
647 2746 724 2800 rei
770 2746 1136 2814 magnitudine
1185 2761 1290 2802 non
1342 2748 1681 2813 crederetur;
1719 2760 1812 2801 seu
1857 2754 2075 2815 propter

521 2839 867 2906 opprobrium
894 2839 1072 2894 crucis
1094 2837 1405 2894 scandalum
1429 2846 1737 2908 generaret,
1764 2844 1818 2891 et
1848 2836 1952 2890 vile
1979 2837 2075 2890 ha-

522 2929 759 2993 beretur,
790 2929 959 2984 donec
989 2946 1110 2984 cum
1137 2929 1544 2985 resurrectionis
1578 2928 1877 2999 triumpho,
1908 2927 2074 2998 gloria

525 3023 798 3090 regnantis
818 3038 921 3076 una
949 3023 1375 3078 annuntiaretur.
1404 3023 1471 3076 Et
1494 3023 1931 3092 interrogaverunt
1958 3037 2073 3075 eum

2168 1936 2363 1990 minem
2406 1934 2616 1991 Marcus
2664 1933 2886 1989 surdum
2945 1945 3001 1988 et
3045 1933 3465 1988 mutum'l‘uisse
3520 1946 3736 1990 narrat.

2167 2026 2324 2082 Juxta
2360 2026 2518 2081 ﬁdem
2547 2026 2782 2081 historia:
2806 2027 2878 2080 ita
2907 2025 3106 2081 factum
3130 2034 3229 2081 est.
3256 2025 3377 2080 Alio
3410 2042 3548 2081 vero
3573 2028 3739 2082 intel-

2169 2116 2309 2172 lectu
2349 2116 2615 2188 signiﬁcat
2647 2133 2740 2172 eos
2768 2117 2834 2172 dc
2867 2116 3061 2186 quibus
3086 2118 3343 2188 scriptum
3373 2126 3463 2173 est
3483 2159 3497 2171 .
3522 2098 3739 2173 Staius

2168 2207 2372 2262 utluna
2425 2217 2674 2261 mutatur.
2712 2206 2865 2273 Quod
2906 2207 3054 2271 dicit,
3090 2223 3230 2277 θωνα
3266 2207 3404 2260 cadit
3442 2209 3498 2260 in
3535 2210 3735 2277 ignem,

2169 2296 2767 2362 subauditur‘avaritiaa,
2804 2298 2927 2365 quia
2955 2297 3106 2365 quasi
3144 2296 3299 2350 ardet
3323 2296 3573 2362 avaritia,
3603 2298 3743 2352 dum

2170 2396 2417 2443 crescunt
2453 2389 2709 2458 pecuniae,
2733 2389 2855 2459 quia
2873 2405 3020 2442 amor
3033 2390 3230 2443 nummi
3254 2390 3450 2453 crescit,
3470 2401 3743 2473 mutuus

2170 2481 2281 2552 ipsa
2295 2483 2511 2551 pecunia
2539 2480 2741 2545 crescit,
2766 2480 2879 2535 sive
2897 2496 2994 2551 per
3010 2481 3206 2550 ignem
3247 2481 3506 2537 iracundia
3535 2485 3744 2552 expri-

2170 2572 2354 2627 mitur.
2379 2572 2450 2624 Et
2489 2571 2664 2625 crebro
2703 2573 2757 2625 in
2794 2588 3003 2641 aquam.
3035 2572 3091 2626 ln
3132 2570 3279 2625 fluxu
3321 2573 3561 2632 luxurias,
3605 2590 3739 2643 qua

2170 2662 2461 2718 dissolvere
2487 2670 2718 2717 mentem
2753 2661 2888 2717 solet
2914 2677 3009 2731 per
3040 2662 3280 2717 delicias.
3314 2661 3380 2716 Et
3416 2663 3580 2717 obtuli
3611 2681 3739 2719 eum

2170 2750 2435 2821 discipulis
2451 2752 2573 2815 tuis,
2596 2760 2643 2804 et
2665 2768 2766 2806 non
2786 2761 3060 2821 potuerunt
3080 2769 3267 2807 curare
3286 2771 3420 2807 eum.
3450 2754 3743 2825 Frequen-

2171 2847 2255 2895 ter
2289 2839 2538 2910 precibus
2574 2841 2866 2910 petentium
2903 2841 3161 2895 resistunt
3194 2857 3360 2911 opera
3406 2858 3506 2911 pro
3539 2844 3741 2912 quibus
3794 2840 3801 2848 ’

2171 2936 2378 2999 petunt,
2416 2930 2629 2997 quando
2665 2929 2711 2983 is
2741 2944 2840 2999 pro
2874 2943 2980 2998 quo
2999 2938 3189 2998 petunt
3226 2946 3256 2983 a
3285 2932 3429 2986 malo
3464 2948 3571 2985 non
3609 2950 3741 2988 con-

2173 3021 2421 3075 vertitur.
2476 3019 2625 3076 Unde
2663 3020 2972 3089 frequenter
3014 3020 3270 3076 Dominus
3307 3023 3440 3076 dicit
3480 3041 3495 3075 :
3533 3023 3740 3077 Secun-

524 3110 766 3178 discipuli
794 3113 1016 3165 dicentes
1050 3126 1068 3162 :
1118 3112 1257 3177 Quid
1305 3129 1424 3181 ergo
1471 3110 1664 3166 Scriba:
1712 3110 1890 3164 dicunt
1938 3110 2074 3181 quod
2101 3102 2145 3164 C
2174 3112 2299 3167 dum
2330 3113 2487 3179 tidem
2514 3121 2659 3169 tuam
2692 3111 2787 3166 fiat
2825 3111 2938 3166 tibi.
2975 3111 3287 3181 Quicunque
3323 3121 3503 3167 autem
3530 3114 3737 3167 dzemo-

526 3198 701 3252 Eliam
746 3209 937 3268 oportet
989 3202 1210 3267 privtum
1249 3201 1455 3254 venire?
1481 3200 1876 3269 Requirendum
1925 3201 2078 3255 nobis

523 3297 642 3350 est,
682 3289 821 3342 unde
854 3290 1078 3358 quaestio
1111 3299 1230 3343 orta
1274 3290 1434 3344 fuerit
1476 3290 1616 3343 inter
1643 3290 1928 3359 discipulos
1975 3292 2079 3345 Do-

526 3376 659 3430 mini
682 3416 696 3439 ,
743 3378 868 3445 quia
897 3377 1153 3433 Dominus
1181 3379 1391 3436 dixerat
1428 3393 1587 3447 supra
1614 3380 1755 3447 quod
1781 3379 1945 3449 aliqui
1970 3395 2075 3434 non

524 3475 708 3521 essent
733 3468 995 3537 gustaturi
1025 3478 1252 3522 mortem
1276 3469 1445 3523 donec
1469 3468 1699 3522 viderint
1719 3452 1882 3522 linum
1906 3468 2076 3523 homi-

527 3560 612 3612 nis
660 3559 957 3613 venientem
1008 3558 1065 3613 in
1102 3575 1264 3630 regno
1309 3575 1425 3615 suo.
1467 3558 1889 3614 Estimaverunt
1934 3561 2076 3629 quod

528 3649 644 3717 ipsa
672 3650 821 3720 regni
842 3649 1152 3722 gloriﬁcatio
1177 3651 1353 3706 statim
1375 3650 1487 3706 fore
1508 3652 1724 3706 deberet
1748 3670 1761 3705 :
1791 3653 1912 3707 inde
1931 3652 2077 3706 dixe-

528 3748 690 3794 runt:
717 3741 853 3807 Quid
872 3741 1114 3809 estquod
1144 3742 1343 3797 Scriba:
1364 3743 1548 3797 dicunt
1574 3750 1629 3796 et
1650 3742 1923 3808 Phariszei,
1950 3743 2076 3812 quia

526 3831 672 3885 Elius
701 3831 892 3885 debeat
937 3833 1236 3901 pnecedere
1263 3841 1409 3886 tuum
1435 3833 1755 3888 adventum?
1798 3833 2076 3889 Habebam

525 3921 670 3975 enim
701 3921 977 3987 Pharisaei,
1014 3923 1304 3978 secundum
1337 3924 1607 3979 Malacbia:
1634 3924 1907 3993 scriptum,
1934 3925 2077 3994 quod

526 4013 673 4068 Elias
706 4015 971 4083 prmcedet
1007 4015 1215 4070 Domini
1242 4016 1559 4082 adventum,
1586 4017 1681 4071 sed
1708 4018 1773 4072 de
1814 4018 2073 4083 secundo,

527 4117 635 4155 non
685 4103 749 4157 de
793 4104 967 4173 primo
1018 4105 1120 4159 hoc
1146 4104 1303 4159 debet
1340 4105 1579 4175 intelligi.
1629 4104 1892 4161 Videbunt
1931 4108 2073 4161 enim

527 4193 696 4248 Eliam
735 4196 1051 4260 recessisse,
1099 4208 1154 4250 et
1182 4196 1299 4252 ideo
1340 4196 1709 4251 turbabantur.
1749 4197 1815 4251 At
1863 4196 1952 4250 ille
1992 4213 2076 4251 re-

523 4285 780 4356 spondens
797 4287 869 4339 ait
890 4288 963 4339 eis
984 4300 1002 4337 :
1020 4286 1167 4341 Elius
1188 4286 1391 4358 quidem
1407 4287 1609 4341 veniens
1624 4288 1851 4342 restituet
1877 4288 2068 4341 omnia.

528 4374 724 4445 Utique
742 4390 863 4445 qua).
886 4376 1020 4430 idem
1044 4378 1300 4446 propheta
1321 4378 1567 4447 praedixit
1591 4377 1898 4433 Malachias.
1925 4377 2073 4433 Sicut

2175 3205 2266 3259 nio
2287 3204 2535 3266 traditur;
2564 3214 2657 3257 aut
2692 3219 2789 3273 pro
2823 3219 2920 3259 suo
2949 3212 3042 3258 aut
3074 3219 3171 3273 pro
3202 3214 3487 3274 parentum
3507 3218 3739 3275 peccato

2176 3291 2426 3356 traditur,
2455 3292 2593 3346 sicut
2612 3294 2663 3346 in
2693 3292 2940 3348 omnibus
2972 3292 3102 3347 locis
3137 3293 3549 3365 Evangeliorum
3580 3298 3737 3351 inve-

2174 3380 2368 3434 nimus.
2411 3380 2691 3452 Respondit
2732 3382 2904 3447 Iesus,
2964 3392 3010 3437 et
3049 3384 3119 3437 ait
3148 3383 3238 3438 :0
3264 3387 3531 3454 generatio
3568 3389 3741 3442 incre—

2173 3468 2299 3523 dula
2330 3478 2380 3524 et
2421 3487 2679 3540 perversa,
2717 3488 2979 3542 quousque
3016 3489 3102 3526 ero
3143 3473 3447 3528 vobiscum?
3466 3493 3739 3548 quousque

2173 3579 2259 3616 vos
2281 3563 2491 3633 patiar?
2518 3561 2632 3617 Non
2662 3563 2780 3618 ideo
2805 3565 2919 3619 hmo
2950 3564 3203 3633 loquitur,
3230 3568 3385 3636 quasi
3420 3568 3570 3622 taedio
3596 3569 3741 3624 aﬂ'eb

2174 3662 2315 3721 ctus,
2355 3664 2447 3709 aut
2487 3654 2539 3709 in
2577 3656 2709 3710 iram
2754 3655 3059 3720 conversus,
3114 3658 3181 3712 de
3209 3674 3318 3727 quo
3356 3661 3603 3730 scriptum
3644 3675 3741 3719 est

2173 3745 2312 3814 quod
2343 3747 2477 3800 sicut
2497 3763 2661 3816 agnus
2696 3763 2797 3801 non
2830 3747 3030 3816 aperuit
3057 3764 3303 3802 ossuum.
3348 3748 3450 3804 Sed
3480 3751 3612 3820 quia
3632 3768 3741 3823 per

2175 3835 2510 3891 Salomonem
2532 3836 2727 3891 dicitur
2753 3854 2765 3890 :
2805 3834 2970 3889 Verba
2994 3838 3304 3907 sapientium
3322 3841 3474 3909 quasi
3507 3842 3737 3905 stimuli,

2172 3932 2219 3978 et
2242 3924 2393 3994 quasi
2417 3923 2550 3978 clavi
2574 3924 2629 3978 in
2656 3924 2819 3978 altum
2852 3924 3031 3994 deﬁxi.
3064 3925 3288 3981 Volebat
3309 3943 3432 3999 quae
3454 3930 3661 3986 diceret
3680 3933 3737 3986 in

2172 4013 2439 4068 mentibus
2497 4013 2601 4068 ﬁxa
2639 4024 3011 4079 remanerent,
3042 4002 3225 4071 veluti
3276 4019 3320 4072 si
3386 4021 3627 4076 medicus
3666 4024 3738 4077 ad

2171 4110 2426 4173 aegrotum
2467 4103 2667 4159 diceret
2707 4122 2721 4158 :
2758 4105 3041 4175 Quousque
3089 4108 3338 4162 accedam
3402 4110 3470 4164 ad
3515 4112 3737 4168 domum

2173 4201 2339 4259 tuam,
2371 4210 2649 4264 quousque
2692 4195 2909 4264 perdam
2956 4197 3089 4251 artis
3123 4198 3409 4266 peritiam?
3446 4200 3561 4271 Ego
3586 4202 3736 4258 aliud

2166 4285 2353 4354 jubeo,
2382 4296 2438 4343 et
2463 4288 2605 4343 aliud
2636 4288 2767 4343 facis
2789 4298 2865 4342 tu.
2891 4289 2986 4343 Vel
3008 4303 3106 4359 per
3128 4289 3276 4368 illurn
3317 4291 3736 4362 arguitludmus

2174 4378 2228 4432 in
2258 4377 2593 4433 inﬁdelitate.
2628 4378 2762 4432 Nam
2787 4379 2913 4449 quia
2952 4379 3089 4433 irato
3116 4381 3297 4436 animo
3320 4382 3422 4437 hoc
3443 4399 3553 4438 non
3584 4385 3739 4441 dixe-

524 4466 750 4520 audistis
778 4466 920 4519 venit
946 4466 1089 4521 Elias
1112 4468 1164 4521 in
1188 4469 1419 4522 secundo
1447 4469 1657 4523 Domini
1680 4469 1906 4523 adventu
1918 4469 2071 4537 juxta
2098 4459 2148 4518 D
2173 4466 2262 4530 rit,
2302 4468 2577 4538 sequentia
2615 4469 3001 4523 demonstrant.
3046 4468 3319 4539 Sequitur.
3346 4473 3546 4543 Aﬂ‘erte
3585 4476 3740 4529 illa

525 4557 764 4623 corporis
784 4557 960 4610 tidem.
979 4556 1108 4611 Dico
1131 4569 1300 4612 autem
1322 4560 1459 4613 vobis
1478 4560 1613 4630 quod
1630 4559 1776 4614 Elius
1790 4559 1903 4629 jam
1916 4560 2070 4623 venit,

524 4647 772 4701 videlicet
805 4648 857 4701 in
881 4649 1071 4718 spiritu
1104 4657 1158 4703 et
1180 4649 1390 4704 actione
1407 4649 1651 4715 Joannis,
1678 4661 1727 4705 et
1756 4669 1858 4705 non
1879 4668 2069 4721 cogno-

526 4744 705 4789 verunt
728 4753 865 4802 eum,
897 4737 1101 4793 scilicet
1129 4741 1462 4794 sanctitatem
1493 4739 1748 4808 ejus.Sed
1764 4743 1990 4812 fecerunt
2018 4742 2074 4796 in

522 4839 582 4876 eo
603 4841 916 4896 quwcunque
936 4826 1219 4905 voluerunt.
1253 4827 1575 4899 Spreverunt
1597 4838 1755 4899 atque
1781 4829 2074 4887 decollave-

524 4922 652 4968 runt
674 4929 814 4967 eum.
846 4913 934 4970 Sic
958 4927 1004 4970 et
1033 4915 1203 4972 Filius
1241 4919 1460 4972 hominis
1492 4936 1739 4989 passurus
1781 4929 1853 4974 est
1890 4922 1955 4974 ab
1972 4921 2066 4975 eis.

525 5003 792 5072 Quaaritur
820 5022 983 5076 quare
1031 5008 1275 5064 dicantur
1304 5009 1557 5065 Pharisaei
1607 5011 1867 5066 occidisse
1910 5009 2070 5066 Joan-

526 5109 670 5159 nem,
699 5111 819 5150 cum
858 5094 1098 5152 Herodes
1125 5114 1244 5153 eum
1271 5101 1545 5156 occiderit.
1572 5100 1675 5156 Sed
1700 5116 1764 5155 ex
1797 5103 1917 5166 hoc,
1945 5103 2067 5171 quia

524 5202 630 5240 non
658 5188 1117 5256 contradixerunt,
1147 5190 1398 5247 dicuntur
1422 5184 1774 5249 conSeusisse.
1823 5193 2067 5247 Perituro

522 5276 665 5329 enim
687 5278 973 5346 quipolest
995 5281 1276 5336 subvenire
1300 5292 1355 5337 et
1379 5298 1483 5336 non
1508 5282 1655 5347 facit,
1678 5283 1890 5338 occidit.
1912 5282 2073 5336 Simi-

523 5365 646 5419 liter
676 5366 914 5424 Herodes
951 5370 1145 5425 dicitur
1184 5371 1464 5426 Dominum
1490 5374 1768 5436 occidisse,
1796 5372 1920 5441 quia
1949 5387 2071 5427 cum

522 5459 716 5525 potuit,
744 5459 912 5513 noluit
942 5459 1202 5526 liberare,
1229 5463 1320 5517 sed
1360 5464 1631 5520 consensit
1653 5480 1773 5519 cum
1798 5463 1987 5530 Pilato,
2017 5472 2074 5519 et

527 5549 730 5604 remisit
753 5564 876 5604 eum
909 5550 975 5604 ad
1009 5550 1171 5606 illum.

2172 4559 2241 4612 ad
2264 4575 2362 4612 me.
2396 4557 2463 4612 Et
2490 4559 2767 4628 increpavit
2793 4559 2940 4613 illum
2971 4560 3142 4614 Iesus.
3175 4561 3292 4616 Non
3322 4563 3619 4631 hominem,
3642 4567 3741 4623 sed

2172 4648 2442 4704 diabolum
2487 4649 2813 4719 increpavit,
2854 4651 2945 4720 qui
2988 4666 3147 4706 ausus
3196 4651 3296 4707 fuit
3333 4653 3483 4708 illum
3532 4656 3737 4711 elidere

2170 4748 2432 4810 praesente
2473 4748 2734 4795 creatore.
2790 4739 2922 4794 Nam
2965 4741 3093 4796 dicit
3132 4742 3456 4812 evangelista
3511 4748 3640 4817 quia
3680 4749 3736 4801 in

2173 4829 2289 4899 ipsa
2310 4830 2443 4884 hora
2472 4830 2810 4884 conturbavit
2833 4845 2954 4885 eum
2975 4838 3031 4885 et
3048 4831 3191 4886 elisit
3220 4833 3273 4887 in
3302 4842 3523 4890 terram.
3552 4836 3613 4893 Si
3642 4855 3744 4894 au-

2174 4929 2281 4977 tem
2309 4930 2364 4975 et
2401 4922 2670 4976 hominem
2718 4922 3064 4994 intelligimus
3103 4925 3455 4995 increpatum,
3492 4933 3737 4987 οδωοῶ-

2174 5019 2261 5066 tur
2276 5015 2413 5079 quod
2441 5000 2657 5083 propter
2676 5028 2771 5067 sua
2804 5024 3023 5082 peccata
3053 5030 3084 5068 a
3118 5016 3379 5071 dtemonio
3414 5021 3740 5076 dominaba-

2173 5111 2278 5157 tur.
2300 5097 2449 5169 Quod
2469 5112 2644 5158 autem
2668 5105 2719 5158 in
2747 5106 2858 5174 ipsa
2881 5106 3012 5160 bora
3041 5108 3267 5177 amplius
3285 5125 3409 5163 eum
3432 5115 3738 5181 cruciabat,

2172 5191 2241 5246 ob
2262 5192 2362 5246 hoc
2386 5191 2636 5257 faciebat,
2663 5202 2723 5247 ut
2748 5193 3076 5263 expulsionis
3104 5213 3213 5252 sum
3249 5199 3385 5253 iram
3407 5202 3739 5272 vindicaret,

2173 5298 2265 5338 seu
2294 5293 2354 5338 ut
2377 5283 2555 5337 odium
2578 5284 2790 5339 virtutis
2823 5285 3103 5341 incuteret.
3150 5286 3218 5339 Et
3252 5290 3409 5342 exivit
3438 5292 3503 5344 ab
3536 5310 3600 5346 eo
3627 5298 3741 5349 cla-

2173 5374 2422 5427 monium.
2470 5372 2619 5427 Alius
2644 5373 2965 5443 evangelista
3006 5372 3311 5446 dicit’quod
3341 5385 3663 5451 prteceperit
3689 5387 3738 5439 ei

2174 5474 2236 5518 ut
2255 5480 2359 5519 non
2385 5464 2608 5533 amplius
2632 5464 2683 5517 in
2717 5479 2837 5518 eum
2861 5465 3121 5530 introiret,
3157 5469 3281 5537 quia
3318 5469 3456 5524 solet
3487 5474 3741 5529 diabolus

2175 5553 2487 5608 voluntaria:
2516 5554 2688 5608 locum
2731 5554 3072 5612 habitationis
3100 5575 3209 5614 sua:
3252 5570 3520 5632 repetere,
3553 5568 3653 5621 nisi
3690 5570 3737 5621 is

2177 5646 2265 5715 qui
2292 5646 2545 5701 liberatus
2570 5654 2652 5700 est
2676 5661 2734 5701 se
2761 5662 2790 5700 a
2812 5650 3040 5717 peccatis
3066 5651 3349 5722 custodiat,
3379 5658 3529 5728 quod
3555 5657 3734 5713 Domi-
