3952 6186
216 291 241 347 i
252 292 362 347 ωδ

1329 286 1687 344 EXPOSITIO
1721 284 1789 340 IN
1830 283 2254 339 MAT'I'HAZUM.

3276 283 3414 342 “00

210 422 313 462 nus
341 403 574 461 ostendit
600 403 667 459 de
709 402 814 458 alio
838 409 1028 459 curato
1047 400 1270 457 dicens:
1296 399 1427 456 Cum
1463 398 1760 455 immundus
1789 401 1835 460 Α
1863 395 2128 465 quomodo
2157 410 2260 449 non
2296 394 2585 451 credebant
2606 409 2669 451 ea
2690 408 2789 463 nec
2814 393 3196 465 intelltgebant,
3215 398 3415 465 przedi-

211 498 423 568 spiritus
451 495 629 549 exierit
652 493 714 547 ab
742 494 967 557 homine,
993 501 1046 547 et
1071 493 1312 561 reliqua.-

283 587 324 641 Τ
326 603 426 640 unc
472 593 794 645 accesserunt
841 582 1083 653 discipuli
1123 582 1194 636 ad
1236 581 1415 636 Iesum
1463 588 1677 643 secreto,
1716 588 1766 632 et

216 675 461 729 dixerunt
483 689 503 727 :
524 671 699 736 Quare
722 687 813 726 nos
842 688 944 725 non
965 671 1223 741 potuimus
1243 669 1426 739 ejicere
1450 668 1641 723 illum?
1668 666 1765 720 Hic

216 773 434 835 apparet
453 763 596 833 quod
627 761 849 831 apostoli
880 760 1183 831 frequenter
1206 759 1429 813 virtutes
1466 757 1765 825 faciebant,

215 865 271 911 et
289 858 556 910 daemones
579 853 933 922 expellebant,
959 867 1080 907 cum
1105 852 1170 906 de
1197 852 1301 905 isto
1326 850 1661 905 solummodo
1686 848 1769 901 in-

218 951 487 1013 terrogant
525 957 693 1011 quare
731 957 838 995 non
880 942 1149 1011 potuerint
1187 939 1403 1008 ejicere.
1435 939 1574 991 Dicit
1616 937 1721 991 illis
1749 956 1767 991 :

218 1032 438 1104 Propter
471 1032 883 1087 incredulitatem
911 1042 1149 1086 vestram.
1194 1030 1306 1087 Hoc
1330 1038 1412 1086 est
1450 1030 1593 1100 quod
1641 1029 1768 1085 alibi

218 1126 298 1179 eis
322 1124 473 1179 dixit.
506 1121 832 1193 Quaecunque
850 1123 1097 1193 petieritis
1124 1124 1179 1176 in
1204 1123 1407 1177 nomine
1426 1138 1538 1176 meo
1561 1122 1773 1176 creden-

218 1224 292 1268 tes
328 1213 609 1284 accipietis,
637 1213 845 1283 quoties
867 1227 974 1267 non
1019 1212 1306 1281 accipimus
1332 1226 1437 1266 non
1471 1212 1774 1281 praestantis

218 1314 321 1369 est,
344 1299 436 1360 sed
464 1306 711 1374 petentis.
745 1304 888 1371 Sive,
924 1313 985 1359 ut
1011 1303 1239 1360 Jacobus
1264 1306 1377 1360 ait:
1401 1304 1633 1359 Postulet
1657 1306 1772 1375 quis

220 1399 276 1451 in
302 1398 405 1466 [ide
426 1395 556 1451 nihil
575 1397 848 1463 haesitans,
876 1412 971 1453 seu
995 1397 1345 1467 incredulitas
1370 1396 1493 1462 fuit,
1518 1397 1641 1467 quia
1663 1410 1776 1452 cre-

221 1488 469 1543 diderunt
489 1503 586 1558 per
611 1488 749 1544 luna:
782 1488 1045 1544 defectum
1073 1488 1230 1557 amigi
1267 1488 1559 1543 hominem.
1589 1488 1772 1554 Amen,

222 1597 370 1633 auten
390 1581 504 1635 dico
528 1581 685 1644 vobis,
712 1584 757 1635 si
794 1581 1073 1636 habueritis
1106 1581 1260 1650 ﬁdem
1291 1592 1346 1636 ut
1388 1598 1607 1651 granum
1633 1583 1777 1636 sina-

221 1672 319 1740 pis.
349 1670 463 1726 Non
511 1672 628 1726 ideo
674 1671 806 1727 ﬁdes
829 1688 994 1741 grano
1030 1673 1230 1742 sinapis
1274 1680 1614 1742 comparatur
1636 1670 1777 1740 quod

1863 490 1956 554 cit,
1983 498 2043 543 ut
2080 489 2250 543 levius
2286 488 2577 543 tolerarent
2598 491 2643 544 si
2686 491 3051 559 praesciantur.
3102 490 3289 546 Miscet
3331 500 3414 546 ta-

1863 593 1985 633 men
2015 594 2178 648 super
2198 578 2438 632 adversis
2458 593 2737 648 prospera,
2778 580 2829 633 id
2856 588 2938 633 est
2961 581 3156 635 mortui
3177 595 3417 635 resurre-

1864 668 2117 721 Ctionem.
2150 666 2298 735 Quod
2323 668 2523 721 dicitin
2564 685 2749 723 manus
2777 670 3063 736 hominum,
3101 672 3417 727 subauditur

1864 765 2205 826 peccatorum
2227 756 2309 809 vel
2340 757 2586 821 militum,
2622 758 2743 827 quia
2771 775 2890 813 cum
2918 761 3048 828 ipsis
3083 762 3415 824 tradebatur,

1866 857 2070 900 certum
2098 856 2214 900 erat
2246 845 2371 915 quia
2405 847 2471 899 ad
2504 849 2872 901 occidendum.
2900 849 2965 902 Et
2990 852 3279 904 contristati
3298 860 3421 905 sunt

1866 937 2197 990 vehementer.
2225 937 2329 991 Pro
2363 937 2646 994 dilectione
2674 941 2912 1010 magistri
2945 944 3421 1007 contristabantur,

1868 1042 2029 1095 quem
2058 1026 2310 1081 nolebant
2331 1028 2620 1098 quidquam
2658 1030 2864 1085 adversi
2905 1032 3036 1100 pati,
3063 1048 3185 1087 cum
3220 1035 3425 1089 scirent

1870 1119 2019 1174 illum
2041 1118 2186 1189 juste
2213 1118 2413 1175 vivere.

2378 1209 2600 1266 CAPUT
2635 1212 2918 1268 XXXVIII.

2412 1303 2489 1357 De
2516 1315 2702 1359 statere
2736 1308 2879 1361 dato.

1943 1394 2153 1450 Etcum
2190 1396 2437 1450 venissent
2467 1395 2851 1465 Capharnaum.
2890 1398 3259 1468 Capharnaum
3300 1415 3428 1455 con-

1875 1494 1983 1542 stat
2020 1486 2198 1540 villam
2243 1503 2487 1558 magnam
2530 1503 2649 1542 esse
2687 1488 2756 1541 ibi
2797 1490 2848 1543 in
2895 1489 3131 1555 Galiltra,
3162 1506 3282 1560 qua:
3326 1505 3427 1560 pro

1875 1579 2236 1648 magnitudine
2279 1594 2372 1632 sua
2404 1580 2593 1633 civitas
2636 1580 2921 1650 aliquando
2948 1592 3190 1637 vocatur.
3218 1582 3318 1638 Uhi
3346 1598 3433 1637 se-

1878 1671 2074 1726 debant
2124 1671 2371 1735 Romani,
2406 1673 2498 1741 qui
2548 1673 2786 1743 magistri
2824 1682 2981 1727 erant
3021 1674 3074 1728 in
3115 1674 3226 1744 ipsa
3266 1681 3429 1728 terra.

222 1777 388 1831 parva
426 1764 517 1827 sit,
558 1766 649 1819 sed
694 1765 816 1832 quia
853 1763 1084 1835 ﬂagrans
1111 1773 1194 1819 est
1236 1773 1292 1819 et
1334 1779 1525 1835 magna
1559 1779 1680 1819 cum
1720 1764 1775 1821 in
1804 1738 1851 1797 Β
1878 1761 2010 1816 Cum
2031 1779 2148 1833 ergo
2170 1762 2295 1827 illuc
2325 1764 2536 1817 venisset
2554 1763 2838 1827 Dominus,
2898 1773 3219 1818 accesserunt
3247 1763 3335 1835 qui
3358 1763 3435 1816 di—

224 1868 386 1923 opere
421 1868 611 1923 parere
655 1854 895 1923 cooperit.
948 1853 1142 1907 Dicetis
1192 1855 1355 1907 monti
1396 1855 1515 1907 huic
1547 1894 1560 1907 .
1590 1852 1777 1907 Transi

224 1944 365 2007 inde,
389 1951 436 1997 et
457 1943 714 1996 transibit.
741 1942 887 1997 Mons
910 1943 1015 2007 hic,
1046 1944 1158 2013 ipse
1181 1942 1775 2013 diabolusaintelligitur,

227 2034 350 2103 quia
379 2032 582 2100 eiectus
616 2032 717 2087 fuit
743 2041 871 2088 tunc
894 2035 959 2088 de
1000 2035 1116 2102 ipso
1141 2034 1378 2111 homine,
1406 2042 1461 2087 et
1501 2034 1623 2088 inde
1650 2033 1781 2089 dicit

225 2126 386 2178 monti
409 2126 547 2178 huic.
582 2124 732 2180 Unde
760 2134 814 2179 et
843 2126 895 2179 in
922 2125 1238 2195 Apocalypsi
1273 2124 1501 2180 dicitur:
1528 2123 1779 2178 Diabolus

228 2224 473 2285 tanquam
498 2231 644 2269 mons
675 2231 891 2286 magnus
920 2217 1108 2270 missus
1129 2226 1200 2269 est
1230 2217 1285 2270 in
1310 2232 1472 2269 mare.
1504 2216 1569 2270 Et
1593 2215 1646 2269 in
1675 2215 1781 2269 alio

228 2303 381 2359 loco:
410 2305 559 2360 Mons
598 2307 826 2376 pestifer,
871 2308 959 2377 qui
1001 2308 1280 2377 corrumpit
1320 2323 1518 2363 omnem
1567 2316 1776 2360 terram.

230 2393 527 2463 Bequirunt
555 2395 718 2465 aliqui
751 2396 841 2465 qui
882 2397 947 2449 ad
993 2397 1228 2451 litteram
1256 2397 1322 2452 de
1360 2404 1541 2451 monte
1570 2403 1783 2451 terreno

232 2486 412 2540 volunt
438 2486 680 2555 intelligi,
712 2488 757 2541 si
798 2488 988 2558 aliquis
1011 2497 1315 2542 sanctorum
1366 2487 1597 2557 aliquem
1632 2502 1785 2541 mon-

231 2587 339 2633 tem
372 2580 436 2634 de
454 2580 577 2635 loco
599 2580 664 2633 ad
694 2581 865 2635 locum
893 2581 1242 2635 transtulerit.
1272 2580 1377 2635 Sed
1406 2589 1582 2636 tamen
1613 2581 1785 2635 scien-

231 2670 354 2723 dum
378 2671 517 2737 quod
547 2670 799 2725 Dominus
819 2672 1153 2740 omnipotens
1181 2670 1618 2726 convenientibus
1650 2670 1786 2726 locis

231 2769 440 2814 montes
454 2775 640 2814 omnes
660 2761 914 2826 instituit;
948 2770 1003 2817 et
1030 2777 1133 2816 non
1149 2770 1229 2817 est
1254 2776 1471 2817 necesse
1496 2761 1787 2817 transferre

231 2850 395 2904 aloco
420 2851 485 2904 ad
508 2850 703 2915 locum,
734 2851 855 2905 licet
882 2852 1119 2922 legamus
1152 2852 1463 2923 Gregorium
1494 2854 1788 2908 Nazianze—

231 2954 359 2994 num
381 2940 482 2994 hoc
503 2938 711 3004 fecisse,
746 2950 799 2995 et
821 2942 884 2995 de
913 2942 1216 2997 Alexandro
1238 2959 1360 3012 rege
1394 2945 1618 3015 legimus
1645 2943 1787 3014 quod

232 3031 297 3085 ad
329 3031 717 3086 conclusionem
761 3034 997 3102 gentium
1044 3032 1159 3106 Gog
1189 3043 1244 3091 et
1289 3036 1495 3107 Magog,
1534 3052 1650 3106 qum
1689 3036 1789 3091 Ga-

1877 1851 2093 1921 dragma
2124 1852 2437 1921 accipiebant
2468 1852 2536 1905 ad
2568 1852 2798 1907 Petrum.
2824 1853 3002 1907 Nostis
3025 1853 3149 1923 quia
3181 1861 3323 1907 totus
3347 1868 3437 1906 0r-

1877 1942 1959 1997 bis
1988 1941 2160 1996 factus
2197 1942 2605 1997 esttributarius
2638 1944 2736 1997 sub
2760 1942 3072 2010 Octaviano,
3120 1944 3223 1999 nisi
3269 1943 3433 2013 aliqui

1878 2031 1969 2100 qui
2005 2031 2285 2086 excellenti
2327 2032 2557 2086 amicitia
2594 2033 2695 2087 hoc
2731 2046 3059 2100 meruerunt,
3106 2042 3165 2089 ut
3209 2033 3435 2089 Romani

1879 2123 2205 2178 dicerentur.
2246 2121 2350 2178 Pr'o
2383 2123 2484 2178 hac
2522 2123 2855 2192 professione
2882 2124 3074 2194 Ioseph
3108 2141 3229 2181 cum
3269 2126 3435 2180 Maria

1879 2213 2025 2275 venit
2045 2212 2098 2266 in
2128 2212 2434 2267 Bcthlehem
2464 2212 2703 2283 proﬁteri
2731 2215 3017 2280 numisma,
3046 2223 3101 2269 et
3126 2230 3344 2270 censum
3371 2214 3439 2270 de

1880 2301 2147 2371 capitibus
2174 2301 2305 2356 suis.
2338 2300 2441 2355 Pro
2485 2304 2782 2357 reverentia
2823 2304 2983 2373 igitur
2999 2319 3157 2373 quam
3195 2304 3308 2373 ipse
3336 2304 3435 2358 ha-

1879 2390 2038 2446 bebat
2061 2405 2183 2444 cum
2205 2391 2459 2445 omnibus‘
2470 2391 2790 2452 hominibus,
2825 2394 3057 2447 maxime
3076 2394 3214 2463 apud
3238 2393 3436 2447 Roma-

1881 2495 1981 2537 nos
2007 2490 2065 2536 ut
2097 2469 2340 2537 centurio
2368 2483 2624 2547 ostendit,
2663 2498 2766 2537 non
2809 2483 2910 2538 l'uit
2938 2499 3097 2538 ausus
3121 2484 3437 2554 publicanus

1882 2574 1970 2629 ille
2016 2574 2162 2628 illum
2212 2574 2530 2644 compellare
2574 2575 2639 2629 de
2690 2574 2909 2631 tributo.
2964 2573 3263 2645 Sperabam
3309 2588 3439 2628 vero

1883 2663 2023 2731 quod
2058 2663 2172 2732 ipse
2194 2677 2259 2716 ex
2282 2663 2560 2717 nativitate
2586 2663 2650 2717 de
2668 2662 2933 2718 Nazareth
2955 2671 3097 2720 esset
3120 2682 3134 2716 :
3158 2669 3438 2734 propterea

1883 2753 2230 2825 postulabant
2259 2752 2498 2821 iuniores
2532 2754 2755 2809 Herodis
2801 2770 3019 2809 censum
3065 2756 3132 2810 ab
3178 2769 3261 2809 eo.
3306 2753 3441 2808 Nam

1884 2844 1996 2913 ipse
2026 2845 2091 2899 de
2121 2851 2382 2913 potestate
2423 2853 2540 2898 erat
2575 2843 2727 2897 Pilati
2772 2845 2837 2899 de
2883 2845 3209 2899 Bethlehem.
3251 2842 3443 2898 Didra-

1884 2947 2004 3002 gma
2036 2932 2139 2988 duo
2168 2933 2385 3003 dragma
2410 2942 2553 2995 sunt,
2578 2933 2630 2987 id
2655 2942 2735 2987 est
2760 2934 2962 2988 denarii
2992 2949 3105 2989 sex.
3141 2933 3254 2988 Non
3276 2949 3436 3004 nega-

1885 3023 1962 3076 vit
2007 3021 2198 3077 Petrus
2238 3038 2455 3077 ceusum
2498 3039 2601 3078 non
2640 3016 2758 3079 esse
2800 3025 3049 3092 solutum,
3081 3025 3325 3095 quamvis
3371 3025 3441 3080 ad

234 3135 358 3174 zara
396 3135 537 3174 nunc
555 3136 797 3183 vocatur,
825 3130 1011 3192 gentes
1035 3126 1301 3192 quondam
1331 3125 1642 3180 Hunnorum
1665 3142 1788 3181 cum

1888 3130 2021 3183 opus
2047 3116 2240 3186 pagani
2261 3125 2461 3171 essent.
2492 3116 2559 3170 Et
2589 3134 2703 3170 cum
2726 3118 2963 3171 intrasset
2986 3120 3039 3172 in
3059 3119 3288 3179 domum,
3310 3135 3447 3190 pra:-

233 3223 338 3263 non
367 3216 546 3278 posset
572 3225 664 3264 eos
705 3210 839 3264 bello
868 3212 1066 3277 delere,
1100 3214 1166 3266 ad
1194 3213 1358 3268 Deum
1386 3230 1675 3271 conversus
1697 3231 1792 3285 pe-
1820 3220 1825 3225 ’

236 3300 398 3363 tierit,
444 3306 498 3352 et
553 3298 693 3352 Deus
735 3299 801 3353 ad
856 3301 1247 3356 conclusionem
1309 3318 1493 3362 eorum
1556 3298 1791 3359 montem

238 3389 535 3453 adauxerit,
582 3399 636 3443 et
680 3390 818 3458 quod
866 3392 1122 3446 remansit
1150 3392 1261 3462 ipse
1300 3408 1418 3447 cum
1463 3394 1657 3463 populo
1695 3411 1793 3449 suo

239 3479 519 3541 conclusit,
547 3488 599 3533 et
620 3488 803 3548 portas
829 3494 996 3534 mreas
1026 3483 1208 3536 subter
1234 3483 1405 3551 ipsum
1444 3492 1677 3538 montem
1705 3474 1817 3553 po?

241 3569 425 3622 suerit.
458 3567 567 3622 Hoc
591 3579 761 3622 autem
786 3586 943 3639 genus
970 3587 1071 3623 non
1104 3572 1339 3641 ejicietur
1362 3574 1462 3627 nisi
1489 3591 1581 3643 per
1600 3576 1793 3627 oratio-

241 3674 351 3711 nem
378 3666 426 3711 et
446 3658 731 3727 jejunium.
771 3657 958 3713 Oratio
996 3668 1081 3713 est
1125 3675 1228 3714 non
1265 3660 1435 3716 solum
1474 3662 1670 3724 verbis,
1699 3663 1794 3717 sed

242 3748 403 3802 etiam
432 3764 592 3817 opera
622 3749 763 3818 justa
791 3764 910 3818 quas
934 3765 1031 3820 pro
1053 3751 1205 3805 nobis
1232 3760 1389 3806 orant
1414 3752 1551 3807 sicut
1569 3751 1796 3822 Aposto-

241 3838 326 3893 lus
351 3840 599 3910 praecepit
624 3857 636 3892 :
662 3838 783 3894 Sine
810 3841 1183 3895 intermissione
1202 3853 1361 3895 orate.
1386 3841 1660 3909 Quomodo
1679 3844 1795 3897 sine

246 3930 643 3986 intermissione
667 3946 825 3985 orare
870 3946 1170 4001 possumus,
1203 3947 1324 3985 cum
1371 3932 1486 3987 sine
1523 3947 1710 3987 somno
1743 3941 1798 3987 et

245 4022 369 4075 cibo
408 4021 588 4075 vivere
629 4037 731 4075 non
762 4022 1078 4090 possumus?
1105 4020 1211 4076 Sed
1255 4023 1371 4077 sine
1402 4023 1797 4079 intermissione

243 4126 402 4167 orare
425 4121 597 4167 estea
642 4128 799 4182 opera
848 4112 1045 4177 facere,
1074 4128 1191 4182 qua:
1220 4114 1374 4169 nobis
1413 4113 1799 4170 dormientibus

244 4216 343 4270 pro
374 4201 526 4257 nobis
562 4209 808 4265 exorent,
834 4201 957 4270 quia
1000 4202 1131 4255 nihil
1162 4202 1378 4271 prodest
1403 4204 1470 4256 ab
1508 4204 1646 4258 escis
1671 4219 1799 4257 ven-

250 4300 388 4346 trem
434 4294 771 4356 abstrahere,
806 4301 862 4347 et
907 4293 1130 4347 luxuria
1165 4294 1245 4347 vel
1281 4294 1400 4349 aliis
1452 4297 1596 4350 vitiis
1636 4297 1800 4351 indul-

246 4394 392 4453 gere.
438 4380 540 4437 Per
574 4382 708 4436 tales
737 4382 1008 4437 orationes
1045 4392 1099 4436 et
1134 4383 1334 4452 jejunia
1370 4386 1677 4440 noverimus
1716 4387 1799 4441 vel

1890 3208 2027 3261 venit
2064 3222 2181 3261 eum
2202 3206 2356 3261 Iesus
2381 3208 2576 3261 dicens.
2612 3207 2877 3263 Pra‘venit
2915 3209 3112 3263 dictum
3152 3208 3314 3273 Petri,
3354 3209 3445 3277 qui

1892 3299 1995 3352 scit
2021 3300 2200 3354 omnia
2239 3309 2525 3369 antequam
2558 3300 2707 3366 ﬁant,
2736 3317 2802 3356 ne
2836 3302 3078 3371 discipuli
3121 3303 3448 3357 scandaliza-

1893 3397 2079 3444 rentur
2103 3392 2380 3446 audientes
2408 3406 2438 3444 a
2476 3393 2726 3461 magistro
2756 3392 2970 3461 exigere
2999 3390 3279 3449 tributam.
3308 3392 3445 3458 Quid

1891 3478 1981 3531 tibi
2008 3479 2209 3532 videtur
2225 3481 2250 3532 Ρ
2278 3478 2441 3549 Reges
2454 3490 2599 3533 terra:
2625 3497 2656 3532 a
2682 3480 2865 3550 quibus
2887 3483 3145 3551 accipiunt
3173 3481 3443 3547 tributum,

1892 3588 1923 3622 (ι
1951 3569 2077 3638 ﬁliis
2097 3570 2228 3633 suis,
2260 3585 2329 3621 an
2359 3558 2422 3621 ab
2461 3570 2683 3623 alienis?
2713 3569 2779 3623 Et
2808 3569 2895 3624 ille
2933 3572 3106 3625 dixit:
3131 3572 3209 3628 Ab
3240 3570 3445 3625 alienis.

1892 3659 2137 3714 Ostendit
2182 3658 2437 3713 Dominus
2474 3669 2656 3713 noster
2683 3661 2807 3729 quia
2844 3672 3132 3731 spontanea
3170 3661 3443 3716 voluntate

1893 3765 2110 3806 censum
2137 3749 2416 3813 tribueret,
2447 3750 2571 3819 quia
2605 3750 2649 3804 si
2676 3751 2839 3805 nollet
2861 3767 2964 3805 non
2987 3751 3158 3816 daret,
3185 3751 3308 3820 quia
3335 3750 3450 3821 ipse

1893 3842 2183 3897 secundum
2211 3856 2429 3896 carnem
2456 3858 2521 3896 ex
2550 3844 2799 3912 progenie
2823 3842 2988 3897 David
3017 3852 3155 3908 erat,
3181 3851 3237 3898 et
3259 3859 3449 3899 secun-

1894 3932 2020 3987 dum
2070 3932 2399 3986 divinitatem
2450 3930 2615 3986 Filius
2656 3932 2849 3986 summi
2885 3931 3059 3986 Patris
3104 3940 3159 3986 et
3201 3932 3449 3988 conditor
3536 3957 3543 3963 ε

1894 4021 2096 4076 mundi.
2136 4020 2387 4075 Attamen
2432 4019 2500 4075 ad
2542 4021 2770 4076 dandum
2808 4020 3106 4091 exemplum
3149 4030 3208 4076 ut
3254 4020 3450 4077 subditi

1896 4115 2064 4169 simus
2091 4114 2445 4183 potestatibus
2466 4113 2881 4180 sublimioribus,
2912 4114 3201 4202 fecit'quod
3224 4130 3255 4168 a
3294 4114 3449 4169 nobis

1896 4202 2013 4258 ﬁeri
2041 4203 2226 4270 voluit.
2268 4200 2406 4257 Vade
2441 4204 2507 4256 ad
2528 4220 2669 4257 mare
2687 4212 2734 4257 et
2765 4203 2907 4257 mitte
2932 4200 3160 4257 hamum.
3187 4202 3244 4258 Id
3272 4209 3354 4257 est
3371 4202 3450 4257 la-

1897 4311 2019 4351 cum
2052 4294 2310 4350 Genesar.
2359 4293 2462 4350 Per
2496 4296 2674 4350 omnia
2712 4296 2954 4351 miranda
2996 4296 3205 4351 Domini
3253 4296 3447 4352 virtus.

1898 4385 2040 4453 quod
2060 4393 2117 4438 et
2153 4384 2353 4452 piscem
2389 4392 2610 4439 noverat
2653 4384 2851 4440 habere
2876 4386 2929 4438 in
2957 4400 3051 4440 ore
3081 4393 3356 4451 staterem,
3394 4393 3451 4440 et

246 4448 640 4530 immundorum
668 4477 970 4544 Spirituum,
994 4477 1076 4531 vel
1108 4478 1377 4531 hominum
1402 4478 1799 4532 adversantium
1823 4448 1877 4509 D
1899 4474 2063 4530 etiam
2098 4473 2223 4541 quia
2268 4474 2379 4543 ipse
2426 4476 2627 4543 primus
2672 4484 2818 4529 esset
2856 4475 3165 4545 capiendus.
3214 4475 3319 4531 Sed
3346 4475 3447 4544 'qui

246 4572 573 4620 Ientamenta
624 4582 743 4621 esse
773 4567 1094 4636 superanda.
1141 4568 1278 4623 Iram
1327 4584 1538 4639 quoque
1591 4569 1799 4624 Domini

248 4658 340 4711 tali
374 4658 531 4712 modo
555 4672 711 4727 posse
735 4658 930 4723 sedari,
969 4666 1024 4712 et
1060 4660 1268 4713 veniam
1298 4656 1638 4728 peccatorum
1678 4674 1790 4728 pro

248 4748 464 4802 mereri.
509 4747 620 4802 Hoc
662 4764 881 4803 munere
924 4748 1017 4802 ﬁlii
1056 4748 1220 4804 Israel
1248 4749 1494 4805 Samuele
1524 4761 1712 4804 orante
1745 4759 1800 4804 et

241 4836 521 4905 jejunante
544 4854 663 4893 cum
689 4839 766 4893 eis
799 4839 1004 4893 liberati
1034 4850 1160 4894 sunt
1183 4858 1212 4893 a
1250 4840 1610 4895 dominatione
1635 4839 1800 4895 Phili-

246 4929 564 4982 sthinorum.
614 4929 859 4983 Ninivitae
901 4944 1111 4999 quoque
1155 4931 1220 4985 de
1266 4932 1563 4986 imminenti
1611 4935 1803 4998 timore

245 5019 411 5073 erecti
442 5029 583 5083 sunt,
613 5019 778 5074 Judaei
821 5036 943 5074 cum
982 5020 1173 5074 Esther
1198 5030 1252 5075 et
1287 5021 1617 5077 Mardocbmo
1642 5039 1803 5094 super

246 5104 416 5159 Aman
444 5108 720 5161 victoriam
749 5106 1107 5161 obtinuerunt.
1133 5108 1419 5164 Machabaei
1445 5111 1605 5165 etiam
1634 5112 1803 5166 hosti-

247 5198 347 5251 bus
376 5178 488 5251 suis
517 5197 763 5252 fortiores
790 5198 964 5252 ellecti
992 5207 1133 5252 sunt.
1160 5197 1591 5254 Conversantibus
1627 5211 1799 5257 autem

247 5288 321 5340 eis
356 5288 409 5339 in
446 5286 685 5350 Galilwa,
715 5287 845 5340 dixit
872 5287 975 5340 illis
1013 5286 1167 5341 Iesus
1194 5305 1212 5343 :
1237 5288 1406 5343 Filius
1443 5291 1665 5344 hominis
1692 5300 1802 5344 tra-

247 5377 447 5431 dendus
474 5388 549 5431 est
588 5380 643 5433 in
680 5396 863 5433 manus
895 5380 1180 5445 hominum,
1220 5392 1266 5435 et
1305 5383 1533 5435 occident
1578 5399 1714 5447 eum,
1752 5393 1801 5437 et

247 5470 397 5522 tertia
418 5469 501 5523 die
524 5482 768 5541 resurget.
793 5471 1121 5540 Frequenter
1141 5472 1396 5527 Dominus
1422 5474 1520 5529 ista
1541 5476 1800 5543 praedicit,

249 5562 372 5630 quia
420 5561 560 5617 istud
597 5562 747 5629 quasi
795 5563 1128 5631 naufragium
1164 5562 1347 5616 debuit
1386 5580 1505 5618 esse
1546 5566 1803 5633 apostolo-

248 5667 393 5721 rum,
441 5661 495 5710 ct
535 5655 685 5725 quasi
716 5663 879 5708 totam
928 5671 1073 5726 Spem
1117 5655 1360 5709 amittere
1391 5657 1705 5717 debuerunt.
1749 5672 1799 5712 et

1901 4564 2150 4635 praedixit
2190 4564 2304 4633 ipse
2326 4572 2381 4619 et
2414 4565 2634 4629 creavit,
2662 4574 2718 4619 et
2750 4566 2969 4635 piscem,
3004 4574 3060 4622 et
3093 4580 3283 4622 aurum
3308 4567 3453 4637 quod

1901 4654 1956 4707 in
1988 4668 2081 4708 ore
2110 4654 2359 4709 habebat.
2387 4653 2567 4723 Neque
2588 4656 2728 4709 enim
2754 4656 3048 4725 putandum
3073 4664 3156 4712 est
3176 4657 3332 4712 alicui
3359 4657 3451 4712 de-

1901 4745 2096 4799 cidisse
2129 4744 2181 4798 in
2208 4745 2380 4816 ipsum
2410 4745 2602 4812 lacum,
2630 4756 2690 4801 ut
2722 4748 2787 4802 de
2825 4748 3046 4803 alterius
3082 4749 3277 4803 damno
3304 4763 3363 4806 se
3388 4749 3452 4803 li-

1901 4838 2117 4893 beraret
2147 4838 2423 4893 Dominus.
2453 4837 2555 4893 Sed
2583 4841 2759 4894 ethoc
2788 4849 3025 4894 creatum
3047 4849 3132 4896 est
3162 4840 3334 4911 ipsum
3357 4856 3451 4895 au—
3508 4836 3513 4845 ’

1904 4944 2044 4994 rum,
2075 4931 2201 4985 etin
2230 4946 2326 4986 ore
2346 4932 2517 4985 adhuc
2548 4932 2710 5001 piscis
2740 4933 2989 4997 habebat,
3020 4948 3127 4986 non
3159 4931 3212 4986 in
3240 4940 3444 4985 ventre.
3484 4932 3487 4935 “

1903 5020 2229 5091 Simpliciter
2265 5020 2702 5077 considerandum
2735 5024 2874 5091 quod
2927 5032 3086 5077 tanta:
3123 5022 3451 5093 paupertatis

1900 5109 2083 5177 fuerit,
2122 5120 2182 5165 ut
2210 5126 2316 5166 non
2344 5111 2589 5166 habuerit
2615 5112 2753 5182 quod
2778 5129 2877 5182 pro
2914 5127 2971 5168 se
2999 5113 3169 5167 daret.

1973 5202 2154 5256 Stater
2195 5203 2299 5256 duo
2342 5202 2614 5273 didragma
2648 5212 2790 5257 sunt.
2817 5204 2919 5257 Alii
2966 5204 3208 5258 homines
3248 5204 3315 5258 de
3344 5218 3453 5260 tere

1901 5293 2179 5347 solvebant
2204 5305 2443 5355 censum,
2490 5292 2821 5349 solummodo
2864 5295 2929 5349 de
2956 5295 3132 5363 capite
3174 5309 3273 5349 suo
3320 5309 3454 5365 qua-

1902 5390 2025 5435 tuor
2053 5381 2320 5435 denarios.
2355 5380 2607 5436 Dominus
2634 5391 2833 5446 autem,
2878 5392 2938 5437 ut
2978 5385 3285 5439 ostenderet
3324 5384 3450 5453 quia

1901 5473 2184 5540 pretiosius
2216 5488 2375 5541 supra
2421 5480 2642 5526 creteros
2676 5474 2918 5528 homines
2960 5474 3180 5528 haberet
3227 5474 3279 5528 iu
3326 5489 3450 5528 cor-

1902 5583 2030 5637 pore
2059 5583 2172 5627 suo,
2205 5565 2253 5619 id
2281 5574 2360 5619 cst
2401 5566 2726 5621 divinitatem
2759 5567 3026 5624 latentem.
3054 5583 3240 5621 aurum
3272 5583 3369 5637 pro
3392 5583 3451 5622 se

1902 5663 2063 5715 dedit.
2110 5659 2326 5725 alyslicc
2365 5659 2524 5727 piscis
2556 5658 2725 5727 ipsum
2770 5661 3102 5726 signiﬁcabat
3146 5662 3447 5718 Dominum.
