3952 6186
537 265 674 320 140⁵1

1309 253 1692 316 CHRISTIANI
1728 251 2130 312 DRUTHMARI
2163 247 2600 306 CORBEIENSIS
2637 247 2939 304 MONAGHI

3596 243 3731 301 μω

531 393 728 448 corpus
749 374 991 430 videlicet
1019 370 1354 428 Dominicum
1384 372 1524 442 quod
1551 372 1616 425 de
1644 371 1806 424 Maria
1835 366 2081 437 sumpsit,
2111 369 2158 428 Α
2184 374 2246 420 ut
2271 365 2402 420 tales
2435 366 2543 420 sint
2561 366 2742 434 quales
2777 364 3031 420 Dominus
3057 361 3330 432 praecepit.
3363 360 3496 416 Nam
3526 362 3623 430 qui
3647 379 3740 416 eos

533 468 624 536 qui
655 475 843 519 aurum
879 463 1123 532 portabat
1156 462 1210 515 in
1251 476 1366 524 ore,
1411 462 1616 516 scilicet
1656 460 1987 530 sapientiam,
2017 457 2084 510 de

534 572 639 624 qua
671 553 923 608 Salomon
954 571 965 605 :
995 552 1286 606 Thesaurus
1306 550 1661 605 desiderabilis
1693 551 1747 602 in
1775 565 1862 602 ore
1887 549 2087 617 sapien-

532 648 620 698 tis.
654 643 806 710 Quod
841 658 940 712 pro
967 641 1054 696 illo
1078 643 1256 710 datum
1285 649 1383 700 est,
1415 636 1538 708 quia
1567 649 1624 694 ut
1652 639 1870 692 haberet
1890 636 2085 690 fratres

533 736 830 803 adoptivos,
861 749 957 802 per
985 734 1200 788 verbum
1231 732 1498 801 Evangelii
1533 731 1614 785 sui
1655 729 1852 784 factum
1880 737 1981 783 est.
2020 728 2084 781 Et

533 842 638 879 non
656 826 825 880 solum
847 841 1058 888 aurum,
1086 824 1178 878 sed
1201 823 1360 877 etiam
1383 823 1544 891 piscis
1563 822 1792 885 occisus,
1816 821 1940 889 quia
1959 834 2084 874 caro

532 913 648 980 ejus
675 928 770 983 pro
807 914 959 966 nobis
988 920 1194 966 mortua
1225 919 1326 966 est.
1356 910 1459 965 Per
1489 911 1727 974 Petrum,
1759 910 1934 963 omnis
1969 908 2084 976 ejus

534 1005 788 1068 Ecclesia,
824 1019 940 1072 qum
974 1003 1143 1058 eidem
1185 1002 1342 1056 Petro
1387 1002 1670 1057 commissa
1707 1009 1808 1065 est,
1848 1015 1945 1070 pro
1977 1016 2082 1070 qua

534 1096 787 1150 Dominus
813 1095 1123 1164 sanguinem
1150 1095 1317 1148 dedit.

1050 1226 1273 1282 CAPUT
1310 1225 1552 1279 XXXIX.

967 1410 972 1422 .
1048 1341 1121 1393 De
1151 1339 1380 1409 exemplo
1402 1339 1569 1409 pueri.

598 1457 622 1508 Ι
633 1474 666 1510 n
689 1455 778 1509 illa
797 1456 924 1509 hora
945 1462 1265 1507 accesserunt
1285 1450 1523 1522 discipuli
1545 1451 1764 1504 dicentes
1787 1449 1853 1502 ad
1867 1448 2044 1503 Iesum
2058 1460 2079 1498 :

530 1547 660 1612 Quis
693 1556 844 1616 putas
882 1545 1052 1614 major
1078 1554 1150 1598 est
1189 1545 1242 1596 in
1275 1559 1428 1614 regno
1456 1541 1736 1596 calorum?
1764 1540 1914 1607 Quod
1953 1539 2082 1594 dicit

528 1635 865 1705 Evangelista
898 1652 910 1688 :
938 1633 1002 1687 In
1042 1632 1134 1686 illa
1174 1632 1326 1697 hora,
1371 1631 1617 1686 videlicet
1663 1645 1783 1684 cum
1834 1629 2079 1684 viderunt

2185 455 2533 524 susceperint,
2566 454 2691 508 licet
2720 453 2792 506 illi
2823 452 3022 523 indigni
3055 451 3182 514 sint,
3214 452 3259 505 si
3294 450 3348 504 in
3380 452 3600 504 nomine
3642 451 3740 506 Do-

2183 544 2312 597 mini
2337 559 2428 598 eos
2465 543 2812 612 susceperint,
2845 541 3004 596 talem
3049 540 3350 595 mercedem
3391 555 3422 594 a
3451 541 3566 596 Deo
3596 557 3737 596 acc:-

2181 634 2346 701 pient,
2363 631 2574 702 qualem
2599 632 2905 700 acciperent
2932 631 2978 686 si
3001 630 3104 700 ipsi
3139 631 3312 684 sancti
3347 641 3548 692 essent,
3575 632 3624 685 si
3655 639 3738 684 ta-

2181 739 2303 793 men
2335 723 2436 792 ipsi
2462 722 2670 792 publice
2693 721 2817 775 mali
2852 735 2958 775 non
2992 722 3118 785 sint,
3151 721 3274 790 quia
3306 722 3360 774 in
3403 724 3739 778 vestimentis

2179 813 2358 866 ovium
2401 811 2598 865 Christi
2628 809 2850 864 veniunt
2893 809 2962 864 ad
2992 823 3106 873 eos,
3157 817 3213 862 et
3256 824 3354 878 pro
3400 809 3622 864 Christo
3662 813 3740 865 eis

2180 903 2504 972 impenditur
2549 900 2805 971 quidquid
2849 899 3027 954 datur.
3075 898 3166 953 Sic
3206 899 3348 952 enim
3397 900 3528 953 dicit
3587 901 3736 969 ipse:

2180 992 2266 1046 Me
2296 991 2530 1060 suscipit,
2572 991 2660 1061 qui
2688 990 2743 1042 in
2781 989 2984 1042 nomine
3030 1005 3142 1042 meo
3175 987 3322 1041 illum
3367 990 3605 1057 suscipit.
3637 990 3738 1054 Qui

2179 1092 2351 1135 autem
2384 1081 2816 1135 scandalizauerit
2849 1096 3007 1133 unum
3028 1079 3093 1133 de
3108 1079 3311 1149 pusillis
3334 1080 3446 1134 istis
3467 1081 3557 1149 qui
3581 1082 3634 1133 in
3659 1099 3738 1134 ru

2177 1174 2413 1237 credunt,
2449 1173 2650 1242 expedit
2682 1173 2728 1226 ei
2764 1181 2819 1226 ut
2850 1170 3197 1241 suspendatur
3236 1171 3376 1225 mola
3401 1173 3640 1225 asinaria
3683 1173 3740 1226 in

2179 1263 2312 1316 collo
2337 1264 2470 1333 ejus,
2495 1273 2543 1318 et
2563 1264 2892 1332 demergatur
2907 1263 2963 1315 in
2985 1260 3302 1332 profundunt
3327 1263 3507 1315 maris.
3535 1262 3740 1317 Secun-

2180 1353 2306 1407 dum
2336 1369 2538 1408 mem
2566 1352 3144 1424 provinciae-loquitur,
3182 1353 3235 1406 in
3267 1367 3373 1422 qua
3407 1353 3466 1406 hi
3493 1353 3590 1422 qui
3627 1368 3739 1406 ma-

2174 1446 2294 1518 jora
2328 1448 2552 1503 crimina
2578 1447 2984 1503 committebant
3027 1445 3120 1499 tali
3149 1445 3308 1501 modo
3333 1445 3695 1514 puniebantur
3720 1464 3734 1499 :

2181 1539 2428 1594 videlicet
2469 1540 2690 1610 religato
2733 1554 2865 1594 saxo
2909 1539 3108 1608 ingenti
3142 1537 3208 1591 ad
3250 1537 3447 1591 collum
3497 1537 3618 1605 ejus
3645 1537 3738 1592 de-

2179 1631 2554 1702 mergebantur
2575 1630 2628 1684 in
2656 1644 2870 1700 aquam.
2913 1628 3046 1683 Mela
3085 1628 3339 1690 asinaria,
3383 1627 3438 1681 id
3467 1635 3740 1696 est-quam

530 1727 798 1780 redditum
845 1724 1098 1778 tributum
1125 1739 1156 1776 a
1180 1722 1356 1787 Petro,
1403 1720 1560 1776 simul
1591 1735 1710 1774 cum
1757 1718 2003 1781 Domino,
2026 1713 2154 1772 etB
2177 1721 2359 1777 asinus
2384 1721 2716 1792 apportabat.
2748 1720 2899 1787 Quod
2932 1720 3062 1774 dicit
3085 1719 3308 1790 expedit,
3347 1719 3399 1773 id
3427 1726 3516 1773 est
3551 1733 3742 1772 conve-

527 1817 655 1887 quia
701 1817 946 1870 viderant
999 1829 1117 1870 eum
1158 1822 1282 1868 ante
1323 1820 1628 1882 separatum
1676 1808 1970 1864 a-caateris
2023 1808 2076 1862 in

527 1915 730 1971 monte,
757 1915 811 1960 et
840 1905 1121 1958 audierant
1144 1903 1193 1957 ei
1229 1903 1430 1957 dictum
1459 1907 1638 1954 retro:
1666 1897 1779 1952 Tibi
1805 1898 1938 1952 dabo
1972 1896 2083 1950 cla-

527 2013 609 2051 ves
651 1997 790 2066 regni
833 1994 1095 2057 caelorum,
1141 2001 1196 2048 et
1248 2005 1388 2046 nunc
1419 1990 1660 2044 viderant
1697 2003 1816 2042 eum
1856 1987 2082 2042 Domino

527 2091 892 2153 comparatum
932 2081 984 2134 in
1032 2079 1245 2134 datione
1287 2077 1489 2141 tributi,
1524 2085 1642 2131 orta
1686 2083 1770 2130 est
1815 2075 1952 2129 inter
1985 2089 2082 2129 eos

528 2177 818 2240 contentio,
845 2175 966 2244 quis
989 2187 1177 2227 eorum
1205 2170 1476 2226 videretur
1512 2183 1630 2222 esse
1670 2165 1856 2235 major,
1889 2166 1940 2220 in
1967 2173 2080 2219 tan-

528 2277 640 2323 tum
668 2277 725 2322 ut
767 2267 932 2321 Deum
966 2266 1378 2334 interrogarent.
1410 2260 1476 2315 Et
1513 2259 1766 2314 Dominus
1800 2258 1938 2313 sicut
1961 2256 2080 2326 pius

528 2359 788 2430 magister
836 2356 1042 2410 curavit
1093 2353 1486 2407 animositatem
1549 2364 1732 2403 eorum
1780 2345 2082 2400 humilitate

528 2451 760 2519 placare.
794 2445 954 2512 Quasi
983 2445 1224 2498 dicerent
1249 2457 1405 2510 quem
1444 2440 1676 2495 aestimas
1714 2437 1988 2492 meliorem
2023 2436 2080 2489 in

529 2551 693 2607 regno
733 2535 989 2590 cmlorum
1033 2531 1354 2586 faciendum.
1383 2528 1450 2582 Et
1497 2528 1753 2582 aduocans
1777 2524 2070 2595 parvulum,

526 2627 706 2682 statuit
731 2641 846 2678 eum
882 2625 937 2676 in
969 2621 1135 2675 medio
1157 2635 1354 2674 eorum.
1388 2616 1667 2672 Parvulum
1702 2614 1984 2684 quemdam
2012 2615 2080 2668 de

529 2720 682 2775 turba
717 2715 973 2770 infantem
998 2722 1174 2775 aetate,
1207 2711 1296 2780 qui
1325 2709 1554 2763 nesciret
1583 2705 1960 2775 concupiscere
1985 2718 2079 2756 ne-

527 2827 633 2884 que
685 2809 883 2872 locum,
925 2821 1096 2875 neque
1134 2817 1345 2866 aurum,
1384 2814 1555 2869 neque
1597 2797 1854 2862 invidere,
1905 2808 2080 2864 neque

527 2900 764 2956 mentiri.
796 2897 863 2951 Et
889 2897 1021 2950 dixit
1059 2895 1130 2948 eis
1155 2909 1172 2947 :
1195 2892 1353 2946 Amen
1387 2891 1501 2944 dico
1526 2889 1684 2965 vobis,
1713 2888 1812 2940 nisi
1846 2887 2074 2940 conversi

528 2991 751 3062 fueritis,
773 2999 819 3042 et
851 2985 1150 3056 efﬁciamini
1183 2984 1314 3037 sicut
1337 2981 1556 3052 parvuli,
1587 2997 1686 3033 non
1732 2979 1987 3033 intrabitis
2021 2979 2076 3030 in

527 3100 740 3153 regnum
761 3081 1020 3136 caelorum.
1040 3079 1151 3133 Nisi
1173 3095 1267 3149 per
1287 3093 1458 3133 meam
1489 3077 1781 3131 doctrinam
1807 3086 1861 3130 et
1884 3091 1950 3130 ex
1972 3090 2069 3128 vo-
2101 3048 2147 3109 Ο

526 3173 730 3227 luntate
762 3179 938 3225 vestra
980 3170 1119 3223 fiatis
1167 3167 1299 3222 tales
1328 3167 1500 3236 qualis
1551 3167 1650 3221 iste
1693 3176 1775 3220 est
1810 3181 1907 3236 per
1941 3175 2074 3220 atta-

527 3275 656 3329 tetn,
684 3275 743 3319 ut
770 3280 874 3318 non
899 3261 1348 3330 concupiscamini
1379 3277 1488 3316 rem
1509 3261 1751 3324 alterius,
1789 3277 1892 3316 non
1921 3262 2073 3315 odia-

529 3355 599 3408 tis
621 3353 872 3422 aliquem,
915 3368 1019 3407 non
1045 3351 1296 3420 qumratis
1333 3351 1589 3405 honorem
1625 3352 1678 3405 in
1725 3352 1828 3406 isto
1856 3352 2072 3417 sarculo,

527 3459 628 3498 nec
660 3441 1009 3506 mentiamini,
1042 3457 1215 3510 neque
1239 3441 1515 3511 decipiatis
1543 3441 1814 3510 proximos
1845 3451 2076 3508 vestros,

527 3531 586 3586 in
625 3532 788 3586 vitam
829 3540 1088 3588 aeternam
1138 3545 1244 3584 non
1299 3530 1584 3585 iutrabitis.
1634 3531 1772 3586 Dicit
1819 3531 2075 3602 Origenes

533 3623 659 3692 quia
694 3623 904 3692 quando
933 3621 1108 3676 infans
1143 3621 1388 3691 estquis,
1428 3630 1551 3676 tunc
1589 3630 1670 3677 est
1696 3636 1853 3678 verus
1878 3623 2074 3689 Adam,

527 3722 584 3768 et
607 3713 726 3767 talis
753 3711 926 3781 qualis
956 3712 1092 3766 Deus
1120 3713 1294 3765 Adam
1321 3728 1437 3767 esse
1469 3712 1648 3777 voluit,
1680 3730 1955 3784 usqueqno
1994 3715 2079 3769 in-

526 3815 612 3859 ter
639 3805 878 3860 homines
912 3803 1168 3868 initiatur,
1202 3819 1304 3857 non
1343 3812 1495 3857 curat
1529 3804 1631 3858 nisi
1660 3805 1725 3859 de
1763 3808 1904 3859 victu
1929 3806 2079 3862 etde

528 3896 748 3966 frigore,
774 3911 879 3950 non
901 3904 1052 3950 curat
1081 3895 1145 3950 de
1173 3893 1396 3958 deliciis,
1427 3909 1595 3965 neque
1619 3895 1685 3950 de
1716 3897 1964 3965 pretiosis
1989 3913 2079 3952 ve-

527 3985 816 4051 stimentis,
864 3986 1036 4040 nescit
1058 3983 1186 4055 quid
1235 3993 1317 4039 est
1363 4001 1569 4051 aurum,
1598 3987 1873 4054 :equaliter
1908 3988 2080 4058 diligit

527 4087 708 4147 petras
737 4085 790 4130 et
827 4091 1084 4147 gemmas,
1115 4076 1391 4130 amabilius
1419 4085 1502 4131 est
1536 4077 1583 4130 ei
1608 4091 1764 4131 ovum
1789 4093 1948 4147 quam
1985 4094 2080 4133 an-

529 4186 669 4234 rum,
706 4170 877 4225 nescit
904 4153 1134 4238 dliquem
1163 4167 1364 4232 fallere,
1405 4169 1580 4223 omnia
1630 4169 1769 4224 bono
1797 4170 1974 4224 animo
1996 4170 2076 4224 fa-

446 4321 450 4332 .
529 4262 624 4324 cit,
660 4259 790 4313 nihil
830 4259 882 4313 in
906 4258 1132 4313 occulto.
1180 4257 1302 4312 Haec
1333 4265 1416 4312 est
1455 4257 1765 4328 simplicitas
1803 4260 2076 4314 columba-

528 4367 671 4417 rum,
699 4365 855 4419 quam
901 4366 998 4406 nos
1041 4350 1235 4404 imitari
1271 4365 1367 4419 per
1409 4351 1762 4406 innocentiam
1799 4351 2074 4406 debemus.

528 4443 818 4514 Postquam
845 4459 974 4498 vero
997 4442 1220 4512 cmperit
1240 4457 1478 4498 crescere
1505 4442 1700 4508 infans,
1723 4443 1967 4498 videlicet
1987 4425 2080 4498 illa

528 4547 647 4600 quae
666 4531 835 4600 diligit
860 4530 1128 4600 amplecti,
1150 4547 1356 4595 aurum,
1379 4532 1594 4588 delicias
1616 4541 1670 4588 et
1691 4534 1894 4603 reliqua
1915 4535 2075 4600 mala,

529 4633 660 4678 tunc
694 4621 920 4676 edicitur
953 4623 1106 4676 nobis
1146 4622 1352 4676 similis.
1403 4623 1584 4678 Potest
1623 4627 1770 4679 etde
1819 4627 1932 4695 ipso
1977 4624 2080 4678 Do—

528 4720 675 4773 mino
700 4718 869 4786 accipi
897 4718 1036 4786 quod
1063 4716 1128 4770 de
1157 4731 1214 4770 se
1239 4716 1450 4780 dixerit,
1473 4718 1562 4786 qui
1589 4719 1708 4774 talis
1735 4730 1850 4774 erat
1871 4737 1966 4790 per
1994 4722 2079 4774 in.

530 4807 852 4862 nocentium.
885 4804 988 4860 Sed
1017 4815 1192 4860 tamen
1225 4805 1389 4860 multo
1433 4815 1574 4860 retro
1607 4807 1832 4862 habebat
1877 4809 1956 4863 eis
1997 4824 2080 4864 se-

531 4901 701 4972 ipsnm
735 4902 916 4955 datum
962 4900 1028 4954 ad
1059 4900 1392 4964 imitandum,
1443 4908 1502 4954 et.
1527 4909 1808 4970 propterea
1833 4916 1952 4955 eum
1994 4915 2080 4956 se-

529 4992 849 5060 quebantur,
877 4999 936 5043 ut
969 4990 1311 5043 imitarentur
1337 5005 1478 5044 cum.
1503 4988 1804 5057 Quicunque
1829 5007 1952 5061 ergo
1981 4992 2082 5044 hu—

530 5083 803 5136 miliaverit
854 5098 906 5134 se
949 5081 1078 5134 sicut
1120 5079 1364 5150 parvulus
1410 5080 1524 5142 iste,
1572 5079 1653 5132 hic
1700 5079 1871 5148 major
1918 5090 1992 5133 est
2028 5081 2083 5134 in

530 5187 685 5241 regno
706 5170 966 5226 caelorum.
992 5170 1059 5226 Ut
1084 5171 1224 5239 quod
1253 5171 1352 5224 iste
1377 5185 1473 5238 per
1495 5177 1756 5234 naturam,
1787 5170 1872 5224 ille
1899 5171 1968 5224 sit
1989 5187 2084 5240 per

531 5257 848 5326 doctrinam,
883 5263 968 5316 hic
999 5261 1166 5330 major
1189 5270 1269 5315 est
1310 5261 1361 5314 in
1393 5276 1552 5330 regno
1584 5262 1860 5315 ctelorum.
1902 5261 1968 5314 Et
1992 5263 2078 5332 qui

532 5353 810 5422 susceperit
835 5371 994 5406 unum
1014 5353 1283 5422 parvulum
1320 5353 1494 5406 talem.
1523 5352 1844 5407 Subauditur
1872 5351 2080 5420 qualem

533 5444 691 5499 modo
730 5459 846 5499 esse
882 5446 1127 5514 prmcepi,
1179 5446 1230 5498 in
1281 5446 1492 5498 nomine
1539 5461 1673 5498 meo.
1710 5444 1794 5497 Mc
1841 5443 2082 5512 suscepit.

533 5531 637 5585 Pro
671 5543 820 5587 certo
845 5534 1146 5603 quicunque
1177 5534 1295 5587 talis
1315 5533 1538 5588 efﬁcitur
1558 5549 1655 5603 pro
1681 5534 1774 5587 Dei
1799 5542 2083 5602 praecepto,

536 5619 676 5682 Deus
700 5624 903 5683 habitat
932 5626 984 5681 in
1004 5643 1066 5682 co
1091 5644 1104 5691 ;
1137 5626 1349 5682 videant
1377 5633 1553 5680 autem
1581 5627 1668 5696 qui
1703 5626 2083 5696 suscipiuntur,

2180 1810 2278 1866 nit.
2307 1809 2435 1866 Sive
2460 1829 2472 1865 :
2497 1809 2684 1866 Melius
2711 1818 2793 1865 est
2817 1811 2866 1866 ei
2887 1819 2948 1864 ut
2973 1809 3558 1882 temporaliterpereat,
3582 1825 3740 1878 quam

2179 1899 2424 1970 augendo
2467 1908 2688 1970 peccata
2722 1914 2817 1954 sua
2865 1899 3150 1968 deputetur
3176 1898 3348 1968 pugnis
3387 1899 3628 1953 aeternis.
3660 1897 3739 1951 ΕΙ

2177 1987 2280 2043 hoc
2303 1987 2418 2042 loco
2438 1987 2690 2057 colligere
2720 2002 3002 2057 possumus
3030 1987 3167 2056 quod
3193 2000 3381 2040 omnes
3402 1987 3500 2056 qui
3525 2000 3623 2055 pro
3651 1985 3744 2038 ho-

2177 2076 2407 2131 micidiis
2453 2085 2508 2131 et
2549 2076 2707 2130 furtis
2738 2077 3052 2146 puniuntur,
3081 2075 3128 2130 si
3167 2076 3520 2146 cognoverint
3553 2089 3742 2144 pecca-

2177 2177 2291 2224 tum
2311 2184 2488 2233 suum,
2524 2177 2578 2224 et
2605 2168 2820 2224 easdem
2848 2182 3032 2236 pcenas
3073 2167 3228 2237 digne
3264 2181 3431 2235 super
3456 2180 3516 2220 se
3550 2179 3744 2236 cogno-

2175 2258 2350 2313 verint
2375 2259 2577 2322 venire,
2616 2267 2671 2312 et
2705 2258 3060 2312 confiteantur
3089 2265 3312 2327 peccata
3355 2272 3454 2310 sua
3482 2263 3535 2310 et
3558 2256 3748 2325 deprc»

2175 2358 2366 2406 centur
2385 2351 2549 2405 Deum
2580 2359 2639 2404 ut
2660 2366 2758 2422 pro
2785 2350 2903 2405 istis
2927 2350 3099 2418 pmnis
3127 2348 3220 2403 ﬁat
3247 2349 3326 2404 eis
3353 2348 3594 2403 remissio
3611 2362 3746 2418 pec-

2174 2450 2436 2507 calorum,
2467 2443 2818 2498 salvabuntur
2841 2443 2895 2496 in
2923 2442 3026 2496 alia
3052 2443 3178 2496 vita.
3213 2443 3395 2497 Dicant
3427 2443 3565 2496 sicut
3593 2442 3744 2496 dixit

2173 2530 2310 2588 latro
2335 2550 2348 2584 :
2382 2531 2489 2586 Nos
2518 2532 2732 2601 quidem
2757 2534 2912 2602 digne
2936 2533 3010 2587 ita
3041 2533 3315 2603 punimur,
3338 2534 3456 2602 quia
3478 2536 3742 2602 peccavi-

2174 2637 2296 2677 mus
2323 2621 2376 2675 in
2407 2621 2516 2677 Deo
2543 2632 2600 2677 et
2641 2623 2695 2676 in
2735 2623 3089 2680 Christianos.
3124 2623 3217 2679 Va:
3245 2625 3432 2678 mundo
3458 2642 3490 2678 a
3519 2627 3745 2680 scandu-

2179 2711 2264 2767 lis.
2293 2713 2386 2766 ναξ
2419 2721 2536 2766 erat
2565 2713 2784 2778 mundo,
2808 2715 2931 2782 quia
2958 2728 3146 2782 pacem
3185 2713 3458 2768 habebant
3477 2712 3534 2765 in
3576 2714 3741 2777 malo,

2172 2813 2228 2860 et
2260 2805 2404 2858 nulla
2451 2805 2807 2860 contradictio
2853 2805 2934 2860 eis
2965 2814 3088 2876 erat
3135 2804 3192 2859 in
3238 2805 3530 2860 aderandis
3567 2805 3740 2860 idolis.

2177 2893 2396 2951 Necesse
2435 2907 2508 2950 est
2551 2898 2687 2950 enim
2732 2907 2788 2950 ut
2820 2898 3021 2951 veniant
3059 2896 3332 2951 scandala.
3375 2897 3510 2964 Quia
3557 2897 3744 2951 nolunt

2174 2989 2361 3059 pagani
2404 3003 2728 3060 cognoscere
2782 2988 2949 3051 Deum
2983 2989 3072 3057 qui
3119 3002 3212 3042 eos
3258 2987 3489 3050 creavit,
3519 2988 3736 3042 veniens

2174 3082 2254 3136 eis
2296 3081 2669 3147 adversitates,
2716 3088 2771 3135 et
2813 3089 2942 3135 tunc
2987 3081 3262 3150 requirent
3311 3080 3500 3142 Deum,
3534 3080 3744 3149 quieos

2174 3171 2393 3238 adjuvet
2433 3172 2483 3225 in
2513 3171 2948 3232 adversitatibus,
2971 3170 3096 3239 quia
3131 3170 3182 3223 hi
3213 3185 3349 3239 quos
3373 3169 3556 3224 colunt
3596 3186 3745 3224 mor-

2174 3262 2272 3323 tui,
2304 3277 2410 3316 non
2451 3269 2671 3330 possunt
2709 3258 2962 3328 adjuvare
2991 3274 3101 3313 eos.
3136 3257 3228 3313 Sic
3269 3258 3400 3312 fecit
3441 3257 3742 3312 Constanti-

2172 3366 2274 3404 nus
2313 3366 2436 3404 cum
2480 3335 2674 3405 habere
2711 3350 2891 3404 debuit
2924 3350 3117 3405 bellum
3158 3365 3280 3404 cum
3328 3348 3634 3403 Maxentio:
3663 3364 3741 3402 re

2174 3441 2397 3511 quisivit
2424 3455 2581 3510 quem
2633 3440 2800 3495 Deum
2835 3441 3095 3510 potuisset
3136 3439 3453 3508 adjutorcm,
3488 3441 3614 3508 quia
3661 3441 3741 3495 sui

2173 3546 2335 3601 opera
2374 3545 2625 3584 manuum
2667 3538 2840 3584 erant.
2889 3529 3250 3583 Verumtamen
3291 3547 3370 3584 ua:
3411 3530 3610 3582 [contini
3650 3547 3744 3599 per

2172 3639 2325 3694 quem
2368 3621 2673 3676 scandalum
2717 3622 2871 3675 venit.
2917 3619 3186 3689 Quidquid
3233 3620 3359 3674 mali
3405 3629 3484 3675 est
3529 3621 3584 3673 in
3637 3621 3745 3675 hoc

2177 3711 2397 3776 mundo,
2426 3727 2523 3781 per
2548 3710 2816 3766 diabolum
2850 3719 2954 3776 est,
2983 3719 3039 3766 et
3063 3726 3188 3765 suos
3215 3711 3363 3781 ipsos
3383 3711 3472 3781 qui
3492 3711 3746 3764 volunta—

2177 3809 2283 3855 tem
2325 3799 2439 3868 ejus
2477 3799 2681 3855 faciunt
2720 3799 2964 3855 diabolus
2997 3798 3250 3868 ﬂagellat,
3282 3801 3408 3869 quia
3434 3800 3615 3854 omnis
3652 3797 3744 3854 Dei

2177 3892 2461 3962 castigatio
2488 3902 2541 3946 et
2569 3893 2622 3946 in
2651 3893 2753 3946 hoc
2790 3892 2984 3947 saeculo
3015 3902 3069 3947 et
3095 3892 3147 3946 in
3177 3890 3360 3946 futuro
3382 3906 3477 3960 per
3505 3891 3748 3947 diabolus

2176 3985 2258 4045 iit,
2281 3985 2404 4052 quia
2437 3985 2578 4038 Deus
2602 3986 2881 4039 intentator
2918 3983 3176 4038 malorum
3199 3993 3296 4047 est,
3321 3984 3416 4037 sed
3455 3983 3750 4036 immisit)-

2177 4091 2275 4130 nes
2303 4075 2454 4129 malae
2466 4090 2563 4144 per
2585 4074 2802 4143 angelos
2829 4073 2998 4128 malos
3019 4073 3174 4127 fiunt.
3211 4071 3530 4142 Exempla
3557 4088 3750 4142 possu-

2177 4181 2298 4219 mus
2340 4181 2533 4236 capere
2573 4167 2640 4220 de
2689 4164 3203 4230 Nabuchodonosor,
3244 4164 3330 4219 cui
3377 4180 3501 4218 cum
3543 4179 3751 4234 phene-

2177 4268 2324 4330 ptum
2356 4269 2496 4316 esset
2519 4268 2574 4315 et
2598 4259 2792 4329 populo
2819 4259 2935 4328 ejus
2957 4267 3015 4312 ut
3037 4259 3327 4329 castigaret
3350 4257 3609 4326 populum
3636 4257 3747 4311 Do-

2182 4351 2338 4415 mini,
2367 4350 2490 4420 quia
2521 4350 2808 4405 crudeliter
2835 4365 2995 4418 super
3018 4364 3111 4403 eos
3153 4359 3378 4418 egerunt
3404 4350 3520 4417 ipse
3565 4357 3625 4402 et
3659 4363 3751 4417 po-

2177 4439 2332 4509 pulus
2372 4438 2509 4507 ejus,
2560 4448 2745 4509 postea
2793 4437 2972 4492 traditi
3007 4447 3131 4492 sunt
3174 4437 3333 4492 simili
3363 4451 3560 4504 pinnae.
3613 4435 3750 4489 Pro—

2177 4543 2360 4603 pterea
2403 4533 2601 4588 debent
2641 4546 2698 4586 se
2745 4531 3014 4587 custodire
3041 4546 3232 4586 omnes
3269 4529 3516 4584 homines
3549 4543 3617 4581 ne
3648 4529 3752 4581 sint

2178 4626 2446 4695 aliquibus
2487 4624 2820 4680 scandalum.
2867 4621 2926 4677 Si
2970 4632 3144 4676 autem
3178 4637 3366 4674 mantis
3407 4631 3500 4672 tua
3540 4619 3618 4672 cel
3668 4635 3751 4686 pes

2179 4727 2300 4770 tuus
2327 4708 2651 4768 scandalizat
2695 4723 2763 4778 te,
2807 4711 3050 4766 abscinde
3075 4727 3192 4764 eum
3231 4720 3281 4763 et
3325 4709 3521 4778 proﬁce
3551 4709 3644 4760 abs
3683 4719 3750 4759 te.

2179 4805 2282 4859 Per
2319 4820 2538 4859 manum
2567 4803 2651 4857 vel
2678 4803 2869 4872 pedem
2898 4800 3056 4854 amici
3088 4799 3482 4869 intelliguntur,
3520 4813 3752 4865 quorum

2180 4909 2280 4962 ope
2309 4903 2468 4965 atque
2505 4893 2728 4948 consilio
2756 4891 2996 4960 quotidie
3025 4889 3344 4958 indigemus.
3373 4885 3432 4942 Si
3478 4888 3622 4940 tales
3657 4902 3754 4939 nos

2182 4984 2235 5038 in
2267 4984 2350 5036 via
2399 4982 2494 5036 Dei
2520 4983 2779 5036 obsistere
2808 4980 3093 5041 voluerint,
3139 4978 3472 5047 relinquendi
3513 4988 3664 5036 sunt,
3697 4987 3754 5028 ut

2182 5088 2336 5126 amor
2371 5072 2463 5126 Dei
2513 5072 2698 5124 ﬁrmus
2746 5071 2796 5122 iu
2841 5069 3004 5123 corde
3041 5068 3392 5128 custodiatur,
3435 5081 3507 5118 ne
3541 5067 3586 5118 si
3629 5081 3753 5118 cum

2181 5165 2405 5234 perditis
2443 5165 2498 5218 in
2547 5167 2646 5219 hac
2676 5166 2780 5218 vita
2821 5174 3027 5232 partem
3073 5162 3271 5216 habere
3310 5160 3669 5220 voluerimus,
3705 5160 3754 5210 iu

2182 5259 2362 5314 futuro
2383 5261 2589 5329 pariter
2615 5275 2736 5314 cum
2764 5260 2895 5329 ipsis
2918 5273 3220 5327 pereamus.
3248 5255 3316 5308 Et
3350 5255 3398 5307 si
3425 5253 3612 5307 oculus
3635 5264 3757 5304 tum

2184 5351 2506 5405 scandalizat
2532 5362 2598 5405 te.
2630 5351 2686 5404 ln
2724 5351 2882 5406 oculo
2903 5364 3114 5420 quoque
3137 5348 3294 5402 amici
3327 5345 3580 5400 carnales
3602 5344 3760 5398 intel-

2184 5443 2441 5513 liguntur,
2470 5444 2560 5512 qui
2589 5444 2634 5497 si
2670 5443 2979 5498 scandalum
3013 5442 3064 5496 in
3098 5442 3179 5494 via
3210 5439 3301 5493 Dei
3327 5439 3484 5492 nonis
3521 5449 3668 5490 sunt.
3707 5444 3759 5488 et

2191 5534 2290 5601 ipsi
2329 5535 2659 5604 relinquendi
2688 5543 2830 5588 sunt.
2856 5533 2948 5587 llle
2969 5534 3114 5587 enim
3141 5529 3474 5586 scandalizat
3508 5527 3755 5580 fratrem.

2189 5625 2280 5700 qui
2315 5625 2362 5679 ei
2393 5641 2552 5682 causa
2581 5625 2745 5680 ruinae
2772 5637 2852 5678 cst
2872 5625 2922 5682 in
2945 5624 3087 5676 dicto
3114 5624 3196 5675 γει
3231 5623 3284 5674 in
3313 5620 3474 5675 facto.
3510 5617 3750 5674 Scamm-
