3952 6186
230 340 247 392 Ι
263 341 362 395 409

1364 301 1714 388 sirosmo
1751 333 1815 386 LV
1851 331 2277 386 umnaauu.

3260 326 3396 381 mo

223 451 330 502 lum
358 447 550 516 quippe
579 445 820 500 Grzecum
845 459 1034 499 nomen
1056 451 1155 509 est,
1183 451 1237 498 et
1254 451 1432 511 potest
1454 441 1639 498 Latine
1661 441 1764 496 dici
1791 452 1838 512 Α
1866 440 2147 494 violatione
2171 438 2464 494 charitatis'.
2502 438 2631 493 Nam
2660 439 2710 492 in
2739 438 2844 492 alio
2885 436 3204 508 evangelista
3230 435 3398 503 dicit;

223 541 433 609 offensio
456 539 568 592 sive
602 538 771 589 ruina.

298 627 474 681 Videte
499 643 560 680 ne
585 627 917 680 contemnatis
949 641 1104 678 unum
1137 640 1201 678 ea:
1224 625 1304 678 his
1347 623 1570 693 pusillis.
1612 621 1763 677 Nunc

221 718 463 788 superius
490 731 675 771 onmes
721 714 938 769 affectus
961 714 1204 768 carnales
1252 712 1468 767 abstulit
1513 727 1608 781 per
1633 727 1765 781 quos

219 810 474 864 oberrare
497 822 776 876 possumus
803 820 832 857 a
859 806 942 858 via
963 804 1077 868 Dei,
1107 805 1229 873 quia
1254 803 1442 857 melius
1467 803 1614 857 estin
1635 817 1761 871 pra:-

222 900 357 955 senti
384 899 577 953 saeculo
612 896 1004 950 tribulationem
1033 895 1298 949 sustinere
1325 909 1482 962 quam
1512 902 1765 947 aeternam

221 992 385 1044 vitam
412 989 670 1058 perdere;
697 1002 838 1040 nunc
881 999 1089 1054 quoque
1131 982 1369 1053 prtecipit
1413 991 1471 1036 ut
1501 982 1642 1036 omni
1672 997 1764 1035 co-

225 1089 351 1133 natu
381 1077 741 1146 unusquisque
769 1082 954 1128 caveat
999 1073 1305 1128 scandalum
1338 1072 1535 1126 inferre
1579 1072 1656 1124 eis
1677 1070 1766 1139 qui

225 1179 440 1241 propter
487 1168 650 1222 Deum
678 1181 934 1236 pauperes
985 1173 1038 1219 et
1069 1163 1293 1218 humiles
1320 1178 1440 1218 esse
1467 1163 1517 1215 in
1542 1161 1641 1216 hoc
1670 1176 1768 1215 sm-

226 1259 343 1312 culo
363 1256 682 1326 delegerunt.
714 1254 836 1307 Dico
856 1254 990 1307 enim
1048 1253 1183 1306 vobis
1205 1251 1340 1322 quod
1389 1249 1557 1320 angeli
1591 1265 1768 1302 eorum

227 1354 280 1405 in
305 1349 438 1404 caelis
465 1365 660 1417 semper
685 1348 852 1400 vident
875 1345 1058 1412 faciem
1086 1345 1260 1398 Patris
1302 1344 1421 1397 mei.
1462 1343 1538 1396 Ex
1569 1343 1667 1396 hoc
1688 1341 1769 1396 lo-

228 1458 294 1498 co
325 1452 379 1497 et
425 1455 493 1495 ex
541 1439 661 1493 aliis
691 1439 990 1492 invenimus
1041 1434 1183 1505 quod
1216 1435 1579 1503 unusquisque
1611 1434 1770 1496 homo

229 1533 362 1586 duos
387 1529 604 1600 angelos
630 1527 787 1582 habet
808 1527 908 1582 sibi
941 1527 1219 1596 deputatos
1245 1539 1276 1578 a
1316 1523 1402 1577 die
1429 1532 1578 1578 ortus
1603 1536 1772 1591 usque

229 1623 297 1678 ad
340 1624 481 1678 diem
537 1621 726 1676 mortis
772 1635 901 1684 sum,
932 1621 1127 1674 bonum
1178 1624 1234 1671 et
1258 1615 1471 1670 malum.
1523 1613 1771 1684 Legimus

230 1715 371 1770 enim
399 1714 456 1780 in
479 1710 794 1782 Apocalypsi
823 1707 1014 1779 Angela
1035 1706 1246 1778 Ephesi,
1269 1714 1324 1760 et
1352 1704 1590 1774 reliquis,
1609 1703 1772 1759 scribe

1864 529 1920 584 Si
1943 531 2220 600 peccaverit
2243 531 2296 582 in
2316 539 2364 584 te
2387 529 2549 598 frater
2571 539 2711 592 tuus,
2739 530 2946 598 increpa
2974 528 3141 592 illum,
3165 537 3212 581 et
3237 545 3280 582 si
3302 543 3404 598 pa:-

1862 619 2128 672 nitentiam
2176 618 2354 687 egerit,
2407 617 2604 670 dimitte
2639 617 2737 670 illi.
2767 619 3052 671 Attendere
3101 625 3276 670 autem
3305 617 3402 671 dc-

1862 709 2047 762 bemus
2073 707 2211 776 quod
2259 706 2388 760 dicit
2435 706 2490 758 in
2537 715 2604 768 te,
2633 706 2754 773 quia
2810 705 2947 758 aliud
2979 715 3062 759 est
3097 718 3318 774 peccare
3347 704 3402 757 in

1864 798 2036 860 nobis,
2085 797 2224 850 aliud
2261 796 2313 848 in
2345 795 2529 847 Deum.
2569 794 2626 848 Si
2674 795 2726 848 in
2762 795 2916 849 nobis
2949 795 3252 863 peccaverit
3301 795 3405 848 ali-

1863 890 2000 958 quis,
2057 889 2314 942 habemus
2363 893 2686 956 potestatem
2738 886 3025 940 dimittere.
3063 886 3119 940 Si
3149 896 3323 940 autem
3355 886 3411 940 in

1865 978 2027 1033 Deum
2052 979 2349 1046 peccaverit
2398 977 2608 1046 aliquis,
2642 977 2929 1030 secundum
2959 977 3098 1046 quod
3129 976 3404 1031 definitum
3449 1046 3459 1054 κ

1864 1078 1945 1123 est
1969 1071 2036 1123 ab
2073 1069 2304 1138 antiquis
2332 1070 2382 1122 in
2407 1069 2699 1123 canonibus
2727 1068 3112 1122 emendandum
3145 1079 3246 1131 est,
3271 1069 3410 1122 sicut

1865 1160 1920 1214 in
1949 1160 2086 1214 libro
2121 1159 2321 1230 Regum
2345 1160 2537 1214 dicitur
2563 1176 2577 1212 :
2610 1159 2666 1212 Si
2690 1159 2991 1229 peccaverit
3019 1160 3101 1212 vir
3129 1160 3182 1212 in
3210 1160 3407 1225 virum,

1863 1251 2077 1322 placare
2111 1253 2159 1306 ei
2204 1260 2380 1321 potest
2411 1251 2585 1315 Deus;
2625 1251 2669 1305 si
2720 1261 2898 1306 autem
2935 1251 2989 1305 in
3018 1250 3182 1304 Deum
3219 1266 3409 1320 pecca-

1864 1343 2004 1397 verit
2037 1342 2139 1406 vir,
2176 1342 2298 1410 quis
2327 1342 2504 1396 orabit
2545 1356 2641 1410 pro
2671 1341 2774 1394 eo?
2811 1340 2953 1394 Vade
2995 1351 3042 1394 et
3073 1342 3270 1411 corripe
3293 1357 3410 1394 eum

1865 1433 2001 1485 inter
2037 1442 2083 1485 te
2105 1442 2149 1484 et
2173 1432 2340 1501 ipsum
2363 1431 2547 1486 solum.
2586 1430 2743 1486 Solus
2776 1447 2896 1486 cum
2923 1431 3040 1486 solo
3091 1433 3248 1486 debet
3289 1436 3411 1484 c‘or-

1866 1522 1989 1591 ripi,
2017 1535 2082 1575 ne
2109 1522 2154 1576 si
2181 1521 2434 1590 pudorem
2466 1520 2723 1585 amiserit,
2772 1520 2919 1590 pejor
2941 1520 3050 1574 ﬁat.
3081 1519 3139 1575 Si
3161 1531 3208 1574 te
3237 1520 3415 1574 audie-

1868 1613 1956 1677 rit,
1989 1612 2221 1665 lucratus
2281 1611 2382 1664 eris
2428 1610 2643 1678 fratrem
2689 1621 2853 1663 tuum.
2903 1608 3036 1675 Quia
3060 1611 3149 1679 qui
3173 1609 3412 1665 converti

1868 1699 2056 1755 fecerit
2079 1708 2413 1768 peccatorem
2451 1700 2518 1753 ab
2543 1713 2725 1752 errore
2751 1700 2848 1752 viae
2881 1713 3008 1761 sum,
3035 1698 3259 1753 salvabit
3294 1699 3416 1752 ani-

230 1806 338 1858 hcec
362 1803 443 1857 vel
475 1802 582 1856 illa.
612 1801 678 1855 Et
704 1799 988 1871 Apostolus
1013 1797 1251 1869 praeripit
1275 1795 1438 1851 velari
1460 1796 1634 1868 capita
1657 1809 1771 1848 mu—
1799 1799 1844 1858 Β
1871 1805 2012 1843 mam
2039 1791 2151 1859 ejus
2191 1804 2222 1842 a
2247 1798 2440 1854 morte,
2471 1798 2525 1842 et
2553 1789 2725 1857 aperit
2754 1788 3140 1842 multitudinem
3165 1796 3414 1857 peceato-

231 1894 447 1950 lieribus
483 1892 536 1946 in
559 1890 796 1945 ecclesiis
822 1897 1040 1960 propter
1059 1886 1292 1955 angelos.
1333 1885 1536 1940 Idcirco
1559 1885 1774 1939 studen-

232 1985 356 2039 dum
376 1991 460 2038 est
493 1981 778 2050 unicuique
807 1995 873 2034 ne
916 1979 1110 2048 injuste
1138 1977 1295 2031 alicui
1327 1975 1520 2032 malum
1553 1975 1769 2039 inferat,

231 2075 357 2144 quia
382 2083 436 2127 et
463 2074 627 2128 Deum
652 2071 931 2125 adversum
957 2085 1014 2124 se
1043 2069 1238 2132 irritat,
1269 2075 1324 2121 et
1343 2065 1558 2135 angelos
1581 2067 1771 2130 bonos,

231 2180 387 2222 suun
416 2173 472 2219 et
504 2164 665 2228 illius,
695 2162 989 2217 contristet.
1053 2157 1198 2214 Venit
1227 2159 1360 2212 enim
1385 2158 1526 2227 ﬁlius
1554 2158 1775 2212 hominis

229 2255 432 2313 salvere
453 2253 589 2326 quod
611 2254 852 2322 perierat.
881 2252 1076 2306 Verum
1102 2259 1185 2304 est
1209 2250 1329 2312 hoc,
1357 2249 1481 2319 quia
1504 2249 1642 2304 Deus
1662 2263 1776 2304 om-

235 2347 477 2416 nipotens
504 2359 689 2400 omnes
718 2344 959 2399 homines
983 2342 1094 2396 vult
1137 2341 1312 2397 salvos
1339 2341 1473 2409 fieri,
1503 2349 1559 2397 et
1600 2349 1660 2400 ut
1684 2356 1778 2411 pa-

235 2453 350 2493 cem
387 2439 524 2494 inter
555 2453 613 2493 se
636 2437 897 2492 baberent
921 2435 1249 2506 prazdicavit.

822 2533 1045 2602 CAPUT
1085 2544 1194 2600 XL.

693 2637 768 2692 De
790 2638 1038 2708 parabola
1067 2637 1256 2690 ovium.
1325 2701 1349 2714 ἢ

305 2729 444 2795 Quid
465 2728 602 2783 vobis
629 2728 853 2790 videtur,
886 2728 931 2781 si
975 2727 1166 2795 fuerint
1213 2725 1367 2779 alicui
1394 2733 1594 2779 centum
1641 2739 1774 2777 oves.

231 2820 375 2874 Deus
425 2818 761 2886 omnipotens
798 2824 1011 2869 centum
1060 2815 1245 2868 habuit
1279 2830 1424 2879 oves,
1475 2815 1566 2884 qui
1597 2814 1774 2884 perfe-

229 2918 376 2962 ctum
407 2908 589 2960 decem
610 2903 857 2958 ordinum
888 2903 1192 2972 angelorum
1213 2918 1491 2957 numerum
1515 2912 1570 2956 et
1612 2902 1782 2956 homi-

231 3013 354 3052 nem
377 2996 442 3050 ad
470 2995 826 3049 laudationem
858 3008 1007 3052 suam
1037 2993 1256 3046 creavit.
1287 2993 1389 3046 Per
1412 2993 1780 3046 centenarium

230 3089 372 3145 enim
409 3102 686 3142 numerum
718 3083 975 3155 perfectio
1013 3083 1339 3152 designatur.
1395 3083 1510 3137 Una
1538 3082 1653 3137 ovis
1681 3081 1776 3135 ab-

1872 1894 1990 1933 rum
2021 1894 2255 1933 suorum.
2286 1877 2343 1932 Si
2367 1887 2537 1932 autem
2568 1895 2669 1931 non
2697 1889 2746 1932 te
2773 1878 3018 1944 audierit,
3041 1879 3223 1932 adhibe
3248 1871 3416 1933 tecum

1872 1971 2040 2025 adhuc
2074 1987 2233 2024 unum
2262 1979 2352 2023 aut
2379 1969 2527 2022 duos.
2559 1967 2892 2024 Adhibentur
2935 1970 3038 2023 duo
3063 1970 3146 2024 vel
3171 1978 3304 2035 tres,
3334 1968 3420 2024 vel

1872 2060 2169 2130 corrigendi
2197 2061 2392 2125 studio,
2432 2059 2516 2115 vel
2561 2061 2908 2115 conveniendi
2954 2063 3050 2115 sub
3081 2061 3325 2117 testibus.
3357 2061 3420 2116 Si

1871 2153 2043 2206 autem
2072 2151 2190 2205 illos
2220 2168 2322 2205 non
2349 2150 2599 2214 audierit,
2636 2152 2720 2204 dic
2741 2150 3008 2206 Ecclesiae.
3043 2152 3111 2208 Ut
3131 2155 3222 2223 qui
3252 2153 3424 2208 noluit

1872 2242 2111 2298 converti
2137 2257 2259 2296 cum
2281 2241 2489 2313 pudore
2511 2249 2855 2297 convertatur
2891 2243 3178 2298 multorum
3225 2245 3422 2313 impro-

1872 2335 2256 2408 perationibus.
2298 2333 2557 2389 Shautem
2590 2334 2880 2389 Ecclesium
2929 2352 3031 2389 non
3086 2336 3328 2399 audierit,
3355 2336 3423 2389 sit

1874 2428 1965 2481 tibi
2009 2427 2140 2480 sicut
2184 2426 2418 2480 ethnicus
2461 2436 2508 2480 et
2538 2426 2859 2496 publicanus.
2913 2427 3174 2482 Ethnicus
3217 2427 3419 2492 Graece,

1874 2516 2060 2572 Latine
2109 2516 2318 2587 gentilis
2365 2516 2580 2571 dicitur.
2629 2515 2952 2571 Publicanus
2979 2533 3189 2587 quoque
3226 2526 3306 2572 est
3328 2518 3425 2588 qui

1875 2607 2042 2675 exigit
2071 2605 2283 2674 publica
2332 2606 2479 2660 lucra
2509 2621 2606 2675 per
2635 2607 3020 2677 negotiationes
3051 2623 3113 2662 ac
3160 2624 3254 2676 per
3280 2608 3425 2664 furta

1875 2709 1929 2754 et
1954 2698 2206 2768 perjuria,
2234 2698 2324 2767 qui
2356 2698 2582 2767 publicae
2608 2698 2684 2753 rei
2705 2699 2954 2752 deservit.
2981 2699 3081 2765 Qui
3106 2700 3249 2753 enim
3269 2700 3426 2754 Chri-

1877 2790 2081 2845 stianus
2108 2797 2190 2843 est
2226 2799 2279 2843 et
2313 2789 2602 2844 fraternam
2634 2805 2817 2859 pacem
2867 2792 3158 2861 impugnat,
3186 2793 3270 2846 vel
3322 2808 3425 2863 pu-

1875 2879 2011 2934 blice
2038 2878 2344 2934 Christiano
2373 2879 2680 2933 scandalum
2723 2887 2822 2944 est,
2852 2881 3001 2950 pejor
3026 2891 3109 2936 est
3152 2897 3308 2951 quam
3335 2899 3430 2953 pa-

1877 2982 2066 3038 ganus,
2095 2967 2186 3036 qui
2233 2970 2456 3022 necdum
2483 2969 2717 3037 suscepit
2751 2968 3228 3026 Christianitatem.
3264 2974 3427 3028 Amen

1877 3059 1992 3111 dico
2040 3059 2198 3124 vobis,
2244 3075 2578 3129 quiscunque
2625 3059 2960 3130 alligaveritis
3013 3077 3166 3131 super
3213 3072 3425 3125 terram,

231 3180 432 3234 erravit
468 3179 606 3233 cum
659 3178 818 3231 homo
875 3176 926 3228 in
955 3174 1200 3244 paradiso
1245 3172 1507 3242 peccavit.
1541 3171 1772 3240 Reliquit

1877 3159 2024 3204 erunt
2052 3149 2210 3219 ligata
2233 3159 2278 3203 et
2309 3151 2363 3202 in
2388 3149 2526 3203 ctelis
2548 3167 2568 3214 ;
2592 3159 2638 3203 et
2665 3167 2980 3221 quiscunque
3002 3152 3254 3207 solveritis
3273 3171 3431 3224 super

230 3287 419 3326 novem
445 3271 660 3324 ordines
689 3268 996 3338 angelorum
1025 3281 1129 3320 non
1165 3266 1419 3319 mutando
1451 3265 1646 3329 locum,
1683 3263 1777 3318 sed

233 3362 463 3429 seipsum
493 3359 837 3413 monstrando
858 3415 860 3418 ,
883 3357 1236 3411 incarnatum.
1267 3354 1333 3407 In
1359 3355 1634 3408 montibus.
1667 3353 1778 3407 Hoc

233 3459 335 3514 est,
377 3450 432 3503 in
475 3448 804 3502 coelestibus.
861 3445 1021 3500 Venit
1071 3458 1311 3514 quaerere
1352 3438 1654 3507 hominem,
1685 3442 1776 3511 qui

232 3541 498 3612 peccando
531 3555 560 3593 a
590 3539 698 3594 Deo
727 3545 1041 3598 recesserat,
1066 3551 1170 3588 non
1196 3549 1418 3602 corpore
1462 3535 1552 3587 sed
1604 3534 1775 3587 aetio-

233 3647 316 3685 ne.
345 3631 570 3700 Contigit
609 3639 665 3682 ut
713 3627 981 3681 inveniret.
1015 3625 1146 3692 Quia
1175 3625 1375 3678 invenit
1403 3624 1652 3692 gentilem
1684 3639 1777 3692 po-

234 3721 434 3791 pulum,
459 3719 549 3790 qui
585 3717 884 3773 voluntarie
926 3715 1227 3772 emendavit
1267 3716 1408 3784 quod
1455 3715 1771 3783 deliquerat.

232 3813 391 3865 Amen
411 3812 526 3864 dico
579 3810 717 3865 vobis
740 3808 876 3879 quod
913 3809 1160 3878 gaudium
1189 3816 1263 3860 est
1300 3822 1452 3875 super
1475 3822 1587 3858 eam
1612 3806 1776 3874 magis

231 3917 385 3972 quam
435 3916 592 3970 supra
642 3899 923 3968 nonaginta
970 3913 1144 3951 novent
1179 3913 1294 3967 qua:
1322 3912 1424 3949 non
1456 3905 1772 3949 erraverunt.

233 3993 397 4061 Magis
435 3991 682 4062 gaudium
737 3989 871 4045 litin
915 3987 1053 4043 coelo
1082 3989 1146 4042 de
1179 3988 1449 4042 conversis
1475 3987 1774 4055 peccatori-

231 4085 350 4149 bus,
388 4099 548 4154 quam
579 4082 645 4138 de
695 4081 954 4136 stantibus
995 4079 1175 4150 justis.
1225 4079 1358 4146 Quia
1405 4087 1646 4148 reparato
1673 4078 1775 4132 ho-

233 4176 374 4230 mine
415 4183 469 4228 et
508 4188 730 4228 ascenso
754 4172 976 4226 Domino
1003 4171 1057 4224 in
1100 4169 1271 4234 cmlis,
1303 4170 1551 4240 gaudium
1585 4169 1774 4239 imple-

234 4273 344 4318 tum
370 4274 451 4319 est
495 4263 824 4334 angelorum,
873 4270 928 4316 et
957 4261 1004 4315 is
1030 4261 1118 4331 qui
1169 4260 1453 4329 reparavit,
1493 4275 1652 4329 super
1677 4275 1774 4312 an-

233 4355 378 4424 gelos
401 4353 659 4418 elevatus,
685 4360 767 4406 est
794 4351 934 4405 Deus
986 4350 1449 4418 archangelorum.
1497 4347 1622 4402 Sive
1649 4349 1772 4418 quia

232 4455 355 4498 sunt
376 4443 529 4512 justi,
555 4443 644 4512 qui
673 4442 772 4496 ista
802 4440 1112 4509 semetipsos
1136 4440 1189 4493 in
1212 4447 1501 4508 conspectu
1531 4439 1626 4492 Dei
1644 4454 1774 4509 quo-

1880 3249 2092 3306 terram,
2120 3249 2269 3294 erant
2291 3240 2462 3294 soluta
2485 3250 2532 3293 et
2560 3242 2614 3294 in
2649 3240 2792 3294 caelo.
2829 3241 2965 3307 Quia
2989 3243 3215 3306 dixerat,
3243 3245 3306 3298 sit
3336 3244 3430 3298 tibi

1875 3331 2007 3384 sicut
2037 3331 2269 3384 ethnicus
2289 3340 2334 3383 et
2361 3329 2688 3400 publicanus,
2717 3346 2784 3385 ne
2810 3331 2885 3385 illi
2915 3333 3017 3388 vile
3046 3335 3147 3389 hoc
3171 3335 3430 3390 ducerent

1877 3421 1968 3490 qui
1993 3421 2299 3476 scandalum
2340 3419 2681 3475 inferioribus
2709 3419 2932 3487 faciunt,
2961 3425 3194 3478 ostendit
3214 3427 3354 3495 quod
3382 3427 3430 3482 is

1875 3511 1966 3580 qui
2004 3511 2055 3564 in
2081 3510 2223 3566 malo
2261 3517 2570 3578 perseverat
2597 3511 2696 3565 sub
2741 3511 2974 3566 Ecclesia
3005 3515 3427 3569 anathematiza-

1877 3609 1986 3655 tur.
2017 3599 2214 3653 Eorum
2262 3598 2580 3652 sententiam
2631 3597 2809 3654 divina
2862 3602 3036 3671 pietas
3069 3603 3330 3672 sequitur,
3378 3605 3428 3660 si

1875 3688 2194 3758 regulariter
2226 3695 2281 3742 et
2310 3689 2601 3742 secundum
2648 3690 2878 3759 proximi
2929 3693 3270 3748 dilectionem
3320 3695 3424 3750 hoc

1876 3779 2096 3834 faciunt.
2132 3779 2329 3832 Iterum
2359 3779 2475 3834 dico
2497 3780 2656 3846 vobis,
2682 3781 2820 3850 quod
2845 3784 2890 3836 si
2911 3783 3014 3837 duo
3040 3801 3104 3838 ea:
3137 3786 3275 3840 vobis
3299 3802 3427 3840 con-

1874 3873 2120 3926 senserint
2147 3887 2300 3941 super
2331 3880 2543 3936 terram,
2572 3870 2635 3924 de
2679 3873 2818 3925 omni
2857 3888 2910 3926 re
2953 3891 3309 3946 quamcunque
3333 3893 3424 3946 pe-

1874 3962 2048 4016 tierint
2072 3961 2158 4030 [iet
2186 3961 2347 4016 vobis.
2377 3959 2436 4015 Si
2466 3961 2538 4030 ita
2595 3963 2866 4031 petierint,
2896 3972 2955 4018 ut
2988 3964 3092 4019 alio
3117 3965 3233 4023 loco
3263 3967 3422 4032 dixit,

1873 4054 1978 4108 hoc
2000 4061 2082 4106 est
2126 4053 2178 4106 iu
2223 4053 2437 4108 nomine
2469 4051 2617 4118 Jesu,
2648 4055 2715 4108 ad
2764 4054 2991 4110 salutem
3024 4057 3215 4111 animae
3263 4059 3430 4128 perti-

1874 4155 2026 4197 nens.
2059 4141 2325 4197 Habemus
2353 4142 2454 4196 hoc
2479 4143 2545 4196 ad
2564 4143 2860 4214 exemplum
2890 4145 2956 4199 de
2988 4146 3160 4201 beatis
3189 4147 3347 4203 Petro
3370 4156 3428 4203 et

1874 4232 2058 4296 Paulo,
2091 4232 2181 4302 qui
2225 4233 2490 4303 petierunt
2533 4233 2600 4289 de
2648 4233 2885 4300 Simone,
2917 4237 3006 4306 qui
3038 4237 3158 4292 aliis
3205 4238 3432 4308 laqueus

1876 4323 2065 4376 mortis
2117 4331 2251 4386 erat,
2283 4329 2339 4377 et
2361 4331 2681 4392 acceperunt
2711 4332 2770 4378 ut
2796 4326 3013 4380 caderet
3045 4336 3101 4380 et
3127 4329 3328 4396 periret
3361 4345 3435 4385 ne

1865 4415 1993 4486 aliis
2046 4415 2352 4470 scandalum
2384 4423 2544 4469 esset.
2605 4411 2702 4468 Ubi
2749 4416 2852 4470 duo
2885 4418 2962 4471 vel
2989 4427 3090 4472 tres
3135 4422 3430 4490 congregati

234 4508 648 4602 tidie'allligunt,
681 4531 832 4603 quasi
885 4508 1046 4602 opera
1071 4530 1277 4601 egerint
1304 4529 1610 4598 impiorum,
1643 4508 1772 4584 tales

1875 4518 1992 4562 sunt
2019 4509 2072 4561 in
2104 4509 2308 4561 nomine
2359 4524 2494 4572 meo,
2521 4508 2592 4561 ibi
2625 4525 2739 4561 sum
2764 4509 2816 4563 in
2843 4509 3008 4563 medio
3047 4528 3246 4564 eorum.
3276 4509 3428 4566 lose.-

233 4640 286 4684 et
314 4637 623 4698 peccatores
667 4633 888 4696 possunt
930 4623 1203 4694 appellari.
1256 4621 1333 4676 De
1379 4621 1573 4676 talibus
1600 4621 1776 4690 quoti-

233 4721 318 4775 die
368 4719 616 4790 gaudium
648 4718 706 4771 lit
748 4718 800 4772 in
829 4715 983 4770 coelo.
1035 4713 1120 4770 Sic
1164 4730 1265 4767 non
1293 4723 1368 4767 est
1397 4712 1632 4766 voluntas
1653 4722 1774 4765 ante

235 4809 442 4862 Patrem
493 4817 738 4870 vestrum,
789 4815 844 4858 ut
889 4812 1062 4874 pereat
1105 4819 1238 4856 unus
1273 4802 1338 4855 de
1391 4799 1591 4871 pusillis
1639 4800 1770 4853 istis.

232 4902 381 4968 Quod
411 4900 547 4954 Deus
573 4899 907 4968 omnipotens
947 4896 1172 4950 noluerit
1215 4895 1481 4949 hominem
1525 4893 1769 4963 perdere,

233 4992 523 5061 redemptio
560 5000 615 5046 et
645 5003 825 5043 amara
858 5001 1002 5041 mors
1030 5001 1186 5054 quam
1215 4999 1314 5054 pro
1343 4983 1496 5040 nobis
1517 4981 1774 5038 sustinuit

233 5083 504 5154 indicavit.

820 5146 1041 5203 CAPUT
1074 5145 1208 5200 XLI.

697 5239 772 5296 De
802 5237 1097 5292 remittendo
1121 5237 1301 5306 fratre.

302 5333 360 5390 Si
409 5344 579 5388 autem
627 5329 907 5402 peccaverit
942 5329 998 5381 in
1045 5338 1093 5380 te
1139 5326 1302 5394 frater
1345 5337 1483 5380 tuus.
1518 5324 1774 5394 Superius

232 5427 415 5482 docuit
469 5441 572 5481 non
624 5420 1037 5479 contemnendos
1076 5418 1302 5472 humiles
1355 5418 1447 5486 qui
1489 5416 1775 5474 Christiani

233 5521 510 5575 nobiscum
543 5519 718 5572 adhuc
748 5519 1112 5584 perseverant,
1160 5521 1220 5565 ut
1244 5512 1289 5564 si
1331 5510 1382 5563 in
1404 5509 1556 5564 nobis
1585 5523 1774 5578 prcca-

233 5613 427 5673 verint,
458 5627 562 5666 non
587 5619 865 5680 propterea
886 5606 1178 5660 alienemus
1206 5619 1304 5658 nos
1331 5602 1398 5658 ab
1419 5601 1548 5672 ipsis
1578 5616 1773 5670 usque-

231 5719 340 5774 quo
362 5704 595 5759 sciamus
628 5701 672 5754 si
709 5711 988 5768 possumus
1045 5695 1281 5752 converti
1321 5701 1376 5749 et
1401 5691 1686 5763 emendare
1709 5691 1777 5748 de

1877 4599 2014 4668 phus
2040 4597 2168 4652 dicit
2190 4596 2256 4650 de
2277 4605 2421 4651 secta
2446 4595 2768 4663 Judaeorum,
2799 4613 2931 4667 quos
2975 4609 3152 4654 tamen
3202 4597 3436 4656 Jessaaos

1876 4689 2138 4752 nominat,
2170 4686 2309 4755 quod
2333 4688 2589 4756 quidquid
2613 4699 2824 4743 centum
2862 4691 3073 4745 insimul
3120 4695 3433 4763 congregati.

1876 4779 2251 4842 instituissent,
2293 4795 2388 4848 pro
2433 4778 2549 4848 lege
2600 4779 2912 4834 habebatur.
2958 4783 3209 4836 Dominus
3249 4794 3433 4837 autem

1876 4871 1940 4926 de
1984 4871 2176 4934 tribus,
2201 4869 2331 4924 dicit
2353 4868 2594 4923 fidelibus
2624 4870 2755 4932 suis,
2784 4871 2921 4938 quod
2944 4872 3200 4941 quidquid
3230 4873 3428 4927 faciant

1874 4961 1931 5016 in
1953 4961 2166 5015 nomine
2187 4959 2372 5029 ipsius,
2400 4959 2510 5028 ipse
2536 4959 2716 5012 faciat.
2756 4958 2858 5013 Pro
2877 4976 2980 5029 qua
3006 4975 3061 5015 re
3079 4963 3428 5016 constitutum

1875 5058 1957 5107 est
1984 5058 2044 5103 ut
2065 5050 2344 5118 episcopus
2368 5063 2470 5101 non
2497 5048 2770 5102 ordinetur
2804 5050 2978 5104 minus
2997 5066 3154 5118 quam
3181 5066 3211 5104 a
3237 5051 3432 5106 tribus.

1879 5141 2025 5196 Tunc
2047 5140 2294 5194 accedens
2323 5138 2391 5192 ad
2418 5155 2534 5192 eum
2557 5139 2707 5192 dixit.
2733 5139 2866 5206 Quia
2889 5157 3045 5211 supra
3065 5140 3300 5209 iusserat
3327 5142 3430 5197 Pc-

1877 5242 1960 5288 tro
1971 5242 2026 5287 et
2041 5232 2288 5288 omnibus
2299 5230 2410 5286 suis
2421 5230 2734 5299 sequacibus
2747 5240 3094 5301 utpeccantes
3107 5233 3230 5288 inse
3247 5233 3430 5288 dimit-

1879 5334 2058 5382 terent
2090 5336 2144 5381 et
2171 5326 2511 5396 castigarem,
2534 5327 2825 5402 interrogat
2849 5323 3038 5379 Petrus
3067 5326 3313 5396 quotiens
3332 5325 3434 5380 hoc

1880 5416 2056 5472 facere
2081 5416 2289 5481 debeat,
2325 5416 2370 5472 si
2394 5415 2478 5471 vel
2510 5431 2666 5486 usque
2683 5416 2886 5485 septies.
2915 5413 3170 5469 Sacratus
3189 5423 3244 5469 et
3266 5414 3434 5469 usita-

1881 5517 1968 5564 tus
2008 5523 2262 5564 numerus
2288 5514 2403 5562 erat
2432 5507 2570 5575 apud
2612 5521 2704 5560 eos
2730 5506 2984 5575 septimus
3015 5520 3266 5560 numerus
3297 5519 3426 5574 pro-

1877 5607 2000 5669 pter
2029 5597 2330 5654 sabbatum.
2363 5595 2485 5652 Non
2527 5596 2641 5650 dico
2675 5595 2768 5650 tibi
2799 5595 3004 5666 septies.
3026 5594 3116 5650 sed
3159 5611 3317 5665 usque
3336 5611 3420 5650 se-

1878 5690 2112 5760 ptuagies
2139 5690 2341 5760 septies.
2374 5687 2496 5744 Sive
2545 5694 2819 5757 computes
2858 5695 3064 5757 septem
3091 5701 3184 5758 per
3211 5696 3432 5757 septua-
