3952 6186
528 306 657 361 Mil
1300 304 1678 363 Cll-BISTIANI
1714 306 2117 363 DRUTIIMAR!
2148 286 2593 364 CORBEIENng
2628 304 2926 365 MONACHI
3602 311 3731 364 iiii

522 413 689 487 ginia.
714 415 828 469 sive
852 414 1184 483 septuaginta
1206 428 1305 483 per
1338 424 1562 483 septem,
1601 414 1667 469 ad
1696 431 1857 469 unum
1890 430 2081 484 perve-
2110 426 2155 482 Α
2184 433 2290 471 non
2336 420 2688 489 recogitantes
2741 420 2881 489 quod
2926 434 2991 473 ex
3025 418 3167 472 dono
3205 419 3300 473 Dei
3339 433 3569 489 possunt
3596 431 3736 493 quod

522 506 622 569 nit,
653 503 704 559 id
734 512 820 558 est
854 502 1270 572 quadringentos
1316 504 1625 573 nonaginta.
1659 503 1880 567 Quantis
1907 503 2080 558 nullus
2181 518 2421 577 possunt.
2455 510 2536 569 Et
2580 510 2699 565 ideo
2744 509 3205 564 irremediabiliter
3256 513 3650 568 eruciabuntur
3686 520 3736 569 in

519 613 642 667 erga
685 595 845 649 alium
886 604 1048 664 potest
1073 611 1303 663 peccare.
1334 595 1391 649 ld
1419 603 1521 657 est,
1551 594 1783 665 quandiu
1814 595 1966 665 petit,
1995 595 2081 648 di-
2179 596 2280 650 alia
2304 597 2432 662 vita,
2458 598 2580 667 quia
2610 599 2681 652 ita
2712 607 2893 669 agunt,
2928 599 3027 651 nisi
3078 600 3166 654 hic
3187 600 3341 669 digne
3382 606 3739 671 paenituerint

520 686 797 740 mittamus
832 684 929 738 illi.
964 685 1029 738 Et
1058 685 1110 738 in
1139 686 1282 739 omni
1324 701 1547 740 numero
1572 686 1643 739 ita
1675 688 1757 740 est
1786 686 1920 740 ratio
1950 686 2077 751 ﬁxa,
2177 697 2233 742 et
2259 691 2660 744 emendaverint
2681 690 2824 759 quod
2863 700 3101 760 egerunt.
3144 689 3383 746 Videntes
3414 704 3591 747 autem
3617 712 3741 749 con.

519 786 579 831 ut
618 776 734 831 sive
760 775 1022 829 minorem
1059 790 1156 844 per
1186 774 1439 843 majorem
1470 784 1825 839 transeamus,
1852 775 1964 829 sive
1984 790 2084 843 per

520 865 781 935 majorem
833 867 1094 921 minorem
1133 868 1407 931 ducamus,
1438 866 1504 920 ad
1535 881 1697 920 unum
1740 881 1956 920 sensum
1993 880 2078 921 re-

521 966 821 1015 vertantur.
870 958 1210 1016 Consuetudo
1250 969 1368 1014 erat
1402 960 1454 1013 in
1482 960 1581 1013 ista
1615 969 1756 1014 terra
1795 959 1863 1014 ad
1894 975 2079 1014 omnes

520 1067 796 1109 sermones
819 1053 1101 1121 parabolas
1120 1053 1343 1121 jungere
1364 1061 1419 1107 et
1438 1052 1556 1106 ideo
1593 1052 1848 1106 Dominus
1870 1067 2080 1121 semper

517 1159 640 1199 cum
668 1144 939 1214 parabolis
964 1143 1298 1213 loquebatur.
1339 1143 1465 1198 Ideo
1511 1143 1861 1197 assimilatum
1888 1153 1964 1197 est
1992 1161 2076 1197 re-

462 1240 467 1251 ‘
515 1255 674 1309 gnum
709 1236 975 1292 caelorum.
1013 1237 1158 1301 Ideo,
1185 1236 1237 1291 id
1279 1245 1362 1291 est
1388 1244 1448 1290 ut
1475 1236 1808 1292 dimittamus
1842 1236 1894 1290 in
1925 1236 2079 1291 nobis

514 1330 885 1399 peccantibus,
938 1336 994 1385 et
1042 1330 1252 1384 veniam
1305 1329 1457 1383 nobis
1493 1328 1811 1399 petentibus.
1849 1309 2080 1397 'Semper

515 1438 743 1494 regnum
781 1422 1037 1478 oculorum
1073 1422 1129 1475 bi
1176 1422 1269 1491 qui
1300 1432 1424 1476 sunt
1457 1422 1509 1476 in
1540 1436 1704 1492 regno
1731 1420 1991 1475 caelorum
2022 1420 2076 1474 in

514 1511 750 1568 Ecclesia
776 1510 1002 1576 Christi,
1045 1512 1099 1565 in
1128 1527 1234 1582 qua
1288 1512 1401 1580 ipse
1449 1519 1656 1581 regnat,
1688 1510 2074 1580 intelliguntur.

514 1600 735 1656 Homini
761 1603 886 1671 regi.
919 1601 1029 1656 Deo
1073 1601 1447 1670 omnipotenti.
1481 1600 1584 1665 Qui
1630 1599 1791 1654 voluit
1829 1600 2077 1652 rationem

517 1709 711 1763 ponere
743 1708 861 1746 cum
886 1694 1065 1746 servis.
1094 1691 1197 1759 Qui
1255 1699 1380 1747 sunt
1405 1692 1459 1745 in
1487 1690 1724 1746 Ecclesia
1766 1689 2075 1745 Christiani.

2176 780 2310 831 servi
2329 781 2442 849 ejus
2463 797 2579 849 qua:
2601 781 2811 848 ﬁebant,
2840 771 3130 835 co'ntristati
3172 794 3293 837 sunt
3318 783 3488 838 ualde.
3527 786 3627 841 Vel
3646 804 3741 841 ano

2179 868 2281 938 geli
2309 870 2516 924 Domini
2539 870 2629 938 qui
2680 885 2842 939 opera
2876 879 3057 925 nostra
3090 873 3198 926 Deo
3232 876 3496 940 nuntiant,
3528 877 3618 929 vel
3646 893 3739 930 sa-

2176 960 2421 1013 cerdotes
2450 975 2586 1028 quos
2610 960 2864 1014 habemus
2884 960 3023 1013 inter
3051 971 3221 1033 noset
3260 963 3448 1017 Deum.
3473 964 3617 1019 Cum
3644 982 3733 1020 no-

2175 1033 2679 1103 lumusauscultare
2731 1048 2848 1103 illos
2888 1058 2946 1102 ut
2998 1049 3326 1107 dimittamus
3366 1056 3458 1123 qui
3498 1056 3555 1108 in
3585 1056 3739 1110 nobis

2174 1148 2527 1209 peccaverunt
2554 1157 2657 1195 non
2688 1140 2954 1195 ι’θεοινυῐιι
2977 1150 3198 1210 peccata
3236 1154 3421 1199 nostra
3450 1161 3555 1200 nec
3577 1158 3739 1201 orant

2175 1246 2273 1299 pro
2306 1232 2478 1286 nobis.
2512 1232 2646 1299 Quia
2669 1234 2714 1287 si
2738 1233 2858 1301 quis
2892 1232 2944 1286 in
2978 1233 3241 1288 discordia
3274 1238 3526 1302 moritur,
3560 1240 3735 1295 nullus

2174 1325 2511 1401 Christianus
2535 1341 2631 1395 pro
2664 1341 2730 1380 eo
2761 1326 2913 1380 debet
2938 1341 3112 1389 orare,
3142 1343 3314 1397 neque
3342 1345 3735 1387 commemora-

2177 1415 2374 1477 tionem
2400 1431 2498 1484 pro
2530 1431 2593 1469 eo
2614 1418 2680 1471 ad
2704 1415 2871 1470 altare
2918 1415 2995 1471 Do
3021 1438 3028 1467 :
3053 1418 3127 1470 ini
3175 1418 3371 1475 facere.
3408 1419 3555 1473 Tunc
3583 1440 3736 1475 roce—

2176 1507 2243 1561 vit
2272 1506 2420 1560 illum
2464 1506 2718 1561 Dominus
2771 1524 2918 1571 suus,
2966 1517 3015 1560 et
3049 1508 3125 1561 ait
3149 1508 3246 1561 illi.
3273 1507 3527 1578 Praecipit
3551 1512 3738 1578 egredi

2186 1601 2334 1655 illum
2365 1616 2396 1655 e
2424 1616 2649 1670 corpore
2694 1609 2749 1655 et
2772 1602 2920 1655 venit
2978 1610 3103 1656 ante
3150 1602 3381 1661 tribunal
3406 1602 3615 1657 Christi
3645 1623 3657 1656 :
3682 1616 3741 1658 et

2175 1693 2302 1760 quia
2332 1692 2502 1746 uoluit
2531 1691 2773 1746 misereri
2819 1694 3093 1747 conservis
3119 1694 3248 1757 suis,
3280 1694 3515 1748 traditur
3537 1696 3737 1749 dmino-

514 1780 765 1849 Quotidie
790 1783 907 1837 istas
932 1783 1167 1837 rationes
1214 1790 1485 1851 ponuntur
1513 1782 1565 1835 in
1601 1780 1838 1836 Ecclesia
1867 1780 2080 1849 quando
2107 1778 2154 1837 B
2181 1781 2336 1836 nibus
2380 1782 2689 1847 tortoribus,
2741 1797 3017 1853 quousque
3062 1783 3233 1838 solvat
3287 1785 3469 1838 omnia
3514 1794 3737 1854 peccata

514 1874 746 1944 petimus
768 1888 800 1927 a
827 1872 937 1928 Deo
976 1880 1035 1927 ut
1056 1872 1291 1926 dimittat
1315 1872 1495 1927 debita
1533 1880 1733 1937 nostra,
1762 1881 1815 1926 et
1864 1871 1952 1925 ille
1980 1871 2079 1924 ba-

513 1961 606 2017 bet
632 1963 907 2018 nobiscum
962 1970 1173 2032 pactum
1208 1962 1427 2027 factum,
1471 1970 1530 2016 ut
1565 1962 1902 2016 dimittamus
1930 1961 2083 2016 debi-

517 2047 728 2108 toribus
752 2054 975 2121 nostris,
1016 2062 1140 2107 tunc
1174 2053 1326 2108 nobis
1374 2053 1606 2107 dimittet
1653 2053 1830 2107 debita
1877 2060 2079 2110 nostra.

519 2142 630 2200 Nos
658 2153 836 2199 autem
868 2156 1054 2200 sumus
1100 2144 1175 2199 illi
1207 2140 1477 2199 debitores
1530 2146 1714 2200 decem
1740 2145 1965 2199 millium
1998 2152 2079 2199 ta-

523 2234 815 2299 lentorum,
851 2235 1097 2304 graviora
1145 2243 1364 2304 peccata
1408 2249 1527 2305 quas
1553 2235 1913 2305 unusquisque
1933 2236 1987 2289 in
2024 2249 2083 2290 se

522 2325 877 2396 recognoscit,
909 2325 1035 2394 quia
1088 2324 1262 2379 nullus
1310 2333 1485 2395 potest
1510 2338 1732 2379 narrare
1780 2324 1832 2378 in
1868 2323 2082 2393 quantis

516 2419 664 2473 omni
698 2418 784 2473 die
835 2432 1119 2488 peccamus
1164 2431 1291 2487 erga
1341 2417 1505 2472 Deum
1554 2417 1608 2472 in
1646 2415 2077 2487 cogitationibus,

518 2510 572 2563 in
624 2510 978 2584 locationibus
1027 2510 1237 2574 otiosis,
1283 2510 1480 2575 noxiis,
1526 2507 1838 2575 mortiferis,
1878 2506 2081 2563 scilicet

520 2598 964 2663 detractionibus,
1017 2593 1269 2669 operibus
1307 2599 1553 2655 similiter
1597 2599 1801 2663 otiosis,
1849 2598 2076 2663 nocivis,

520 2682 956 2759 mortiferis'per
991 2690 1169 2745 omnia
1217 2690 1455 2745 membra
1510 2698 1734 2745 nostra:
1772 2704 1868 2760 per
1921 2704 2077 2744 aures

522 2778 789 2835 audiendo
815 2779 1009 2846 otiosa,
1041 2779 1251 2844 nociva,
1278 2778 1581 2844 mortifera,
1631 2794 1726 2849 per
1750 2777 1952 2843 oculos,
1982 2793 2079 2847 per

517 2883 698 2935 nares,
746 2884 843 2940 per
879 2856 1059 2940 pedes,
1128 2884 1224 2941 per
1257 2884 1465 2935 manus,
1504 2879 1559 2924 et
1599 2884 1695 2939 per
1738 2883 1924 2924 omnes
1954 2867 2077 2924 atre-

517 2967 639 3014 ctus
670 2959 931 3029 corporis.
991 2958 1121 3013 Cum
1168 2968 1340 3012 autem
1371 2974 1474 3012 non
1497 2957 1702 3012 haberet
1739 2956 1873 3011 unde
1895 2955 2077 3010 redde-

519 3061 616 3116 ret,
633 3051 793 3120 jussit
830 3065 947 3103 eum
976 3049 1231 3103 Dominus
1284 3048 1589 3113 venundari,
1629 3058 1678 3102 et
1720 3063 1931 3101 uxorem
1962 3046 2074 3118 ejus

2180 1889 2298 1944 qua:
2323 1874 2591 1928 commisit
2614 1889 2797 1929 coram
2821 1874 2948 1929 Deo.
2980 1872 3069 1929 Sic
3086 1883 3138 1927 et
3161 1873 3320 1929 Pater
3350 1891 3503 1928 meus
3521 1875 3737 1930 celestis

2179 1963 2333 2032 faciet
2361 1962 2518 2017 vobis.
2549 1961 2842 2018 Conﬁrmat
2885 1964 3204 2019 sententiam
3230 1979 3405 2028 suam,
3434 1975 3494 2019 et
3520 1981 3737 2021 omnem

2178 2052 2568 2109 simulationem
2607 2052 2743 2108 ﬁcta:
2772 2054 2920 2123 pacis
2953 2054 3149 2108 avertit
3171 2055 3358 2110 dicens
3384 2073 3398 2109 :
3436 2055 3499 2111 Si
3529 2074 3633 2110 non
3654 2074 3736 2110 re-

2177 2145 2419 2199 miseritis
2447 2145 2511 2198 de
2550 2144 2792 2198 cordibus
2826 2147 3025 2199 vestris.
3063 2144 3199 2212 Quia
3244 2146 3377 2200 nihil
3399 2147 3627 2217 prodest
3644 2163 3741 2202 ore

2177 2235 2463 2300 dimittere,
2484 2234 2530 2289 si
2560 2234 2612 2288 in
2648 2235 2808 2289 corde
2851 2251 2974 2305 eum
3000 2237 3126 2291 odio
3171 2237 3504 2306 habeamus;
3535 2240 3741 2295 idcirco

2177 2324 2326 2391 dicit,
2354 2324 2420 2379 de
2441 2324 2681 2379 cordibus
2713 2327 2913 2379 vestris.

2732 2435 2958 2493 CAPUT
2982 2436 3138 2492 LXII.

2552 2508 2630 2561 De
2653 2523 2821 2561 uxore.
2839 2524 2942 2561 non
2962 2508 3290 2562 dimittenda.

2245 2596 2312 2650 Et
2342 2596 2539 2667 factum
2568 2607 2642 2651 est
2689 2614 2810 2651 cum
2851 2615 3258 2655 consummasset
3287 2600 3431 2655 Iesus
3467 2617 3739 2657 moues

2174 2691 2320 2745 istos.
2372 2688 2676 2745 Notandum
2718 2690 2860 2759 quod
2888 2692 3109 2746 verbum
3155 2696 3639 2750 consummationis
3685 2698 3739 2749 in

2173 2780 2534 2851 perfecturum
2560 2794 2724 2849 opere
2751 2794 2963 2849 semper
2995 2782 3232 2850 ponitur.
3264 2782 3459 2853 Higrat
3483 2784 3739 2838 Dominus

2175 2871 2238 2924 de
2263 2867 2486 2925 Galilaza
2514 2871 2569 2925 in
2580 2858 2845 2925 ludorum.
2863 2871 3115 2938 Quamvis
3144 2874 3237 2927 illa
3258 2876 3436 2929 omnis
3458 2877 3740 2932 Palaestina

2174 2960 2448 3030 provincia
2474 2960 2704 3031 generali
2715 2959 2987 3016 teriudam
2999 2963 3287 3033 diceretur,
3304 2967 3371 3019 ad
3385 2966 3741 3024 differentiam

2177 3049 2402 3103 aliarum
2430 3049 2707 3120 regionum
2755 3050 2845 3121 (eo
2869 3053 3012 3120 quod
3035 3051 3201 3108 Judaei
3231 3070 3354 3115 eam
3400 3058 3740 3130 incolerent),

515 3151 564 3194 et
602 3140 762 3208 ﬁlios,
791 3148 837 3193 et
863 3139 1037 3191 omnia
1063 3154 1179 3206 quis
1212 3137 1427 3190 habebat
1469 3148 1516 3190 et
1548 3136 1712 3190 reddi.
1746 3135 1973 3191 iubebat
1996 3135 2077 3191 lex
2109 3135 2153 3196 C
2185 3137 2486 3213 specialiter
2517 3146 2692 3206 tamen
2745 3139 2884 3195 inter
2913 3157 3005 3197 eos
3032 3142 3121 3196 illa
3150 3159 3276 3213 pars
3304 3145 3487 3202 Judaea
3510 3153 3742 3205 vocaba-

516 3238 579 3286 ut
604 3230 695 3300 qui
720 3230 788 3284 ad
816 3228 1070 3283 solvenda
1100 3227 1266 3282 multa
1294 3236 1445 3309 esset
1491 3230 1664 3298 inops,
1704 3238 1845 3283 esset
1892 3243 2080 3283 servus
2181 3236 2287 3294 tur,
2319 3229 2409 3283 ubi
2431 3228 2761 3285 Hierusalem
2802 3241 3108 3288 constructa
3131 3245 3267 3289 erat.
3310 3236 3468 3291 Venit
3490 3240 3654 3309 igitur
3678 3242 3742 3295 de

514 3340 700 3380 eorum
731 3323 925 3392 quibus
969 3331 1089 3377 erat
1130 3322 1536 3386 condemnatus,
1573 3337 1855 3392 usquequo
1884 3337 1941 3376 se
1987 3337 2076 3376 re-
2178 3321 2551 3391 Capharnaum
2588 3323 2641 3376 in
2693 3322 2949 3390 Judaaam,
2998 3336 3056 3380 et
3102 3327 3270 3382 turbae
3327 3344 3451 3398 qua:
3479 3346 3739 3399 pauperes

514 3414 718 3470 dimere
745 3423 944 3485 posset.
977 3411 1214 3467 Herodes
1251 3421 1429 3467 autem
1472 3411 1749 3467 addiderat
1780 3421 1837 3467 ut
1866 3428 2076 3466 vennn-
2159 3424 2333 3485 erant
2354 3416 2716 3484 sequebantur
2739 3432 2860 3470 eum
2891 3428 3110 3488 propter
3143 3420 3442 3476 doctrinam
3483 3434 3536 3476 et
3585 3439 3739 3477 cura-

519 3509 741 3565 daretur
789 3507 875 3562 cui
929 3505 1109 3571 vellet,
1146 3515 1201 3560 et
1248 3504 1339 3559 tali
1373 3504 1532 3559 modo
1584 3506 1844 3574 agebatur
1886 3505 1936 3558 in
1963 3505 2079 3573 ipsa
2179 3508 2400 3560 tionem.
2425 3505 2675 3562 Potentes
2696 3518 2875 3563 autem
2900 3507 2969 3562 de
2992 3506 3171 3565 Judaea
3195 3520 3253 3565 et
3272 3513 3362 3579 qui
3386 3513 3741 3581 sapientiores

519 3609 687 3655 terra.
716 3597 844 3653 Inde
885 3597 988 3652 hoc
1040 3596 1298 3651 Dominus
1336 3594 1483 3650 dicit.
1538 3593 1672 3661 Quia
1730 3596 1776 3649 si
1822 3595 2080 3650 Dominus

516 3688 670 3757 juxta
695 3702 858 3758 opera
892 3696 1075 3741 nostra
1105 3686 1463 3739 condemnare
1507 3700 1603 3739 nos
1632 3684 1877 3750 voluerit,
1903 3684 2082 3739 nullus

519 3788 699 3851 potest
747 3792 867 3833 esse
914 3776 1147 3831 mundus
1202 3774 1253 3828 in
1302 3783 1587 3844 conspectu
1626 3773 1762 3844 ejus.
1801 3774 1959 3829 lubet
1984 3790 2082 3830 nos

523 3870 783 3925 Dominus
838 3866 1149 3931 venundari,
1189 3873 1244 3919 et
1273 3878 1493 3919 uxorem
1540 3872 1595 3919 et
1619 3864 1776 3929 ﬁlios,
1803 3881 1923 3919 cum
1954 3880 2083 3933 pro-

514 3969 635 4031 pter
661 3958 1036 4028 cogitationes,
1060 3955 1377 4018 locutiones,
1409 3954 1767 4023 operationes,
1803 3954 1955 4025 jubet
1982 3970 2083 4010 nos

519 4050 655 4105 tradi
680 4048 897 4104 mternis
918 4046 1279 4111 cruciatibus;
1318 4062 1440 4101 cum
1484 4045 1819 4100 inﬁrmamnr
1847 4055 1899 4101 et
1927 4047 2082 4101 audi-

515 4158 636 4197 mus
660 4156 757 4211 per
781 4139 943 4194 verba
970 4154 1189 4194 suorum
1219 4155 1232 4190 :
1266 4137 1368 4205 Qui
1408 4138 1549 4193 bona
1580 4137 1823 4193 fecerunt
1847 4139 1999 4193 ibunt
2030 4139 2081 4192 in

516 4233 683 4286 vitam
734 4240 1011 4295 mternam,
1067 4237 1122 4284 et
1171 4228 1261 4299 qui
1290 4228 1427 4282 mala
1484 4229 1538 4282 in
1585 4229 1761 4299 ignem
1791 4236 2071 4283 aeternum.

516 4322 648 4395 Cum
677 4322 779 4376 ista
806 4320 1067 4381 audimus,
1088 4319 1358 4382 timemus,
1375 4326 1431 4372 et
1452 4333 1669 4373 oramus
1692 4318 1846 4374 nobis
1866 4318 2082 4384 dimitti,

518 4421 573 4466 et
593 4412 843 4466 Dominus
880 4410 1100 4465 dimittit
1124 4409 1278 4463 nobis
1302 4408 1346 4463 si
1376 4423 1404 4461 a
1433 4408 1572 4462 malo
1592 4423 1864 4463 cessamus
1890 4417 1945 4462 et
1977 4409 2080 4462 ite-

2178 3596 2385 3665 seipsos
2424 3582 2705 3666 putabant,
2741 3598 3103 3666 sequebantur
3142 3600 3212 3655 ob
3245 3603 3741 3670 reprehensionem,

2178 3689 2304 3758 quia
2341 3689 2393 3742 in
2420 3687 2564 3744 iacto
2605 3699 2660 3744 et
2704 3689 2759 3743 in
2796 3691 2953 3745 dictis
3003 3693 3313 3761 quaerebant
3349 3695 3610 3764 quomodo
3642 3705 3744 3749 aut

2179 3780 2471 3834 secundum
2512 3779 2683 3851 legem
2726 3795 2849 3834 eum
2896 3780 3264 3849 adjudicarent
3312 3784 3493 3847 morti,
3530 3795 3630 3838 aut
3650 3800 3740 3840 se-

2179 3871 2409 3927 cundum
2441 3878 2711 3925 terrenam
2736 3879 3055 3941 potestatem
3079 3881 3447 3942 praepararent
3491 3874 3742 3929 inimiws

2179 3961 2422 4034 populos,
2454 3961 2536 4016 vel
2569 3960 2859 4027 Romanos,
2887 3970 2947 4016 ut
2974 3978 3072 4033 per
3113 3962 3259 4033 ipsos
3297 3964 3657 4019 occideretur.
3685 3963 3745 4020 Si

2179 4052 2295 4107 licet
2336 4052 2532 4105 homini
2581 4052 2837 4107 dimittere
2890 4069 3102 4108 uxorem
3147 4070 3296 4108 suam
3338 4071 3654 4127 quacunque
3680 4074 3744 4110 es

2181 4160 2358 4197 clausa.
2384 4138 2819 4198 Audierunt'eum
2849 4143 3140 4212 prazdicare
3170 4144 3477 4199 castitatem
3502 4155 3559 4199 et
3583 4146 3744 4214 pndi-

2181 4234 2385 4300 citiam,
2437 4242 2490 4290 et
2540 4234 2789 4291 viderunt
2840 4250 2961 4290 eum
2997 4234 3254 4304 virginem
3291 4236 3499 4299 vivere,
3534 4247 3593 4290 et
3620 4237 3745 4290 inde

2182 4323 2433 4378 dixerunt
2480 4324 2621 4379 intra
2646 4340 2704 4378 se
2733 4343 2745 4377 :
2778 4324 2919 4380 Ecce
2971 4324 3131 4379 aliter
3179 4326 3311 4379 vivit
3336 4342 3502 4395 quam
3536 4344 3664 4390 nos,
3690 4328 3743 4381 in

2183 4414 2287 4470 hoc
2311 4430 2594 4485 possumus
2642 4432 2764 4471 eum
2820 4417 3291 4487 comprehendere.
3346 4418 3747 4488 interrogemus

523 4516 641 4555 rum
675 4499 1117 4555 convalescimus.
1167 4498 1425 4566 Sequitur
1448 4514 1463 4552 :
1497 4497 1748 4569 Egressus
1772 4509 1943 4552 autem
1966 4515 2076 4552 διν·
2103 4491 2156 4550 D
2180 4506 2337 4561 istam
2360 4506 2711 4576 quastione":
2740 4507 2785 4561 si
2813 4507 3007 4563 dixerit
3028 4507 3402 4562 dimittendam
3434 4509 3744 4571 munem,

522 4609 613 4647 ous
636 4591 742 4656 ille,
771 4592 959 4645 invenit
992 4606 1153 4644 unum
1194 4590 1257 4642 de
1287 4590 1543 4643 conservis
1592 4590 1721 4645 suis.
1750 4589 1805 4644 ld
1839 4598 1941 4655 est,
1974 4590 2075 4645 ali-

522 4697 679 4751 quem
725 4681 973 4748 similiter
1023 4679 1405 4735 Cbristianum.
1436 4678 1726 4735 Debitorem
1752 4683 1851 4736 sibi
1873 4692 2076 4736 centum

520 4773 770 4828 denariis.
820 4771 877 4825 Id
918 4780 1004 4826 est
1060 4779 1271 4825 centum
1321 4770 1606 4839 generibus
1643 4771 1994 4827 offensionum
2022 4780 2077 4827 et

523 4864 917 4920 scaudalorum.
948 4861 1081 4917 Nam
1122 4877 1339 4917 censum
1371 4861 1511 4931 quod
1540 4862 1732 4932 aliquis
1754 4863 1911 4917 alicui
1934 4862 2076 4932 juste

523 4956 700 5019 debet,
742 4970 848 5008 non
876 4962 958 5009 est
984 4960 1261 5024 peceatum
1280 4961 1543 5023 repetere.
1572 4951 1679 5007 Sed
1698 4953 1742 5007 si
1770 4954 1915 5008 videt
1934 4954 2079 5023 quod

523 5062 629 5103 non
658 5046 825 5117 possit
845 5044 1054 5100 solvere
1083 5055 1302 5113 propter
1332 5051 1728 5114 paupertatem,
1766 5044 1923 5099 debet
1950 5060 2080 5116 erga

525 5138 671 5193 illum
695 5152 852 5208 agere
880 5145 939 5189 ut
964 5135 1078 5205 ipse
1097 5134 1253 5189 vellet
1277 5133 1361 5205 agi
1391 5134 1532 5189 circa
1553 5148 1630 5198 se,
1658 5144 1749 5188 aut
1768 5143 2081 5204 exspectare

524 5242 803 5298 usquequo
843 5225 1033 5281 melius
1070 5225 1243 5296 possit
1281 5224 1509 5279 solvere.
1545 5224 1613 5277 Et
1651 5235 1825 5279 tenens
1852 5227 2083 5295 πιθοία-

527 5319 611 5373 bat
628 5334 747 5372 eum
773 5317 989 5382 dicens;
1028 5315 1203 5370 Redde
1242 5314 1379 5386 quod
1407 5314 1576 5370 debes.
1607 5315 1739 5384 Quia
1765 5332 1887 5371 cum
1915 5318 2080 5388 aliqui
2120 5345 2127 5352 -

526 5410 778 5465 fortiores
800 5418 925 5464 sunt
943 5409 1231 5477 aliquibus,
1263 5407 1306 5461 si
1335 5406 1534 5476 aliquid
1560 5407 1878 5462 offenderint
1909 5410 2081 5463 mino-

529 5517 634 5567 res,
663 5502 865 5571 absque
885 5500 1246 5556 misericordia
1274 5508 1588 5571 grassantur
1617 5515 1779 5570 super
1797 5515 1910 5565 eos,
1955 5502 2081 5571 quia

526 5593 707 5648 vident
739 5608 800 5649 se
845 5592 1042 5663 aliquid
1069 5589 1241 5659 majus
1266 5604 1447 5661 posse.
1478 5590 1543 5644 Et
1589 5606 1694 5645 non
1721 5590 1890 5644 solum
1919 5592 2079 5647 δυσο-

527 5694 655 5742 caut
699 5701 815 5753 eos,
851 5686 946 5743 sed
993 5685 1156 5741 etiam
1204 5682 1454 5744 occidunt
1503 5690 1597 5738 aut
1632 5683 1926 5738 anuibilant
1964 5699 2076 5750 eos,

2178 4597 2450 4652 contraria
2478 4597 2591 4652 suis
2620 4597 2777 4652 dictis
2809 4606 2862 4650 et
2884 4596 3042 4653 factis
3069 4596 3322 4667 loquitur,
3350 4598 3521 4654 etiam
3546 4609 3603 4653 et
3623 4616 3745 4653 mu-

2178 4688 2339 4744 lieres
2365 4689 2547 4744 odient
2594 4704 2747 4754 eum;
2787 4690 2832 4742 si
2882 4698 3060 4745 autem
3088 4689 3286 4744 dixerit
3334 4706 3441 4745 non
3468 4691 3747 4745 dimitten-

2180 4780 2323 4845 dam,
2379 4794 2479 4835 nos
2527 4779 3028 4849 comprehendimus
3088 4794 3232 4846 eum,
3293 4780 3419 4850 quia
3468 4783 3744 4837 contraria

2179 4869 2347 4941 Moysi
2381 4870 2588 4925 loeutus
2609 4878 2711 4925 est.
2740 4869 2845 4926 Sed
2871 4871 3125 4925 Dominus
3145 4871 3286 4926 sicut
3318 4870 3442 4927 fons
3463 4874 3745 4943 sapientia

2179 4979 2393 5034 semper
2420 4964 2713 5019 transiebat
2738 4978 2925 5018 eorum
2980 4963 3202 5033 laqueos
3251 4965 3746 5035 irreprehcnsibili-

2179 5064 2280 5109 ter.
2321 5052 2651 5124 Respondens
2671 5056 2744 5107 ait
2773 5054 2846 5109 eis
2874 5068 2894 5106 :
2940 5051 3063 5108 Non
3110 5054 3301 5125 legistis
3336 5056 3478 5126 quod
3501 5057 3599 5126 qui
3621 5058 3746 5125 fecit

2179 5143 2435 5197 hominem
2477 5142 2539 5196 ab
2589 5143 2737 5196 initio
2782 5142 3072 5197 masculum
3098 5154 3145 5196 et
3173 5144 3420 5213 feminam
3449 5143 3577 5213 fecit
3616 5144 3751 5199 eos!

2182 5235 2258 5289 De
2281 5234 2394 5311 ipso
2419 5232 2677 5288 Dominus
2718 5233 2786 5287 de
2829 5249 2936 5303 quo
2966 5234 3226 5304 putabant
3252 5234 3537 5290 intendere
3576 5237 3628 5290 ei
3656 5253 3750 5292 ca.

2183 5324 2439 5379 lumniam
2461 5311 2692 5379 ostendit
2719 5332 2772 5378 et
2801 5322 3032 5378 aﬂirmat
3054 5339 3207 5378 suam
3232 5324 3562 5388 doctrinam,
3590 5325 3750 5395 quasi

2183 5416 2386 5470 diceret
2414 5428 2427 5469 :
2451 5415 2568 5486 Ipse
2593 5415 2736 5469 Deus
2765 5416 2857 5483 qui
2877 5429 2975 5483 per
3008 5414 3222 5486 Moysen
3253 5413 3425 5485 legem
3446 5416 3610 5469 nobis
3654 5416 3752 5469 de-

2181 5507 2279 5573 dit,
2308 5508 2441 5578 ipse,
2472 5516 2725 5562 narrante
2753 5508 2939 5563 eodem
2978 5504 3177 5577 Moyse,
3204 5522 3311 5561 non
3335 5505 3467 5560 fecit
3489 5522 3615 5561 cum
3636 5522 3749 5560 uno

2180 5596 2417 5651 masculo
2429 5596 2532 5651 nisi
2553 5610 2714 5650 unam
2737 5594 3005 5658 feminam,
3035 5609 3142 5648 non
3164 5596 3320 5660 duas,
3342 5604 3400 5648 ut
3428 5610 3555 5649 cum
3582 5610 3746 5660 unam

2184 5684 2432 5755 ejecis’set
2467 5685 2628 5741 aliam
2656 5686 2959 5743 sortiretur.
2989 5683 3056 5741 Et
3074 5686 3242 5742 etiam
3284 5688 3425 5742 Deus
3446 5702 3547 5757 per
3572 5687 3752 5740 Adam
3810 5722 3819 5731 ι
