3952 6186
294 289 434 349 Ml?)

1436 262 1789 355 Exposmo
1824 275 1889 328 IN
1926 274 2350 329 MATTHAZUM.

3329 102 3343 130 I

3344 271 3478 324 ΜΗ

290 396 626 470 prophetavit
682 395 820 464 quod
858 382 1098 462 relinquet
1133 393 1283 444 homo
1334 400 1532 458 patrem
1557 398 1603 440 et
1622 397 1836 440 matrem
1868 391 1906 445 ρ.
1939 385 2186 440 nobiliter
2213 396 2385 448 natas,
2415 394 2469 440 et
2494 386 2709 448 dilatas,
2756 384 2821 438 ad
2851 391 3050 437 lautam
3094 383 3322 452 inopiam
3352 402 3476 454 per-

288 506 461 547 suam.
483 497 528 540 et
556 486 832 540 adlta'rebit
863 484 1010 536 uxori
1042 500 1169 535 suae.
1202 481 1265 534 Et
1308 481 1392 535 hic
1416 496 1521 532 non
1545 479 1678 532 dixit
1699 493 1830 530 uxo-

291 579 453 640 ribus,
481 575 627 644 quasi
656 575 720 627 de
749 572 1005 643 pluribus,
1036 571 1125 625 sed
1167 570 1232 624 de
1257 585 1380 623 una.
1437 568 1501 621 Et
1533 578 1679 621 erunt
1705 568 1828 619 duo.

289 667 402 721 Non
426 666 555 720 dicit
583 674 707 718 tres.
737 662 801 715 In
830 679 984 715 carne
1012 678 1134 713 una.
1174 660 1286 713 Non
1310 667 1391 713 est
1415 659 1553 712 Deus
1573 666 1631 710 ut
1652 657 1829 718 homo,

288 767 347 810 ut
370 753 727 809 necessarium
772 752 841 806 sit
887 751 937 804 ei
987 751 1268 804 immutare
1311 747 1628 803 sententiam
1659 761 1831 808 suam,

291 847 412 916 quia
460 842 623 897 semel
672 842 905 909 loquitur
949 839 1107 903 Deus,
1134 850 1187 892 et
1211 839 1443 893 secundo
1459 837 1698 906 ,idipsum
1727 850 1832 888 non

293 933 501 1003 repetit.
542 931 745 985 idcirco
795 945 898 983 non
928 938 1103 999 potest
1128 928 1281 981 aliter
1333 937 1457 981 tunc
1496 925 1834 981 constituisse

292 1032 345 1077 et
390 1038 485 1092 per
518 1020 730 1091 Moysen
779 1019 933 1074 aliter
969 1018 1299 1088 praecepisse.
1343 1017 1494 1082 Quod
1545 1016 1679 1069 Deus
1708 1033 1832 1082 con—

284 1092 486 1182 junxit,
516 1112 667 1165 homo
715 1125 817 1163 non
870 1118 1085 1181 separet.
1146 1108 1201 1161 Si
1230 1123 1333 1161 una
1386 1123 1513 1162 caro
1544 1117 1626 1161 est
1649 1105 1836 1162 effecta

292 1219 386 1270 per
406 1201 641 1255 amorem
685 1198 767 1252 vel
793 1198 951 1251 etiam
986 1198 1038 1250 in
1064 1196 1204 1260 ﬁliis,
1237 1196 1501 1266 quomodo
1550 1203 1723 1265 potest
1747 1210 1835 1249 se-

291 1294 469 1364 parari
492 1293 514 1346 ?
541 1292 689 1358 Quod
714 1292 856 1344 Deus
893 1290 1166 1359 conjunxit
1193 1303 1288 1357 per
1313 1302 1569 1348 amorem,
1598 1271 1689 1355 qui
1719 1301 1838 1356 per-

295 1386 437 1440 misit
459 1383 733 1445 dominare
759 1382 810 1435 in
849 1381 1095 1436 cordibus
1118 1380 1391 1434 hominum
1443 1394 1709 1441 amorem,
1739 1379 1835 1432 ho-

294 1490 380 1529 mo
414 1490 521 1528 non
548 1473 701 1528 debet
724 1488 990 1541 separare.
1024 1472 1214 1525 Dicunt
1238 1471 1356 1525 illi:
1389 1471 1527 1535 Quid
1546 1487 1667 1541 ergo
1696 1470 1840 1540 Moy-

292 1583 370 1618 ses
422 1564 685 1618 mandavit
734 1563 850 1615 dari
910 1559 1139 1615 libellum
1195 1550 1396 1632 repudii
1443 1571 1489 1614 et
1536 1560 1840 1614 dimittere?

293 1654 431 1708 Ecce
452 1653 673 1723 laqueus
701 1666 858 1721 quem
896 1651 1239 1705 occultabant
1267 1650 1500 1705 dicentes
1531 1669 1544 1702 :
1577 1648 1714 1716 Quid
1737 1650 1839 1705 erit

1936 476 2143 529 venisse
2172 484 2387 544 propter
2438 474 2877 529 incontinentiam
2916 488 3145 538 morum,
3186 482 3247 526 ut
3271 473 3479 527 utendi-

1935 566 2102 619 cando
2132 566 2296 618 vitam
2324 565 2554 618 ﬁnirent.
2588 564 2774 617 Multas
2799 578 2926 617 vero
2953 563 3252 618 audivimus
3276 564 3344 616 ob
3368 563 3476 616 for-

1934 656 2214 711 nicationis
2262 656 2457 709 malum
2516 656 2739 710 occisas.
2799 655 2861 708 Et
2914 670 2943 708 e
2989 656 3258 709 contrario
3316 656 3472 719 alias,

1936 746 2216 815 ignobilius
2242 753 2412 809 natas,
2441 745 2505 798 de
2531 753 2839 813 paupertate
2866 745 2930 798 ad
2950 745 3159 798 divitias
3174 745 3480 814 pervenisse

1935 843 2152 905 propter
2182 849 2333 887 suam
2383 833 2700 902 sapientiam
2743 841 2796 885 et
2821 848 3027 886 morum
3077 834 3476 887 continentiam.

1938 922 2041 988 Qui
2087 923 2216 976 dixit
2276 923 2381 975 illis
2413 936 2431 972 :
2461 920 2579 974 Non
2617 938 2791 974 omnes
2824 922 3031 989 capiunt
3070 922 3276 974 verbum
3320 921 3478 973 iswd.

1936 1012 2068 1078 Quia
2101 1012 2343 1080 discipuli
2372 1012 2635 1074 dixerunt,
2680 1027 2781 1067 nou
2807 1009 3007 1076 expedit
3056 1009 3262 1074 nubere,
3294 1010 3359 1062 ad
3381 1009 3482 1062 hoc

1936 1092 2210 1171 respondit
2231 1102 2486 1155 Dominus
2511 1101 2650 1170 quod
2699 1116 2800 1154 non
2829 1115 3000 1152 omnes
3032 1099 3240 1169 capiunt
3270 1099 3481 1151 verbum

1937 1194 2097 1259 istud,
2146 1202 2207 1246 ut
2236 1192 2490 1262 impleant
2537 1190 2849 1246 abstinendo
2879 1204 2936 1244 se
2960 1204 2989 1242 a
3020 1187 3347 1242 mulieribus.
3381 1185 3483 1241 Sed

1935 1284 2119 1354 quibus
2143 1283 2325 1337 datum
2350 1293 2442 1336 est.
2469 1281 2580 1335 Hoc
2605 1290 2687 1336 est
2708 1296 2739 1334 a
2769 1281 2897 1343 Deo,
2942 1280 3211 1333 abstinere
3233 1293 3351 1332 cum
3377 1278 3485 1330 vir-

1936 1374 2174 1445 ginitate.
2200 1372 2331 1427 Sunt
2361 1374 2494 1426 enim
2533 1372 2752 1425 eunuchi
2777 1371 2865 1441 qui
2906 1371 2969 1423 de
3000 1371 3180 1424 matris
3224 1379 3366 1422 utero
3409 1369 3483 1421 sic

1937 1467 2047 1519 nati
2075 1474 2213 1518 sunt.
2245 1463 2394 1518 Sicut
2422 1463 2488 1517 de
2515 1462 2761 1516 omnibus
2787 1461 3037 1515 membris
3078 1469 3365 1514 nascuntur
3385 1460 3483 1512 ho-

1938 1556 2108 1610 mines
2136 1554 2359 1619 debiles,
2387 1554 2464 1607 sic
2514 1554 2676 1605 etiam
2706 1553 2771 1605 de
2798 1552 2928 1620 ipsis
2982 1550 3239 1604 membris
3284 1550 3486 1605 debiles

1938 1648 2045 1703 nati
2075 1657 2218 1711 sunt,
2247 1647 2371 1716 quia
2416 1660 2553 1700 vena
2597 1645 2662 1698 de
2689 1658 2791 1713 qua
2836 1657 3016 1697 semen
3047 1641 3364 1696 descendere
3390 1642 3485 1693 de-

293 1744 392 1799 hOc
420 1744 562 1814 quod
600 1743 802 1814 Moyses
838 1743 1088 1813 praecepit
1111 1740 1421 1796 mulieribus
1447 1742 1575 1797 dare
1597 1742 1840 1796 chartam
1866 1754 1913 1812 Β
1939 1740 2073 1803 buit,
2104 1746 2290 1808 aperta
2316 1753 2422 1792 non
2452 1736 2574 1801 fuit,
2605 1744 2664 1789 ut
2710 1735 2792 1788 his
2830 1733 3002 1787 solent
3024 1732 3217 1787 clausae
3240 1745 3357 1787 esse
3390 1747 3484 1784 ve-

295 1833 679 1901 separationis?
706 1832 979 1888 Foderunt
1006 1833 1235 1899 foveam,
1267 1832 1358 1889 sed
1398 1833 1495 1903 ipsi
1518 1834 1754 1889 incident
1783 1834 1838 1888 in

294 1939 431 1986 eam,
447 1924 585 1978 sicut
609 1938 835 1992 semper.
857 1941 875 1974 ι
897 1923 1032 1978 Ecce
1057 1939 1228 1992 neque
1257 1923 1396 1995 Deus
1418 1925 1643 1978 mendax
1670 1938 1840 1993 neque

295 2012 502 2083 Moyses
532 2013 725 2078 malus,
750 2013 844 2068 sed
877 2028 971 2068 vos
1006 2013 1313 2091 duricordes
1337 2022 1391 2068 et
1415 2014 1643 2080 desides,
1666 2023 1721 2068 et
1744 2030 1840 2084 pro

294 2113 469 2157 vestra
501 2103 693 2157 duritia
719 2119 822 2157 non
839 2101 1018 2170 jussit,
1043 2105 1133 2159 sed
1150 2106 1411 2159 concessit
1440 2107 1591 2161 vobis
1612 2106 1837 2177 Moyses.

294 2193 395 2258 Qui
436 2193 479 2247 si
531 2208 635 2247 non
688 2195 1062 2259 concessisset,
1118 2209 1210 2249 vos
1261 2195 1582 2251 occideretis
1631 2197 1841 2266 priores

296 2298 508 2348 uxores,
541 2292 600 2338 ut
636 2286 867 2354 possetis
891 2284 1134 2355 juniores
1159 2299 1222 2338 ac
1243 2283 1591 2353 pulchriores,
1624 2295 1718 2340 aut
1755 2286 1839 2340 di—

297 2373 459 2427 tiores
495 2373 756 2443 accipere.
785 2373 861 2427 Ab
889 2373 1038 2426 initio
1071 2382 1243 2426 autem
1285 2388 1385 2426 non
1415 2371 1519 2441 fuit
1566 2373 1660 2428 sic.
1689 2366 1844 2443 Legi-

296 2478 414 2515 mus
441 2463 582 2532 quod
631 2461 741 2515 Noe
787 2471 840 2516 et
870 2461 962 2515 ﬁlii
987 2461 1102 2531 ejus
1154 2460 1387 2531 singulas
1421 2477 1613 2519 uxores
1637 2462 1689 2516 in
1718 2478 1842 2517 arca

262 2546 269 2553 ’
296 2552 615 2619 habuerunt,
643 2568 746 2608 non
772 2552 1017 2623 amplius.
1048 2553 1113 2606 Et
1133 2552 1255 2622 quia
1284 2568 1404 2607 cum
1428 2552 1699 2609 Abraham
1731 2564 1843 2611 ste-

297 2644 445 2699 rilem
476 2660 698 2700 uxorem
750 2644 939 2700 Saram
983 2646 1249 2711 habuerit,
1302 2661 1407 2700 non
1446 2645 1646 2700 dimisit
1676 2646 1843 2713 illam,

292 2745 350 2790 et
378 2736 553 2790 nullus
584 2736 650 2790 de
670 2737 988 2805 patriarchis
1040 2751 1189 2790 suam
1222 2750 1441 2789 uxorem
1490 2736 1708 2801 dimisit,
1741 2738 1845 2792 nisi

293 2827 349 2879 in
379 2837 568 2880 morte.
601 2826 725 2879 Dico
755 2836 926 2879 autem
965 2825 1104 2879 vobis
1144 2826 1281 2895 quod
1323 2827 1613 2896 quicunque
1633 2826 1846 2880 dimise-

295 2916 365 2967 rit
387 2930 599 2968 uxorem
626 2930 796 2979 suam,
824 2915 925 2966 nisi
959 2914 1020 2966 ob
1042 2912 1459 2982 fornicationem,
1486 2926 1533 2968 et
1572 2916 1729 2969 aliam
1754 2917 1849 2970 du-

294 3004 451 3069 :cerit,
492 3005 792 3058 moechatur.
847 3004 923 3058 Ex
956 3004 1059 3059 hoc
1107 3004 1223 3060 loco
1249 3005 1447 3060 Paulus
1471 3008 1678 3075 accepit
1707 3009 1848 3077 quod

1938 1847 2041 1895 n32,
2072 1846 2171 1900 per
2195 1846 2329 1900 quas
2374 1830 2589 1885 auditus
2619 1829 2673 1881 in
2719 1826 3060 1882 interioribus
3107 1832 3367 1893 penetrat,
3393 1822 3486 1891 qui

1938 1921 2086 1975 surdi
2116 1927 2425 1975 nascuntur.
2481 1918 2550 1971 Et
2583 1926 2703 1972 sunt
2745 1915 2967 1971 eunuchi
2996 1915 3084 1985 qui
3111 1914 3174 1966 ab
3196 1913 3485 1966 hominibus

1939 2011 2065 2080 facti
2090 2022 2227 2065 sunt.
2261 2011 2336 2065 Ex
2386 2011 2604 2081 antiquo
2628 2026 2726 2065 usu
2756 2007 3028 2078 gentilium
3082 2006 3253 2061 adhuc
3279 2021 3487 2075 pernm-

1938 2111 2030 2155 net
2064 2102 2117 2156 in
2148 2102 2328 2156 multis
2351 2101 2594 2172 gentibus
2613 2109 2841 2154 atterere
2881 2098 3158 2153 testiculos
3204 2096 3486 2151 infantium

1939 2193 1992 2246 in
2019 2201 2200 2247 tenera
2227 2200 2405 2256 :etate,
2452 2192 2565 2247 sive
2618 2205 2911 2254 macerare,
2957 2190 3040 2244 vel
3079 2190 3241 2243 etiam
3280 2190 3488 2259 penitus

1938 2281 2147 2336 auferre
2172 2296 2268 2350 pro
2293 2281 2474 2335 multis
2503 2281 2699 2351 causis,
2723 2281 2834 2334 sive
2864 2288 2923 2334 ut
2941 2280 3140 2335 assidui
3165 2281 3272 2333 sint
3296 2281 3349 2332 in
3371 2294 3485 2333 ser-

1938 2375 2069 2441 vitio
2104 2375 2463 2439 dominorum,
2493 2389 2587 2428 seu
2622 2381 2682 2427 ut
2710 2374 2965 2428 creditam
3011 2373 3111 2429 sibi
3141 2372 3489 2426 substantiam

1943 2480 2047 2519 non
2077 2465 2383 2534 dispergant
2431 2464 2484 2517 in
2507 2463 2839 2517 mulieribus.
2870 2461 3000 2515 Nam
3028 2470 3149 2516 ante
3178 2460 3491 2514 Christiani-

1941 2563 2106 2610 tatem
2162 2556 2229 2609 ad
2278 2564 2431 2625 turpe
2486 2552 3236 2621 ministeriumaquibusdam
3274 2550 3488 2605 ﬁebant.

1946 2647 2098 2701 Nunc
2126 2661 2253 2700 vero
2277 2646 2328 2701 in
2350 2645 2656 2700 Benevento
2699 2658 3044 2713 quoscunque
3072 2642 3296 2698 clericos
3321 2641 3496 2696 facere

1943 2737 2249 2806 disponunt,
2283 2744 2438 2805 pater
2457 2745 2513 2792 et
2542 2745 2712 2790 mater
2739 2737 2791 2790 in
2830 2735 3052 2789 infantia
3083 2743 3316 2788 atterunt
3343 2735 3505 2788 testi--

1945 2829 2115 2893 culos,
2165 2838 2218 2882 et
2247 2828 2492 2881 videntur
2545 2842 2756 2896 semper
2779 2829 3003 2898 juvenes
3030 2842 3169 2890 esse,
3223 2841 3496 2895 usquequo

1946 2931 2233 2972 canescere
2286 2917 2567 2986 incipiunt.
2618 2915 2752 2969 Nam
2782 2916 2834 2970 in
2870 2917 3104 2984 perfecta
3136 2923 3294 2970 tetate
3327 2916 3369 2969 si
3414 2914 3496 2967 fa-

1947 3015 2091 3061 ctum
2150 3004 2328 3069 fuerit,
2394 3004 2737 3060 debilitantur
2789 3005 2993 3068 statim,
3045 3012 3102 3058 et
3152 3004 3294 3057 vires
3336 3004 3497 3057 amit-

297 3094 451 3157 dixit,
483 3095 619 3165 quod
649 3094 834 3148 mulier
861 3096 942 3149 sui
965 3095 1191 3165 corporis
1214 3105 1514 3164 potestatem
1545 3113 1647 3150 non
1673 3097 1844 3162 habet,
1872 3107 1916 3168 ε
1950 3104 2086 3149 tunt.

295 3185 386 3238 sed
414 3185 510 3239 vir.
543 3184 796 3240 Similiter
818 3194 865 3238 et
916 3186 994 3238 vir
1031 3185 1112 3238 sui
1160 3187 1386 3255 corporis
1414 3196 1712 3256 potestatem
1743 3204 1844 3240 non

299 3274 469 3338 habet,
497 3273 586 3327 sed
607 3272 811 3328 mulier.
836 3272 948 3327 Hoc
972 3281 1075 3337 est,
1116 3287 1222 3325 non
1252 3282 1473 3341 possunt
1494 3287 1550 3327 se
1576 3288 1843 3342 separare,

300 3364 400 3418 nisi
431 3365 588 3419 ambo
613 3365 878 3418 communi
909 3364 1128 3418 consilio
1154 3363 1431 3418 voluerint.
1465 3362 1531 3416 Et
1558 3366 1645 3433 qui
1669 3364 1848 3418 dimis-

306 3468 417 3505 sam
467 3452 696 3519 duxerit,
727 3455 1030 3506 merebatur.
1061 3453 1117 3506 lu
1174 3454 1343 3506 tribus
1370 3462 1451 3507 est
1488 3454 1844 3511 adulterium:

303 3542 357 3595 in
385 3542 475 3596 illo
499 3542 591 3611 qui
620 3542 856 3605 dimittit,
886 3542 975 3611 qui
1017 3557 1177 3596 causa
1209 3551 1293 3596 est
1325 3542 1690 3597 fornicationis
1718 3560 1849 3598 uxo—

304 3632 417 3697 ris;
445 3632 499 3685 in
522 3647 691 3687 uxore
716 3632 806 3701 qui
835 3647 892 3686 se
933 3648 1037 3686 non
1067 3632 1322 3697 continet,
1375 3641 1430 3687 et
1455 3633 1500 3687 si
1547 3649 1650 3686 non
1675 3643 1849 3703 potest

300 3721 601 3786 continere,
629 3722 695 3776 ad
720 3721 952 3791 priorem
990 3721 1146 3776 debet
1184 3723 1416 3786 reverti;
1449 3731 1503 3775 et
1553 3723 1605 3776 in
1642 3724 1731 3800 illo
1758 3726 1849 3794 qui

307 3813 516 3866 vivente
540 3811 645 3866 alio
671 3813 785 3883 ejus
812 3827 1033 3866 uxorem
1059 3812 1295 3866 sortitur.
1324 3812 1613 3882 Propterea
1642 3817 1730 3884 qui
1754 3832 1853 3870 ste-

307 3903 485 3959 culum
536 3904 768 3972 gestiunt
824 3904 1145 3973 relinquere,
1192 3906 1387 3959 debent
1433 3917 1742 3975 exspectare
1795 3918 1854 3961 ut

306 4000 361 4047 et
404 3991 659 4061 conjuges
706 4008 890 4047 earum
949 4004 1232 4062 scqueant
1277 3996 1573 4060 continere,
1597 3998 1720 4065 quia
1743 4014 1851 4052 non

309 4084 466 4139 debet
494 4099 630 4138 unus
659 4083 713 4137 in
745 4084 1121 4139 monasterium
1151 4085 1314 4149 abire,
1358 4096 1412 4141 et
1451 4087 1583 4142 alius
1612 4088 1743 4142 l'oris
1762 4104 1854 4157 pa-

308 4190 425 4230 rem
470 4175 674 4230 sortiri.
1732 4160 1735 4165 “

378 4264 569 4319 Dicunt
603 4266 650 4319 ei
670 4265 911 4349 discipuli
933 4267 1043 4335 ejus
1069 4279 1087 4317 :
1124 4266 1181 4321 Si
1211 4268 1283 4320 ita
1330 4278 1404 4321 est
1432 4285 1590 4323 causa
1633 4271 1855 4324 hominis

311 4371 429 4409 cum
458 4371 639 4419 uxore,
668 4371 770 4410 non
804 4358 1003 4426 expedit
1046 4358 1251 4412 nubere.
1283 4359 1537 4429 Discipuli
1567 4372 1857 4430 praesentes

2017 3186 2083 3240 Et
2112 3195 2232 3240 sunt
2280 3186 2520 3250 eunuchi,
2556 3187 2644 3256 qui
2683 3186 2874 3256 seipsos
2902 3195 3253 3240 castraverunt
3296 3195 3502 3256 propter

1947 3292 2156 3346 regnum
2198 3274 2458 3330 caelorum.
2496 3274 2586 3328 ‘llli
2626 3274 2713 3328 alii
2743 3274 3221 3344 duo.corpora|iter
3252 3284 3393 3336 sunt,
3417 3274 3501 3329 isti

1946 3382 2073 3422 vero
2114 3366 2205 3436 qui
2256 3374 2476 3437 propter
2527 3382 2748 3436 regnum
2798 3367 3052 3423 ccelorum
3104 3367 3217 3422 ﬁeri
3268 3367 3462 3421 debent
3486 3406 3510 3430 ,,

1945 3468 2122 3513 mente
2144 3472 2249 3511 non
2275 3472 2495 3526 corpore
2532 3456 2684 3521 ﬁunt,
2724 3457 2847 3525 quia
2876 3456 3003 3515 nulli
3033 3456 3160 3510 licet
3185 3456 3499 3511 abscindere

1948 3548 2048 3603 sibi
2080 3548 2319 3602 membra
2362 3561 2476 3609 sua,
2507 3558 2605 3613 pro
2632 3547 2737 3599 ulla
2761 3528 3167 3601 incon‘tinentia.
3205 3546 3270 3599 Et
3302 3548 3346 3601 si
3370 3546 3504 3601 fece-

1948 3636 2032 3697 rit,
2061 3636 2255 3705 gradus
2275 3633 2663 3689 ecclesiasticos
2688 3634 2892 3705 habere
2938 3649 3043 3688 non
3093 3635 3326 3702 poterit,
3379 3636 3504 3690 et-si

1949 3724 2127 3789 habet,
2157 3723 2365 3777 amittet
2400 3722 2565 3792 ipsos.
2608 3721 2666 3777 Si
2709 3731 2885 3777 autem
2925 3724 2992 3777 ab
3040 3723 3159 3778 aliis
3213 3722 3405 3791 injuste
3430 3724 3507 3777 la-

1950 3826 2094 3871 ctum
2130 3814 2308 3879 fuerit,
2340 3829 2444 3869 non
2484 3814 2682 3870 amittit
2729 3829 2854 3869 suos
2906 3816 3154 3870 honores.
3204 3815 3305 3881 Qui
3344 3826 3506 3886 potest
3591 3849 3597 3855 ι

1951 3923 2152 3977 capere,
2182 3906 2372 3975 capiat.
2405 3896 2616 3976 C'apere,
2648 3906 2885 3975 implere.
2929 3905 3028 3973 Qui
3077 3915 3249 3976 potest
3294 3908 3511 3978 implere

1951 4008 2010 4054 ut
2032 4001 2182 4069 virgo
2211 4006 2541 4068 permaneat,
2565 3996 2741 4052 faciat.
2766 3997 2843 4051 Ac
2876 3998 2921 4052 si
2944 4006 3124 4067 aperte
3159 3998 3302 4053 dicat
3324 4016 3336 4028 '
3366 3999 3534 4052 Nulli

1955 4090 2149 4143 invitus
2174 4087 2443 4159 praecipio,
2475 4088 2567 4142 sed
2592 4088 2680 4156 qui
2704 4088 2927 4143 voluerit
2956 4103 3041 4142 me
3067 4089 3263 4143 imitari
3287 4129 3301 4153 ,
3343 4089 3510 4143 habe-

1955 4179 2031 4234 bit
2056 4180 2371 4249 condignam
2402 4178 2818 4235 retributionem.
2856 4178 2954 4245 Qui
2990 4194 3121 4233 vero
3142 4194 3246 4233 non
3282 4180 3515 4249 potuerit

1956 4285 2059 4324 non
2084 4270 2291 4324 amittet
2315 4284 2413 4338 pro
2440 4270 2539 4323 hoc
2561 4269 2724 4325 vitam
2747 4278 3022 4341 aeternam.
3075 4270 3208 4335 Quia
3236 4277 3344 4325 tres
3386 4280 3514 4325 sunt

1958 4361 2151 4432 gradus
2166 4361 2230 4415 de
2250 4360 2442 4428 quibus
2463 4358 2680 4413 fundata
2699 4369 2780 4414 est
2802 4360 3063 4425 Ecclesia,
3090 4360 3515 4432 conjugatorum,

310 4459 434 4498 cum
483 4445 706 4501 Domino
751 4447 1124 4503 intellexerunt
1168 4450 1309 4519 quod
1336 4461 1615 4519 postquam
1644 4461 1860 4522 accepta
1886 4448 1937 4507 D
1962 4452 2364 4514 continentium,
2396 4458 2450 4506 et
2476 4450 2762 4521 virginum.
2810 4450 2876 4504 Et
2900 4459 2960 4505 ut
2982 4451 3517 4522 utrosqueDominus

314 4535 493 4603 fuerit,
525 4537 636 4592 sive
666 4538 736 4592 sit
778 4539 984 4610 gulosa,
1012 4541 1123 4595 sive
1145 4540 1215 4595 sit
1256 4542 1458 4606 rixosa,
1489 4543 1600 4597 sive
1628 4542 1857 4607 inﬁrma,

316 4629 543 4684 tenenda
565 4638 647 4685 est
669 4646 838 4701 usque
867 4632 933 4685 ad
961 4632 1098 4687 diem
1127 4633 1334 4697 mortis,
1370 4633 1473 4687 nisi
1504 4650 1571 4688 ex
1599 4646 1863 4689 consensu

319 4718 596 4773 amborum
656 4720 959 4789 relinquant
1019 4722 1286 4776 saeculum.
1337 4721 1670 4792 Quapropter
1711 4732 1863 4777 ante-

316 4826 477 4880 quam
509 4811 737 4881 accipiat
759 4828 979 4867 uxorem
1001 4814 1160 4868 homo
1203 4814 1361 4870 debet
1393 4831 1513 4870 eam
1542 4831 1864 4888 cognoscere

316 4902 374 4956 in
401 4905 635 4959 moribus
658 4913 710 4960 et
742 4906 793 4959 in
820 4906 1068 4971 sanitate,
1099 4914 1152 4961 et
1176 4922 1282 4960 non
1311 4906 1466 4961 debet
1489 4908 1663 4968 subito
1692 4908 1866 4963 facere

321 4994 461 5061 quod
487 4994 576 5048 diu
606 4995 769 5050 habet
792 4996 991 5051 dolere.
1037 4995 1140 5051 Sed
1186 4998 1231 5053 si
1261 4999 1437 5052 omnia
1466 4997 1711 5053 facienda
1741 5008 1867 5054 sunt

323 5101 444 5140 eum
470 5088 708 5154 consilio,
764 5089 903 5143 istud
929 5088 1175 5159 amplius,
1206 5089 1330 5159 quia
1359 5090 1589 5158 seipsum
1640 5091 1866 5145 traditu—

327 5193 419 5233 rus
441 5186 601 5232 estut
630 5179 762 5233 ﬁant
783 5178 889 5232 duo
912 5177 967 5231 in
989 5193 1150 5232 carne
1176 5194 1298 5232 una.
1334 5178 1585 5245 Quamvis
1614 5179 1766 5232 multi
1787 5194 1869 5234 se-

324 5276 470 5335 ptem
496 5280 689 5321 causas
710 5266 1050 5321 considerent
1087 5266 1139 5320 in
1168 5267 1488 5336 accipiendis
1513 5268 1784 5333 uxoribus,
1816 5268 1870 5323 id

328 5364 429 5420 est,
459 5357 886 5427 generositatem,
915 5356 1151 5422 divitias,
1174 5356 1417 5419 formam,
1447 5357 1751 5422 sanitatem,
1781 5373 1871 5411 sa-

230 5490 235 5497 .
329 5448 603 5517 pientiam,
657 5463 856 5514 mores,
904 5456 1082 5503 tamen
1137 5449 1241 5502 duo
1310 5448 1535 5519 amplius
1585 5450 1872 5518 quaerenda

330 5545 473 5600 sunt,
504 5537 761 5606 sapientia
783 5546 837 5593 et
875 5553 1069 5604 mores,
1097 5532 1218 5607 quia
1247 5538 1289 5592 si
1320 5538 1419 5592 ista
1450 5539 1553 5594 duo
1581 5537 1875 5603 defuerint,

334 5634 558 5697 possunt
606 5628 707 5681 alia
758 5629 1018 5698 deperire.
1071 5629 1312 5684 Vidimus
1360 5630 1503 5684 enim
1531 5628 1787 5699 quasdam
1821 5637 1876 5684 et

1966 4542 2341 4606 sanctiﬁcaret,
2369 4542 2435 4596 ad
2463 4541 2675 4610 nuptias
2700 4541 2880 4597 venire
2923 4541 3167 4612 dignatus
3190 4550 3293 4607 est,
3323 4550 3378 4596 et
3419 4543 3519 4596 mi-

1967 4632 2204 4687 raculum
2226 4632 2422 4686 ibidem
2446 4618 2716 4687 facere.‘A
2738 4632 3072 4701 prophetissa
3094 4632 3246 4686 Anna
3271 4632 3513 4687 benedici

1966 4724 2153 4793 voluit,
2179 4733 2232 4779 et
2259 4740 2291 4778 a
2310 4738 2438 4779 sene
2468 4723 2736 4779 Simeone.
2767 4725 2835 4778 Et
2876 4732 2937 4779 ut
2983 4723 3290 4780 ostenderet
3331 4724 3521 4794 virgini

1969 4825 2196 4871 matrem
2265 4814 2381 4868 fore
2439 4824 2495 4870 et
2548 4816 2784 4885 reginam
2838 4817 3077 4869 omnium
3126 4816 3381 4869 virtutum
3429 4830 3519 4868 so—

1970 4908 2214 4976 ciamque
2254 4906 2560 4977 angelorum
2583 4945 2596 4970 ,
2645 4906 2712 4960 de
2756 4905 2961 4975 virgine
2989 4914 3145 4960 natus
3171 4913 3253 4960 est
3286 4915 3339 4960 et
3368 4903 3519 4958 nasci

1968 4998 2238 5066 dignatus,
2254 4997 2455 5067 placuit
2481 4996 2631 5064 virgo
2650 5010 2983 5064 permanere.
3006 4996 3155 5051 Unde
3182 5004 3235 5048 et
3257 4995 3523 5063 apostolos

1969 5105 2093 5144 suos
2119 5089 2376 5158 quosdam
2403 5086 2562 5157 elegit
2604 5087 2936 5157 conjugatos,
2964 5086 3220 5156 quosdam
3243 5087 3522 5141 continen-

1970 5187 2074 5243 tes,
2098 5179 2355 5247 quosdam
2378 5176 2629 5246 virgines.
2661 5176 2861 5231 Tamen
2908 5175 2970 5229 Β.
3010 5176 3229 5231 Petrum
3275 5173 3527 5245 conjuga-

1973 5279 2084 5322 tum
2111 5268 2397 5338 praeposuit
2422 5267 2669 5323 omnibus
2693 5268 2997 5331 ordinibus,
3044 5282 3114 5322 ne
3158 5266 3392 5335 virgines
3437 5282 3525 5321 su-

1974 5358 2247 5430 perbirent
2269 5366 2362 5414 aut
2393 5355 2659 5428 coniugati
2686 5358 3030 5427 desperarent
3055 5373 3158 5413 non
3203 5373 3360 5429 posse
3399 5373 3525 5427 per-

1976 5448 2162 5502 venire
2182 5447 2247 5501 ad
2268 5446 2408 5500 illam
2437 5446 2818 5516 perfectionem
2842 5462 3002 5516 quam
3028 5447 3258 5519 virgines
3283 5462 3527 5518 asseque-

1978 5540 2196 5595 bantur.
2228 5538 2414 5593 Simile
2441 5538 2564 5594 huic
2586 5539 2731 5594 dicto
2754 5539 2940 5594 beatus
2967 5538 3161 5595 Paulus
3180 5540 3420 5610 praecipit
3446 5539 3525 5594 di»

1980 5644 2143 5685 cens:
2182 5627 2259 5682 De
2297 5628 2574 5699 virginibus
2599 5639 2771 5684 autem
2813 5629 3370 5705 prwceptumﬂomini
3424 5645 3524 5682 non
