3952 6186
486 287 620 364 «iis

1276 271 1627 340 .HRISTI.\NI
1656 266 2061 327 DRUTHMARI
2103 263 2544 325 CORBEIENSIS
2583 264 2880 322 ΜΟΝᾹῦΗί

3552 261 3693 317 1416
3728 289 3733 292 ο

488 400 666 462 habeo,
695 390 964 449 consilium
992 403 1165 444 amem
1191 388 1277 441 do.
1308 387 1566 442 Videlicet
1584 394 1640 440 ut
1669 384 1861 453 aliquis
1886 383 2033 453 virgo
2060 390 2104 448 Α
2133 384 2361 439 voluerit
2387 383 2642 438 Dominus
2668 381 2823 434 istum
2846 377 3163 449 intelligere,
3186 377 3299 448 ipse
3325 390 3385 431 se
3422 376 3533 431 alio
3575 376 3699 430 loco

482 489 814 558 permaneat,
850 494 953 534 non
995 488 1078 533 est
1129 485 1449 548 praeceptum
1476 517 1491 542 ,
1538 475 1630 531 sed
1681 474 2039 528 exhortatum.

397 589 403 595 '
486 577 643 634 Unde
685 583 738 629 et
767 572 1074 641 subiungit:
1126 568 1252 623 Volo
1308 570 1483 622 omnes
1529 565 1757 621 homines
1805 581 1912 618 esse
1947 564 2047 617 sic-

484 676 545 720 ut
589 664 862 735 meipsum,
916 661 969 715 id
1014 670 1097 714 εει
1128 657 1327 727 absque
1367 670 1552 711 uxore.
1602 654 1658 709 Si
1701 664 1878 708 autem
1918 653 2047 708 dicit

487 758 707 826 aliquis:
726 755 904 822 Quare
922 751 1222 823 presbyteri
1242 758 1296 805 et
1307 749 1515 803 diaconi
1538 764 1641 803 non
1667 747 1898 801 habeant
1910 761 2015 800 uxo
2032 775 2046 784 -

486 849 609 904 res?
643 844 1080 917 respondebimus
1099 841 1237 911 quod
1262 841 1465 910 gratius
1486 840 1596 893 Deo
1641 837 1793 892 multi
1822 851 2047 905 sequen-

484 949 569 994 tes
606 937 699 990 Dei
719 934 1039 1002 exemplum,
1071 932 1213 1001 quod
1233 931 1491 1000 optimum
1514 938 1598 984 est
1619 934 1820 983 tenent.
1843 927 1908 980 Et
1930 926 2048 979 ideo

490 1043 594 1081 non
620 1033 702 1081 est
733 1037 952 1079 necesse
998 1037 1094 1091 per
1131 1018 1446 1089 coniugatos
1497 1016 1793 1071 ministeria
1837 1002 2047 1067 Domini

490 1116 882 1173 administrare.
922 1112 1027 1167 Sed
1076 1120 1132 1166 et
1193 1111 1247 1165 hi
1276 1109 1366 1179 qui
1412 1107 1874 1178 transgrediuntur
1923 1113 2047 1159 vota

491 1223 609 1277 quae
627 1209 884 1259 voverunt
916 1199 1164 1260 Domino,
1187 1197 1432 1253 videlicet
1459 1210 1579 1251 cum
1603 1195 1907 1266 virginitate
1949 1193 2050 1248 mi-

493 1298 720 1352 nistrare
746 1333 762 1358 ,
819 1301 1071 1362 tanquam
1125 1297 1394 1359 apostatas
1448 1286 1762 1358 praecipiunt
1812 1299 2048 1341 canones

492 1389 764 1448 damnare,
794 1392 847 1438 et
875 1397 903 1437 a
926 1380 1223 1435 ministerio
1253 1392 1519 1449 separare.
1573 1376 1717 1432 Tunc
1744 1376 1906 1431 oblati
1929 1384 2049 1429 sunt

491 1473 716 1547 parvuli,
748 1482 803 1526 ut
831 1487 1016 1526 manus
1050 1471 1122 1524 eis
1151 1471 1451 1539 imponeret.
1499 1466 1633 1535 Quia
1684 1465 2049 1538 imperfectiOr

488 1574 623 1619 aetas
652 1569 770 1618 erat
805 1558 1067 1615 infantum
1089 1598 1105 1625 ,
1155 1558 1360 1613 solebat
1384 1558 1493 1628 pati
1538 1557 1913 1627 phantasmata
1940 1557 2048 1612 da:-

492 1670 728 1711 monum.
757 1653 823 1707 Et
858 1658 1055 1723 quanto
1083 1651 1277 1715 minor,
1309 1657 1454 1727 tanto
1480 1648 1647 1719 magis
1693 1646 1960 1712 infestius,
1989 1653 2051 1701 ut

2140 475 2337 529 bonum
2359 473 2513 536 dixit,
2537 471 2622 526 ubi
2645 471 2754 524 ait:
2784 469 2894 539 Ego
2930 485 3045 523 sum
3088 478 3266 538 pastor
3307 468 3505 533 bonus;
3534 478 3590 523 et
3630 470 3698 523 de

2141 564 2340 634 Spiritu
2389 570 2609 617 sancto:
2640 559 2799 614 Pater
2840 569 3002 613 uester
3023 558 3163 612 dabit
3195 558 3446 629 Spiritum
3497 559 3694 613 bonum

2138 654 2420 726 petentibus
2446 669 2583 706 eum.
3268 644 3275 649 ’

2128 751 2132 757 '
2208 742 2347 808 Quid
2368 759 2446 795 me
2469 742 2753 809 interrogas
2780 736 2844 791 de
2863 736 2992 790 bona
3007 738 3032 790 ?
3054 734 3200 791 Unus
3224 746 3298 792 est
3329 736 3493 791 bonus
3534 736 3697 790 Deus.

2138 832 2269 887 Cum
2294 833 2462 885 bonus
2482 828 2722 884 absolute
2742 828 2795 881 in
2818 825 3092 896 Scriptura
3114 829 3349 897 ponitur,
3376 827 3517 880 Deus
3540 827 3700 881 intel-

2140 924 2339 992 ligitur,
2370 922 2493 992 quia
2524 922 2636 990 ipse
2662 927 2747 975 est
2774 919 3105 983 naturaliter,
3127 928 3180 972 et
3202 933 3306 972 non
3345 934 3411 973 ex
3434 914 3701 972 accidenti

2141 1013 2278 1066 dono
2312 1012 2501 1074 bonus,
2528 1018 2582 1064 et
2613 1024 2718 1063 non
2762 1007 2930 1062 solum
2968 1006 3159 1070 bonus,
3186 1008 3276 1061 sed
3302 1015 3357 1061 et
3396 1007 3612 1061 bonitas
3648 1024 3705 1062 ει

2143 1102 2260 1158 fons
2279 1101 2552 1157 bonitatis.
2578 1100 2641 1154 Et
2661 1102 2964 1170 quicunque
2985 1108 3069 1153 est
3106 1101 3295 1163 bonus,
3320 1099 3436 1168 ipso
3473 1100 3702 1169 partici-

2142 1206 2300 1265 pante
2320 1203 2374 1248 et
2393 1193 2550 1247 dante
2576 1193 2743 1247 bonus
2763 1198 2863 1245 est.
2884 1190 3071 1245 Omnis
3095 1198 3339 1244 creatura
3365 1191 3420 1244 in
3443 1201 3700 1257 quantum

2142 1285 2282 1339 bona
2322 1293 2404 1338 est
2432 1323 2446 1347 ,
2492 1298 2558 1337 ex
2605 1282 2712 1350 Deo
2760 1292 2884 1344 est,
2922 1281 2974 1334 in
3025 1289 3301 1349 quantum
3328 1280 3505 1341 mala,
3556 1297 3704 1336 exse

2145 1383 2200 1428 et
2241 1374 2369 1426 vitio
2407 1387 2505 1427 suo
2556 1381 2638 1426 est
2689 1370 2845 1424 mala.
2892 1368 3030 1424 Ecce
3085 1370 3446 1424 testimonium
3490 1372 3701 1425 Domini

2145 1479 2251 1518 non
2275 1461 2444 1518 solum
2468 1461 2534 1515 de
2556 1460 2731 1523 Patre,
2749 1460 2843 1514 sed
2866 1459 2933 1514 de
2951 1474 3012 1513 se
3030 1473 3242 1527 quoque
3261 1466 3317 1512 et
3348 1457 3554 1529 Spiritu
3582 1475 3705 1513 san-

2147 1563 2256 1617 cto,
2289 1553 2380 1622 qui
2405 1559 2489 1607 est
2521 1567 2658 1605 unus
2685 1550 2821 1605 Deus
2862 1549 3352 1619 incomparabiliter
3378 1560 3436 1604 et
3450 1546 3705 1604 ’ineﬂ‘abi-

2146 1643 2268 1697 liter
2296 1656 2503 1697 summe
2524 1642 2713 1696 bonus.
2740 1639 2795 1694 Si
2825 1649 2995 1694 autem
3024 1640 3116 1701 quis
3149 1639 3217 1692 ad
3260 1639 3420 1692 vitam
3469 1641 3703 1709 ingredi,

495 1746 678 1801 dicunt
701 1719 1032 1799 obstetrices.
1061 1739 1193 1808 Quia
1220 1719 1432 1823 quando
1458 1747 1580 1794 ante
1603 1753 1791 1793 novem
1814 1737 1930 1792 dies
1964 1751 2049 1792 so-
2072 1733 2120 1792 B
2145 1750 2290 1788 serva
2336 1732 2606 1786 mandata.
2645 1731 2722 1785 Ex
2752 1731 2854 1785 hoc
2896 1719 3013 1785 loe'o
3052 1729 3396 1801 intelligimus
3423 1730 3571 1799 quod
3595 1731 3709 1799 qui.

495 1835 577 1890 lus
599 1834 844 1889 inventus
864 1832 1041 1897 fuerit,
1064 1846 1095 1886 a
1141 1830 1381 1885 daemone
1404 1829 1767 1885 occidebatur.
1816 1827 1922 1883 Pro
1946 1828 2050 1882 hac

495 1942 556 1985 re
588 1935 704 1983 erat
730 1922 1056 1981 consuetudo
1109 1937 1140 1978 a
1173 1922 1445 1994 prophetis
1489 1919 1731 1977 benedici
1775 1919 2045 1989 parvulos.

493 2017 667 2073 Simili
691 2015 848 2070 modo
868 2029 995 2084 ergo
1023 2012 1357 2067 adduxerunt
1375 2019 1429 2074 et
1447 2010 1737 2065 attulerunt
1762 2009 1851 2079 qui
1878 2009 2051 2063 adhuc

494 2106 786 2176 nequibant
812 2104 1018 2168 venire,
1053 2109 1112 2156 ut
1157 2101 1601 2157 benedicerentur
1632 2114 1662 2152 a
1705 2098 1949 2152 Domino.
1980 2095 2049 2150 Et

420 2252 425 2261 ,
496 2205 686 2251 σταται.
718 2192 1063 2257 Subauditur,
1088 2206 1248 2261 super
1266 2205 1378 2255 eos,
1415 2190 1556 2244 sicut
1586 2186 1751 2243 Jacob
1780 2183 2052 2241 benedixit

498 2286 750 2357 Ephraim
778 2284 831 2340 et
855 2283 1113 2347 Manasse,
1144 2281 1402 2352 impositis
1428 2279 1670 2335 manibus
1704 2291 1863 2346 super
1892 2281 2054 2345 caput

497 2390 703 2432 eorum.
730 2370 985 2443 Discipuli
1014 2378 1186 2425 autem
1214 2369 1547 2440 increpabant
1569 2382 1676 2422 eos.
1704 2364 1816 2420 Non
1839 2379 1936 2433 pro
1964 2362 2051 2437 in-

497 2467 660 2530 vidia,
688 2465 780 2520 sed
808 2462 1084 2528 timebant,
1126 2476 1193 2516 ne
1235 2461 1374 2515 sicut
1404 2460 1582 2515 caeteri
1625 2459 1868 2514 homines
1896 2455 2051 2510 taedio

499 2553 796 2609 adiceretur
821 2567 885 2606 ex
911 2550 1246 2605 multitudine
1287 2564 1488 2603 eorum.
1513 2547 1668 2601 Iesus
1695 2562 1807 2601 vero
1836 2546 1909 2599 ait
1932 2545 2007 2599 eis
2029 2556 2049 2596 :

500 2643 666 2699 Sinite
694 2639 956 2712 paruulos,
983 2649 1030 2695 et
1066 2638 1224 2693 nolite
1248 2655 1333 2693 eos
1366 2638 1632 2709 prohibere
1660 2637 1728 2691 ad
1754 2652 1835 2690 me
1858 2636 2047 2691 venire.

498 2736 567 2791 Et
595 2734 723 2790 tunc
752 2733 870 2789 illos
898 2734 970 2788 ita
1002 2732 1254 2801 suscepit,
1280 2739 1342 2786 ut
1387 2731 1609 2786 audistis
1629 2770 1644 2795 ,
1675 2737 1730 2784 et
1761 2728 2048 2784 benedixit.

499 2824 567 2880 Et
592 2840 800 2896 semper
827 2823 1126 2894 quicunque
1142 2822 1255 2876 vult
1279 2822 1529 2876 accedere
1556 2821 1622 2874 ad
1643 2834 1763 2876 eum
1789 2834 1909 2873 cum
1932 2834 2053 2890 par-

498 2915 623 2969 vulo
649 2915 857 2985 spiritu,
891 2914 947 2969 id
971 2920 1053 2969 est
1099 2912 1307 2976 humili,
1340 2909 1513 2966 factus
1535 2910 1735 2964 malitia
1763 2909 2014 2981 parvulus
2032 2948 2049 2976 ,

500 3003 734 3072 suscepit
752 3001 924 3066 illum,
956 3009 1013 3054 ut
1035 3001 1270 3070 psalmus
1294 2999 1506 3069 inquit:
1538 2996 1788 3068 Suscipiet
1809 3013 2051 3052 mansue-

2148 1838 2355 1892 cunque
2395 1822 2564 1891 legem
2586 1828 2821 1875 veterem
2845 1821 3219 1875 custodierunt
3249 1821 3709 1883 incontamiuate,

2145 1916 2308 1969 vitam
2332 1914 2562 1968 habeant
2583 1921 2858 1967 aeternam.
2876 1910 3013 1965 Dicit
3037 1910 3144 1975 ille,
3161 1910 3288 1976 ραω
3304 1914 3330 1966 2
3349 1911 3383 1965 J
3389 1930 3511 1965 esus
3537 1923 3709 1966 autem

2144 2005 2277 2059 dixit
2299 2002 2378 2057 illi
2406 2016 2424 2053 :
2455 2001 2578 2055 Non
2607 2000 2941 2055 homicidium
2982 2000 3169 2071 facias.
3194 2000 3412 2055 Duobus
3455 2002 3630 2056 modis
3654 2002 3709 2056 lit

2145 2094 2514 2149 homicidium.
2548 2091 2899 2146 Homicidium
2938 2100 3023 2147 est
3046 2106 3168 2147 cum
3190 2091 3309 2161 quis
3344 2091 3708 2146 habitaculum

2147 2185 2338 2239 animm
2368 2190 2493 2237 ant-2
2523 2192 2730 2253 tempus
2763 2182 3110 2237 constitutum
3151 2180 3379 2251 dissipat
3400 2222 3416 2245 ,
3457 2189 3512 2236 et
3553 2165 3709 2250 quasi

2148 2275 2263 2331 sine
2286 2275 2381 2330 Dei
2404 2273 2640 2343 iussione
2665 2273 2731 2327 de
2753 2272 2942 2327 exsilio
2964 2272 3195 2326 animam
3222 2272 3371 2326 abire
3408 2272 3678 2342 conipellit
3694 2311 3711 2335 ,

2148 2367 2230 2421 vel
2258 2368 2513 2437 seipsum,
2542 2364 2624 2420 vel
2664 2365 2843 2420 alium.
2871 2364 2975 2420 Sed
3025 2364 3225 2419 malum
3255 2374 3339 2420 est
3379 2366 3429 2419 in
3468 2366 3715 2434 quolibet

2150 2456 2370 2513 homine
2394 2460 2683 2529 pessimum
2706 2473 2825 2514 esse
2856 2459 2909 2512 in
2935 2458 3138 2527 seipse;
3166 2467 3222 2511 et
3250 2473 3346 2511 non
3370 2457 3536 2512 solum
3559 2458 3715 2526 apud

2150 2549 2318 2604 Deum
2333 2548 2554 2619 ejusque
2575 2547 2906 2604 Christianos
2927 2549 3258 2603 exsecrabile
3281 2547 3470 2602 malum
3492 2558 3580 2604 est
3606 2548 3713 2602 sibi

2149 2639 2370 2709 injicere
2411 2655 2622 2707 manus,
2646 2654 2828 2695 verum
2852 2650 2905 2695 et
2928 2640 3065 2710 apud
3092 2641 3340 2709 antiquos
3375 2654 3615 2710 paganos
3640 2641 3713 2697 ita

2149 2747 2391 2797 exosum,
2414 2740 2473 2787 ut
2498 2746 2703 2787 manus
2745 2746 2864 2801 qua:
2906 2733 3005 2786 hoc
3044 2740 3405 2802 perpetrasset
3442 2732 3712 2788 communi

2153 2824 2423 2896 sepultura
2459 2839 2581 2879 cum
2604 2837 2828 2892 corpore
2848 2807 3073 2878 careret.
3101 2822 3204 2879 Sed
3237 2825 3379 2895 quod
3406 2824 3538 2879 dicit
3562 2823 3713 2879 dolor

2151 2927 2252 2987 est,
2288 2917 2466 2973 adhuc
2500 2915 2657 2971 hodie
2704 2916 2917 2970 nomine
2968 2924 3122 2970 tenus
3161 2915 3454 2970 Christiani
3497 2915 3599 2969 hoc
3635 2914 3714 2968 fa-

2158 3008 2340 3063 ciunt:
2368 3003 2519 3076 cujus
2559 3004 2781 3075 periculi
2824 3004 3020 3059 malum
3049 3005 3116 3060 ad
3158 3005 3440 3075 episcopos
3469 3005 3711 3075 respicite

502 3101 580 3145 tos
604 3090 877 3145 Dominus.
906 3090 1109 3143 Talium
1132 3098 1206 3143 est
1241 3091 1376 3144 enim
1405 3105 1615 3159 regnum
1663 3088 1924 3142 caelorum.
1948 3086 2059 3142 Hoc
2085 3075 2130 3138 C
2160 3096 2250 3167 qui
2286 3096 2365 3151 eis
2389 3075 2493 3149 ιιρη
2514 3095 2832 3148 “nuntiam
2871 3095 2993 3164 quia
3021 3109 3125 3148 ηοιι
3165 3094 3360 3149 auium
3383 3095 3629 3149 "istiuas
3663 3104 3717 3149 α

501 3189 606 3245 εει,
630 3180 723 3249 qui
748 3179 880 3235 tales
905 3188 1029 3232 sunt
1067 3192 1166 3247 per
1198 3178 1577 3242 innocentiam,
1601 3178 1785 3247 quales
1814 3178 1902 3232 isti
1936 3186 2061 3232 sunt

503 3286 600 3342 per
620 3278 849 3324 aetatem.
872 3269 938 3323 Et
964 3283 1069 3323 non
1092 3266 1265 3321 dixit:
1299 3267 1527 3321 Istorum
1552 3275 1635 3322 est
1657 3284 1877 3339 regnum
1901 3267 2061 3324 caelo-

504 3376 649 3424 rum,
676 3359 768 3415 sed
796 3358 999 3423 talium,
1027 3357 1306 3427 requirens
1333 3357 1931 3429 innocentiammentis,
1955 3372 2061 3425 non

504 3452 698 3506 aetatis.
732 3449 823 3505 Sic
872 3458 927 3504 et
964 3449 1249 3520 Apostolus
1291 3448 1533 3519 pmcipit
1584 3447 1806 3503 dicens:
1856 3446 2062 3503 Malitia

503 3540 707 3614 parvuli
727 3550 904 3606 estote,
934 3539 1164 3594 sensibus
1187 3538 1419 3610 perfecti.
1454 3538 1529 3594 De
1556 3537 1855 3594 innocentia
1887 3539 2060 3593 infan-

506 3640 619 3686 tum
642 3631 885 3702 superius
906 3630 1160 3696 diximus,
1188 3630 1307 3685 ideo
1342 3644 1448 3683 non
1470 3639 1554 3684 est
1595 3630 1682 3684 hic
1707 3629 2064 3684 necessarium

507 3729 766 3790 repetere.
807 3719 873 3774 Et
904 3735 1021 3774 cum
1051 3719 1376 3790 imposuisset
1403 3719 1476 3773 eis
1515 3735 1719 3785 manus,
1767 3717 1894 3773 abiit
1924 3719 2062 3773 inde.

413 3844 419 3850 .
504 3810 642 3877 Quia
688 3810 901 3865 videbat
927 3810 1067 3880 quod
1094 3809 1297 3865 Scriba
1330 3809 1528 3877 potitus
1568 3810 1825 3879 gestirent
1880 3822 2063 3878 repre-

507 3903 741 3958 hendere
764 3918 925 3972 quam
948 3902 1185 3967 credere,
1212 3902 1321 3956 cito
1345 3901 1559 3971 reliquit
1598 3900 1919 3965 incredulos,
1939 3900 2063 3970 quia

504 4009 668 4064 quam
691 4008 794 4048 non
822 3993 1023 4048 invenit
1052 3992 1327 4057 humilem,
1354 3990 1491 4063 fugit
1528 3999 1779 4045 mentem.
1828 3990 1897 4045 Et
1923 3991 2067 4046 venit

507 4091 579 4145 ad
607 4089 836 4145 humiles
854 4096 911 4144 et
941 4097 1231 4144 trementes
1254 4099 1529 4145 sermones
1546 4083 1679 4154 ejus.

1076 4196 1301 4254 CAPUT
1324 4196 1501 4252 XLIII.

1012 4268 1089 4326 De
1120 4269 1273 4323 divite
1302 4277 1550 4321 tentante.

2159 3184 2547 3248 tribulationes,
2578 3186 2669 3239 sed
2702 3183 3058 3254 multiplicant
3098 3184 3222 3239 dum
3244 3185 3310 3239 de
3342 3185 3459 3240 istis
3485 3194 3719 3241 tormen—

2159 3278 2228 3330 tis
2258 3275 2324 3330 ad
2373 3276 2638 3331 atrociora
2684 3284 2978 3330 transeunt.
3031 3275 3185 3330 Aliud
3245 3277 3590 3332 homicidium
3640 3286 3721 3332 est

2159 3363 2455 3434 spirituale,
2481 3380 2601 3420 cum
2626 3367 2745 3434 quis
2781 3375 2968 3435 peccat
3001 3367 3066 3421 ad
3092 3376 3340 3429 mortem,
3367 3377 3462 3422 aut
3499 3367 3719 3422 fratrem

2160 3455 2287 3510 facit
2314 3471 2556 3526 peccare,
2584 3467 2672 3511 aut
2705 3457 2849 3512 videt
2872 3466 2926 3511 et
2976 3473 3082 3513 non
3110 3467 3351 3523 revocat,
3379 3466 3434 3513 et
3480 3460 3721 3514 moriun-

2160 3555 2248 3602 tur
2269 3548 2497 3603 amboin
2519 3549 2713 3603 anima.
2742 3548 2831 3603 lllc
2855 3549 2977 3618 quia
3000 3548 3166 3604 Deum
3187 3550 3464 3620 dereliquit
3483 3564 3719 3618 peccan-

2161 3642 2250 3706 do,
2273 3641 2374 3697 iste
2419 3641 2547 3711 quia
2586 3640 2750 3707 vidit,
2798 3649 2851 3696 et
2884 3657 2991 3697 non
3044 3644 3317 3698 revocavit
3356 3659 3472 3699 cum
3515 3642 3717 3711 potuit.

2161 3731 2349 3785 Anima
2385 3732 2518 3784 enim
2544 3747 2658 3802 quae
2678 3732 2959 3801 peccauerit
2981 3772 2996 3797 ,
3041 3733 3155 3803 ipsa
3181 3735 3450 3789 morietur.
3489 3734 3721 3803 Αῃοειον

2162 3820 2280 3875 lus:
2309 3819 2375 3874 Et
2403 3837 2505 3875 non
2527 3820 2693 3875 solum
2713 3821 2800 3892 qui
2840 3817 3175 3891 faciunt,'sed
3222 3824 3380 3878 etiam
3401 3826 3489 3895 qui
3514 3841 3721 3880 eam

2162 3910 2295 3963 tiunt
2336 3909 2644 3979 facientibus
2670 3951 2684 3976 ,
2730 3909 2875 3983 digni
2903 3922 3022 3965 sunt
3070 3923 3252 3968 morte.
3298 3913 3722 3970 Reminiscamur

2165 3998 2362 4055 factum
2386 4000 2521 4064 Heli,
2545 4002 2683 4070 quod
2716 4018 2822 4058 non
2843 4002 3102 4073 corripuit
3131 4002 3270 4058 filios
3291 4019 3417 4059 suos
3435 4005 3720 4074 indignum

2164 4089 2284 4157 fuit,
2313 4101 2368 4147 et
2390 4094 2500 4163 ipse
2520 4109 2616 4164 pro
2636 4095 2715 4149 eis
2738 4094 2914 4165 periit,
2943 4103 2996 4148 et
3031 4095 3103 4149 illi
3128 4096 3194 4150 de
3216 4097 3469 4166 praesenti
3506 4098 3722 4152 interitu

2164 4180 2230 4236 ad
2261 4189 2515 4236 aeternum
2544 4183 2888 4238 transierunt.
2915 4183 3203 4254 Sequitur:
3237 4182 3361 4241 Non
3383 4187 3722 4242 adulterabis.

2163 4267 2477 4325 Adulterare
2502 4278 2585 4325 est
2609 4271 2829 4327 alterius
2851 4274 3065 4327 thorum
3095 4275 3349 4330 transire.
3386 4274 3455 4329 Et
3481 4277 3728 4345 quamvis

586 4361 653 4415 Et
687 4376 802 4415 ecce
825 4375 958 4413 unus
989 4358 1254 4423 accedens,
1286 4358 1358 4411 ait
1382 4355 1480 4410 illi.
1522 4354 1680 4411 Forte
1699 4354 1938 4410 audierat
1964 4355 2064 4411 iste
2096 4418 2138 4435 λ
2165 4360 2340 4414 omnis
2362 4360 2640 4416 fornicatio
2664 4363 2939 4418 criminale
2957 4375 3237 4435 peccatum
3261 4368 3354 4431 sit,
3381 4376 3562 4422 tamen
3584 4368 3727 4423 istud

509 4453 580 4509 de
605 4450 862 4506 imitanda
888 4448 1191 4503 innocentia
1216 4446 1580 4517 parvulorum,
1604 4455 1659 4501 et
1682 4446 1799 4501 ideo
1825 4460 1921 4516 per
1958 4446 2067 4501 sin—
2096 4418 2141 4478 D
2165 4458 2248 4503 est
2269 4449 2484 4520 gravius
2511 4450 2881 4508 fornicationis
2909 4418 3115 4521 vilium.

443 4539 448 4544 ’
510 4542 635 4613 gula
663 4540 827 4595 verba
849 4539 962 4595 vult
990 4539 1092 4593 sibi
1121 4539 1311 4608 exponi
1345 4553 1463 4607 qua:
1498 4539 1570 4593 sit
1598 4538 1711 4608 ipsa
1740 4552 1868 4593 vera
1909 4537 2066 4592 inno-

512 4628 712 4685 centia.
765 4627 1014 4697 Magister
1034 4623 1199 4691 bone,
1249 4626 1373 4696 quid
1402 4625 1539 4678 boni!
1571 4626 1764 4695 faciam
1804 4636 1859 4681 ut
1909 4626 2068 4680 vitam

512 4727 763 4781 ceteer
790 4714 1005 4768 habeant
1024 4714 1050 4766 2
1083 4712 1233 4768 Alius
1256 4713 1580 4783 evangelista
1628 4715 1790 4769 dicit:
1824 4714 1962 4780 Quid
1989 4731 2069 4771 me

510 4808 646 4862 dicis
660 4804 876 4861 bonum?
893 4804 1026 4871 Quia
1040 4805 1152 4875 ipse
1166 4805 1493 4860 solummodo
1504 4804 1771 4859 hominem
1786 4804 2069 4861 Dominum

515 4898 790 4963 credebat,
815 4896 938 4967 quia
961 4904 1016 4951 et
1041 4896 1354 4966 magistrum
1374 4895 1616 4963 vocabat,
1643 4910 1749 4951 non
1772 4895 2063 4961 Christum,

516 5003 691 5060 neque
710 4987 896 5051 Deum,
912 4993 1194 5057 propterea
1224 4986 1580 5056 redarguitur,
1605 5001 1701 5041 cur
1721 4999 1845 5040 eum
1870 4985 2069 5042 bonum

513 5081 682 5144 dicat,
709 5093 831 5135 cum
863 5077 1029 5132 Deum
1064 5092 1189 5133 cum
1221 5093 1326 5134 non
1369 5092 1487 5134 esse
1513 5078 1716 5132 credat.
1763 5077 1879 5133 Non
1908 5078 2071 5148 igitur

519 5172 774 5229 Dominus
792 5171 990 5225 bonum
1008 5183 1070 5225 se
1090 5183 1210 5225 esse
1233 5169 1459 5240 denegat
1481 5207 1497 5232 ,
1539 5169 1632 5224 sed
1663 5168 1830 5225 Deum
1856 5182 1916 5224 se
1948 5181 2071 5223 esse

518 5264 866 5319 ὐεωοηειιιει.
883 5259 951 5315 Ει
971 5259 1136 5315 voluit
1151 5268 1210 5313 ut
1232 5258 1321 5314 ille
1349 5259 1439 5328 qui
1465 5274 1588 5313 eum
1613 5260 1809 5314 bonum
1838 5257 2069 5325 dicebat,

518 5355 786 5424 quomodo
823 5356 995 5411 bonus
1033 5363 1175 5410 esset
1206 5355 1453 5409 disceret.
1495 5352 1680 5409 Omnis
1721 5352 1864 5408 enim
1893 5353 2072 5418 homo,

522 5442 650 5500 licet
669 5458 919 5510 sanctus,
959 5453 1015 5500 ct
1051 5444 1224 5500 omnis
1256 5452 1500 5500 creatura
1543 5445 1939 5515 comparatione
1979 5444 2074 5499 Dei

2164 4549 2340 4596 catum
2362 4543 2730 4598 committitur.
2759 4543 2824 4599 Et
2849 4544 2988 4601 istud
3026 4549 3190 4603 etiam
3232 4549 3548 4619 spiritaliter
3580 4565 3729 4605 cou-

2164 4630 2413 4696 mittitur,
2454 4646 2573 4686 cum
2602 4633 2824 4703 alicujus
2844 4637 3023 4690 anima
3049 4651 3166 4707 qua:
3186 4638 3338 4694 debet
3359 4638 3531 4694 Deum
3552 4640 3727 4697 virul

2167 4721 2382 4787 habere,
2412 4724 2496 4777 cui
2523 4725 2792 4781 adhmrere
2816 4726 2869 4779 in
2910 4727 3174 4795 baptismo
3216 4730 3542 4799 spopondit,
3583 4733 3729 4787 tiere-

2165 4810 2360 4883 linquit
2385 4814 2531 4873 illuiu
2575 4832 2672 4886 pro
2698 4832 2847 4881 auro,
2876 4818 2957 4873 vel
2982 4819 3236 4890 gemmis,
3276 4832 3369 4875 aut
3412 4835 3513 4891 pro
3549 4824 3728 4891 aliqua

2166 4904 2434 4973 voluptate
2468 4907 2688 4971 carnali,
2710 4917 2763 4960 et
2787 4908 3023 4964 adhaeret
3041 4909 3250 4965 diabolo
3268 4912 3539 4967 suadenti.
3556 4914 3727 4979 Quian

2168 4991 2567 5051 fornicationem
2592 4996 2835 5052 Ezechiel
2875 4999 3080 5068 plenius
3119 5004 3435 5071 exsequitur
3463 5004 3566 5058 sub
3597 5004 3727 5075 dna-

2169 5101 2285 5140 rum
2308 5086 2581 5142 mulierum
2604 5103 2851 5161 persona,
2870 5089 2921 5142 id
2943 5099 3043 5154 est,
3064 5089 3358 5147 Jerusalem
3377 5101 3431 5146 et
3445 5091 3737 5157 Samaria,

2168 5183 2222 5230 et
2260 5190 2355 5246 per
2390 5177 2532 5246 ipsas
2558 5177 2884 5234 habitatores
2921 5195 3103 5235 eorum
3123 5181 3306 5238 volens
3329 5181 3575 5252 intelligi.
3600 5180 3728 5235 Non

2170 5265 2331 5336 facies
2378 5266 2592 5337 furtum.
2629 5266 2887 5323 Similiter
2925 5279 2980 5325 et
3006 5272 3147 5327 istud
3175 5272 3380 5327 duobus
3402 5271 3579 5327 ωοάίε
3630 5273 3728 5326 εόα

2171 5358 2402 5413 mittitur
2427 5375 2439 5412 :
2479 5358 2723 5413 videlicet
2742 5376 2861 5414 cum
2884 5361 3003 5430 quis
3029 5377 3060 5415 a
3090 5363 3329 5433 proximo
3360 5377 3458 5416 suo
3480 5378 3727 5432 ιιιιοευιιο

2171 5462 2273 5518 que
2295 5447 2434 5502 malo
2459 5449 2668 5520 ingenio
2690 5448 3105 5520 aliquidaufert.
3155 5453 3342 5509 Furari
3383 5464 3463 5509 est
3504 5456 3649 5508 enim
3674 5456 3729 5509 in

524 5550 630 5590 non
658 5546 742 5592 est
761 5538 919 5593 bona.
945 5536 1049 5592 Per
1074 5551 1131 5593 se
1152 5544 1325 5592 autem
1352 5536 1523 5591 bonus
1542 5544 1598 5591 et
1619 5537 1777 5592 homo
1811 5544 1868 5591 et
1901 5536 2077 5592 omnis
2170 5534 2389 5603 furtivo,
2413 5539 2466 5593 id
2492 5548 2573 5593 est
2596 5539 2927 5598 inahsconso
2946 5541 3178 5598 auferre.
3209 5544 3302 5599 Est
3324 5553 3504 5600 autem
3529 5545 3733 5599 discre-

498 5636 790 5707 Mu'eaturs,
812 5629 857 5683 si
878 5629 954 5684 sic
974 5638 1059 5685 est
1098 5628 1235 5685 sicut
1264 5634 1443 5682 creata
1478 5625 1596 5680 fuit.
1633 5625 1766 5682 Nam
1805 5626 1928 5698 quia
1973 5618 2076 5684 hoc

2170 5628 2248 5681 tio
2300 5627 2441 5682 inter
2482 5628 2682 5685 furtum
2727 5641 2781 5687 et
2821 5633 3186 5705 sacrilegium,
3221 5636 3344 5707 quia
3367 5635 3609 5706 quamvis
3634 5648 3722 5687 sa-
