3988 6186
422 247 556 301 ηερ

1194 240 1581 294 CHRISTIANI
1623 240 2027 295 DRUTIEMARI
2067 241 2506 298 COIlBElENSIS
2547 243 2848 301 MONAClll

3545 255 3561 307 l
3583 254 3670 309 ιὲξὶ

419 365 558 414 sent.
613 353 974 409 Verumtamen
1014 369 1098 405 eos
1147 352 1446 405 consolatur
1485 353 1735 406 Dominus
1763 363 1808 406 et
1865 354 1994 407 dixit
2027 359 2070 413 Α
2099 367 2332 423 congrua
2365 354 2496 409 hora
2544 357 2611 411 ad
2660 357 2750 411 Dei
2783 357 2969 413 laudes
3018 375 3236 431 surgere
3261 363 3570 432 nequirent.
3616 368 3670 420 Si

419 447 557 502 illis:
589 446 741 516 Apud
768 445 999 498 homines
1024 443 1120 496 hoc
1153 443 1446 513 impossible
1485 453 1588 506 est,
1645 443 1785 512 apud
1824 443 1990 496 Deum

419 548 592 592 autem
615 536 790 590 omnia
811 534 1078 604 possibilia
1103 546 1242 588 sunt.
1269 534 1526 588 Dominus
1544 535 1880 602 omnipotens
1902 534 1991 603 qui

351 663 354 668 -
419 627 620 683 creavit
653 626 916 681 camelum
944 666 957 689 ,
1014 632 1190 694 potest
1239 626 1385 678 illum
1416 624 1592 678 facere
1628 625 1858 679 transire
1900 639 1994 694 per

422 717 664 771 foramen
693 731 837 779 acus,
871 724 931 769 ut
959 715 1094 770 sicut
1126 715 1381 768 mundum
1402 716 1605 769 creavit
1632 731 1695 768 ex
1720 715 1908 778 nihilo,
1939 723 1993 768 et

421 808 592 862 locum
614 806 817 862 creavit
845 846 859 868 ,
908 805 997 872 qui
1022 820 1126 858 non
1155 812 1290 866 erat,
1321 805 1371 858 in
1415 819 1520 871 quo
1567 802 1794 857 mundus
1818 810 1990 868 esset,

419 899 617 968 quique
641 897 766 952 fecit
801 898 1008 951 asinam
1045 896 1188 964 loqui
1234 904 1288 949 et
1316 903 1525 963 petram
1570 893 1844 949 ambulare
1873 909 1993 948 cum

419 991 658 1045 exercitu
685 990 753 1044 ad
787 987 1198 1042 ministrantium
1239 1002 1453 1056 aquam,
1478 995 1656 1056 potest
1680 995 1730 1040 et
1773 1001 1838 1039 ex
1882 986 1995 1038 ani-

417 1080 544 1134 mali
567 1093 846 1149 corporeo,
871 1087 924 1133 et
958 1078 1024 1131 de
1061 1077 1150 1132 illo
1179 1078 1269 1146 qui
1314 1077 1559 1148 signatur
1606 1092 1704 1145 pro
1743 1076 1990 1141 animali,

420 1169 664 1223 videlicet
694 1167 856 1222 divite
893 1176 1135 1221 tortuoso
1163 1167 1214 1219 iu
1244 1166 1354 1220 suis
1385 1165 1615 1236 ingeniis
1640 1165 1721 1221 vel
1748 1165 1994 1234 volupta-

418 1259 580 1323 tibus,
604 1267 819 1312 rectum
837 1258 1107 1314 hominem
1139 1255 1360 1311 reddere
1386 1266 1440 1311 et
1474 1255 1749 1320 mundum,
1779 1264 1837 1308 ut
1877 1269 1998 1324 pos-

419 1348 488 1400 sit
516 1347 747 1401 transire
768 1361 864 1416 per
889 1355 1093 1400 arctam
1121 1353 1174 1400 et
1197 1353 1478 1415 angustam
1497 1345 1642 1398 viam
1685 1359 1803 1413 quae
1851 1343 1999 1396 ducit

419 1435 703 1499 ad‘vitam,
731 1449 828 1504 per
848 1449 1010 1502 quam
1035 1433 1191 1504 pauci
1233 1433 1456 1488 divitum
1497 1433 1830 1502 gradiuntur,
1860 1431 1999 1485 sicut

421 1524 547 1580 fecit
570 1525 635 1578 de
656 1524 900 1579 Zachaeo.
924 1523 1041 1578 Non
1069 1533 1249 1578 autem
1292 1524 1585 1592 putandum
1625 1522 1766 1591 quod
1807 1521 1998 1576 divites

418 1630 540 1670 cum
581 1614 692 1670 suis
721 1613 1089 1683 iniquitatibus
1129 1614 1377 1668 intraturi
1407 1613 1514 1667 sint
1545 1613 1600 1666 in
1623 1626 1845 1682 regnum
1883 1624 1998 1665 coe-

2091 451 2416 511 prmceptum
2447 453 2530 498 est
2561 445 2714 500 nobis
2735 462 2765 499 a
2785 462 2951 502 carne
2980 448 3181 517 absque
3207 453 3538 506 necessitate
3561 471 3674 509 ear-

2092 531 2176 585 nis
2217 532 2522 598 abstiuere,
2566 534 2685 589 ideo
2728 534 2925 590 factum
2977 548 3092 603 est,
3138 548 3196 593 ut
3238 543 3408 610 possit
3455 546 3678 600 castitas

2092 622 2373 676 custodiri.
2429 622 2562 676 Nam
2609 624 2662 677 in
2707 627 3030 682 necessitate
3073 645 3177 684 non
3205 640 3288 686 est
3318 633 3673 702 prohibitum.

2091 709 2372 766 Credimus
2404 721 2582 767 tamen
2609 729 2704 782 pro
2725 725 2875 770 certo
2901 718 3045 786 quod
3071 719 3126 773 in
3147 719 3268 776 cibo
3289 731 3343 776 et
3373 731 3500 792 potu
3528 740 3675 779 eam-

2093 798 2212 852 dem
2258 799 2497 870 regulam
2549 802 2719 856 tenuit
2763 805 3042 872 Dominus,
3070 823 3230 876 quam
3271 820 3326 864 et
3369 812 3422 864 in
3467 815 3677 868 caeteris

2094 889 2291 953 causis,
2323 892 2692 946 tantummodo
2733 894 2800 947 ad
2849 899 3253 953 sustentandum
3299 916 3518 970 corpus.
3569 903 3676 958 Nec

2095 980 2477 1056 tamen.nobis
2527 983 2845 1051 prohibetur
2891 1001 2990 1054 pro
3041 990 3362 1046 necessitate
3391 1008 3672 1063 corpora,

2094 1068 2232 1122 sicut
2274 1077 2330 1123 et
2358 1067 2558 1125 Paulus
2593 1071 2762 1126 dicit:
2789 1070 2978 1129 Carnis
3017 1093 3196 1132 curam
3243 1097 3306 1134 ne
3355 1081 3582 1150 feceritis
3622 1084 3674 1136 in

2095 1158 2393 1212 desideriis.
2423 1158 2538 1216 Non
2565 1161 2694 1216 dicit
2719 1162 2772 1216 in
2803 1166 3230 1232 necessitatibus,
3263 1170 3389 1239 quia
3415 1172 3558 1240 quod
3586 1188 3674 1227 nc-

2096 1248 2389 1302 cessarium
2424 1258 2508 1304 est
2550 1253 2761 1321 corpori
2787 1262 3007 1323 propter
3035 1259 3363 1327 subsidium,
3396 1277 3498 1316 nec
3539 1264 3675 1318 Deus

2096 1339 2342 1407 prohibet
2367 1353 2468 1394 nec
2494 1339 2628 1394 alius
2656 1342 2882 1410 quilibet
2923 1345 3129 1400 doctor.
3176 1348 3289 1402 Non
3315 1352 3462 1404 enim
3491 1353 3675 1408 beatus

2097 1427 2414 1483 Benedictus
2443 1429 2664 1486 alterius
2693 1431 2933 1488 imitator
2961 1434 3084 1501 fuit,
3124 1452 3225 1492 nec
3263 1439 3546 1510 plusquam
3577 1442 3676 1495 Do-

2098 1518 2275 1574 minus
2322 1518 2500 1575 facere
2547 1521 2734 1588 voluit,
2777 1525 2901 1592 quia
2945 1525 3139 1582 suﬁicit
3186 1529 3468 1599 discipulo.
3501 1545 3558 1586 ut
3610 1534 3676 1586 sit

2100 1609 2241 1663 sicut
2279 1610 2534 1680 magister
2567 1611 2704 1680 ejus,
2735 1623 2790 1668 et
2831 1615 2936 1669 erit
2974 1623 3102 1671 tunc
3134 1618 3424 1686 perfectus.
3461 1621 3594 1674 Nam
3625 1631 3679 1674 et

421 1705 614 1769 lorum,
636 1704 728 1759 sed
744 1703 1108 1759 commutandi
1137 1703 1191 1756 in
1215 1702 1404 1756 melius
1432 1701 1606 1756 adhuc
1642 1699 1769 1754 dum
1791 1699 1993 1762 vivunt,
2027 1691 2071 1749 B
2099 1697 2190 1765 qui
2217 1705 2479 1751 vocantur
2505 1701 2776 1765 monachi,
2801 1702 2928 1771 quia
2955 1705 3055 1758 sub
3084 1706 3267 1774 regula
3291 1707 3494 1776 degunt
3520 1725 3664 1778 regu-

371 1827 378 1836 ι
421 1805 478 1850 ut
501 1796 706 1866 possint
731 1810 850 1850 cum
892 1793 1217 1863 pauperibus
1241 1793 1510 1848 collocari.
1563 1793 1689 1848 ldeo
1711 1794 1853 1847 enim
1883 1808 1999 1848 om—

421 1886 667 1956 nipotens
698 1884 916 1950 dicitur,
936 1885 1061 1954 quia
1085 1891 1262 1954 potest
1284 1881 1462 1938 facere
1483 1899 1601 1953 qua:
1626 1883 1876 1940 voluerit.
1897 1882 2000 1939 Po-

421 1985 526 2031 test
558 1990 770 2046 quoque
792 1975 983 2030 cameli
1021 1990 1212 2029 nomen
1245 1973 1571 2044 Redemptor
1609 1984 1792 2030 noster
1841 1975 1998 2030 intel-

419 2065 532 2138 ligi,
555 2065 647 2136 qui
674 2064 983 2120 humiliatus
1025 2072 1108 2118 est
1137 2064 1204 2118 ad
1234 2064 1574 2133 suscipienda
1599 2081 1765 2120 onera
1803 2080 2000 2135 pecca-

422 2163 600 2209 torum
628 2163 955 2210 nostrorum.
1005 2152 1266 2220 Quicum
1313 2139 1559 2209 ti'ansivit
1613 2170 1710 2225 per
1756 2152 1999 2211 foramen

423 2261 577 2311 acus,
602 2245 656 2300 id
675 2252 758 2299 est
776 2258 873 2312 per
894 2243 1169 2313 angustias
1205 2243 1534 2312 passionum,
1559 2260 1656 2315 per
1680 2261 1814 2314 quas
1846 2246 2001 2316 quasi

422 2351 521 2405 per
555 2351 711 2390 acum
737 2334 1002 2390 resarcire
1031 2333 1200 2390 scissa
1229 2343 1428 2390 nostra;
1457 2335 1704 2407 dignatus
1731 2345 1815 2392 est
1835 2338 2001 2392 vesti-

423 2435 604 2482 menta
627 2435 854 2491 naturae,
882 2427 936 2481 id
986 2435 1070 2482 est
1115 2404 1757 2499 recuperarefquatenus
1810 2430 2001 2486 melius

425 2516 704 2572 reformati
757 2515 1064 2571 audiremus
1114 2517 1182 2571 ab
1222 2516 1527 2586 Apostolo:
1581 2517 1885 2589 Quicunque
1943 2520 1999 2574 in

426 2605 636 2663 Christo
666 2606 915 2676 baptizati
940 2607 1085 2671 estis,
1118 2605 1382 2660 Christum
1414 2607 1678 2663 induistis.

500 2695 648 2750 Tunc
673 2693 986 2767 respondens
1003 2693 1191 2748 Petrus
1217 2695 1350 2749 dixit
1368 2711 1387 2749 :
1418 2694 1552 2749 Ecce
1581 2711 1672 2749 nos
1700 2696 2000 2778 reliquimus

427 2788 624 2841 omnia.
656 2785 789 2842 Cum
816 2785 1056 2840 audisset
1093 2784 1288 2840 Petrus
1311 2784 1694 2856 perfectionem
1719 2801 1748 2839 a
1777 2781 2001 2842 Domino

421 2875 606 2945 juveni
628 2875 979 2948 propositam,
996 2882 1050 2931 et
1070 2875 1365 2942 laudatam,
1384 2875 1551 2930 voluit
1567 2875 1706 2932 scire
1725 2892 1842 2946 qua:
1857 2885 2002 2933 esset

425 2981 633 3022 merces
676 2967 1014 3022 studentibus
1058 2981 1180 3021 eam
1207 3007 1221 3032 ,
1281 2967 1523 3036 dixitque
1565 2966 1634 3020 ad
1674 2966 1998 3021 Dominum:

2101 1783 2241 1839 lares
2273 1785 2553 1853 dicuntur,
2583 1797 2636 1842 et
2671 1789 2771 1844 hoc
2797 1799 2880 1844 est
2919 1793 3162 1847 canonici
3207 1794 3397 1850 Graeco
3443 1799 3672 1851 nomine.

2099 1872 2298 1929 Omnes
2342 1883 2522 1930 tamen
2577 1877 2779 1934 habent
2825 1880 3097 1936 Christum
3134 1884 3204 1937 in
3253 1887 3583 1955 exemplum,
3625 1897 3677 1940 et

2100 1967 2372 2036 apostolos
2399 1967 2515 2037 ejus
2541 1984 2677 2039 quos
2707 1971 2909 2027 imitari
2936 1974 3154 2029 debent.
3181 1975 3330 2032 Laici
3362 1986 3542 2032 autem
3576 1979 3672 2032 ha-

2099 2059 2229 2113 bent
2255 2058 2628 2128 Nicodemum,
2645 2062 2928 2131 Gamaliel,
2953 2065 3173 2137 Joseph,
3196 2078 3249 2124 et
3279 2070 3324 2123 si
3355 2072 3679 2140 potentiores

2101 2157 2226 2204 sunt
2279 2160 2502 2219 possunt
2547 2153 2602 2206 in
2649 2151 2943 2225 Scripturis
2989 2157 3186 2213 divinis
3235 2161 3477 2217 invenire
3522 2179 3677 2232 quem

2102 2241 2382 2297 imitentur
2417 2252 2472 2298 et
2511 2244 2566 2298 in
2602 2247 2840 2314 potentia
2872 2248 3136 2312 saeculari,
3169 2261 3223 2304 et
3267 2252 3320 2304 in
3372 2264 3680 2308 mansuetu-

2101 2333 2256 2397 dine,
2285 2341 2342 2388 et
2374 2333 2677 2389 humilitate
2721 2334 2942 2390 Christi.
2998 2337 3140 2394 Ecce
3187 2356 3472 2410 proponam
3523 2342 3677 2398 vobis

2101 2423 2322 2479 divitem
2347 2434 2402 2480 et
2431 2441 2723 2497 pauperem
2762 2429 2854 2483 Dei
2881 2446 2894 2482 :
2924 2431 2991 2484 ab
3019 2431 3134 2500 ipso
3165 2433 3331 2502 capite
3367 2434 3676 2502 exemplum

2101 2523 2155 2568 et
2200 2516 2362 2570 facite
2404 2518 2543 2572 sicut
2591 2519 2706 2588 ipse
2740 2517 2886 2574 fecit.
2936 2519 3226 2576 Videamus
3267 2521 3361 2577 Job
3408 2527 3679 2592 quomodo

2106 2601 2276 2676 justus
2315 2605 2496 2672 fuerit,
2526 2609 2617 2678 qui
2661 2608 2832 2679 legem
2871 2609 3062 2664 litterae
3106 2627 3378 2682 nunquam
3410 2612 3676 2676 audierat,

2102 2709 2156 2754 et
2185 2708 2362 2755 tamen
2388 2701 2682 2770 potentiam
2715 2702 2895 2756 sreculi
2925 2704 3174 2769 tenebat,
3203 2685 3257 2758 et
3285 2705 3556 2776 Evangelii
3588 2705 3680 2760 do.

2103 2799 2351 2846 cumenta
2379 2799 2568 2862 postea
2597 2792 2767 2848 multo
2807 2802 3047 2865 tempore
3075 2796 3284 2866 prolata
3311 2811 3473 2864 opere
3501 2805 3681 2850 custo-

2104 2882 2302 2937 diebat.
2347 2881 2642 2937 Audiamus
2671 2882 2832 2938 verba
2879 2883 3045 2954 ipsius
3072 2900 3192 2954 qua:
3221 2885 3418 2939 invitus
3441 2887 3676 2954 protulit,

2105 2971 2198 3027 sed
2218 2980 2397 3027 tamen
2427 2987 2531 3026 non
2559 2987 2626 3026 ex
2656 2974 2975 3029 cenodoxia.
3001 2975 3091 3029 Ait
3117 2991 3248 3047 ergo
3275 2995 3287 3029 :
3323 2973 3573 3028 Videbam
3599 2993 3677 3028 me

427 3055 563 3111 Ecce
607 3072 698 3111 nos
730 3056 1031 3126 reliquimus
1068 3056 1263 3108 omnia.
1302 3054 1580 3120 Quomodo
1626 3056 1758 3110 dicit
1793 3057 1998 3120 omnia,

2101 3063 2310 3132 iuvenes
2367 3072 2414 3117 et
2458 3063 2928 3130 abscondebantur,
2955 3075 3002 3120 et
3047 3083 3193 3120 senes
3222 3076 3543 3136 assurgentes
3572 3078 3679 3119 sta-

427 3163 549 3202 cum
571 3162 678 3201 non
712 3145 901 3201 habuit
936 3144 1040 3198 nisi
1071 3151 1186 3198 rete
1206 3152 1262 3198 et
1301 3145 1481 3198 navim
1503 3184 1516 3208 ,
1565 3153 1620 3199 et
1644 3145 1757 3214 ipsa
1786 3149 2000 3215 quando

431 3235 790 3292 necessarium
829 3233 928 3288 fuit
967 3231 1217 3302 repetiit?
1257 3232 1390 3287 Nam
1434 3234 1733 3289 invenimus
1773 3251 1896 3289 eum
1923 3237 2001 3305 pi-

430 3335 636 3382 scatum
664 3324 828 3380 fuisse
847 3332 968 3395 post
989 3324 1456 3379 resurrectionem.
1481 3323 1585 3379 Sed
1611 3325 1791 3379 omnia
1817 3324 2005 3379 intelli-

431 3418 602 3488 genda
629 3425 754 3473 sunt
781 3431 899 3486 quae
942 3414 1250 3484 concupisci
1274 3421 1544 3484 poterant,
1571 3414 1695 3482 quia
1723 3413 1886 3468 etiam
1908 3429 2004 3468 vo—

433 3509 686 3564 luntatem
711 3505 942 3562 habendi
971 3505 1322 3575 reliquerunt.
1361 3503 1428 3558 Et
1454 3504 1501 3558 si
1527 3504 1780 3559 voluisset
1808 3503 2002 3573 aiiquis

430 3617 522 3655 rex
554 3601 635 3655 eis
661 3599 789 3654 dare
810 3599 978 3652 multa
1020 3596 1220 3667 praedia
1245 3602 1302 3652 et
1339 3595 1573 3650 honores
1605 3633 1620 3659 ,
1672 3607 1778 3648 non
1823 3602 2004 3648 essent

430 3687 723 3760 accepturi.
759 3685 1085 3757 Reliquimus
1120 3684 1296 3738 omnia
1320 3724 1335 3750 ,
1381 3692 1429 3738 et
1480 3683 1644 3738 secuti
1698 3698 1877 3736 sumus
1931 3691 1998 3737 te.

432 3781 544 3836 Hoc
569 3789 670 3844 est,
694 3779 774 3835 sic
792 3777 1105 3846 reliquimus
1134 3783 1194 3830 ut
1217 3783 1273 3830 tu
1299 3775 1467 3830 babes
1491 3773 1764 3841 derelicta,
1782 3773 1871 3842 qui
1896 3788 2002 3828 non

429 3875 512 3930 vis
553 3871 842 3943 quidquam
891 3870 946 3923 in
987 3869 1090 3924 hoc
1123 3866 1317 3922 smculo
1364 3865 1653 3936 possidere.
1686 3863 1867 3919 Secuti
1915 3879 2004 3918 su-

430 3979 549 4019 mus
587 3970 639 4018 te
665 3977 771 4016 non
804 3966 1008 4014 tantum
1039 3957 1312 4029 gressibus
1348 3954 1612 4024 corporis,
1650 3952 1744 4007 sed
1785 3960 1838 4006 et
1884 3951 2004 4006 imi-

432 4055 635 4109 tatione
673 4051 917 4108 actionis.
981 4047 1155 4103 Simili
1212 4045 1370 4102 modo
1433 4044 1631 4100 debent
1695 4043 2002 4114 relinquere

431 4157 620 4197 omnes
675 4140 922 4198 monachi
978 4147 1032 4194 et
1085 4137 1379 4202 canonici,
1442 4136 1584 4192 sicut
1640 4142 1696 4189 et
1750 4133 1998 4204 apostoli.

432 4231 476 4285 A
532 4246 638 4302 quo
699 4231 843 4286 enim
899 4229 1096 4285 debent
1142 4226 1379 4296 episcopi
1453 4234 1508 4280 et
1574 4223 1875 4295 presbyteri
1939 4238 2004 4277 ac

433 4321 643 4377 diaconi
694 4319 995 4390 exemplum
1044 4318 1319 4388 accipere,
1374 4315 1480 4370 nisi
1530 4331 1561 4369 a
1611 4328 1718 4383 quo
1778 4322 1833 4367 et
1874 4327 1999 4382 gra-

2104 3151 2246 3205 bant.
2277 3149 2548 3222 Principes
2578 3153 2849 3207 cessabant
2879 3154 3023 3224 loqui
3051 3165 3098 3208 et
3133 3156 3354 3225 digitum
3375 3155 3680 3226 superpone-

2103 3239 2224 3292 bant
2251 3241 2332 3292 ori
2359 3256 2474 3294 suo.
2515 3239 2704 3295 Vocem
2726 3259 2875 3295 suam
2900 3243 3208 3298 cohibebant
3233 3245 3410 3307 duces,
3433 3255 3479 3296 et
3505 3244 3680 3313 lingua

2101 3344 2279 3382 eorum
2303 3331 2502 3399 gutturi
2529 3347 2625 3383 suo
2655 3331 2976 3386 adhwrebat.
3009 3333 3147 3388 Ecce
3169 3343 3410 3404 potestas
3434 3344 3486 3387 et
3513 3335 3679 3387 honor

2102 3419 2327 3488 regalis;
2351 3420 2627 3476 videamus
2635 3419 2788 3489 juxta
2801 3431 3192 3493 paupertatem,
3209 3441 3238 3479 a
3252 3425 3476 3480 Domino
3494 3435 3676 3494 postea

2101 3506 2508 3578 permulgatam.
2523 3507 2680 3562 Auris
2697 3509 2913 3564 audiens
2933 3511 3260 3580 beatiﬁcabat
3283 3530 3380 3576 me,
3395 3513 3530 3583 quod
3547 3512 3675 3564 libe-

2103 3612 2302 3650 rassem
2346 3613 2625 3668 pauperem
2671 3598 3040 3666 vociferantem
3059 3641 3073 3665 ,
3101 3611 3149 3654 et
3182 3602 3433 3673 pupillum
3460 3603 3542 3654 cui
3571 3618 3674 3654 non

2102 3695 2232 3739 esset
2253 3685 2486 3755 adjutor.
2518 3685 2821 3741 Benedictio
2842 3690 3061 3758 perituri
3077 3706 3233 3760 super
3258 3708 3340 3745 me
3365 3693 3608 3755 veniebat,
3628 3700 3676 3743 et

2071 3791 2195 3830 'cor
2233 3777 2403 3831 vidua:
2454 3776 2754 3832 consolatus
2795 3796 2932 3833 sum.
2981 3781 3178 3836 Oculus
3209 3783 3289 3852 fui
3327 3799 3482 3846 ca'co,
3511 3792 3557 3836 et
3592 3797 3676 3851 pes

2103 3867 2312 3933 claudo,
2334 3878 2482 3935 pater
2509 3885 2651 3922 eram
2669 3886 2977 3939 pauperum.
3006 3870 3343 3925 Conterebam
3371 3872 3536 3925 molas
3574 3872 3676 3924 ini-

2101 3958 2212 4027 qui,
2261 3963 2392 4016 etde
2413 3958 2649 4012 dentibus
2695 3958 2838 4012 illius
2891 3959 3192 4028 auferebam
3238 3963 3492 4031 prtrdam.
3544 3963 3678 4017 Ecce

2104 4047 2245 4116 quod
2274 4049 2414 4102 Deus
2437 4048 2571 4101 dixit
2597 4067 2609 4101 :
2639 4048 2849 4104 Esurivi
2871 4059 2918 4103 et
2947 4050 3158 4104 dedistis
3188 4052 3314 4103 mihi
3336 4053 3672 4115 manducare,

2103 4146 2159 4192 et
2195 4137 2397 4206 reliqua
2437 4138 2822 4193 misericordiae
2849 4155 3032 4209 opera.
3067 4140 3254 4195 Adhuc
3284 4141 3562 4196 videamus
3587 4158 3677 4195 ex-

2105 4227 2407 4283 cellentiam
2444 4235 2500 4282 et
2545 4227 2918 4283 humilitatem.
2953 4229 3243 4298 Sequitur:
3269 4227 3501 4299 Cumque
3538 4231 3679 4283 sede-

2107 4333 2214 4370 rem
2234 4316 2384 4387 quasi
2407 4317 2516 4381 rex,
2534 4317 2901 4372 circumstante
2920 4319 3169 4372 exercitu.
3188 4319 3326 4374 Ecce
3340 4319 3672 4373 excellentia.

434 4411 532 4464 dus
561 4409 870 4478 accipiunt?
899 4407 1052 4462 Sicut
1077 4407 1221 4460 enim
1247 4406 1303 4459 in
1324 4405 1494 4459 veteri
1538 4403 1657 4474 lege
1694 4401 2001 4457 sacerdotes
2026 4391 2078 4450 D
2105 4404 2266 4458 Eram
2285 4415 2456 4459 tamen
2475 4406 3124 4461 maerentiumconsolator.
3141 4407 3272 4462 Item
3291 4423 3305 4460 :
3323 4407 3380 4462 Si
3400 4410 3676 4474 contempsi

433 4499 735 4568 exemplum
766 4497 932 4568 Moysi
960 4505 1014 4551 et
1033 4496 1230 4558 Aaron,
1259 4495 1349 4563 qui
1373 4493 1531 4562 primi
1558 4492 1864 4548 sacerdotes
1888 4489 2002 4544 fuc—

434 4600 583 4651 runt,
610 4594 916 4650 tenuerunt,
945 4587 1024 4640 sic
1047 4587 1102 4640 in
1129 4599 1268 4639 novo
1291 4599 1479 4638 omnes
1506 4583 1781 4653 apostolici
1808 4591 1861 4636 et
1885 4582 2002 4651 epi-

434 4682 581 4752 sc0pi
609 4695 672 4734 ac
700 4679 996 4750 presbyteri
1023 4687 1077 4734 et
1104 4678 1295 4749 reliqui
1335 4676 1550 4732 ordines
1587 4677 1782 4731 debent
1818 4690 2002 4731 exem-

437 4771 579 4842 plum
598 4785 789 4838 capere
810 4785 842 4823 a
863 4768 1078 4824 Christo
1100 4777 1154 4824 et
1173 4769 1240 4823 ab
1262 4766 1535 4838 apostolis.
1566 4765 1718 4822 Unde
1737 4774 1791 4819 et
1808 4765 2005 4820 Paulus

435 4863 564 4918 dicit
589 4880 602 4917 :
627 4861 924 4917 Imitatorcs
953 4861 1055 4914 mei
1085 4869 1263 4924 estote,
1280 4860 1412 4914 sicut
1438 4865 1488 4912 et
1513 4873 1605 4928 ego
1628 4855 1842 4910 Christi.
1870 4854 2004 4910 Nam

435 4962 488 5007 et
518 4951 764 5008 monachi
805 4950 1050 5021 quamvis
1094 4948 1295 5018 aliquid
1337 4949 1459 5019 plus
1501 4947 1786 5001 videantur
1824 4943 2005 5000 facere

437 5058 596 5112 quam
642 5043 694 5098 in
743 5040 1030 5112 Evangelio
1079 5039 1337 5108 scriptum
1379 5044 1499 5102 est,
1535 5047 1712 5092 tamen
1761 5033 2003 5090 eamdem

436 5148 680 5189 normam
705 5139 759 5186 et
788 5131 884 5200 ipsi
919 5138 1100 5185 tenere
1127 5130 1342 5183 debent.
1381 5128 1447 5181 Et
1475 5127 1520 5182 si
1551 5127 1751 5196 aliquid
1778 5126 1857 5180 eis
1888 5125 2006 5194 plus

439 5232 764 5295 praeceptum
789 5231 890 5287 est,
913 5221 980 5277 ad
1010 5221 1142 5276 nihil
1169 5219 1312 5274 aliud
1339 5225 1662 5288 praeceptum
1686 5227 1792 5282 est,
1822 5217 1926 5271 nisi
1953 5223 2012 5269 ut

440 5315 649 5371 Domini
674 5313 852 5385 regula
877 5314 1045 5383 possit
1066 5311 1343 5368 custodiri.
1376 5310 1589 5364 Etenim
1614 5309 1659 5364 si
1682 5315 2007 5378 prteceptum

440 5411 522 5455 est
560 5403 710 5457 nobis
751 5411 870 5473 post
913 5401 1231 5471 completam
1277 5415 1384 5452 non
1412 5398 1574 5467 loqui,
1604 5413 1702 5468 pro
1728 5396 1871 5450 nulla
1900 5396 2006 5450 alia

445 5504 503 5544 re
549 5502 868 5561 praeceptum
909 5501 1012 5556 est,
1043 5506 1110 5545 ne
1158 5489 1373 5544 refectis
1416 5490 1536 5544 cibo
1579 5489 2008 5557 colloquentibus

446 5577 604 5630 simul
641 5580 817 5647 aliqua
854 5580 918 5635 lis
951 5588 1263 5650 exsurgeret
1299 5587 1352 5634 et
1389 5579 1613 5634 nimium
1659 5579 2002 5649 vigilantibus

2098 4497 2361 4569 judicium
2400 4498 2574 4552 subire
2606 4515 2723 4552 cum
2762 4515 2908 4553 servo
2936 4516 3048 4553 meo
3081 4509 3128 4553 et
3168 4498 3364 4553 ancilla
3389 4515 3524 4562 mea,
3565 4516 3676 4550 cum

2108 4586 2451 4655 disceptarent
2499 4587 2775 4641 adversum
2820 4605 2919 4643 me.
2939 4589 3002 4644 Si
3044 4590 3224 4658 negavi
3268 4589 3406 4657 quod
3452 4587 3680 4640 uolebant

2109 4676 2418 4746 pauperibus
2441 4686 2488 4730 et
2512 4676 2687 4730 oculos
2713 4677 2884 4730 uidua:
2910 4688 3207 4747 exspectare
3237 4676 3358 4746 feci.
3394 4676 3458 4730 Si
3487 4673 3678 4727 comedi

2111 4766 2392 4821 buccellam
2421 4784 2587 4822 meum
2610 4767 2752 4821 solus
2783 4777 2829 4821 et
2855 4784 2958 4821 non
2985 4767 3208 4822 comedit
3246 4766 3477 4836 pupillus
3501 4782 3564 4818 ex—
3598 4781 3670 4815 ea.

2111 4858 2173 4913 Si
2195 4860 2424 4911 animam
2455 4857 2808 4927 agricolarum
2834 4873 3066 4911 meorum
3091 4857 3252 4928 amici
3301 4858 3424 4927 quia
3447 4857 3510 4908 ab
3537 4854 3674 4907 initio

2110 4949 2264 5002 creuit
2319 4963 2516 5000 mecum
2562 4947 2846 5011 miseratio,
2893 4957 2942 5000 et
2992 4947 3057 5001 de
3106 4960 3278 5003 uentre
3323 4947 3508 4999 matris
3555 4961 3710 5023 metr.

2111 5055 2314 5108 egressa
2341 5047 2415 5092 est
2451 5054 2668 5090 mecum.
2703 5037 2861 5102 Ecce,
2886 5037 3030 5106 qudd
3058 5038 3315 5092 Dominus
3338 5037 3509 5090 dixit:
3531 5033 3676 5087 Beati

2111 5129 2489 5192 misericordes,
2521 5138 2576 5182 et
2606 5129 2831 5197 reliqua.
2865 5128 3036 5183 Vultis
3061 5129 3203 5183 scire
3231 5128 3405 5196 qualis
3431 5127 3532 5180 fuit
3552 5142 3674 5193 erga

2111 5219 2385 5273 subditos?
2403 5218 2491 5272 Ait
2511 5237 2523 5271 :
2543 5217 2604 5273 Si
2628 5217 2787 5272 levavi
2809 5235 3023 5273 manum
3045 5236 3214 5273 meam
3233 5235 3388 5287 super
3404 5216 3672 5288 pupillum,

2109 5309 2266 5361 etiam
2309 5325 2425 5362 cum
2451 5307 2672 5362 viderem
2699 5324 2778 5360 me
2815 5309 2872 5360 in
2895 5318 3044 5377 porta
3074 5308 3351 5377 superiori.
3395 5305 3551 5360 Foris
3577 5319 3674 5356 non

2113 5399 2304 5450 mansit
2328 5397 2856 5467 peregrinus,ostium
2881 5413 3052 5451 meum
3080 5397 3266 5449 viatori
3294 5397 3480 5466 patuit.
3512 5393 3674 5447 Vultis

2113 5503 2439 5557 cognoscere
2482 5503 2643 5556 quam
2691 5488 2904 5541 castus?
2956 5487 3046 5540 Ait
3080 5504 3092 5539 :
3130 5483 3312 5555 l’epigi
3362 5485 3525 5552 fwdus
3561 5496 3673 5535 cum

2113 5580 2278 5632 oculis
2315 5579 2440 5633 meis
2465 5594 2526 5632 ne
2551 5578 2828 5648 cogitarem
2857 5577 2920 5632 de
2945 5577 3157 5648 virgine.
3196 5577 3262 5630 Et
3291 5577 3418 5631 item
3444 5595 3457 5629 :
3485 5574 3542 5630 Si
3581 5573 3667 5624 de-
