3952 6186
304 355 429 409 1121

1433 347 1801 403 EXPOSITIO
1838 342 1904 398 ΙΝ
1947 342 2380 400 ΜΛΤΤΙΙᾹΣΙΕΜ.

3433 338 3565 394 1129.

297 471 593 534 reptantes!
620 477 710 514 cor
731 476 1069 531 meumsupcr
1083 459 1562 525 muliere,scortum
1577 461 1643 513 sit
1663 457 1880 512 alterius
1910 459 1957 516 Α
1986 457 2296 523 lrequcnter
2330 456 2515 511 tardus
2559 457 2760 520 frater,
2790 457 2882 512 sed
2914 467 3092 513 tamen
3125 457 3571 519 studiostts,asse-

296 570 432 609 uxor
470 569 605 605 mea.
651 551 791 605 Ecce
834 553 1071 621 potentia
1101 559 1155 605 ct
1186 551 1384 605 divitia:
1412 552 1465 605 in
1494 566 1600 605 uno
1642 549 1878 605 homine.

296 644 397 711 Qui
428 642 616 697 nolunt
664 656 763 709 per
806 640 984 695 omnia
1026 640 1295 710 potentias
1341 640 1635 704 dimittere,
1664 646 1887 693 teneant

297 750 413 799 eas,
445 733 585 788 sicut
607 733 711 787 iste
738 732 830 801 qui
860 732 1022 785 ditior
1047 730 1150 785 fuit
1182 729 1424 800 quolibet
1452 730 1564 801 regi
1594 738 1805 795 nostro,
1830 738 1887 783 et

300 834 479 878 taimm
507 823 708 893 absque
735 822 852 891 lege
888 820 1055 894 Moysi
1084 831 1139 876 et
1168 821 1444 893 Evangelii
1478 822 1705 877 exstitit.
1733 821 1886 877 luve-

302 914 410 967 niat
437 914 531 983 qui
562 912 675 968 vult
713 911 875 967 talem
909 911 1133 966 divitem
1161 912 1215 965 in
1246 922 1475 983 utroque
1504 913 1780 968 adhibere.
1828 911 1886 967 Si

300 1004 663 1075 prolixitatem
712 1002 837 1061 libri
885 1020 991 1059 non
1031 1019 1269 1072 vererer,
1301 1005 1640 1061 ostenderem
1672 1003 1889 1075 qualem

301 1096 600 1152 custodiam
620 1112 749 1168 erga
784 1096 940 1161 tllios,
963 1111 1124 1167 quem
1148 1096 1390 1166 vigorem
1416 1113 1581 1168 super
1607 1097 1887 1153 mulierem

302 1184 511 1252 habuit,
541 1194 597 1241 et
632 1201 796 1256 quam
836 1185 993 1242 fortis
1031 1187 1085 1242 in
1118 1188 1398 1258 prosperis
1435 1197 1491 1243 et
1526 1188 1580 1243 in
1622 1188 1888 1255 adversis,

301 1290 461 1345 quem
504 1290 607 1329 nec
634 1289 896 1345 prospera
924 1275 1237 1331 extulerunt
1278 1292 1378 1332 nec
1420 1277 1648 1333 adversa
1680 1276 1890 1345 deiece-

305 1372 451 1428 runt,
478 1362 605 1417 licet
646 1364 890 1419 diabolus
918 1366 1045 1420 totis
1081 1366 1308 1432 viribus,
1352 1367 1606 1438 adjuncto
1635 1367 1891 1423 familiari

303 1458 522 1512 vasculo
536 1455 733 1511 femina
750 1458 936 1527 ipsius,
955 1459 1095 1514 bella
1113 1460 1372 1516 adversus
1384 1476 1509 1516 eum
1524 1461 1888 1517 suscitaverit.

303 1546 561 1618 Sequitur
590 1567 601 1602 :
626 1548 782 1605 Jesus
831 1561 1005 1605 autem
1051 1551 1183 1605 dixit
1223 1551 1349 1607 illis.
1408 1551 1544 1620 Quia
1573 1552 1765 1609 Petrus
1794 1568 1892 1623 pro

302 1640 555 1696 omnibus
590 1640 848 1709 apostolis
876 1640 1087 1697 locutus
1125 1642 1322 1709 fuerat,
1349 1655 1404 1698 et
1431 1643 1693 1699 Dominus
1717 1644 1893 1700 omni-

1989 556 2188 615 qnatur
2239 548 2380 616 quod
2407 548 2549 603 acris
2573 548 2770 620 ingenii
2799 564 2895 619 per
2921 548 3181 605 desidiam
3210 549 3407 620 perdit.

2552 659 2778 715 CAPUT
2825 660 3008 716 XLIV.

2276 728 2354 783 De
2382 731 2635 800 operariis
2665 731 2933 785 conductis
2959 732 3013 785 in
3042 732 3266 787 vineam.

2059 816 2241 872 Simile
2281 829 2355 874 est
2392 836 2607 890 regnum
2647 817 2893 874 cwlorum
2933 822 3131 877 homini
3172 822 3569 893 patrifamilias.

1986 907 2091 962 ista
2116 908 2372 977 parabole
2398 908 2466 964 de
2490 898 2647 963 versu
2675 910 2939 980 superiori
2969 911 3169 966 dicitur
3197 930 3209 966 :
3239 912 3396 968 Multi
3420 923 3587 973 erunt

1987 998 2124 1051 enim
2143 998 2305 1069 primi
2331 1000 2613 1054 novissimi.
2646 1000 2891 1070 Regnum
2919 1000 3178 1057 cmlorum
3206 1019 3447 1075 prtesens
3473 1004 3573 1059 Ec-

1988 1089 2153 1145 clesia
2200 1089 2539 1161 intelligitur.—
2586 1089 3001 1156 Paterfamilias,
3034 1091 3175 1148 Deus
3210 1094 3571 1165 omnipotens,

1988 1180 2081 1249 qui
2129 1180 2294 1236 habet
2337 1179 2697 1236 universalem
2741 1182 2986 1246 vineam,
3015 1181 3225 1238 scilicet
3272 1184 3574 1243 Ecclesiam

1991 1287 2110 1341 qua:
2154 1271 2222 1326 ab
2261 1270 2394 1326 Abel
2435 1271 2583 1341 justo
2621 1286 2792 1341 usque
2830 1273 2898 1327 ad
2945 1273 3193 1330 ultimum
3233 1275 3326 1346 qui
3366 1275 3421 1331 in
3465 1275 3576 1331 line
3650 1275 3664 1289 ‘

1987 1364 2174 1419 mundi
2217 1364 2523 1418 nasciturus
2558 1370 2664 1430 est,
2696 1363 2840 1433 quod
2882 1373 3102 1421 sanctos
3144 1366 3391 1437 protulit,
3419 1366 3576 1435 quasi

1992 1462 2072 1512 tot
2107 1456 2359 1526 palmites
2405 1456 2570 1510 misit.
2619 1454 2725 1521 Qui
2751 1457 2876 1510 exiit
2910 1458 3081 1526 primo
3112 1473 3266 1515 mane
3291 1459 3580 1514 conducere

1989 1547 2258 1617 operarios
2286 1547 2341 1600 in
2370 1546 2573 1601 vineam
2603 1563 2776 1601 suam.
2814 1547 2949 1614 Quia
2978 1548 3121 1603 Deus
3156 1550 3499 1621 omnipotens
3522 1551 3579 1607 in

1992 1637 2146 1693 initio
2176 1638 2359 1693 mundi
2388 1637 2537 1693 misit
2562 1637 2925 1707 patriarchas,
2962 1637 3154 1706 Adam,
3194 1640 3362 1708 Abel,
3391 1642 3580 1701 Enneh

302 1732 404 1787 bus
436 1731 723 1801 respondet
750 1731 935 1787 dicens
961 1751 973 1785 :
998 1733 1165 1788 Amen
1188 1733 1305 1788 dico
1336 1736 1498 1800 vobis,
1519 1735 1659 1805 quod
1689 1752 1777 1790 uos
1801 1735 1891 1807 qui
1993 1736 2049 1783 el
2078 1727 2333 1797 reliquos.
3550 1794 3551 1797 η

301 1821 466 1875 secuti
488 1823 610 1875 estis
638 1838 738 1877 me.
771 1822 888 1877 Non
916 1823 1066 1890 dicit,
1092 1824 1186 1893 qui
1211 1824 1506 1894 reliquistis
1528 1825 1732 1891 omnia,
1763 1826 1889 1895 quia
1921 1810 1965 1869 Β
2061 1819 2410 1878 Conventione
2451 1832 2624 1878 autem
2658 1823 2800 1894 facta
2825 1839 2942 1878 cum
2982 1825 3235 1895 operariis
3261 1841 3328 1881 ea:
3359 1824 3580 1881 denario

300 1910 407 1966 hoc
430 1911 583 1966 multi
608 1912 799 1984 pagani
828 1911 1075 1968 fecerunt
1111 1922 1167 1968 et
1195 1914 1525 1985 philosophi,
1553 1922 1610 1970 et
1639 1913 1891 1973 Socrates

302 2014 358 2060 et
378 2005 780 2077 Chrysodemus
802 2007 891 2077 qui
908 2008 1142 2062 venditis
1152 2008 1494 2077 patrimoniis
1508 2023 1752 2080 gemmas
1769 2024 1892 2079 pre-

306 2094 626 2151 tiosissimas
663 2104 913 2151 emerant
952 2104 1007 2150 et
1041 2096 1186 2166 ipsas
1220 2097 1290 2153 ob
1321 2096 1561 2153 favorem
1590 2098 1734 2170 vulgi
1762 2113 1893 2153 con-

298 2182 629 2257 fringebant.
703 2187 879 2241 Etiam
941 2187 1305 2244 Diocletianus
1362 2196 1536 2245 totum
1604 2189 1893 2259 imperium

304 2276 488 2330 mundi
520 2285 710 2347 sponte
751 2278 973 2334 dimisit.
1023 2277 1132 2335 Sed
1160 2281 1226 2335 de
1258 2280 1363 2336 hoc
1398 2281 1548 2348 dicit,
1579 2283 1725 2353 quod
1766 2297 1891 2352 per-

304 2362 495 2423 fectius
535 2377 683 2436 erat,
713 2370 805 2442 qui
838 2372 1010 2427 secuti
1046 2372 1180 2427 estis
1208 2388 1295 2428 me
1332 2373 1615 2430 imitando.
1647 2373 1716 2428 In
1744 2391 1891 2446 rege-

305 2461 592 2527 neratione,
612 2463 666 2517 id
695 2471 779 2518 est
804 2463 859 2517 in
888 2465 1260 2532 renovatione,
1285 2466 1413 2537 quia
1435 2467 1578 2523 sicut
1600 2474 1893 2522 renovatur

301 2553 483 2606 anima
526 2568 625 2623 per
673 2553 854 2620 tidem,
887 2556 967 2611 sic
1001 2558 1407 2614 renovabuntur
1430 2574 1662 2631 corpora
1704 2568 1893 2615 nostra

305 2643 357 2697 in
387 2643 474 2699 die
495 2646 684 2716 judicii
710 2664 808 2718 per
837 2648 1321 2719 incorruptionem.
1366 2648 1501 2706 Cum
1523 2652 1715 2709 sederit
1747 2650 1893 2722 ﬁlius

302 2732 527 2790 hominis
548 2736 603 2789 in
622 2737 744 2792 sede
765 2737 1055 2807 majestatis
1080 2757 1211 2795 suae.
1244 2740 1446 2798 Sedere
1463 2740 1762 2812 judicantis
1784 2751 1889 2810 est,

302 2823 407 2880 hoc
445 2833 527 2880 est
570 2842 692 2881 cum
727 2829 941 2884 venerit
966 2830 1033 2885 ad
1049 2830 1333 2901 judicium.
1380 2833 1439 2888 ln
1479 2834 1630 2897 sede,
1657 2836 1716 2890 in
1742 2849 1891 2901 aere,

302 2914 393 2969 ubi
416 2914 679 2985 judicium
703 2916 797 2973 flet
815 2920 1141 2990 majestatis,
1170 2922 1222 2976 id
1250 2931 1334 2977 est
1361 2924 1604 2980 terroris.
1634 2922 1892 2980 Sedebitis

302 3019 459 3073 super
482 3004 629 3059 sedes
670 3006 965 3064 duodecim.
1013 3009 1118 3065 Per
1151 3010 1543 3067 duodenarium
1584 3028 1889 3080 numerum,

301 3094 480 3149 omnis
502 3093 775 3165 perfectus
805 3107 1115 3155 sanctorum
1140 3116 1401 3158 numerus
1426 3102 1771 3173 exprimitur,
1797 3103 1890 3174 qui

1991 1911 2204 1967 diurno.
2236 1911 2388 1969 Tunc
2424 1913 2685 1969 Dominus
2710 1914 3125 1970 conventionem
3165 1913 3294 1972 fecit
3321 1931 3447 1972 cum
3483 1916 3581 1972 ho-

1993 2005 2159 2070 mine,
2181 2006 2398 2075 quando
2424 2020 2521 2076 pro
2546 2005 2789 2062 custodia
2829 2006 3208 2062 mandatorum
3252 2009 3584 2079 perpetuita-

1991 2102 2101 2149 tem
2129 2104 2186 2150 et
2213 2095 2673 2154 immortalitatem
2699 2096 2816 2169 dari
2846 2098 3114 2167 promisit.
3139 2097 3268 2154 Sive
3290 2100 3582 2155 conventio

1990 2194 2193 2241 aeterna
2224 2186 2335 2241 vita
2364 2185 2701 2258 intelligitur.
2753 2185 2899 2242 liora
2945 2188 3121 2258 prima
3157 2188 3229 2243 ab
3264 2188 3437 2245 Adam
3480 2188 3585 2245 fuit

1992 2290 2163 2344 usque
2190 2277 2257 2331 ad
2283 2274 2415 2343 Noe,
2440 2277 2575 2332 hora
2605 2277 2765 2332 tertia
2796 2292 2826 2331 a
2858 2275 2972 2332 Noe
2996 2276 3254 2348 usquead
3277 2277 3579 2337 Abraham.

1994 2364 2159 2421 Sexta
2201 2366 2271 2421 ab
2312 2366 2587 2423 Abraham
2617 2381 2790 2437 usque
2823 2366 2893 2422 ad
2929 2366 3122 2423 David.
3169 2366 3324 2425 Nona
3349 2384 3381 2423 a
3409 2370 3583 2427 David

1992 2470 2166 2526 usque
2191 2455 2259 2510 ad
2282 2454 2568 2512 Joannem.
2619 2456 2915 2514 Undecima
2952 2457 3007 2512 in
3037 2473 3144 2528 qua
3168 2459 3401 2529 apostoli
3426 2460 3580 2517 missi

1991 2554 2119 2603 sunt
2142 2565 2156 2600 :
2179 2548 2272 2617 qui
2317 2549 2473 2604 tarde
2518 2548 2799 2605 venientes
2837 2550 3147 2608 mercedem
3169 2550 3388 2620 plenam
3419 2568 3579 2609 acce-

1990 2645 2204 2707 perunt.
2246 2636 2453 2707 Quibus
2477 2638 2584 2695 alio
2607 2638 2730 2696 loco
2756 2640 3017 2697 Dominus
3041 2639 3211 2698 dicit:
3233 2642 3343 2698 Alii
3370 2642 3581 2699 labora-

1991 2740 2172 2786 verunt
2201 2744 2247 2786 et
2278 2748 2366 2786 eos
2390 2732 2448 2787 in
2471 2731 2676 2788 labores
2703 2749 2886 2787 eorum
2910 2733 3184 2791 introistis.
3230 2733 3291 2789 In
3320 2750 3427 2805 qua
3452 2750 3583 2806 gen-

1992 2820 2116 2875 tiles
2142 2828 2427 2889 vocantur,
2457 2821 2656 2892 quibus
2674 2831 2732 2877 et
2758 2822 2995 2877 dicitur:
3023 2812 3163 2889 Quid
3185 2824 3271 2878 hic
3292 2825 3446 2880 statis
3469 2835 3582 2881 tota

1991 2910 2077 2966 die
2101 2912 2295 2966 otiosi?
2339 2908 2506 2981 Qu'asi
2548 2913 2697 2969 enim
2734 2919 2846 2968 tota
2882 2912 2970 2968 die
3009 2912 3171 2969 otiosi
3215 2915 3453 2982 stabant,
3485 2917 3580 2986 qui

1992 3007 2271 3059 transacto
2315 3012 2421 3059 tam
2467 3003 2628 3076 longo
2670 3011 2913 3075 tempore
2944 3013 3180 3075 quatuor
3214 3006 3383 3062 millia
3410 3024 3581 3066 anno-

1993 3107 2115 3148 rum
2134 3092 2305 3149 Dcum
2327 3094 2449 3157 caeli
2477 3109 2583 3150 non
2601 3095 2922 3151 adorabant.
2943 3095 3142 3151 Dicunt
3160 3098 3209 3152 ei
3230 3111 3249 3150 :
3270 3098 3410 3165 Quia
3428 3117 3580 3156 nemo

300 3185 618 3254 iudicabunt
645 3187 861 3258 iniquos
896 3192 1301 3261 comparatione
1330 3192 1435 3257 sui,
1462 3206 1634 3261 quare
1659 3191 1738 3247 illi
1765 3208 1889 3247 cum

1995 3199 2089 3237 nos
2114 3183 2383 3239 conduxit.
2425 3183 2648 3242 Scilicet
2671 3186 2790 3242 vias
2824 3186 2948 3242 vita:
2984 3186 3163 3244 nullus
3198 3189 3356 3246 nobis
3393 3193 3582 3261 pradi-

304 3276 553 3332 similiter
594 3279 777 3333 carnei
820 3278 1023 3335 fuerint
1057 3290 1111 3336 et
1140 3297 1171 3336 a
1202 3281 1311 3337 Deo
1347 3282 1537 3346 creati,
1569 3296 1677 3336 non
1712 3288 1892 3337 custo-

308 3367 522 3424 dierunt
568 3369 821 3425 mandata
871 3370 966 3426 Dei
998 3371 1144 3426 sicut
1187 3371 1300 3436 isti,
1345 3378 1401 3427 et
1437 3380 1724 3442 propterea
1763 3385 1893 3426 con-

309 3457 639 3513 demnahunt
661 3473 757 3514 eos
783 3460 973 3530 dignos
1006 3476 1128 3516 esse
1156 3462 1441 3532 gehennae,
1468 3462 1560 3531 qui
1603 3460 1893 3517 noluerunt

309 3549 503 3604 similia
535 3550 641 3606 illis
669 3566 850 3623 agere.
878 3551 1189 3607 Judicantes
1214 3552 1488 3607 duodecim
1512 3552 1676 3606 tribus
1698 3550 1887 3606 Israel.

311 3638 462 3696 Sicut
476 3658 572 3712 per
599 3643 881 3698 duodecim
904 3642 1179 3714 apostolos
1190 3643 1368 3699 omnis
1389 3642 1686 3698 electorum
1706 3658 1893 3698 nume-

310 3747 402 3786 rus
421 3732 763 3802 exprimitur,
780 3733 853 3787 ita
878 3748 975 3803 per
996 3734 1280 3789 duodecim
1304 3734 1477 3789 tribus
1504 3747 1693 3788 omnes
1717 3742 1892 3803 gentes

307 3828 364 3874 et
375 3817 544 3876 Judaei
559 3821 933 3893 intelliguntur
950 3833 1171 3894 propter
1185 3824 1575 3880 duodenarium
1586 3840 1890 3890 numerum,

308 3912 400 3980 qui
428 3911 700 3981 perfectus
730 3922 785 3968 et
814 3915 954 3983 apud
984 3930 1224 3986 paganos
1248 3924 1304 3971 et
1337 3924 1690 3972 consecratus
1730 3915 1786 3970 in
1813 3915 1894 3972 di-

309 4001 452 4056 vinis
481 4000 777 4071 Scripturis
806 4003 1098 4058 invenitur.
1127 4003 1198 4058 Et
1241 4005 1410 4060 omnis
1443 4003 1536 4075 qui
1565 4003 1771 4075 reliquit
1797 4004 1896 4059 do-

309 4105 451 4145 mum
478 4089 558 4145 vel
579 4091 773 4161 {ratres
796 4102 885 4147 aut
907 4110 1132 4160 sorores,
1161 4104 1253 4149 aut
1281 4103 1505 4164 patrem,
1524 4102 1616 4148 aut
1650 4102 1888 4158 matrem,

309 4190 400 4235 aut
423 4192 765 4249 uxorem,aut
792 4182 950 4253 ﬁlios,
976 4192 1067 4237 aut
1086 4199 1241 4254 agros
1258 4193 1470 4255 prapter
1492 4199 1676 4237 nomen
1696 4197 1891 4248 meum,

309 4270 607 4342 centuplum
627 4272 844 4342 accipiet
869 4283 916 4326 et
942 4273 1100 4327 vitam
1120 4283 1370 4328 wternam
1388 4273 1686 4345 possidebit.
1710 4273 1766 4329 Id
1787 4281 1890 4339 est,

309 4364 402 4433 qui
428 4372 648 4434 propter
677 4365 844 4419 Deum
891 4374 1105 4420 terrena
1131 4366 1379 4437 reliquit,
1404 4366 1704 4436 spiritualia
1750 4365 1894 4421 bona

304 4457 557 4528 recipiet,
586 4473 707 4529 quae
747 4459 1153 4529 comparatione
1174 4467 1229 4515 et
1254 4459 1449 4515 merito
1482 4459 1564 4514 sui
1608 4459 1681 4512 ita
1708 4466 1889 4521 erunt,

312 4556 568 4618 tanquam
601 4550 649 4604 si
675 4551 1018 4606 centenarius
1051 4567 1306 4607 numerus
1339 4565 1510 4621 parvo
1549 4558 1894 4621 comparetur

311 4653 561 4695 numero.
591 4639 718 4696 Sive
742 4641 1069 4697 voluerimus
1096 4644 1163 4699 de
1190 4643 1294 4697 hoc
1321 4642 1505 4697 dicere
1530 4641 1672 4712 quod
1707 4642 1763 4695 in
1787 4640 1894 4696 alio

311 4729 430 4787 loco
451 4732 1049 4803 scribitur,centuplum
1070 4734 1299 4804 accipiet
1319 4734 1373 4788 in
1398 4734 1503 4789 hoc
1522 4732 1737 4789 saeculo.
1764 4732 1894 4787 Pos-

310 4837 499 4878 sumus
537 4824 887 4880 considerare
929 4835 1187 4895 quantam
1217 4825 1444 4897 gloriam
1483 4826 1675 4881 beatus
1700 4825 1893 4880 Petrus

311 4917 520 4986 accepit
543 4916 598 4971 in
629 4918 733 4973 hoc
759 4918 978 4983 saeculo,
995 4918 1093 4988 qui
1118 4926 1348 4989 poterat,
1376 4927 1663 4988 postquam
1694 4919 1760 4971 ad
1790 4919 1893 4972 Do—

313 5006 518 5061 minum
545 5008 713 5074 venit,
753 5008 906 5064 vivos
946 5009 1113 5064 verbo
1153 5009 1423 5074 occidere,
1447 5008 1721 5063 viviﬁcarc
1750 5022 1897 5061 mor-

314 5102 454 5162 tuos,
482 5097 694 5167 erigere
714 5097 956 5165 claudos,
983 5100 1171 5164 etiam,
1190 5107 1251 5153 ut
1272 5099 1503 5164 canitur,
1527 5098 1727 5154 caelum
1748 5098 1896 5153 clau-

313 5187 441 5243 dere
468 5196 524 5243 et
546 5190 777 5258 aperire.
807 5190 1004 5257 Quanti
1034 5191 1162 5246 boni
1191 5199 1274 5247 est
1314 5191 1382 5246 ad
1411 5192 1892 5262 comparationem,

313 5278 455 5346 quod
496 5287 620 5335 ante
649 5280 885 5337 tenebat.
926 5279 1079 5335 Nunc
1125 5295 1339 5352 quoque
1380 5296 1633 5353 magnum
1669 5296 1894 5353 regnum

313 5367 476 5425 habet
500 5369 568 5424 de
595 5370 737 5427 villis
763 5380 820 5427 et
842 5371 1014 5426 servis
1040 5386 1139 5442 per
1160 5387 1377 5427 omnem
1402 5371 1683 5437 mundum,
1706 5380 1763 5427 et
1794 5373 1896 5443 ipsi

312 5467 370 5515 et
395 5475 586 5518 omnes
630 5464 801 5520 sancti
832 5473 1052 5535 propter
1077 5479 1320 5520 amorem
1366 5463 1482 5519 Dei.
1533 5463 1694 5518 Multi
1720 5474 1894 5519 autem

312 5560 465 5605 erunt
500 5551 660 5621 primi
694 5555 981 5620 novissimi,
1010 5562 1059 5609 et
1086 5554 1351 5609 novissimi
1391 5554 1567 5625 primi.
1610 5554 1678 5609 Et
1706 5554 1773 5610 de
1796 5553 1895 5609 In.

202 5708 226 5731 ’
313 5639 445 5731 dzeis
466 5648 523 5696 et
541 5644 787 5711 gentibus
808 5654 987 5715 potest
1006 5646 1252 5716 intelligi,
1266 5646 1405 5703 etde
1426 5644 1561 5704 Juda
1586 5656 1641 5702 et
1664 5647 1894 5716 latrone,

1917 4519 1971 4579 D

1994 3273 2158 3328 cavit.
2192 3272 2275 3329 Ite
2298 3284 2347 3328 et
2372 3290 2460 3329 res
2489 3275 2544 3330 in
2571 3276 2774 3331 vineam
2798 3293 2988 3332 meum.
3026 3277 3106 3333 Ac
3130 3279 3179 3335 si
3202 3288 3390 3349 aperte
3412 3282 3577 3347 dicat,

1992 3362 2178 3419 Estote
2219 3373 2270 3419 et
2310 3365 2461 3420 uinea
2493 3383 2633 3432 mea,
2663 3368 2793 3437 quia
2836 3382 3009 3439 usque
3048 3371 3211 3425 modo
3255 3369 3425 3427 Judaei
3478 3373 3580 3428 soli

1993 3454 2123 3510 dicti
2169 3463 2296 3510 sunt
2338 3454 2498 3511 vinea
2539 3456 2773 3513 Domini.
2811 3457 3108 3513 Possumus
3131 3472 3346 3528 quoque
3387 3461 3580 3517 eadem

1994 3544 2249 3598 horarum
2288 3545 2463 3613 spatia
2504 3544 2560 3599 in
2604 3559 2929 3615 unoquoque
2984 3547 3205 3602 homine
3256 3549 3575 3620 intelligere.

1992 3632 2088 3689 Ille
2131 3634 2278 3689 enim
2312 3635 2366 3688 in
2401 3635 2561 3691 vinea
2598 3636 2812 3691 Domini
2845 3636 2915 3691 ab
2941 3637 3075 3693 hora
3114 3639 3290 3709 prima
3318 3656 3488 3710 usque
3512 3643 3580 3697 ad

1993 3739 2278 3795 vesperum
2305 3726 2535 3793 laborat,
2559 3728 2652 3798 qui
2674 3728 2744 3782 ab
2763 3728 2991 3784 infantia
3016 3730 3070 3785 in
3094 3731 3336 3787 Ecclesia
3366 3733 3579 3788 Domini

1993 3815 2311 3871 innocenter
2338 3817 2557 3883 vivens,
2586 3818 2806 3873 instruit
2838 3818 2973 3875 alios
3007 3820 3153 3877 bono
3179 3823 3426 3893 exemplo
3457 3825 3580 3880 vita:

1994 3923 2126 3974 sua),
2154 3917 2250 3965 aut
2268 3917 2325 3964 et
2359 3911 2606 3981 exemplo
2630 3921 2685 3967 et
2712 3912 2897 3968 verbo.
2926 3913 3019 3970 llle
3047 3916 3182 3971 hora
3214 3918 3395 3985 tertia,
3423 3920 3515 3989 qui
3548 3936 3580 3974 a

1991 3998 2261 4069 pravitate
2279 4009 2404 4070 post
2430 4001 2719 4070 pueritiam
2746 4010 3006 4059 mutatur.
3039 4004 3205 4060 Sexta
3225 4022 3442 4079 quoque
3459 4011 3581 4080 quis

1991 4093 2345 4158 convertitur,
2378 4109 2502 4150 cum
2534 4095 2586 4150 in
2624 4094 2910 4165 iuventute
2934 4113 2963 4152 a
2991 4099 3175 4170 pravis
3202 4101 3457 4171 operibus
3482 4117 3580 4175 per

1994 4183 2089 4239 Dei
2134 4183 2498 4240 visitationem
2543 4197 2848 4242 revocatur.
2886 4187 3028 4244 ﬂora
3058 4205 3223 4257 nona,
3245 4207 3372 4249 cum
3397 4196 3520 4264 quis
3546 4212 3579 4250 a

1986 4273 2269 4343 iuventute
2298 4277 2620 4348 resipiscens
2646 4293 2745 4348 per
2769 4278 3037 4348 juveniles
3070 4297 3243 4339 annos
3270 4284 3324 4339 in
3345 4284 3441 4341 Dei
3466 4301 3581 4341 sero

1993 4366 2183 4421 vitium
2204 4375 2460 4422 mutatur.
2479 4367 2622 4424 Hora
2640 4369 2925 4426 undecima
2949 4376 3286 4431 convertitur
3304 4388 3578 4447 peccator,

1996 4471 2119 4511 cum
2160 4457 2272 4528 jam
2314 4459 2553 4515 vicinum
2596 4474 2656 4516 se
2698 4463 2861 4517 morti
2910 4466 3180 4521 senserit:
3206 4446 3333 4523 tunc
3360 4446 3460 4539 μέν
3484 4446 3580 4528 Dei

1996 4547 2426 4605 misericordiam
2453 4559 2509 4605 ct
2533 4551 2901 4609 visitationem
2929 4554 3117 4626 incipit
3148 4559 3385 4629 cogitare
3403 4601 3419 4626 ,
3448 4562 3580 4631 quid

1995 4635 2125 4692 fecit
2157 4646 2267 4691 tam
2292 4638 2451 4709 longe
2474 4647 2739 4712 tempore,
2767 4651 2824 4698 et
2848 4644 3003 4713 quasi
3027 4644 3169 4701 Deus
3194 4648 3251 4702 in
3273 4650 3436 4705 corde
3462 4651 3581 4723 ejus

1994 4729 2255 4801 loquitur,
2287 4731 2491 4801 inquit:
2512 4733 2686 4790 Tanto
2708 4743 2953 4806 tempore
2976 4737 3031 4793 in
3053 4738 3190 4795 meis
3212 4740 3579 4811 voluptatibus

1993 4822 2128 4888 vixi,
2156 4821 2270 4891 jam
2294 4838 2463 4895 prope
2488 4833 2574 4881 est
2597 4835 2658 4879 ut
2681 4827 2749 4881 ad
2790 4826 3059 4883 infernum
3088 4830 3292 4897 trahar,
3319 4834 3408 4901 qui
3442 4831 3576 4887 nihil

1994 4931 2094 4986 pro
2139 4916 2332 4971 animm
2374 4932 2509 4971 mea:
2552 4917 2725 4971 salute
2772 4934 3009 4989 unquam
3057 4921 3315 4988 laboravi,
3359 4930 3414 4977 et
3447 4930 3576 4978 tunc

1998 5020 2235 5062 maerore
2287 5005 2518 5060 afﬁcitur
2570 5006 2623 5060 in
2673 5008 2895 5063 servitio
2943 5007 3070 5074 Dei;
3100 5017 3303 5078 quanto
3350 5012 3576 5075 tardius,

1999 5105 2153 5151 tanto
2195 5095 2494 5151 ferventius
2535 5096 2848 5161 inardescit,
2879 5106 2934 5153 et
2960 5098 3278 5169 plerumque
3327 5109 3453 5157 ante
3497 5117 3581 5158 rc-

1996 5195 2316 5242 muneratur
2360 5201 2523 5257 quam
2564 5188 2609 5241 is
2647 5188 2738 5257 qui
2777 5188 2844 5241 ab
2875 5186 3101 5243 infantia
3136 5190 3191 5244 in
3237 5189 3330 5245 Dei
3359 5193 3580 5248 servitio

1997 5264 2298 5333 desudavit.

2069 5369 2202 5424 Cum
2228 5386 2345 5424 sero
2371 5379 2544 5424 autem
2574 5371 2770 5440 factum
2793 5386 2948 5437 esset,
2968 5372 3095 5427 dicit
3135 5372 3380 5428 dominus
3418 5391 3579 5429 vincte
3602 5404 3617 5413 ι

1996 5462 2328 5533 procuratori
2374 5478 2490 5516 suo.
2543 5462 2699 5528 Sero,
2743 5464 2860 5520 dies
2910 5464 3303 5531 retributionis,
3332 5466 3416 5521 vel
3463 5467 3581 5522 dies

1992 5554 2201 5626 judicii.
2231 5552 2620 5611 Procuratores
2642 5556 2811 5611 vinea:
2829 5556 3003 5627 angeli
3023 5555 3258 5624 Domini,
3286 5557 3369 5613 vel
3397 5575 3583 5616 unus-

1998 5645 2251 5725 quisque
2315 5643 2609 5700 hominum.
2664 5644 2803 5701 Voca
2833 5649 3118 5715 operarios.
3149 5647 3399 5716 Quotidie
3421 5664 3582 5703 voca-

315 5739 372 5786 et
398 5730 465 5787 de
491 5731 760 5789 desidioso
786 5733 953 5793 fratre
980 5747 1037 5795 et
1060 5738 1304 5796 studioso
1338 5739 1510 5809 accipi
1536 5748 1732 5814 potest,
1753 5740 1898 5808 quod
2001 5753 2143 5802 mur,
2172 5736 2299 5804 quia
2335 5737 2575 5802 quotidie
2608 5738 2889 5794 morimur.
2920 5738 2988 5795 Et
3029 5739 3266 5796 reddidit
3293 5738 3578 5811 unicuique
