3952 6186
470 264 604 325 tisi

1256 261 1643 318 CHRISTlANl
1680 260 2084 315 DRUTIIMARI
2125 259 2571 317 CORBEIENSIS
2609 260 2910 317 MONACHI

3590 266 3612 319 l
3624 266 3711 322 iii

465 380 758 438 secundum
802 376 943 447 quod
995 376 1046 429 in
1094 373 1333 430 Ecclesia
1377 372 1660 433 laboravit,
1698 370 1811 424 sive
1838 371 2037 424 bonum
2067 377 2113 432 A
2140 385 2239 439 pro
2266 371 2366 425 hoc
2408 386 2505 425 nos
2545 370 2739 434 videat,
2770 378 2939 424 totum
2968 369 3112 440 quod
3149 369 3374 425 facimus
3409 372 3710 441 perdimus.

467 474 585 527 sive
628 470 846 525 malum.
893 464 1081 534 Incipit
1116 472 1293 518 autem
1338 477 1368 516 a
1414 460 1736 518 novissimis,
1753 459 1876 527 quia
1919 467 2043 511 ante

467 567 732 619 latronem
783 556 1077 613 intromisit
1126 556 1178 610 in
1233 554 1539 624 paradisum
1588 566 1752 621 quam
1798 552 2038 605 Petrum.

468 653 599 707 Cum
628 650 882 705 venissent
907 662 1029 716 ergo
1053 645 1141 715 qui
1160 646 1300 697 circa
1325 642 1652 696 undecimam
1682 642 1864 694 horam
1898 656 2044 693 vene—

468 750 615 803 rant,
640 748 943 808 acceperunt
983 732 1217 803 singulos
1255 732 1518 786 denarios.
1571 728 1842 784 Venientes
1871 740 2045 782 autem

466 839 514 883 et
559 826 734 898 primi,
763 824 1002 879 arbitrati
1043 829 1165 876 sunt
1214 820 1352 891 quod
1394 818 1510 889 plus
1556 828 1724 874 essent
1764 815 2042 888 accepturi.

469 917 790 986 Acceperunt
833 921 1007 967 autem
1063 921 1113 966 et
1160 910 1533 981 ipsi'singulos
1589 909 1852 962 denarios.
1910 906 2046 974 Quia

470 1006 717 1063 eamdem
760 1004 927 1059 vitam
966 1009 1225 1056 aeternam
1265 999 1554 1068 accipiunt,
1586 999 1678 1067 qui
1704 998 1768 1052 de
1802 997 2049 1068 gentibus

468 1110 567 1166 per
594 1092 863 1164 apostolos
886 1090 1255 1151 crediderunt,
1278 1102 1439 1157 quam
1466 1093 1789 1155 acceperunt
1816 1085 2050 1155 patriar-

472 1186 588 1242 cha:
615 1192 669 1239 et
698 1181 990 1254 propheta,
1027 1179 1121 1249 qui
1156 1178 1223 1232 de
1252 1191 1450 1248 genere
1494 1174 1768 1230 Abraham
1810 1172 2045 1229 fuerunt.

474 1274 737 1330 Dicuntur
775 1278 954 1326 autem
986 1281 1373 1331 murmurasse,
1407 1280 1513 1319 non
1540 1264 1681 1332 quod
1713 1279 1839 1319 vere
1863 1262 1955 1332 qui
1982 1261 2049 1316 ad

472 1365 641 1419 vitam
701 1357 1185 1417 introducebantur
1239 1354 1715 1419 murmuraveriut,
1764 1350 1859 1408 sed
1908 1350 2050 1421 quod

473 1457 718 1510 viventes
752 1449 920 1507 Judaei
947 1448 1143 1519 quibus
1184 1446 1443 1501 Dominus
1482 1443 1802 1514 loquebatur
1835 1442 2052 1512 indigne

476 1545 720 1601 ferebant
741 1550 799 1598 et
827 1542 992 1597 etiam
1017 1541 1072 1593 in
1098 1536 1350 1594 cordibus
1377 1534 1788 1589 murmurabaut
1811 1548 1932 1587 cum
1958 1548 2053 1587 au-

474 1635 697 1689 diebant
739 1630 884 1702 quod
912 1630 1054 1685 Deus
1096 1626 1339 1682 facturus
1371 1632 1516 1680 esset
1541 1625 1609 1679 de
1642 1622 1891 1695 gentibus
1915 1621 2053 1678 ﬁlios

2147 459 2462 528 Ubicunque
2501 460 2745 528 proximo
2784 460 2829 515 si
2875 475 3159 530 possumus
3210 461 3265 514 in
3312 463 3714 520 necessitatibus

2147 564 2250 603 non
2274 550 2607 619 adjuvamus,
2641 550 2734 604 Dei
2756 551 3100 630 praeterimus
3127 561 3479 621 praeceptum,
3511 564 3568 608 et
3596 557 3714 611 cha-

2145 640 2359 695 ritatem
2407 642 2718 695 amittimus.
2768 641 2955 696 Potest
2997 657 3212 712 quoque
3249 643 3351 698 hoc
3392 645 3541 712 quod
3579 648 3713 711 dicit,

2146 730 2299 784 multi
2325 732 2524 796 vocati,
2552 732 2618 786 de
2643 728 2966 785 Christianis
2993 731 3333 787 solummodo
3361 733 3613 805 intelligi,
3634 735 3712 805 qui

2145 820 2319 874 vocati
2350 827 2474 873 sunt
2495 834 2594 890 per
2617 820 3074 889 praedicationem,
3100 821 3194 875 sed
3220 829 3398 876 tamen
3428 838 3534 891 per
3566 839 3715 893 opera

2148 925 2251 964 non
2283 919 2597 979 sequuntur.
2631 910 2707 965 De
2748 911 2945 979 quibus
2987 910 3160 979 major
3205 928 3330 981 pars
3376 914 3524 967 viam
3567 914 3711 968 latam

2148 997 2410 1051 ambulat.
2457 997 2609 1053 Unde
2657 995 2894 1053 Joannes
2942 998 3121 1053 dicit:
3159 998 3261 1065 Qui
3307 1001 3435 1054 dicit
3486 1019 3541 1055 se
3584 1020 3713 1057 nosse

2149 1082 2336 1150 Deum,
2363 1094 2410 1138 et
2440 1084 2692 1139 mandata
2721 1085 2841 1155 ejus
2876 1102 2977 1138 non
3007 1089 3254 1153 custodit,
3287 1089 3521 1143 mendax
3548 1100 3637 1145 est.

2728 1192 2957 1249 CAPUT
2994 1194 3154 1249 XLV.

2673 1263 2751 1317 De
2783 1264 2910 1332 filiis
2938 1264 3197 1319 Zebedtei.

2219 1351 2290 1407 Et
2320 1352 2602 1407 ascendens
2631 1352 2787 1408 Iesus
2818 1352 3258 1424 Hierosolymam.
3305 1356 3444 1423 Quia
3475 1360 3708 1428 praevide

2149 1444 2244 1500 hat
2283 1444 2542 1522 Dominus
2582 1445 2965 1515 discipulorum
3004 1447 3218 1503 animos
3242 1448 3309 1503 de
3344 1465 3443 1503 sua
3481 1452 3709 1519 passione

2150 1535 2568 1605 perturbandos,
2602 1534 2804 1590 idcirco
2838 1534 3176 1605 frequentius
3201 1537 3282 1591 eis
3306 1540 3561 1607 prtcdixit
3584 1549 3638 1592 ut
3666 1550 3711 1593 et
3735 1612 3742 1617 .

2152 1627 2429 1685 memoriae
2474 1627 2793 1693 retinerent,
2823 1635 2880 1681 et
2920 1635 3048 1682 tunc
3085 1632 3484 1687 constantiores
3526 1641 3705 1688 essent.

472 1723 771 1787 Abraham,
795 1727 850 1774 et
872 1725 1249 1788 coaequaturus
1271 1729 1365 1770 eos
1388 1711 1607 1768 Judmis.
1634 1712 1703 1767 Et
1723 1712 1838 1783 ipse
1861 1725 2053 1767 sensus
2078 1711 2126 1770 B
2152 1714 2441 1786 Assumpsit
2455 1715 2731 1770 duodecim
2753 1715 3036 1787 discipulos
3048 1733 3171 1772 suos
3196 1728 3414 1786 secreto,
3438 1731 3489 1775 et
3510 1723 3580 1775 ait
3599 1722 3707 1775 illis.

475 1823 562 1870 est
578 1814 633 1869 in
654 1812 756 1868 ista
781 1808 1058 1881 parabola,
1085 1808 1176 1876 qui
1200 1806 1343 1876 apud
1361 1805 1563 1861 Lucam
1587 1804 1653 1859 de
1677 1804 1886 1860 duobus
1906 1802 2045 1868 filiis,

475 1906 694 1976 quando
717 1918 858 1960 unus
893 1901 1111 1957 nolebat
1140 1898 1385 1963 introire,
1411 1897 1538 1966 quia
1578 1904 1733 1965 pater
1766 1895 2052 1967 prodigum

479 1999 653 2054 filium
677 2001 978 2065 receperat.
1026 1990 1098 2045 Hi
1129 1991 1392 2046 novissimi
1421 2004 1527 2043 una
1561 1989 1692 2043 hora
1721 1988 1977 2059 fecerunt,
2002 1996 2053 2042 et

476 2104 630 2159 pares
671 2084 795 2140 illos
835 2084 982 2139 nobis
1020 2083 1186 2153 fecisti
1225 2082 1317 2153 qui
1356 2080 1673 2151 portavimus
1707 2077 1912 2148 pondus
1947 2077 2054 2131 diei

475 2187 529 2233 st
555 2187 732 2233 muas.
763 2176 877 2232 Hoc
903 2183 988 2230 est
1009 2173 1154 2244 quod
1184 2172 1237 2227 in
1263 2171 1516 2243 passione
1551 2169 1724 2225 sancti
1758 2168 1904 2223 Petri
1930 2167 2056 2237 legi-

477 2283 617 2332 mus.
641 2268 786 2338 quod
830 2267 1080 2323 dicebant
1121 2263 1312 2320 Judaei.
1356 2261 1466 2318 Nos
1500 2276 1566 2317 ex
1593 2261 1799 2317 semine
1823 2259 2056 2330 patriar-

476 2360 700 2416 charum
736 2372 942 2422 sumus,
968 2356 1165 2428 quibus
1193 2355 1404 2410 locutus
1427 2362 1511 2409 est
1536 2351 1700 2417 Deus,
1728 2358 1787 2405 ut
1809 2347 2058 2405 ostendat

479 2450 744 2507 mirabilia
772 2464 889 2505 sua.
932 2447 1040 2504 Vos
1079 2463 1293 2518 semper
1334 2445 1474 2501 idola
1519 2444 1807 2509 adorastis,
1836 2457 1945 2497 non
1972 2448 2058 2496 est

472 2535 677 2608 justum
714 2546 775 2592 ut
800 2537 957 2594 nobis
993 2552 1138 2592 nunc
1180 2536 1554 2606 coasquemiui.
1598 2533 1815 2589 Pondus
1847 2533 1955 2589 diei
2001 2538 2059 2587 et

477 2639 641 2684 aestus
683 2636 929 2698 portasse
962 2635 1048 2683 est
1085 2626 1155 2682 ab
1182 2627 1336 2683 initio
1372 2624 1551 2680 saeculi
1590 2639 1689 2694 pro
1718 2623 1815 2678 Dei
1852 2621 2060 2693 legibus

481 2718 862 2777 tribulatioues
890 2719 1235 2784 sustinuisse,
1262 2726 1322 2774 ut
1360 2717 1540 2774 fecere
1563 2719 1663 2773 sub
1706 2716 1976 2772 Antiocho
2004 2722 2060 2771 et

482 2815 603 2870 aliis
647 2812 884 2884 regibus.
931 2813 998 2867 At
1041 2811 1131 2867 ille
1177 2810 1490 2881 respondens
1531 2809 1626 2865 uni
1667 2824 1849 2864 eorum
1893 2807 2057 2874 dixit,

488 2905 688 2970 Amice,
710 2919 814 2959 non
845 2903 983 2973 facio
1008 2903 1101 2957 tibi
1126 2901 1399 2971 injuriam.
1423 2900 1674 2956 Amicum
1698 2906 1856 2956 vocat
1884 2900 2061 2971 ipsum

481 2993 735 3064 populum
783 2989 1090 3047 Judmorum
1134 3006 1233 3061 pro
1275 2990 1628 3061 praerogativa
1669 2999 1913 3061 patrum,
1965 2989 2059 3059 qui

2152 1805 2229 1860 De
2267 1806 2424 1861 turba
2451 1807 2756 1878 segregavit
2799 1821 2915 1872 eos,
2941 1808 3069 1878 quia
3113 1825 3219 1864 non
3262 1817 3383 1864 erat
3431 1813 3489 1867 in
3525 1812 3710 1883 populis

2148 1895 2549 1967 praedicandum
2593 1898 2910 1968 mysterium
2957 1898 3173 1964 crucis,
3217 1900 3389 1956 donec
3434 1902 3711 1971 perfectum

2151 1994 2313 2043 esset.
2328 1986 2463 2041 Ecce
2475 1987 2802 2042 ascendimus
2819 1986 3255 2058 Hierosolymam.
3268 1989 3413 2045 Ecce
3422 1990 3712 2047 adverbium

2152 2083 2236 2131 est
2260 2075 2698 2142 demonstrantis,
2735 2077 2862 2146 quia
2904 2077 2959 2131 in
2986 2077 3073 2133 via
3099 2085 3218 2133 erat
3244 2094 3367 2134 cum
3412 2082 3711 2136 ascendebat

2153 2166 2220 2221 ad
2235 2166 2564 2236 passionem.
2584 2167 2890 2224 Ascendere
2910 2176 3087 2224 autem
3115 2170 3314 2225 dicitur
3337 2172 3405 2226 de
3425 2171 3628 2229 Jericho
3651 2174 3707 2229 ad

2154 2255 2513 2323 Hierusalem,
2527 2255 2595 2312 de
2614 2257 2825 2313 oriente
2849 2257 2917 2313 ad
2935 2260 3235 2328 meridiem,
3259 2262 3384 2332 quia
3402 2262 3711 2319 Hierusalem

2155 2349 2310 2419 quasi
2333 2348 2495 2405 altior
2512 2350 2725 2405 caeteris
2749 2350 3054 2407 civitatibus
3072 2360 3210 2420 erat,
3245 2355 3375 2424 quia
3399 2366 3550 2426 caput
3575 2357 3709 2426 regni

2158 2439 2306 2496 illius
2336 2449 2458 2495 erat
2495 2442 2549 2496 in
2594 2442 2850 2498 umbilico
2878 2450 3038 2498 terras
3078 2442 3239 2508 illius,
3279 2443 3436 2500 dives
3468 2445 3707 2499 variarum

2159 2546 2345 2603 opum,
2359 2533 2602 2605 frugibus
2614 2532 2828 2601 fertilis,
2844 2537 3000 2605 aquis
3015 2536 3257 2593 illustris.
3270 2537 3448 2606 Quam
3463 2539 3575 2595 Sem
3588 2539 3711 2594 ﬁlius

2160 2622 2294 2689 Noe,
2324 2624 2416 2692 qui
2440 2624 2614 2679 dictus
2639 2632 2725 2679 est
2751 2624 3161 2692 Melchisedech,
3188 2625 3495 2691 aediﬁcavit,
3515 2628 3632 2683 etin
3653 2643 3707 2681 ea

2158 2714 2423 2788 regnavit.
2440 2713 2545 2771 Sed
2564 2730 2681 2771 eam
2704 2725 2891 2786 postea
2918 2716 3149 2773 Jebusmi
3172 2728 3551 2784 tenuerunt,et
3570 2719 3709 2774 Jebat

2157 2812 2487 2859 vocaverunt
2509 2819 2629 2875 qua:
2658 2820 2829 2875 usque
2855 2814 2982 2862 tunc
3010 2806 3189 2863 Salem
3216 2817 3405 2864 vocata
3435 2808 3615 2865 fuerat.
3640 2808 3705 2863 Es

2159 2892 2354 2962 quibus
2385 2892 2594 2949 duobus
2619 2895 2926 2951 nominibus
2953 2895 3289 2952 Hierusalem
3315 2898 3463 2954 dicta
3488 2908 3581 2961 est,
3607 2914 3707 2968 qua

2161 2998 2194 3038 a
2223 2982 2392 3038 David
2419 2992 2606 3054 postea
2650 2986 3060 3056 comprehensa,
3088 3002 3121 3041 a
3146 2986 3438 3044 Salomone
3469 2998 3704 3059 reparata,

481 3050 645 3140 etiam
687 3083 997 3151 frequenter
1023 3081 1115 3136 lilii
1136 3050 1326 3137 'vocatl
1357 3050 1482 3137 sani
1510 3080 1626 3136 Dei.
1655 3050 1844 3137 lVonne
1876 3050 1942 3135 ea:
1969 3050 2058 3135 de—
2085 3050 2130 3114 Ο
2161 3050 2532 3149 Ηίθτοεοιᾷιηθ
2568 3077 2724 3147 quasi
2764 3050 2929 3133 Jehus
2973 3050 3278 3135 Salomonis
3324 3080 3474 3134 dicta
3507 3050 3596 3136 est.

483 3172 635 3226 nario
663 3169 943 3223 convenisti
969 3168 1168 3222 mecum
1192 3170 1216 3222 ἵ
1239 3167 1381 3222 Nihil
1411 3168 1534 3223 inde
1555 3168 1813 3222 minuitur
1837 3167 2053 3233 ludatis,

481 3261 529 3316 si
571 3259 910 3330 omnipotens
951 3257 1095 3313 Deus
1136 3264 1323 3327 gentes
1348 3256 1567 3328 colligit,
1596 3265 1653 3314 et
1681 3258 1748 3312 ad
1777 3259 1942 3313 vitam
1974 3259 2059 3313 in-

483 3350 735 3405 troducit.
765 3346 910 3403 Tolle
933 3347 1072 3420 quod
1097 3357 1246 3402 tuum
1267 3356 1366 3414 est,
1395 3356 1445 3402 et
1470 3347 1616 3402 vade.
1667 3348 1781 3405 Hoc
1809 3348 2058 3414 est,acci-

483 3441 597 3509 piat
619 3440 684 3494 de
704 3438 857 3494 vobis
884 3438 976 3508 qui
999 3437 1110 3493 vult
1129 3452 1226 3507 per
1248 3437 1408 3508 digna
1430 3452 1593 3508 opera
1613 3438 1777 3493 vitam
1801 3447 2055 3492 aeternam

484 3541 647 3598 quam
681 3525 788 3582 illis
812 3526 1110 3597 praeparavi
1137 3525 1206 3581 ab
1236 3526 1388 3581 initio
1415 3525 1616 3581 saeculi.
1659 3523 1783 3581 Volo
1811 3536 1981 3581 autem
2009 3534 2058 3580 et

482 3619 605 3674 huic
632 3618 909 3673 novissimo
950 3617 1078 3671 dare
1114 3618 1247 3673 sicut
1280 3626 1327 3670 et
1368 3616 1479 3670 tibi.
1515 3615 1622 3670 Sua
1653 3617 1910 3672 immensa
1952 3616 2060 3672 cle-

485 3712 707 3775 mantia,
737 3710 866 3780 quia
892 3708 1140 3765 similiter
1163 3708 1257 3763 dat
1285 3708 1457 3778 dignis
1480 3708 1820 3780 degentibus,
1849 3708 1941 3778 qui
1969 3709 2060 3763 ali-

393 3855 398 3860 .
485 3802 699 3871 quando
726 3800 895 3855 cauda
930 3797 1259 3863 dicebamur,
1291 3799 1430 3852 sicut
1460 3795 1658 3852 ludatis
1689 3797 1781 3866 qui
1808 3796 2060 3851 diceban-

486 3902 575 3946 tur
591 3898 760 3962 .caput
788 3898 844 3946 et
871 3888 1100 3960 populus
1125 3887 1242 3943 Dei.
1272 3887 1353 3941 An
1380 3886 1559 3941 oculus
1581 3897 1699 3941 tuus
1722 3903 1940 3957 nequam
1960 3897 2055 3953 est,

483 3983 611 4052 quia
636 3997 727 4052 ego
760 3980 925 4035 bonus
948 3978 1108 4033 sum?
1132 3977 1236 4033 Per
1255 3976 1467 4033 oculum
1494 3977 1689 4031 invidia
1719 3976 2056 4046 exprimitur,

488 4087 650 4143 quam
688 4070 858 4126 Judaei
895 4084 1109 4141 semper
1134 4067 1437 4122 habuerunt
1474 4067 1733 4121 adversus
1764 4074 1974 4135 gentes,
2006 4075 2059 4119 et

487 4164 724 4219 maxime
762 4170 885 4232 post
929 4160 1364 4232 praedicationem
1394 4157 1778 4227 apostolorum.
1828 4156 1979 4212 Unde
2004 4164 2059 4212 et

486 4253 650 4309 Petro
683 4254 970 4309 dixerunt:
996 4251 1172 4318 Quare
1202 4250 1427 4305 introisti
1467 4249 1536 4303 ad
1574 4250 1709 4305 viros
1748 4250 2058 4319 praeputium

487 4343 731 4398 habentes
758 4354 804 4398 et
826 4340 1156 4397 manducasti
1182 4356 1299 4395 cum
1329 4340 1440 4394 eis?
1475 4338 1611 4405 Quia
1640 4339 1780 4393 Deus
1808 4353 1905 4393 sua
1929 4353 2052 4409 gra-

488 4433 623 4487 tuita
657 4432 855 4503 pietate
882 4438 1068 4501 gentes
1096 4429 1330 4500 collegit,
1356 4427 1525 4483 Judaei
1564 4428 1816 4482 invidiam
1848 4441 2055 4481 assum—

487 4531 729 4593 pserunt.
754 4521 845 4577 Sic
865 4530 1015 4575 erunt
1040 4519 1302 4574 novissimi
1323 4518 1500 4588 primi,
1519 4527 1567 4571 et
1589 4517 1744 4587 primi
1766 4515 2053 4570 nouissimi.

485 4594 782 4674 Immensab
823 4609 1027 4680 gratias
1062 4608 1226 4663 solius
1271 4606 1367 4661 Dei
1410 4605 1709 4661 clementize
1753 4604 2055 4668 referimus,

421 4692 427 4697 ’
488 4702 617 4772 quia
641 4699 1017 4770 cognoscimus
1049 4712 1172 4753 eum
1200 4711 1358 4766 quem
1402 4703 1526 4749 ante
1567 4693 1965 4764 ignorabamus.
1992 4694 2060 4748 Et

489 4797 668 4863 potest
691 4788 758 4844 de
786 4786 939 4844 nobis
968 4785 1094 4851 dici,
1121 4784 1266 4856 quod
1293 4784 1359 4839 de
1391 4779 1590 4837 Judteis
1617 4780 1925 4836 dicebatur:
1948 4780 2057 4836 No-

492 4887 577 4935 tus
603 4878 656 4934 in
679 4876 927 4948 gentibus
958 4876 1112 4930 Deus.
1151 4872 1306 4928 Multi
1329 4872 1466 4928 enim
1491 4879 1611 4924 sunt
1639 4870 1824 4925 vocati.
1854 4869 2058 4925 Videli-

491 4980 577 5027 cet
608 4980 665 5027 et
685 4970 755 5025 de
777 4966 975 5025 Judatis
998 4974 1052 5022 et
1076 4966 1142 5022 de
1183 4964 1455 5034 gentibus.
1484 4960 1652 5017 Pauci
1691 4970 1864 5017 autem
1889 4961 2057 5016 electi.

493 5062 751 5118 Timenda
775 5059 1038 5116 sententia
1059 5097 1076 5124 ,
1103 5057 1243 5128 quod
1273 5056 1425 5126 pauci
1466 5062 1590 5109 sunt
1614 5053 1707 5123 qui
1740 5054 1851 5108 Deo
1876 5053 2060 5115 incon-

492 5152 755 5206 taminate
769 5150 1028 5214 serviant,
1056 5147 1187 5201 etin
1210 5145 1392 5200 multis
1408 5144 1727 5199 otl‘endimus
1752 5145 1915 5198 Deum
1939 5157 2058 5213 qua:

490 5257 597 5297 non
626 5240 995 5311 perspicimus.
1043 5237 1477 5305 Quandocunque
1516 5234 1659 5290 cnim
1689 5233 1891 5304 aliquid
1929 5233 2054 5288 boni

488 5334 741 5399 facimus,
761 5334 814 5390 si
860 5332 1156 5388 xeuodoxia
1186 5346 1246 5386 se
1285 5332 1607 5394 immisceat,
1635 5333 1886 5386 mercede
1915 5330 2056 5400 apud

491 5424 657 5479 Deum
687 5422 1027 5477 frustramur.
1071 5419 1230 5475 Verbi
1273 5420 1468 5492 gratia,
1499 5420 1551 5474 si
1588 5434 1828 5487 oramus,
1849 5418 2058 5489 jejuna-

490 5529 631 5576 mus,
660 5512 1050 5584 cleemosynam
1087 5512 1296 5578 damus,
1326 5521 1456 5576 etc.,
1482 5511 1745 5566 bonorum
1775 5526 1939 5581 opera
1980 5510 2059 5565 fa-

492 5603 664 5658 cimus
690 5610 742 5656 et
778 5603 1067 5672 quaerimus
1111 5601 1352 5675 aliquam
1386 5602 1629 5669 laudem,
1662 5610 1757 5658 aut
1784 5611 1841 5658 ut
1865 5604 2058 5673 aliquis

2082 4390 2132 4449 Ι)

2122 4582 2125 4587 ὗ
2159 4518 2299 4572 rium
2327 4517 2632 4586 pervenire.

2159 3165 2306 3221 Elio
2330 3162 2569 3221 Adriano
2596 3166 2785 3223 ultimo
2811 3167 2955 3222 Elia
2978 3168 3122 3224 dicta
3156 3177 3258 3224 est.
3289 3168 3360 3223 Et
3386 3170 3529 3239 ﬁlius
3564 3170 3706 3222 homi-

2160 3258 2241 3311 nis
2282 3258 2539 3312 tradetur.
2586 3258 2761 3314 Filius
2797 3259 3061 3325 hominis,
3090 3261 3218 3328 quia
3263 3263 3556 3315 secundum
3588 3259 3705 3329 quod

2160 3346 2302 3403 ﬁlius
2337 3354 2538 3403 sancite
2578 3347 2760 3403 Maria:
2798 3347 2919 3415 fuit,
2946 3349 3052 3403 ista
3087 3350 3363 3405 sustinuit.
3405 3348 3707 3421 Principibus

2159 3441 2505 3495 sacerdotum.
2556 3441 2637 3496 Ab
2679 3440 2838 3505 Juda,
2874 3444 2966 3512 qui
3012 3459 3134 3498 cum
3177 3443 3269 3498 illo
3312 3453 3444 3499 tunc
3485 3452 3604 3500 erat.
3648 3441 3706 3495 Et

2160 3531 2573 3585 condemnabam
2614 3548 2733 3586 eum
2767 3543 2950 3587 morte.
2986 3533 3043 3588 Id
3071 3541 3155 3589 est
3191 3532 3571 3601 adjudicabuut
3597 3546 3704 3587 cum

2160 3619 2376 3690 dignum
2402 3622 2584 3688 morti,
2615 3622 2861 3691 quamvis
2885 3622 3036 3678 false.
3076 3623 3146 3677 Et
3182 3625 3390 3679 tradent
3422 3642 3539 3679 eum
3566 3623 3704 3694 genti-

2160 3709 2273 3774 bus,
2305 3709 2476 3765 Pilato
2497 3720 2552 3766 et
2581 3710 2855 3775 militibus,
2888 3712 2980 3782 qui
3006 3710 3237 3766 Romani
3262 3722 3441 3766 erant.
3471 3713 3546 3766 Ad
3575 3709 3701 3765 dels-

2159 3798 2403 3869 dcndum.
2460 3800 2612 3868 Quod
2661 3800 2907 3856 fecerunt
2957 3802 3171 3871 quando
3214 3802 3532 3857 velaveruut
3569 3808 3704 3871 caput

2159 3888 2295 3958 ejus,
2324 3898 2380 3943 et
2416 3891 2789 3959 percutiebant
2817 3906 2965 3953 eum,
2993 3899 3050 3946 et
3088 3891 3377 3947 dicebant:
3401 3890 3701 3962 Prophetiss.

2160 3977 2230 4031 Et
2260 3979 2655 4050 ﬂagellandum.
2699 3980 2837 4048 Quia
2880 3979 3178 4053 ﬂagellatus
3202 3990 3288 4038 est
3312 3982 3384 4038 ad
3409 3984 3703 4038 columnam.

2160 4066 2230 4122 Et
2264 4070 2704 4140 cruciﬁgendum,
2732 4081 2879 4126 extra
2918 4081 3143 4142 portam.
3174 4070 3244 4125 Et
3270 4074 3425 4126 tertia
3455 4074 3536 4126 die
3558 4087 3704 4125 resur-

2158 4167 2260 4227 get.
2299 4158 2413 4214 Hoc
2456 4160 2521 4213 ad
2571 4159 2993 4216 consolationem
3044 4161 3430 4231 discipulorum
3476 4160 3700 4229 adiungit.

2161 4245 2301 4311 Sed,
2329 4248 2467 4302 sicut
2512 4248 2684 4304 Lucas
2726 4249 2873 4313 dicit,
2907 4250 3038 4305 nihil
3064 4250 3440 4305 intellexerunt
3478 4249 3702 4320 apostoli,

2161 4336 2285 4405 quia
2332 4352 2439 4391 non
2468 4346 2760 4407 potuerunt
2798 4339 3021 4395 credere
3046 4339 3190 4409 quod
3230 4340 3344 4410 ipse
3373 4342 3463 4410 qui
3508 4342 3583 4393 sic
3606 4344 3704 4392 erat

2157 4427 2424 4482 exaltatus
2457 4428 2511 4482 in
2549 4429 2777 4499 populis,
2807 4431 3068 4499 potuisset
3106 4432 3174 4485 ad
3204 4439 3432 4485 tantum
3462 4432 3702 4501 imprope-

2232 4606 2376 4661 Tunc
2397 4609 2610 4663 accessit
2630 4608 2700 4662 ad
2717 4624 2835 4663 eum
2862 4618 3030 4663 mater
3046 4608 3279 4677 ﬁliorum
3302 4608 3554 4663 Zebedwi.
3577 4604 3704 4659 Sicut

2160 4698 2438 4767 sequentia
2462 4698 2780 4763 ostendunt,
2809 4706 3039 4753 matrem
3069 4699 3226 4753 istam
3258 4698 3351 4751 lilii
3380 4697 3571 4752 hortati
3598 4700 3702 4748 sunt

2160 4789 2228 4843 ad
2257 4788 2372 4843 haec
2397 4788 2644 4857 petenda.
2671 4787 2966 4843 Audierant
2993 4789 3281 4843 Dominum
3306 4788 3567 4842 dicentem
3593 4783 3697 4853 quia

2165 4885 2471 4947 resurgeret
2512 4877 2673 4933 tertia
2716 4877 2824 4942 die,
2869 4887 2928 4933 et
2962 4878 3233 4948 putabant
3272 4878 3460 4933 statim
3504 4885 3700 4946 regnum

2163 4968 2372 5024 Domini
2400 4967 2657 5033 futurum,
2681 4970 2825 5039 quod
2848 4970 2953 5024 erit
2976 4977 3100 5039 post
3129 4970 3267 5025 diem
3290 4967 3499 5038 iudicii,
3525 4975 3576 5020 et
3601 4963 3703 5020 ideo

2163 5057 2265 5111 ista
2290 5071 2387 5126 per
2435 5064 2660 5111 matrem
2703 5056 2958 5127 petebant
2987 5056 3224 5113 Joannes
3251 5065 3307 5113 et
3341 5056 3583 5112 Jacobus.
3614 5051 3701 5117 0'5

2163 5147 2294 5201 dixit
2314 5147 2361 5200 ei
2374 5160 2392 5197 :
2411 5144 2550 5211 Quid
2587 5147 2661 5200 vis
2677 5146 2703 5199 ?
2739 5145 2855 5202 Non
2878 5148 2999 5203 ideo
3020 5148 3316 5217 interrogat
3337 5147 3479 5217 quod
3493 5143 3701 5202 nesciat.

2161 5236 2257 5291 sed
2282 5243 2341 5289 ut
2362 5236 2430 5291 ad
2455 5235 2595 5291 dicta
2621 5236 2738 5306 ejus
2768 5238 3153 5308 congruentius
3193 5236 3527 5308 respondeat,
3551 5243 3603 5290 et
3624 5234 3702 5286 dat

2158 5328 2321 5382 etiam
2368 5327 2517 5397 puris
2563 5327 2870 5383 hominibus
2898 5328 3203 5398 exemplum
3240 5343 3310 5384 ne
3356 5336 3479 5383 ante
3504 5336 3696 5393 respon-

2159 5419 2321 5473 deant
2359 5433 2521 5486 quam
2562 5417 2805 5483 audiant,
2829 5419 3099 5488 quomodo
3149 5419 3400 5475 Salomon
3428 5410 3696 5475 (ὶὶάιεοιί

2160 5519 2278 5564 ante
2303 5509 2570 5579 respondet
2606 5526 2763 5578 quam
2784 5511 2987 5576 audiat,
3014 5510 3232 5567 stultum
3274 5528 3330 5567 se
3366 5527 3471 5566 esse
3508 5508 3695 5564 dm.

2159 5610 2312 5667 strat,
2339 5609 2387 5656 et
2412 5600 2713 5669 confusione
2736 5602 2972 5673 dignum.
