3952 6186
310 378 440 435 MSS

1423 373 1785 432 EXPOSITIO
1820 372 1888 429 IN
1927 371 2339 429 MATTH/EUM

3402 374 3538 432 “9.6

371 491 456 544 Ait
491 486 569 542 illi
592 499 610 538 :
633 485 731 540 Dic
769 494 824 539 ut
862 487 1071 541 sedeant
1105 486 1158 538 Iti
1195 483 1299 537 duo
1338 483 1434 546 ﬁlii
1479 487 1610 552 mei,
1636 503 1772 540 unus
1803 486 1870 540 ad
1898 490 1946 549 Α
1975 502 2280 540 mensuram
2326 499 2477 540 suam
2503 524 2517 551 ,
2569 493 2624 540 et
2664 485 2785 541 ideo
2825 495 3143 543 exarserant
3181 487 3235 543 in
3276 491 3541 548 modicam

302 584 569 636 dexteram
593 588 760 643 tuam,
776 588 821 630 et
839 594 971 630 unus
988 576 1055 630 ad
1074 577 1497 630 sinistramtuam
1514 576 1569 628 in
1589 591 1742 645 regno
1758 584 1865 627 tuo.

301 669 378 724 De
406 667 644 723 sessione
667 681 878 736 quoque
899 666 1144 734 superius
1166 664 1446 719 audierant
1479 662 1760 717 Dominum
1786 662 1867 717 di—

302 766 512 813 centem
529 775 541 809 :
560 755 813 811 Sedebitis
832 772 987 825 super
1009 754 1153 809 sedes
1174 754 1445 807 duodecim
1459 753 1759 822 judicantes
1786 752 1874 804 tri-

304 851 395 902 bus
417 844 607 900 Israel.
641 843 967 900 Etvolebant
980 844 1077 913 ipsi
1092 859 1209 898 esse
1222 842 1382 914 primi
1395 842 1461 896 de
1481 842 1592 910 ipsa
1610 841 1870 905 sessione,

302 937 427 1008 quia
455 951 562 990 non
589 942 744 989 erant
774 934 950 988 adhuc
989 932 1233 1002 perfecti.
1267 930 1551 1001 Respondit
1579 929 1831 983 Dominus
1857 948 1869 982 :

307 1025 536 1080 Nescitis
561 1024 686 1095 quid
714 1025 919 1094 petatis.
964 1023 1020 1077 ln
1052 1024 1152 1078 hoc
1193 1021 1333 1091 quod
1360 1020 1622 1076 Dominus
1660 1020 1875 1075 mulieri

301 1117 505 1187 petenti
546 1115 669 1169 ﬁliis
696 1113 1088 1180 dicit,Nescitis
1116 1113 1245 1183 quid
1272 1111 1485 1182 petatis,
1513 1110 1750 1166 ostendit
1779 1124 1874 1181 pe-

305 1208 544 1261 titionem
574 1206 762 1260 matris
782 1220 847 1259 ex
881 1204 1114 1258 ﬁliorum
1155 1202 1500 1274 suggestione
1525 1202 1872 1257 descendere.

262 1304 269 1383 ς
304 1305 369 1359 Et
409 1304 549 1358 sicut
590 1302 728 1357 alius
769 1300 1094 1371 evangelista
1136 1299 1299 1363 dicit,
1330 1306 1615 1366 antequam
1655 1311 1874 1350 causam

253 1395 266 1462 ζ
304 1394 566 1458 dicereut,
589 1391 861 1462 petierunt
888 1397 945 1442 ut
972 1388 1295 1443 concederet
1314 1386 1671 1456 quodcunque
1698 1394 1879 1453 postu-

304 1485 495 1538 larent.
514 1481 623 1536 Sed
648 1480 927 1543 Dominus,
952 1487 1008 1533 ut
1033 1479 1187 1533 daret.
1216 1476 1520 1544 exemplum
1547 1474 1873 1539 hominibus,

306 1592 404 1631 nec
425 1573 709 1636 concessit,
738 1587 835 1627 nec
863 1571 1100 1642 negavit,
1131 1570 1300 1624 donec
1324 1567 1550 1622 audiret.
1576 1565 1706 1632 Quis
1733 1566 1875 1619 enim

305 1667 496 1722 debeat
538 1665 855 1728 concedere,
888 1671 1177 1731 antequam
1228 1660 1362 1714 sciat
1409 1658 1537 1728 quid
1576 1657 1878 1712 concedat?

306 1756 439 1811 Nam
461 1757 507 1810 si
534 1754 729 1809 malum
765 1752 946 1817 fuerit,
973 1759 1065 1805 aut
1101 1750 1207 1805 erit
1243 1765 1368 1805 reus
1412 1747 1538 1803 mali
1574 1748 1620 1802 si
1659 1760 1878 1802 conces-

303 1847 457 1910 serit,
485 1854 577 1899 aut
598 1843 846 1899 mendax.
879 1842 979 1909 Qui
1007 1840 1148 1895 enim
1176 1841 1290 1894 sine
1311 1840 1422 1893 vita
1442 1847 1494 1891 ct
1516 1853 1679 1908 opere
1701 1838 1876 1893 locum
1906 1835 1951 1893 B

305 1934 635 2005 superiorem
677 1931 1011 2002 quaerebant,
1034 1930 1208 1983 adhuc
1241 1927 1557 1997 insipientes
1583 1926 1875 1982 secundum

305 2024 470 2080 Deum
498 2031 670 2089 erant,
699 2031 753 2078 et
781 2022 834 2076 in
866 2021 1033 2076 vitam
1061 2030 1315 2076 teternam
1358 2036 1463 2074 non
1488 2036 1586 2090 per
1614 2019 1755 2073 viam
1780 2036 1879 2076 nec

306 2129 400 2185 per
424 2115 643 2177 ostium,
667 2112 761 2167 sed
785 2111 997 2165 aliunde
1023 2109 1276 2163 volebant
1302 2109 1615 2163 ascendere.
1667 2106 1774 2162 Sed
1802 2117 1880 2162 ta-

307 2206 382 2261 les
405 2206 655 2261 cnstodes
688 2219 793 2258 non
820 2204 982 2258 habet
1011 2203 1102 2256 illa
1130 2203 1381 2272 dignitas,
1403 2210 1463 2256 ut
1491 2202 1662 2271 possit
1687 2203 1882 2271 aliquis

309 2295 449 2349 malo
492 2295 708 2366 ingenio
739 2293 992 2362 adipisci,
1024 2303 1084 2347 ut
1112 2293 1248 2346 litin
1277 2294 1380 2348 isto
1408 2293 1621 2347 saeculo.
1655 2292 1880 2347 Potestis

309 2386 479 2439 bibere
504 2385 715 2439 calicem
753 2401 904 2453 quem
934 2400 1025 2454 ego
1053 2383 1306 2437 bibiturus
1344 2385 1500 2437 sum?
1526 2383 1630 2437 Per
1658 2383 1881 2438 calicem

308 2477 486 2547 passio
507 2475 825 2545 intelligitur
850 2493 862 2528 :
889 2475 1028 2528 unde
1053 2482 1106 2528 et
1128 2473 1388 2528 Dominus
1411 2474 1620 2529 vicinus
1641 2474 1883 2543 passioni

309 2569 500 2622 orabat
524 2585 536 2620 :
562 2564 740 2629 Pater,
763 2566 809 2621 si
839 2564 1077 2636 possibile
1098 2574 1194 2630 est,
1223 2563 1450 2634 transfer
1474 2565 1688 2618 calicem
1718 2565 1879 2619 istum

310 2678 343 2714 a
370 2676 467 2714 me.
501 2660 566 2713 Et
605 2658 889 2714 Psalmista
921 2657 1089 2712 dicit:
1113 2655 1339 2711 Calicem
1363 2653 1635 2710 salutaris.

384 2814 574 2869 Dicunt
595 2813 676 2868 ei:
693 2810 1003 2868 Possumus.
1030 2812 1096 2866 Et
1114 2812 1169 2866 in
1191 2812 1537 2883 responsione
1557 2812 1743 2869 dicunt
1760 2826 1891 2869 con-

312 2907 563 2969 ﬁdenter,
583 2905 722 2960 sicut
745 2904 956 2960 dixerat
972 2902 1167 2959 Petrus
1198 2920 1214 2958 :
1242 2903 1471 2958 Etiamsi
1494 2906 1782 2974 oportuerit
1804 2920 1889 2959 me

312 3000 448 3053 mori
473 3008 662 3064 tecum,
690 3013 795 3051 non
818 3005 868 3051 te
894 2996 1111 3067 negabo.

384 3130 469 3184 Ait
496 3128 636 3183 illis:
660 3125 886 3183 Calicem
911 3127 1119 3200 quidem
1150 3126 1345 3191 bibetis,
1376 3128 1480 3184 hoc
1503 3126 1888 3197 eshpassiones

314 3237 464 3276 meas
493 3219 846 3276 sustinebitis.
898 3218 1168 3286 Quteritur
1203 3218 1472 3288 quomodo
1518 3217 1737 3273 calicem
1777 3216 1887 3272 Do-

318 3312 449 3368 mini
491 3311 579 3367 isti
614 3310 720 3366 duo
756 3309 1010 3365 biberint.
1062 3308 1197 3363 Nam
1228 3309 1293 3364 de
1320 3305 1523 3365 Iacobo
1555 3316 1761 3365 certum
1805 3316 1889 3364 est

322 3401 587 3469 quomodo
632 3415 730 3472 per
772 3398 1015 3470 martyrii
1064 3398 1299 3470 palmam
1333 3399 1500 3455 vitam
1535 3398 1772 3465 ﬁnierit,
1821 3398 1889 3455 ab

322 3489 530 3546 llerode
559 3498 752 3560 nepote
780 3488 1094 3545 decollatus.
1146 3487 1385 3545 Joannes
1416 3498 1596 3545 autem
1625 3488 1728 3546 sub
1754 3487 1891 3545 Tra-

313 3579 445 3649 jano
465 3580 704 3651 principe
729 3579 783 3634 in
811 3593 944 3650 pace
968 3578 1134 3632 vitam
1160 3577 1352 3633 ﬁnivit.
1391 3577 1498 3634 Sed
1525 3579 1570 3634 si
1595 3577 1893 3634 recolamus

320 3668 665 3739 scripturas,
711 3666 1049 3723 inveniemus
1091 3665 1317 3720 multum
1361 3681 1579 3736 passum
1613 3664 1762 3719 illum
1791 3679 1891 3734 pro

321 3760 557 3815 Christo.
603 3757 662 3812 ln
696 3772 967 3830 synagoga
999 3755 1145 3811 enim
1175 3753 1479 3811 Judaaorum
1514 3770 1638 3811 cum
1670 3753 1893 3825 reliquis

322 3847 582 3919 apostolis
613 3845 910 3918 ﬂagellatus
943 3853 1029 3902 est
1062 3860 1126 3901 ac
1156 3851 1280 3916 post
1308 3843 1610 3901 voluntarie
1651 3858 1752 3915 pro
1784 3843 1891 3899 Do-

326 3939 472 3994 mino
499 3938 554 3992 in
583 3935 789 3992 Graecia
818 3934 1115 4002 exsulavit,
1142 3942 1197 3990 et
1223 3933 1417 3990 deinde
1450 3933 1615 3987 etiam
1647 3930 1805 4003 longe
1837 3930 1892 3985 in

322 4028 585 4083 Pathmos
621 4026 924 4098 relegatus,
975 4025 1043 4081 ad
1086 4023 1339 4079 ultimum
1382 4023 1437 4078 in
1483 4020 1743 4079 ferventis
1788 4020 1893 4076 olei

323 4116 525 4172 dolium
554 4116 836 4181 demissus,
868 4113 995 4169 talia
1027 4112 1195 4168 multa
1226 4127 1328 4182 pro
1355 4111 1572 4167 Christo
1601 4109 1890 4176 sustinuit;

326 4208 381 4262 in
426 4205 622 4276 quibus
664 4204 918 4262 retribult
961 4202 1191 4260 Domino
1226 4202 1368 4273 quod
1409 4203 1477 4257 ab
1511 4202 1630 4273 ipso
1662 4201 1896 4272 primum

320 4306 604 4369 acceperat
627 4338 642 4364 ,
685 4295 918 4353 bibendo
955 4294 1181 4350 calicem
1214 4293 1348 4365 ejus.
1397 4291 1588 4348 Sedere
1617 4300 1791 4346 autem
1826 4293 1895 4345 ad

325 4388 591 4442 dexteram
615 4402 782 4441 meam
805 4393 853 4439 et
873 4384 1142 4440 sinistram
1164 4401 1269 4439 non
1291 4391 1366 4438 est
1387 4398 1559 4437 meum
1582 4381 1710 4436 dare
1733 4382 1893 4437 vobis.

1972 572 2339 643 cupiditatem.

2040 660 2074 714 J
2080 679 2195 715 esus
2219 672 2391 716 autem
2418 664 2612 718 vocavit
2639 681 2727 718 eos
2749 663 2818 718 ad
2841 682 2894 719 se
2916 675 2965 721 et
2987 667 3087 722 ait.
3117 666 3199 724 At]
3232 682 3292 722 se
3312 668 3542 734 vocavit,

1973 753 2038 806 de
2062 754 2232 808 turbis
2254 755 2616 825 propinquare
2637 755 2784 820 fecit,
2806 758 2990 815 volens
3010 775 3103 815 eos
3122 774 3310 815 omnes
3337 771 3545 815 secrete

1974 844 2258 912 castigare,
2292 844 2410 899 illos
2437 845 2502 899 de
2529 860 2591 899 ea
2617 847 2877 916 petitione
2906 865 3011 904 non
3040 850 3140 906 sibi
3172 852 3544 919 convenienti,

1974 933 2107 988 istos
2149 935 2215 990 de
2255 935 2622 1006 indignatione
2659 946 2848 992 contra
2888 935 3102 994 fratres.
3151 940 3302 995 Fecit
3336 951 3395 995 ut
3424 942 3546 1011 pius

1975 1026 2257 1096 magister,
2308 1035 2590 1081 mansuete
2636 1028 2820 1082 retulit
2864 1030 3136 1098 quomodo
3179 1030 3441 1087 deberent
3489 1047 3547 1087 se

1973 1131 2161 1171 omnes
2185 1114 2474 1182 humiliari,
2501 1124 2555 1171 et
2581 1117 2787 1172 servire
2813 1116 3090 1184 fratribus,
3119 1134 3226 1174 non
3250 1121 3546 1191 principari

1975 1210 2029 1263 in
2075 1208 2449 1278 potestatibus,
2497 1216 2594 1261 aut
2621 1224 2743 1263 cum
2786 1208 2928 1263 malo
2967 1209 3183 1280 ingenio
3226 1219 3546 1279 potestatem

1976 1301 2275 1370 acquirere,
2305 1301 2443 1355 sicut
2473 1300 2624 1354 multi
2654 1299 2861 1355 faciunt
2888 1301 3203 1357 Christiani.
3243 1301 3398 1357 Scitis
3425 1305 3548 1374 quia

1974 1391 2231 1462 principes
2256 1390 2485 1460 gentium
2514 1389 2856 1445 dominantur
2875 1392 2970 1456 eis,
2992 1402 3041 1446 et
3062 1394 3153 1463 qui
3175 1394 3401 1462 majores
3429 1402 3549 1446 sunt

1974 1490 2275 1553 potestatem
2312 1488 2547 1534 exercent
2587 1479 2641 1533 in
2667 1497 2774 1534 eos.
2808 1480 2910 1535 Dat
2950 1481 3251 1552 exemplum
3290 1498 3387 1553 per
3424 1498 3551 1536 con-

1976 1574 2225 1637 trarium,
2249 1572 2457 1628 scilicet
2478 1572 2796 1637 cavendum,
2826 1587 2934 1628 non
2965 1572 3307 1639 imitandum,
3336 1583 3395 1626 ut
3423 1573 3552 1627 illud

1976 1666 2225 1727 scientes,
2254 1663 2411 1717 aliter
2433 1663 2709 1717 studerent
2733 1661 2930 1717 facere.
2961 1662 3061 1729 Qui
3090 1662 3320 1731 majores
3347 1672 3470 1717 sunt
3498 1663 3549 1715 in

1980 1756 2083 1809 isto
2108 1753 2324 1819 sacenlo,
2352 1768 2449 1824 per
2477 1753 2813 1824 tyrannidem
2841 1761 2995 1819 sunt;
3026 1762 3081 1807 et
3106 1768 3204 1823 per
3228 1762 3552 1825 potestatem

1980 1855 2106 1902 sunt
2146 1861 2308 1915 super
2336 1859 2428 1900 eos
2457 1843 2710 1913 majores,
2759 1844 2883 1912 quia
2915 1843 3092 1898 omnis
3121 1844 3271 1899 dives
3316 1852 3407 1897 aut
3452 1844 3554 1897 ini-

1978 1952 2145 2007 quus,
2194 1943 2287 1990 aut
2315 1935 2484 2006 iniqui
2516 1935 2708 1990 haeres.
2745 1934 2872 1990 llazc
2902 1934 3073 2005 ﬁgura
3102 1937 3240 2006 apud
3268 1937 3554 1991 saecularcs

1980 2046 2009 2083 a
2041 2029 2331 2083 contrariis
2359 2023 2574 2093 dicitur,
2602 2028 2765 2082 veluti
2790 2043 2912 2082 cum
2942 2028 3062 2097 quis
3093 2028 3249 2083 alicui
3277 2029 3417 2083 viam
3441 2028 3555 2083 vult

1981 2128 2286 2175 monstrare
2325 2127 2525 2173 rectam
2549 2157 2564 2183 ,
2616 2117 2783 2172 dicit:
2824 2117 2907 2172 Ad
2943 2118 3216 2172 sinistram
3247 2125 3330 2171 est
3358 2117 3549 2182 fovea;

1981 2229 2085 2267 non
2110 2222 2168 2266 ut
2192 2211 2336 2266 illam
2360 2211 2582 2276 incidat,
2605 2211 2699 2265 sed
2724 2217 2782 2263 ut
2805 2216 2993 2264 caveat
3014 2208 3163 2263 dicit.
3198 2207 3371 2262 Simili
3397 2207 3557 2261 modo

1982 2302 2237 2356 Dominus
2259 2300 2430 2370 inquit
2457 2318 2469 2353 :
2503 2299 2624 2353 Non
2653 2299 2728 2352 ita
2757 2300 2853 2353 erit
2881 2300 3018 2352 inter
3042 2314 3148 2353 vos.
3186 2296 3406 2352 Scilicet
3431 2297 3555 2367 quia

1983 2393 2244 2463 sapientia
2284 2392 2444 2462 hujus
2473 2390 2655 2446 smculi
2683 2390 2910 2445 stultitia
2940 2395 3025 2443 est
3052 2388 3190 2459 apud
3221 2386 3411 2442 Deum.
3450 2387 3557 2442 Sed

1982 2485 2274 2554 quicunque
2317 2480 2533 2534 voluerit
2577 2481 2713 2534 inter
2750 2496 2837 2534 vos
2880 2479 3052 2549 major
3094 2478 3241 2548 ﬁeri,
3288 2479 3356 2532 sit
3398 2486 3552 2532 vester

1984 2574 2239 2627 minister.
2277 2570 2393 2627 Hoc
2425 2579 2510 2627 est
2537 2572 2679 2640 quod
2716 2570 2844 2626 alibi
2872 2570 3046 2625 dixit:
3082 2568 3186 2635 Qui
3221 2585 3278 2623 se
3314 2567 3561 2622 humiliat

1986 2662 2040 2716 in
2072 2663 2175 2716 hoc
2200 2661 2416 2726 szeculo,
2442 2659 2760 2715 exaltabitur
2787 2674 2817 2713 a
2844 2658 2954 2713 Deo
2980 2658 3032 2711 in
3059 2657 3183 2712 alio.
3218 2656 3328 2713 Nec
3358 2655 3433 2711 illi
3463 2671 3561 2726 ap-

1984 2765 2171 2828 petant
2206 2771 2302 2826 per
2340 2770 2475 2809 vana
2512 2754 2706 2820 verba,
2754 2769 2855 2808 nec
2882 2768 2979 2809 vos
3008 2751 3359 2824 indignemini
3393 2751 3439 2805 si
3469 2749 3561 2804 alii

1987 2850 2170 2906 volunt
2206 2849 2425 2914 habere,
2461 2847 2553 2903 sed
2584 2858 2640 2902 et
2666 2862 2763 2902 vos
2797 2855 2850 2901 et
2890 2846 2964 2899 illi
2995 2845 3084 2915 qui
3114 2842 3384 2900 voluerint
3415 2842 3560 2896 inter

1987 2956 2083 2997 vos
2107 2940 2267 3011 primi
2297 2953 2434 3005 esse,
2462 2937 2573 2993 sint
2598 2937 2762 2992 vestri
2793 2935 2954 2990 servi.
2994 2934 3141 2990 Unus
3166 2940 3248 2988 est
3272 2946 3482 2996 sensus,
3509 2938 3564 2986 et

1988 3029 2043 3083 in
2073 3027 2320 3083 ministro
2348 3035 2402 3081 et
2430 3026 2482 3080 in
2511 3041 2687 3081 servo.
2729 3024 2796 3079 Et
2824 3032 2884 3078 ut
2910 3023 3071 3078 altius
3096 3037 3283 3078 eorum
3314 3021 3368 3076 in
3399 3020 3564 3077 corde

1992 3122 2278 3194 deligatur,
2328 3136 2484 3177 suum
2528 3121 2749 3176 adhibet
2794 3116 3098 3189 eiemplum
3152 3117 3373 3173 dicens:
3417 3113 3564 3173 Sicut

1998 3174 2278 3194 --ησπηι
2330 3174 2349 3177 νγ
2402 3174 2423 3175 η
2474 3174 2483 3175 κ
2570 3174 2607 3176 νγ
2953 3174 2971 3189 .

1915 3174 1960 3236 C
1994 3209 2169 3266 Filius
2198 3209 2422 3264 hominis
2454 3225 2557 3263 non
2586 3210 2723 3263 venit
2759 3207 3081 3272 ministrari,
3120 3205 3209 3262 sed
3244 3208 3562 3261 ministrare.

1990 3296 2183 3354 Omnia
2211 3304 2333 3353 acta
2365 3296 2581 3352 Domini
2612 3311 2731 3366 quae
2769 3296 2823 3351 in
2857 3296 3032 3366 primo
3059 3294 3292 3350 adventu
3315 3293 3466 3365 egit,
3513 3291 3565 3347 in

1988 3389 2296 3463 exemplum
2325 3390 2480 3444 nobis
2505 3396 2722 3445 ostensa
2754 3394 2881 3443 sunt
2907 3384 3247 3441 humilitatis.
3285 3383 3392 3453 lpsi
3422 3383 3565 3437 enim

1991 3489 2286 3537 comesset
2313 3480 2560 3536 conditor
2588 3487 2856 3534 terrarum
2892 3493 3000 3531 non
3037 3464 3247 3546 placuit
3270 3473 3563 3545 principari

1991 3574 2045 3628 in
2080 3575 2185 3628 hoc
2213 3571 2429 3635 szeculo,
2465 3570 2557 3625 sed
2585 3583 2790 3640 pauper
2814 3567 2933 3624 ﬁeri
2954 3607 2970 3632 ,
3011 3566 3237 3637 pedibus
3269 3566 3337 3619 ad
3369 3564 3563 3635 praedi-

1991 3665 2223 3721 candum
2268 3676 2526 3735 pergere,
2574 3660 2820 3716 inﬁrmos
2848 3659 3090 3723 visitare,
3122 3657 3307 3712 turbas
3344 3656 3565 3722 satiare,

1992 3754 2375 3826 discipulorum
2405 3751 2572 3824 pedes
2602 3751 2803 3814 lavare,
2838 3758 2896 3806 et
2920 3748 3125 3819 reliqua
3150 3746 3368 3816 pietatis
3391 3743 3564 3801 cilicia

1991 3862 2090 3919 per
2119 3844 2469 3915 semetipsum
2496 3856 2690 3914 agere,
2720 3847 2776 3896 et
2801 3840 2870 3895 ad
2896 3838 3143 3894 ultimum
3172 3836 3302 3892 dare
3328 3835 3565 3889 animam

1994 3953 2146 3995 suam
2176 3952 2274 4008 pro
2300 3934 2503 3990 multis.
2537 3932 2653 3989 Non
2680 3931 2813 3988 dicit
2839 3946 2939 4002 pro
2968 3929 3240 3993 omnibus,
3265 3925 3361 3982 Sed
3385 3924 3570 3982 multis

1994 4030 2080 4087 his
2120 4029 2211 4099 qui
2255 4027 2479 4083 credere
2516 4023 2803 4081 voluerint.
2858 4021 3121 4078 Similiter
3161 4028 3219 4076 et
3263 4018 3318 4074 in
3362 4031 3571 4074 canone

1995 4121 2175 4177 missae
2202 4118 2417 4174 canitur
2457 4116 2523 4172 de
2564 4114 2827 4186 sanguine
2863 4111 3121 4170 Domini:
3159 4109 3264 4177 Qui
3299 4124 3394 4180 pro
3428 4106 3570 4162 vobis

1996 4223 2045 4268 et
2070 4228 2164 4284 pro
2190 4209 2367 4265 multis
2394 4207 2694 4278 effundatur
2718 4206 2775 4261 in
2806 4205 3161 4260 remissionem
3188 4209 3534 4274 peccatorum.

2557 4317 2785 4375 CAPUT
2827 4316 3010 4374 XLVI.

2357 4391 2435 4446 De
2462 4388 2665 4444 duobus
2693 4387 2845 4443 ctecis
2872 4383 3211 4441 illuminatis.

327 4477 591 4538 Hoeest:
626 4476 751 4532 Non
790 4485 865 4531 est
900 4492 1243 4548 personarum
1268 4474 1496 4544 acceptio
1528 4474 1668 4544 apud
1691 4473 1895 4539 Deum;
1922 4506 1975 4569 Ι)
2070 4481 2139 4537 Et
2180 4478 2562 4552 egredientibus
2601 4475 2708 4532 illis
2744 4475 2808 4531 ab
2851 4474 3087 4539 Iericho,
3114 4483 3290 4529 secuta
3333 4481 3411 4527 est
3454 4486 3571 4527 eum

331 4586 436 4624 non
467 4578 551 4624 est
581 4568 789 4634 dantis,
830 4568 924 4624 sed
959 4566 1303 4639 accipientis,
1342 4566 1487 4622 illius
1522 4565 1614 4637 qui
1652 4581 1710 4622 se
1736 4565 1896 4623 talem

327 4670 631 4733 praeparat,
669 4670 731 4717 ut
763 4662 957 4734 dignus
986 4662 1057 4718 sit
1091 4662 1422 4732 acceptione.
1474 4658 1585 4716 Nec
1613 4659 1704 4730 qui
1733 4659 1896 4727 dicit,

327 4753 423 4809 sed
451 4754 544 4824 qui
574 4751 736 4820 facit,
784 4754 980 4824 accipit
1006 4754 1180 4826 ipsum
1207 4753 1405 4808 locum.
1459 4750 1575 4806 Non
1607 4758 1692 4807 est
1718 4765 1897 4806 meum

330 4841 462 4897 dare
497 4843 772 4913 superbis,
808 4843 995 4914 quales
1020 4858 1117 4899 vos
1145 4842 1309 4909 estis,
1347 4842 1440 4898 sed
1471 4840 1785 4896 humilibus.
1837 4840 1896 4895 Si

330 4934 492 4988 vultis
520 4933 719 4990 habere
741 4975 756 4999 ,
807 4942 1015 4990 mutate
1052 4942 1309 4990 mentem.
1361 4934 1545 4989 Estote
1584 4932 1900 4989 humiliores

328 5024 580 5080 omnibus
623 5032 678 5080 et
722 5034 929 5081 certate
965 5034 1023 5080 ut
1050 5026 1279 5080 vincatis
1314 5023 1623 5089 diabolum,
1670 5033 1727 5078 et
1773 5031 1901 5079 tunc

332 5115 546 5169 dabitur
577 5115 725 5171 vobis
759 5132 791 5171 a
818 5114 980 5171 Patre
1010 5130 1131 5172 meo
1165 5123 1220 5171 et
1256 5131 1287 5169 a
1327 5131 1433 5180 me,
1484 5131 1589 5170 non
1626 5115 1797 5170 solum
1833 5115 1901 5170 ab

334 5203 439 5258 isto
473 5204 690 5259 homine
719 5220 878 5274 quem
907 5204 1137 5274 putastis
1170 5201 1388 5258 ﬂectere
1423 5204 1619 5274 injuste
1652 5218 1750 5273 per
1777 5219 1898 5257 mu-

334 5293 483 5349 lieris
508 5296 978 5365 supplicationem;
1008 5295 1250 5361 sive,non
1280 5303 1365 5351 est
1391 5311 1568 5351 meum
1594 5294 1724 5349 dare
1750 5296 1902 5352 vobis

336 5385 428 5440 tali
469 5386 628 5441 modo
668 5401 775 5457 quo
812 5401 909 5442 vos
946 5386 1160 5456 petitis,
1209 5386 1303 5440 sed
1334 5385 1631 5440 victoribus
1658 5393 1901 5455 paratum

336 5486 418 5531 est
445 5494 474 5532 a
502 5478 664 5534 Patre
691 5496 810 5536 meo
838 5478 906 5534 ab
930 5478 1085 5533 initio
1111 5477 1310 5533 seaculi.
1345 5476 1411 5531 Et
1438 5478 1706 5531 audientes
1731 5477 1904 5531 decem

336 5565 596 5635 indignati
630 5578 748 5623 sunt
777 5569 841 5623 de
879 5569 1081 5622 duobus
1112 5567 1382 5637 fratribus.
1424 5567 1539 5622 Non
1572 5568 1784 5622 mulieri
1818 5569 1905 5623 in-

341 5655 543 5727 dignati
578 5665 733 5724 sunt,
762 5660 857 5713 sed
889 5660 1033 5723 ﬁliis,
1062 5659 1186 5729 quia
1218 5659 1600 5714 intellexerunt
1635 5660 1779 5729 quod
1817 5660 1904 5713 illa

340 5749 654 5815 praemonita
680 5763 707 5801 a
736 5748 856 5805 ﬁliis
881 5751 990 5804 inec
1016 5748 1250 5817 petierit.
1273 5748 1360 5816 qui
1391 5749 1707 5821 ignorabant.
1731 5751 1906 5805 adlmc

1999 4574 2154 4630 turba
2180 4572 2368 4628 multa.
2421 4572 2663 4642 Apparet
2688 4568 2832 4639 quod
2858 4567 3118 4624 Dominus
3145 4566 3213 4622 de
3237 4563 3455 4621 Galilzea
3483 4579 3573 4620 γει

1998 4668 2173 4733 niens,
2209 4663 2483 4721 transiens
2508 4660 2799 4719 Iordanem
2837 4675 2944 4716 non
2982 4667 3132 4715 recto
3162 4658 3358 4714 itinere
3387 4654 3576 4712 ﬂiero-

1998 4757 2258 4829 solymam
2292 4754 2447 4821 abiit,
2469 4754 2566 4809 sed
2583 4753 2741 4824 juxta
2764 4750 3052 4807 Iordanem
3080 4751 3147 4805 ab
3163 4747 3383 4804 Iericho
3406 4748 3572 4810 venit,

1995 4858 2053 4906 et
2083 4848 2206 4904 inde
2246 4862 2345 4918 per
2372 4845 2515 4900 viam
2552 4844 2825 4915 publicam
2856 4857 2977 4911 qua:
3006 4842 3071 4896 de
3108 4849 3262 4895 trans
3288 4838 3573 4895 Iordanem

2001 4938 2068 4993 ad
2105 4936 2402 4993 Jerusalem
2442 4933 2725 4999 ascendit,
2770 4931 2916 4986 viam
2963 4931 3137 4987 tenuit
3180 4930 3237 4985 in
3280 4944 3386 4999 qua
3434 4929 3577 4983 inter

2000 5026 2218 5083 Iericho
2247 5034 2303 5081 et
2328 5023 2627 5080 Ierusalem
2664 5022 2846 5076 multa:
2874 5020 3298 5092 depradationes
3335 5018 3575 5085 ﬁebant,

2001 5132 2281 5190 usquequo
2305 5114 2534 5171 Romani
2559 5113 2963 5169 aediﬁcaverunt
2987 5112 3060 5167 ibi
3087 5110 3367 5167 castellum
3394 5120 3450 5165 et
3478 5111 3579 5165 mi-

2003 5218 2191 5266 serunt
2218 5207 2517 5264 custodiam
2546 5205 2798 5261 militum.
2832 5205 2889 5260 ln
2919 5206 3024 5260 hac
3049 5218 3178 5275 ergo
3207 5201 3332 5273 quia
3363 5201 3575 5272 publica

2002 5302 2087 5354 via
2110 5309 2243 5364 erat,
2268 5299 2337 5354 ob
2358 5297 2644 5368 petendam
2666 5298 2860 5368 stipem
2880 5297 3171 5351 manebant
3191 5295 3342 5360 caci.
3364 5304 3419 5349 et
3438 5310 3579 5349 unus

2005 5405 2071 5444 ex
2098 5389 2204 5443 illis
2230 5389 2303 5442 ita
2332 5395 2493 5442 notus
2517 5394 2664 5453 erat,
2691 5394 2753 5441 ut
2778 5386 2916 5441 alius
2941 5384 3268 5457 evangelista
3297 5392 3352 5441 et
3379 5400 3577 5440 nomen

2004 5479 2118 5549 ejus
2141 5521 2155 5545 ,
2207 5487 2262 5533 et
2309 5494 2503 5533 nomen
2537 5479 2707 5549 patris
2736 5479 2853 5549 ejus
2890 5478 3151 5548 posuerit.
3191 5478 3575 5533 Verumtamen

2005 5571 2092 5626 alii
2116 5569 2459 5641 evangelista
2477 5569 2810 5624 solummodo
2830 5584 2997 5623 unum
3020 5569 3318 5634 nominant,
3344 5568 3433 5638 qui
3459 5584 3580 5637 gen-

2008 5661 2138 5715 tium
2166 5659 2419 5730 populum
2446 5659 2645 5730 signat,
2669 5660 2793 5730 quia
2822 5659 2922 5730 ipsi
2948 5661 3197 5732 gentibus
3223 5660 3574 5730 scripserunt.

2008 5747 2291 5804 Matthreus
2318 5763 2465 5816 vero,
2513 5748 2602 5817 qui
2636 5749 2874 5805 licbrteis
2911 5750 3253 5805 credentibus
3290 5751 3580 5806 scribebat.
