3952 6186
471 264 605 318 14⁸27

464 380 601 435 duos
627 388 1013 437 commemorat
1036 419 1050 443 .

465 477 547 523 tes
590 484 685 539 per
726 468 847 524 illos
885 469 1041 523 duos.
1090 469 1304 525 Veritas
1337 471 1578 528 historim
1606 483 1788 544 aperta
1827 485 1944 539 est,
1994 485 2049 529 et

465 560 638 614 virtus
684 559 919 614 Domini.
974 558 1176 630 Typice
1220 575 1350 615 vero
1397 561 1614 618 Jericho
1661 565 2050 634 interpretatur

464 651 624 712 luna,
673 659 728 704 et
774 665 871 720 per
911 651 1092 706 lunam
1139 651 1381 708 delectus
1410 661 1464 707 et
1491 655 1820 710 mutabilitas
1851 665 2048 712 nostrze

463 741 646 796 carnis
672 741 1015 812 exprimitur.
1057 743 1124 796 Et
1153 760 1276 798 cum
1306 745 1566 800 Dominus
1592 744 1812 802 Jericho
1854 763 2046 819 appro-

463 833 741 902 pinquavit
763 875 776 898 ,
817 848 1018 888 caecum
1046 851 1213 888 unum
1243 835 1586 891 illuminavit.
1619 837 1752 893 Cum
1783 854 1912 893 vero
1939 855 2047 895 cu:-

462 923 543 991 pit
571 923 824 992 elongare
850 931 904 978 et
929 922 1225 979 Jerusalem
1253 925 1564 988 ascendere,
1591 927 1745 989 duos,
1771 927 1894 997 quia
1923 944 2046 982 cum

463 1015 850 1070 mortalitatem
899 1025 1101 1072 nostra:
1152 1019 1518 1088 corruptionis
1568 1019 1778 1084 induit,
1834 1022 2046 1075 sanavit

461 1107 662 1163 multos
712 1123 778 1162 ex
826 1108 1023 1178 pepulo
1065 1106 1374 1165 Judreorum
1426 1125 1454 1164 a
1507 1111 1749 1165 caecitate
1791 1112 2042 1182 spiritali.

460 1202 595 1257 Cum
635 1218 766 1258 vero
805 1201 980 1256 factus
1021 1201 1343 1258 immortalis
1385 1211 1508 1274 post
1547 1205 2001 1260 resurrectionem
2028 1248 2043 1273 ,

463 1295 784 1350 illuminavit
814 1304 1104 1365 utrumque
1131 1296 1385 1366 populum
1413 1313 1476 1352 ex
1507 1298 1744 1352 maxima
1771 1307 1924 1369 parte
1950 1315 2048 1368 per

458 1386 733 1457 apostolos
761 1401 907 1441 suos.
939 1386 1006 1439 Et
1031 1387 1168 1440 bene
1197 1387 1451 1441 dicuntur
1469 1388 1625 1459 juxta
1650 1389 1791 1442 viam
1818 1389 2043 1454 sedisse;

459 1478 585 1546 quia
621 1492 727 1531 non
758 1484 913 1530 erant
944 1476 996 1529 in
1028 1477 1114 1530 via
1155 1477 1246 1547 qui
1290 1477 1462 1531 dixit:
1500 1478 1613 1548 Ego
1645 1497 1762 1533 sum
1793 1480 1909 1545 via,
1950 1480 2046 1535 sed

452 1569 608 1637 juxta
629 1608 644 1635 ,
689 1569 815 1638 quia
846 1577 899 1622 et
925 1566 1094 1622 Judaei
1132 1568 1334 1638 aliquid
1376 1585 1475 1638 per
1504 1569 1676 1642 legem
1706 1571 1953 1626 sciebant
1979 1571 2047 1626 de

459 1669 730 1725 creatore,
752 1669 806 1714 et
830 1659 1067 1729 gentium
1097 1659 1398 1729 philosophi
1428 1674 1524 1729 per
1546 1662 1848 1716 naturalem
1873 1662 2045 1717 scien-

460 1752 592 1806 tiam
619 1760 919 1806 creatorem
949 1752 1068 1806 οωιί
1101 1763 1492 1822 cognoverunt.
1544 1753 1696 1821 Quod
1727 1763 1783 1809 et
1812 1754 1965 1809 Plato
1995 1755 2050 1809 in
2080 1754 2127 1812 B

457 1843 571 1897 suis
609 1841 828 1911 reliquit
853 1841 1130 1911 scriptum
1175 1841 1350 1895 libris.
1401 1841 1696 1897 Audierunt
1731 1845 1857 1914 quia
1891 1843 2048 1899 Jesus

457 1933 725 1986 transiret.
784 1929 953 1984 Judzei
1003 1929 1295 1984 audierunt
1343 1945 1442 1999 per
1487 1932 1811 2002 prophetas,
1863 1943 2054 2002 gentes

457 2035 671 2090 quoque
701 2036 809 2074 non
848 2032 948 2090 per
973 2020 1155 2074 omnia
1187 2020 1577 2090 ignoraverunt
1601 2062 1615 2086 ,
1660 2022 1753 2076 sed
1794 2023 2050 2093 sophista:

455 2131 645 2169 eorum
697 2113 951 2169 similiter
1003 2111 1482 2168 denuntiaverunt.
1553 2114 1706 2171 Unde
1770 2125 1854 2171 est
1917 2116 2050 2172 illud

458 2204 696 2260 Maronis
723 2223 736 2257 :

642 2324 750 2374 Jam
769 2337 892 2374 nova
915 2326 1183 2388 progenies
1203 2325 1329 2376 cmlo
1352 2325 1613 2377 dimittitur
1630 2325 1743 2377 alto.

455 2432 521 2485 Et
558 2429 759 2500 Sibylla
800 2429 974 2498 inquit
1000 2448 1014 2482 :

639 2551 679 2602 E
697 2550 820 2600 cmlo
839 2563 928 2599 rex
950 2550 1180 2600 adveniet
1197 2548 1411 2600 Christus
1431 2562 1521 2610 per
1535 2547 1676 2598 saecla
1696 2547 1903 2599 futurus.

455 2657 678 2712 Scilicet
721 2656 775 2709 in
812 2670 979 2710 carne
1008 2662 1252 2726 pnescns
1299 2661 1358 2707 ut
1401 2653 1610 2725 judicet
1638 2655 1863 2720 orbem,
1903 2654 2045 2709 unde

453 2749 623 2804 Deum
652 2754 880 2802 cernent
907 2744 1217 2800 incredulus
1245 2752 1408 2815 atque
1434 2743 1624 2799 ﬁdelis.
1655 2743 1805 2798 Alius
1831 2759 2047 2814 quoque

452 2857 578 2896 eum
610 2840 852 2895 venisset.
881 2838 948 2893 ad
977 2845 1211 2892 mortem
1239 2835 1455 2891 vocavit
1483 2835 1777 2906 discipulos
1814 2850 1960 2902 suos,
1992 2844 2047 2890 et

452 2935 590 2991 dixit
614 2933 722 2988 eis:
748 2933 859 3004 Ego
883 2931 1044 2987 modo
1066 2930 1302 2995 moriar;
1330 2927 1552 2984 scribite
1575 2928 1845 2983 somnium
1866 2943 2044 2985 meum

452 3027 598 3098 quod
625 3025 733 3080 vidi
769 3033 826 3079 et
860 3024 1125 3078 habebam
1154 3021 1482 3076 absconsum
1515 3019 1569 3073 in
1601 3028 1782 3075 mente
1810 3034 1954 3085 mea,
1993 3027 2048 3074 et

452 3119 613 3173 modo
651 3117 765 3172 sclo
797 3117 941 3185 quod
975 3130 1082 3168 non
1113 3113 1308 3168 videbo
1348 3114 1524 3182 ipsum
1569 3113 1838 3168 somnium
1884 3113 2046 3168 rebus
2072 3106 2116 3168 C

449 3209 678 3280 espleri,
703 3208 796 3262 sed
824 3207 965 3261 beati
993 3213 1155 3260 erunt
1182 3205 1272 3272 qui
1297 3204 1576 3258 videbunt.
1609 3203 1729 3258 Vidi
1759 3206 1813 3258 in
1838 3205 2044 3261 somnis

451 3299 635 3352 vinum
667 3297 732 3351 de
760 3294 900 3351 cmlo
932 3294 1140 3364 pluere,
1180 3300 1236 3346 et
1266 3293 1523 3364 surgebat
1548 3293 1745 3348 nebula
1776 3294 1843 3348 de
1874 3303 2036 3359 terra,

451 3401 507 3445 et
536 3391 603 3446 de
631 3389 808 3459 aquis,
839 3396 895 3444 et
933 3385 1260 3441 miscebatur
1289 3401 1410 3440 cum
1441 3385 1581 3454 ipso.
1637 3385 1705 3440 Et
1745 3387 1860 3442 scio
1897 3387 2042 3457 quod

450 3483 718 3538 llivinitas
743 3481 924 3536 veniet
960 3480 1028 3536 de
1067 3479 1228 3546 coelo,
1267 3488 1323 3534 et
1359 3478 1676 3535 miscebitur
1704 3494 1827 3534 eum
1855 3493 2037 3534 carne.

450 3575 640 3632 Nonne
678 3574 836 3646 quasi
876 3574 1117 3630 diceret:
1156 3572 1372 3628 Veritas
1413 3571 1482 3626 de
1525 3580 1668 3626 terra
1707 3569 1936 3636 orietur,
1985 3577 2041 3625 et

445 3669 658 3741 justitia
705 3669 772 3723 de
817 3667 957 3723 coelo
1005 3665 1306 3736 procedet?
1360 3663 1476 3719 Tali
1517 3679 1648 3736 ergo
1687 3665 1850 3720 modo
1884 3664 2040 3735 juxta

449 3760 592 3813 viam
625 3758 886 3814 sedebant
916 3765 971 3813 et
1000 3754 1169 3812 Judaei
1205 3766 1260 3810 et
1288 3754 1548 3825 gentiles,
1583 3763 1637 3808 et
1669 3753 2043 3808 clamaverunt

450 3851 693 3905 dicentes
720 3863 735 3903 :
769 3848 1014 3913 Domine,
1044 3847 1285 3901 miserere
1313 3845 1500 3910 nostri,
1533 3842 1644 3897 Fili
1676 3843 1867 3898 David.
1919 3841 2040 3897 Jam

450 3945 580 4000 olim
605 3953 690 3999 est
713 3942 859 4014 quod
884 3941 1122 4012 gentium
1151 3938 1378 4010 populus
1402 3938 1506 3992 hoc
1530 3937 1839 3992 clamabat:
1868 3935 2039 3992 Osan-

451 4052 516 4091 na
538 4077 553 4100 ,
595 4035 670 4089 ﬁli
703 4034 868 4088 David
887 4073 903 4099 ,
942 4031 1203 4088 miserere
1230 4029 1421 4084 nostri.
1459 4027 1633 4082 Turba
1664 4037 1838 4081 autem
1867 4027 2040 4080 incre-

448 4127 605 4195 pabat
653 4141 740 4180 eos
791 4133 846 4178 ut
895 4131 1146 4177 tacerent.
1207 4119 1302 4175 Vel
1347 4117 1561 4183 Judaei,
1609 4116 1769 4185 utin
1812 4114 2038 4170 Actibus

444 4214 816 4285 apostolorum
846 4212 1102 4283 legimus,
1130 4210 1216 4266 vel
1247 4209 1404 4264 turba
1437 4208 1538 4263 ista
1577 4224 1703 4278 pars
1739 4207 1919 4277 populi
1959 4208 2039 4262 in-

451 4306 708 4375 telligitur
731 4319 852 4374 quas
878 4318 985 4360 non
1013 4301 1208 4366 credit,
1237 4316 1356 4371 quae
1381 4299 1647 4355 obsistere
1671 4297 1870 4368 populo
1895 4297 2036 4352 ﬁdeli

445 4393 647 4464 voluit,
685 4413 754 4452 ne
787 4396 1038 4451 crederet
1069 4394 1124 4449 in
1155 4407 1311 4447 suum
1342 4392 1530 4447 Deum.
1573 4389 1725 4446 Unde
1753 4397 1809 4444 et
1836 4389 2036 4444 multos

1283 263 1674 320 CllRlSTlANl
1714 266 2124 323 DRUTHMAR]
2165 268 2612 328 CORBEIENSIS
2651 273 2955 332 MONAClIl

1153 387 1211 434 ut
1248 379 1615 452 intelligantur
1640 383 1812 439 Judaei
1843 395 1896 439 et
1926 400 2054 456 gen-
2081 389 2127 446 A
2156 388 2328 442 oculis
2359 389 2688 458 spiritalibus
2720 393 2836 448 sine
2861 393 2967 450 ﬁne
2995 409 3178 466 regem
3212 399 3533 458 saectdorum
3563 405 3626 460 in
3650 408 3739 462 de-

3613 285 3742 340 N28

2156 493 2282 533 core
2332 497 2448 536 suo.
2508 481 2636 538 Sive
2680 495 2804 539 orat
2850 495 2911 540 ut
2957 488 3171 558 reliquo
3220 495 3417 563 populo
3459 496 3743 568 adaperiat

2156 588 2316 628 aures
2339 577 2760 645 prmcordiorum
2786 581 2853 634 ad
2882 581 3228 654 intelligenda
3250 587 3492 656 mysterii
3521 603 3740 645 amans.

2156 663 2220 717 Et
2249 679 2347 719 nos
2374 682 2683 735 quaeramus
2711 670 2883 725 lucem
2913 687 3075 740 quam
3111 689 3234 728 cum
3263 675 3393 730 solis
3427 678 3642 746 angelis
3672 682 3743 734 vi-

2155 755 2284 810 dere
2313 760 2602 826 possimus.
2649 761 2897 818 Misertus
2928 775 3105 820 autem
3136 785 3316 822 eorum
3343 768 3534 835 Iesus,
3581 777 3742 845 tetigit

2155 847 2334 902 oculos
2359 867 2560 906 eorum.
2595 853 2731 921 Quia
2759 856 2803 910 si
2831 858 2922 926 qui
2948 859 3200 925 credunt,
3231 862 3346 931 ipso
3373 862 3543 918 dante
3572 867 3742 922 incre-

2155 951 2429 1007 mentum,
2473 945 2721 1000 crcdunt.
2777 945 2848 1000 Et
2891 948 3167 1017 confestim
3208 953 3446 1007 viderunt
3488 965 3540 1008 et
3582 959 3739 1011 secuti

2154 1040 2273 1082 sunt
2295 1047 2432 1084 eum.
2452 1031 2770 1104 Quicunque
2791 1037 2938 1091 enim
2960 1039 3134 1094 oculis
3155 1042 3348 1096 mentis
3368 1044 3516 1098 videt
3537 1044 3737 1110 Jesum,

2154 1122 2398 1191 sequitur
2421 1140 2543 1178 eum
2573 1127 2836 1182 imitando
2862 1127 2979 1197 ejus
3008 1132 3267 1186 actiones.
3299 1133 3452 1188 Videt
3478 1145 3540 1190 et
3568 1141 3739 1207 sequi-

2155 1220 2264 1276 tur,
2289 1214 2379 1282 qui
2407 1214 2605 1270 bonum
2627 1220 2771 1286 quod
2793 1219 3048 1292 intelligit
3071 1233 3346 1292 operatur.
3372 1227 3536 1282 Videt
3560 1238 3616 1282 et
3639 1247 3736 1284 non

2154 1305 2419 1374 sequitur,
2454 1308 2547 1377 qui
2577 1309 2778 1364 bonum
2809 1313 3027 1381 quidem
3058 1314 3341 1386 intelligit,
3387 1319 3478 1372 sed
3526 1321 3736 1388 operari

2154 1398 2475 1464 contemnit,
2501 1398 2682 1454 Jesum
2708 1403 2854 1456 enim
2879 1404 3146 1473 sequitur,
3170 1407 3262 1474 qui
3289 1406 3561 1462 imitatur.
3599 1409 3740 1464 Unde

2156 1485 2392 1542 dicitur:
2428 1488 2486 1543 Si
2516 1491 2631 1560 quis
2662 1493 2790 1546 mihi
2820 1495 3106 1562 ministrat,
3135 1513 3217 1550 me
3240 1509 3516 1569 sequatur,
3547 1501 3602 1554 id
3631 1511 3738 1566 est,

2155 1594 2237 1631 me
2266 1579 2518 1634 imitetur.
2561 1581 2856 1640 Possumus
2883 1600 2982 1656 per
3012 1588 3146 1643 istos
3175 1604 3349 1644 eaacos
3375 1589 3602 1648 Judaaos
3633 1595 3741 1649 sive

2156 1668 2460 1726 Pharismos
2495 1672 2814 1744 intelligere.

2712 1783 2940 1840 CAPUT
2980 1785 3182 1841 XLVII.

2285 1849 2363 1904 De
2391 1854 2718 1924 susceptione
2747 1853 2961 1909 Domini
2991 1858 3055 1910 ab
3086 1857 3615 1930 Ilierosolymitanis.

2221 1940 2293 1995 Et
2315 1957 2435 1996 cum
2457 1945 2960 2016 appropinquassent
2987 1946 3386 2018 Hierosolymis,
3409 1963 3456 2004 et
3477 1955 3736 2009 venissent

2148 2032 2451 2105 Bethphage
2482 2036 2551 2088 ad
2578 2046 2805 2091 montem
2837 2036 3048 2093 Oliveti.
3081 2039 3344 2098 Dominus
3373 2055 3566 2101 noster
3587 2047 3736 2103 Jesos

2149 2124 2401 2180 Christus
2436 2135 2634 2181 cuncta
2664 2128 2914 2183 ordinate
2959 2139 3014 2184 et
3056 2131 3333 2201 sapienter
3366 2134 3735 2205 dispensavit,

2148 2217 2290 2273 sicut
2304 2217 2567 2286 sapientia
2593 2217 2706 2285 Dei,
2729 2220 2873 2288 quod
2904 2221 3017 2290 ipse
3043 2223 3310 2276 veraciter
3335 2222 3465 2279 fecit
3491 2229 3730 2295 quaedam

2148 2307 2408 2361 miracula
2440 2307 2507 2361 ad
2538 2308 2826 2363 excitanda
2857 2311 3021 2364 corda
3047 2310 3348 2366 electorum
3387 2322 3443 2366 et
3479 2316 3733 2384 reprobo-

2149 2414 2288 2464 rum,
2311 2407 2367 2452 et
2387 2399 2531 2454 unde
2551 2398 2677 2454 boni
2700 2400 3065 2470 profecerunt,
3095 2401 3222 2455 mali
3245 2402 3732 2468 deterior-avertunt,

2148 2502 2429 2558 quousque
2463 2487 2530 2542 de
2560 2496 2737 2542 morte
2765 2488 2881 2556 ejus
2914 2489 3143 2544 invicem
3176 2492 3640 2560 conspiravernnt,
3680 2505 3734 2548 et

2147 2581 2362 2650 quando
2389 2587 2670 2634 eumante
2707 2580 2966 2651 placitum
2997 2581 3294 2638 voluntatis
3332 2583 3450 2652 ejus
3487 2586 3731 2641 occidere

2147 2672 2466 2743 gestierunt,
2491 2681 2716 2742 tangere
2741 2687 2864 2727 eum
2895 2675 3276 2743 nequiverunt.
3312 2675 3446 2731 Cum
3471 2693 3602 2733 vero
3627 2679 3732 2733 dies

2146 2759 2440 2816 voluntatis
2472 2761 2590 2830 ejus
2619 2763 3218 2832 appropinquaverunt,
3262 2764 3543 2820 licentiam
3582 2782 3729 2822 acce-

2146 2861 2380 2922 perunt,
2422 2862 2480 2908 et
2509 2853 2576 2908 de
2604 2854 2852 2909 miriﬁcis
2895 2855 3066 2924 gestis
3103 2855 3334 2926 amplius
3373 2856 3726 2912 insanierunt.

2150 2942 2221 2998 Ut
2249 2952 2428 2998 autem
2457 2945 2773 2999 ostenderet
2811 2959 2869 3000 se
2903 2945 3164 3001 Dominus
3200 2945 3397 3002 Filium
3440 2947 3585 3002 illius
3615 2964 3729 3004 esse

2149 3035 2241 3103 qui
2280 3034 2550 3104 quondam
2593 3049 2623 3088 a
2664 3033 2934 3107 Samuelis
2988 3043 3230 3106 tempore
3268 3036 3566 3108 allophylos
3610 3054 3726 3094 cum

2148 3125 2251 3180 diis
2280 3125 2394 3179 suis
2420 3134 2789 3194 percusserat,
2819 3135 2868 3180 et
2903 3141 3086 3180 arcam
3117 3141 3270 3180 suam
3303 3143 3401 3196 per
3429 3141 3628 3182 vaccas
3656 3127 3729 3183 fe-

2150 3225 2232 3271 tas
2262 3215 2458 3272 referri
2489 3216 2556 3271 ad
2591 3216 2772 3271 locum
2803 3217 3043 3272 debitum
3076 3218 3311 3280 iecerat,
3353 3218 3602 3273 adhibuit
3630 3220 3726 3274 sibi

2144 3305 2290 3359 aliud
2317 3320 2483 3376 pecus
2508 3306 2575 3360 ad
2606 3307 2709 3361 hoc
2734 3307 3234 3362 demonstrandum.
3274 3307 3431 3362 Sicut
3456 3310 3601 3363 enim
3635 3310 3730 3363 illa:

2143 3407 2322 3448 vaccae
2355 3409 2476 3463 quae
2526 3394 2755 3448 necdum
2781 3392 2969 3465 jugum
3012 3403 3325 3458 traxerant,
3363 3397 3612 3465 quamvis
3651 3398 3725 3451 vi-

2142 3485 2286 3541 tulos
2315 3495 2564 3541 recentes
2590 3486 2877 3552 haberent,
2907 3495 3085 3540 tamen
3117 3485 3339 3555 accepta
3366 3503 3490 3542 arca
3517 3489 3725 3543 Domini

2143 3578 2394 3633 abierunt
2423 3579 2565 3632 viam
2596 3593 2757 3647 quam
2788 3579 3192 3646 ignoraverunt,
3221 3588 3506 3646 pergentes
3533 3588 3590 3634 et
3617 3595 3730 3633 mu-

2142 3667 2371 3738 gientes,
2395 3667 2548 3737 quasi
2577 3667 2818 3720 dicerent
2845 3685 2858 3719 :
2891 3666 2957 3720 Et
2979 3666 3175 3720 vitulos
3201 3681 3308 3720 non
3335 3667 3722 3727 obliviscimur.

2142 3759 2236 3816 sed
2269 3767 2448 3814 tamen
2479 3768 2779 3814 creatorem
2808 3757 2963 3827 cujus
2999 3774 3182 3812 arcam
3223 3759 3472 3814 ducimus
3503 3760 3627 3828 plus
3655 3761 3722 3814 ti-

2141 3867 2380 3917 memus;
2421 3851 2672 3905 similiter
2701 3859 2755 3904 et
2785 3850 2872 3904 hic
2910 3848 3107 3903 asellus
3137 3849 3227 3918 qui
3262 3865 3538 3919 nunquam
3571 3858 3721 3904 antea

2140 3958 2172 3997 a
2201 3949 2378 3996 matre
2407 3947 2692 4009 separatus
2721 3937 2918 4002 fuerat,
2949 3948 3006 3993 et
3034 3955 3313 4007 nunquam
3342 3953 3609 3993 sessorem
3636 3939 3720 3992 ha-

2139 4033 2360 4099 buerat,
2397 4041 2624 4102 accepto
2652 4031 2866 4087 Domini
2898 4046 3128 4101 corpore
3161 4029 3311 4085 fecit.
3348 4031 3481 4085 Cum
3506 4033 3721 4084 renissd

2138 4124 2471 4195 Betltphage,
2519 4124 2659 4176 misit
2689 4124 2822 4176 duos
2853 4122 3137 4192 discipulos
3166 4123 3369 4176 dicens.
3415 4122 3724 4192 Bethpbage

2137 4222 2223 4270 est
2250 4213 2379 4267 villa
2409 4228 2577 4282 parva
2606 4213 2658 4266 in
2692 4221 2876 4266 monte
2899 4212 3094 4266 Oliveti
3121 4212 3277 4281 juxta
3308 4211 3646 4276 Bethaniam,
3673 4219 3725 4265 et

2137 4311 2258 4358 erat
2304 4303 2647 4358 sacerdotum
2694 4303 2942 4367 viculus,
2995 4312 3051 4356 et
3099 4302 3491 4372 interpretatur
3539 4293 3721 4356 domis

2139 4391 2337 4457 buceta,
2378 4391 2492 4470 sive
2520 4391 2861 4444 maxillarum
2882 4431 2896 4457 ,
2946 4401 3168 4461 propter
3195 4391 3376 4459 capita
3409 4391 3646 4444 arietum
3672 4399 3720 4444 et

445 4504 543 4557 per
568 4453 836 4542 tormenta
863 4494 1132 4554 martyres
1159 4479 1409 4535 reddidit.
1447 4478 1556 4534 Seu
1584 4480 1741 4534 turba
1771 4477 2033 4534 tumultus
2063 4453 2112 4515 υ
2137 4453 2414 4534 hircorum
2453 4495 2574 4550 qua:
2613 4480 2686 4534 ibi
2721 4453 2994 4550 jaceban't.
3041 4453 3175 4536 Cum
3215 4453 3346 4551 ergo
3380 4479 3454 4534 ibi
3485 4481 3722 4534 venisset

446 4579 701 4634 vitiorum
730 4585 888 4640 sunt,
919 4575 1008 4644 qui
1041 4573 1311 4629 obsistunt
1342 4587 1410 4626 ne
1444 4571 1512 4626 ad
1540 4571 1710 4626 Deum
1747 4578 2032 4626 converta-

446 4682 586 4722 mur.
627 4667 691 4720 Αι
721 4664 800 4718 illi
832 4664 1000 4734 magis
1028 4661 1328 4716 clamabant
1355 4660 1605 4714 dicentes.
1643 4659 1781 4726 Quia
1808 4675 1873 4714 ex
1903 4675 2028 4730 per-

443 4757 815 4816 secutionibus
853 4754 1024 4825 magis
1061 4753 1233 4808 crevit
1271 4751 1532 4807 Ecclesia.
1581 4749 1651 4803 Et
1680 4752 1821 4804 stetit
1847 4750 2025 4816 Jesus,

441 4866 489 4910 et
521 4853 713 4908 vocavit
740 4867 846 4906 eos.
884 4846 1122 4903 Transiit
1147 4845 1305 4900 nobis
1331 4841 1548 4913 quando
1575 4850 1736 4896 natus
1757 4849 1811 4896 et
1837 4857 2028 4911 passus

441 4955 547 5010 est,
577 4954 635 5000 et
662 4941 979 4998 resurrexit.
1017 4939 1210 5004 Stetit,
1241 4936 1458 5008 quando
1485 4942 1608 5006 post
1633 4948 1917 4989 ascensum
1947 4934 2029 4989 in-

442 5035 840 5096 commutabilis
863 5033 1038 5088 lactus
1058 5041 1142 5087 est
1167 5031 1220 5084 in
1245 5029 1405 5094 ccelo,
1427 5029 1496 5083 ad
1519 5030 1793 5082 dexteram
1816 5025 2023 5090 Patris;

440 5131 525 5185 vel
567 5129 783 5184 stetisse
823 5126 1020 5182 dicitur
1054 5132 1278 5194 propter
1313 5119 1639 5188 adjutorium
1677 5117 1822 5188 quod
1862 5117 2025 5172 mini-

441 5231 581 5278 strat
627 5220 873 5276 ﬁdelibus
921 5217 1054 5272 suis.
1115 5213 1256 5281 Quid
1301 5213 1460 5268 vultis
1498 5220 1556 5267 ut
1605 5209 1800 5281 faciam
1845 5209 2027 5264 vobis?

440 5315 556 5370 l‘eti
605 5313 720 5368 vult
768 5311 911 5380 quod
961 5309 1118 5364 nobis
1168 5304 1477 5376 petentibus
1529 5303 1826 5358 concedere
1878 5317 2018 5371 prae-

442 5406 632 5462 noscit.
701 5401 875 5468 Prope
925 5409 999 5455 est
1052 5397 1311 5453 Dominus
1362 5392 1600 5449 omnibus
1657 5392 2020 5446 invocantibus

437 5513 580 5550 eum.

512 5588 705 5642 Dicunt
749 5587 870 5642 illi:
905 5584 970 5640 Ut
1017 5585 1323 5656 aperiantur
1349 5581 1488 5635 oculi
1529 5576 1716 5634 nostri.
1766 5576 1879 5632 lloc
1921 5590 2016 5645 pro

447 5692 594 5742 certo
631 5690 747 5735 orat
787 5678 1080 5734 electorum
1121 5674 1378 5746 populus,
1430 5683 1489 5728 ut
1535 5679 1805 5726 mereatur
1836 5671 2016 5725 videre

2136 4570 2397 4658 Dominus
2421 4572 2596 4641 prima
2625 4570 2758 4626 feria
2788 4571 2882 4640 qui
2911 4571 3227 4625 Dominicus
3255 4570 3396 4640 apud
3429 4584 3529 4624 nos
3559 4586 3720 4624 voca-

2136 4671 2244 4729 tur,
2279 4663 2428 4719 misit
2455 4665 2592 4719 duos
2620 4663 2914 4733 discipulos
2943 4679 3092 4728 suos,
3129 4673 3185 4717 et
3222 4665 3338 4732 ipse
3374 4665 3628 4732 pervenit
3656 4663 3718 4716 ad

2130 4755 2478 4820 Bethaniam,
2514 4764 2570 4810 et
2599 4757 2796 4810 mansit
2828 4755 2898 4809 ibi
2931 4756 3046 4828 ipsa
3078 4763 3238 4809 nocte
3266 4755 3319 4808 in
3348 4755 3515 4808 domo
3541 4753 3715 4809 Simo—

2130 4850 2218 4904 nis
2241 4849 2456 4918 leprosi.
2487 4847 2555 4903 Et
2574 4849 2721 4903 venit
2744 4847 2813 4901 ibi
2837 4847 3005 4902 Maria
3027 4863 3183 4903 soror
3207 4847 3424 4910 Lazari,
3451 4854 3508 4900 et
3532 4845 3718 4901 eﬂ’ndit

2133 4948 2464 5011 unguentum
2508 4955 2671 5010 super
2699 4948 2858 5010 caput
2894 4936 3032 5007 ejus.
3087 4939 3154 4992 Et
3199 4938 3449 5008 discipuli
3499 4937 3714 4992 interim

2132 5030 2472 5084 adduxerunt
2498 5030 2708 5083 asinam
2736 5037 2792 5084 et
2819 5029 3046 5098 pullum,
3078 5038 3132 5083 et
3161 5029 3450 5082 audierunt
3481 5028 3534 5081 in
3566 5026 3716 5081 Jeru-

2131 5119 2299 5174 salem
2335 5119 2464 5189 quia
2503 5118 2578 5174 ibi
2614 5127 2757 5174 esset
2796 5120 2930 5189 ipse.
2981 5119 3100 5174 Non
3138 5119 3281 5173 enim
3308 5119 3565 5172 viderant
3596 5133 3713 5174 eum

2129 5217 2413 5278 postquam
2439 5209 2703 5263 Lazarum
2732 5209 3111 5264 suscitaverat.
3138 5208 3476 5278 Frequenter
3497 5209 3712 5278 quidem

2130 5303 2388 5358 Dominus
2408 5301 2709 5357 Jerusalem
2731 5311 2983 5367 venerat,
2999 5302 3093 5356 sed
3118 5316 3392 5370 nunquam
3415 5316 3541 5354 cum
3565 5309 3714 5353 tanta

2127 5393 2300 5464 gloria
2333 5393 2385 5448 in
2417 5409 2536 5448 eam
2575 5394 2852 5464 ingressus
2891 5401 2975 5448 est
3011 5393 3153 5448 sicut
3191 5400 3318 5446 tunc
3341 5432 3356 5455 ,
3410 5400 3474 5446 ut
3519 5391 3575 5445 hi
3624 5388 3711 5458 qui

2127 5495 2252 5542 ante
2281 5502 2405 5542 eum
2431 5486 2719 5542 voluerant
2747 5488 3016 5552 occidere,
3049 5496 3178 5541 tunc
3207 5487 3474 5542 haberent
3503 5486 3709 5545 locum,

2125 5580 2250 5649 quia
2282 5588 2412 5634 tunc
2438 5579 2488 5635 ei
2516 5577 2719 5649 placuit
2748 5579 2908 5644 mori,
2939 5579 3095 5649 quasi
3127 5579 3180 5633 in
3216 5577 3374 5636 lactis
3400 5579 3518 5633 suis
3544 5577 3709 5630 dixis-

2125 5681 2206 5726 set
2235 5671 2313 5726 eis
2340 5689 2351 5724 :
2394 5672 2500 5726 Vos
2531 5687 2629 5741 pro
2662 5671 2938 5727 beneﬁciis
2965 5686 2996 5725 a
3027 5686 3114 5726 me
3142 5672 3296 5727 vobis
3328 5670 3589 5740 impensis
3615 5669 3710 5722 de-
