3952 6186
286 338 421 395 1429

1300 288 1311 291 “
1413 330 1780 423 exposuit)
1814 329 1881 386 IN
1921 328 2365 386 numam.

3409 333 3427 385 l
3441 333 3545 387 450

281 453 648 520 terioramini,
691 461 747 510 et
782 437 1033 509 Occidere
1060 438 1149 509 me
1174 432 1573 519 vliltisrmodo
1599 450 1646 507 si
1677 450 1860 516 vultis,
1890 450 1941 511 Α
1966 449 2084 504 vice
2109 448 2173 505 de
2205 449 2494 521 argenteis.
2536 448 2642 506 Sed
2677 450 2856 507 nullus
2890 450 2970 507 sic
3003 450 3240 523 gloriose
3268 451 3547 525 ingressus

282 552 351 603 do
370 547 526 601 vobis
548 545 748 602 locum.
787 544 952 601 Facio
977 553 1154 600 tamen
1185 543 1519 600 mirabiliora
1541 558 1704 614 quam
1732 551 1857 598 ante

282 639 404 695 feci.
456 636 726 694 Suscitavi
753 636 910 692 vobis
935 643 1209 701 mortuos,
1250 634 1369 705 ipso
1398 635 1486 690 die
1521 634 1683 689 modo
1712 648 1864 689 resu—

282 730 470 786 scitavi
512 727 955 799 quatriduanum.
1002 725 1071 780 Et
1121 732 1183 781 ut
1217 712 1559 796 cognoscatis
1594 738 1682 778 me
1719 722 1863 777 illius

283 819 376 874 Dei
406 818 635 882 Filium,
673 831 834 887 quem
865 830 964 871 vos
997 813 1183 871 dicitis
1218 815 1472 879 adorare,
1511 812 1652 868 sicut
1688 811 1864 882 legitis

282 909 477 964 oblitas
511 906 680 962 fuisse
714 904 972 961 bucculas
1008 911 1264 959 naturam
1302 918 1455 958 suam
1477 941 1492 967 ,
1532 908 1589 956 et
1623 914 1863 956 amorem

282 999 571 1055 vitulorum
604 1010 827 1053 suorum
870 1011 971 1066 pro
1007 1010 1136 1051 arca
1172 993 1388 1051 Domini
1426 1007 1547 1064 quae
1581 1007 1745 1063 super
1770 1006 1865 1048 eos

284 1096 424 1153 erat,
445 1088 524 1143 sic
546 1087 725 1143 videte
747 1085 971 1141 asellum
994 1085 1222 1140 oblitum
1247 1098 1489 1140 amorem
1512 1083 1705 1139 matris
1728 1097 1862 1147 sum,

283 1189 337 1235 ct
360 1180 476 1234 sine
503 1176 659 1237 freno
681 1184 738 1232 et
761 1176 1000 1248 capistro
1024 1176 1106 1230 ire
1125 1175 1269 1231 viam
1295 1189 1497 1229 meam.
1526 1172 1691 1241 Quasi
1712 1172 1865 1229 vobis

283 1270 428 1325 dicat
458 1270 631 1339 ipsum
662 1268 883 1323 brutum
913 1266 1150 1321 animal:
1182 1265 1321 1323 Amo
1349 1272 1600 1330 matrem,
1625 1264 1722 1321 sed
1746 1263 1866 1335 plus

286 1360 450 1415 timeo
476 1364 780 1414 creatorem
808 1373 971 1428 quem
1000 1357 1174 1415 habeo
1202 1372 1491 1413 sessorem.

357 1450 503 1506 Tunc
528 1449 687 1505 Iesus
725 1451 868 1505 misit
907 1451 1042 1505 duos
1069 1449 1356 1521 discipulos
1382 1466 1506 1505 suos
1535 1449 1753 1504 dicens:
1783 1447 1867 1503 Ite

283 1542 337 1596 in
378 1539 649 1595 castellum
686 1540 826 1611 quod
872 1548 1057 1595 contra
1095 1557 1185 1595 uos
1223 1549 1322 1596 est.
1373 1538 1667 1596 Castellum
1706 1540 1868 1594 modo

285 1632 584 1703 appellatur
619 1630 920 1687 Jerusalem
948 1672 964 1699 ,
1011 1647 1132 1703 quae
1172 1632 1447 1702 quondam
1486 1631 1682 1688 civitas
1724 1632 1870 1704 regis

286 1724 486 1797 magni,
517 1724 573 1779 id
600 1732 685 1779 est
710 1724 807 1778 Dei
836 1724 980 1779 dicta
1006 1733 1111 1791 est,
1144 1724 1272 1795 quia
1300 1724 1671 1794 conspiratum
1702 1723 1869 1781 habe-

284 1816 418 1871 bant
450 1816 599 1871 cives
636 1814 755 1886 ejus
793 1815 1074 1871 occidendi
1107 1814 1444 1871 Salvatorem
1481 1832 1660 1872 suum.
1712 1815 1866 1882 Quod
1900 1798 1941 1857 Β

285 1914 469 1961 contra
505 1922 596 1960 uos
636 1913 733 1959 est.
794 1904 932 1971 Quia
969 1904 1154 1961 videre
1198 1906 1309 1977 jam
1357 1914 1609 1977 poterant
1647 1906 1717 1962 de
1751 1907 1869 1977 ipso

287 2005 467 2052 monte
494 1996 710 2052 Oliveti.
742 1995 947 2051 Tamen
972 1996 1285 2066 quindecim
1313 1998 1506 2054 stadiis
1531 2005 1651 2054 erat
1673 1997 1871 2054 Betha-

287 2089 376 2143 nia
405 2104 436 2143 a
461 2086 781 2152 Jerusalem,
812 2088 907 2142 sed
937 2088 1017 2143 sic
1040 2095 1163 2143 erat
1189 2096 1560 2144 constructum
1587 2089 1867 2161 templum,

286 2189 347 2235 ut
375 2179 442 2234 de
470 2180 590 2249 ipso
618 2186 842 2248 possent
866 2179 1040 2235 videri
1067 2180 1279 2236 Oliveta
1326 2180 1382 2235 in
1427 2188 1610 2236 monte
1638 2180 1829 2236 eodem
1853 2221 1869 2247 ,

287 2279 344 2326 et
377 2270 446 2326 de
481 2271 602 2340 ipso
637 2276 826 2326 monte
863 2269 1062 2326 ardens
1089 2270 1268 2326 oleum
1307 2271 1362 2326 in
1405 2270 1603 2342 templo
1632 2270 1868 2327 Domini.

289 2361 357 2415 Et
386 2360 565 2416 statim
593 2360 864 2415 invenietis
891 2361 1097 2415 asinam
1122 2360 1418 2432 alligatam,
1445 2372 1494 2418 et
1521 2359 1728 2432 pullum
1752 2379 1872 2416 cum

288 2469 372 2507 ea.
404 2451 570 2507 Asina
600 2451 705 2507 ista
734 2451 804 2507 ad
835 2450 1094 2520 templum
1124 2451 1337 2507 Domini
1365 2452 1489 2507 data
1522 2451 1698 2507 fuerat
1729 2459 1785 2508 et
1816 2452 1872 2507 in

288 2558 576 2600 commune
604 2543 949 2600 sacerdotum
979 2552 1127 2608 erat;
1163 2552 1221 2599 et
1246 2545 1494 2615 quisquis
1520 2543 1599 2599 de
1616 2545 1698 2600 eis
1723 2544 1872 2600 vole-

288 2634 380 2690 bat
418 2634 736 2704 accipiebat.
775 2633 962 2690 Pullus
988 2634 1189 2690 dicitur
1211 2635 1432 2701 asellus,
1460 2635 1515 2690 id
1541 2643 1624 2691 est
1650 2650 1871 2707 parvus,

287 2726 412 2796 quia
439 2726 822 2781 diminutivum
846 2732 932 2781 est
954 2726 1091 2796 ejus.
1123 2726 1192 2781 Et
1216 2726 1639 2798 uniuscujusque
1664 2727 1870 2792 bestiae,

290 2827 388 2873 aut
452 2819 570 2872 avis
597 2825 758 2873 natus
785 2817 966 2886 pullus
993 2810 1183 2887 potest
1198 2817 1309 2873 dici
1336 2819 1462 2873 dum
1492 2827 1650 2874 tener
1674 2828 1789 2882 est,
1816 2826 1878 2873 ut

286 2905 419 2976 pulli
450 2904 827 2960 columbarum
866 2912 924 2961 et
962 2921 1270 2975 passerum.
1310 2906 1528 2963 Solvite.
1564 2907 1622 2964 id
1655 2918 1740 2964 est
1772 2909 1871 2964 ab.

287 2996 483 3052 solvite
504 3010 536 3050 a
557 2994 790 3051 vinculo.
816 2995 1074 3050 Adducite
1096 2997 1246 3051 mihi.
1270 2997 1408 3064 Quia
1431 2998 1682 3055 virtutem
1702 2999 1876 3055 debeo

1960 546 2072 605 est,
2111 539 2251 594 sicut
2281 539 2371 594 hic
2398 538 2657 595 Dominus
2688 549 2894 606 noster,
2940 541 3066 610 quia
3112 540 3218 597 illis
3265 543 3546 598 mendacia

1961 631 2346 696 cantabantur,
2365 631 2454 685 isti
2488 639 2669 686 autem
2697 632 3107 703 supplicabant:
3138 631 3357 689 Salvum
3381 634 3466 691 fac
3493 636 3545 690 in

1962 720 2212 775 excelsis.
2246 720 2401 775 Ecce.
2437 721 2774 778 Admirantis
2802 733 2905 779 est.
2942 724 3071 780 Rex.
3110 725 3227 782 Non
3260 735 3547 798 tyrannus,

1963 812 2088 881 quia
2111 812 2253 881 regis
2271 812 2634 867 ministerium
2655 821 2738 869 est
2760 829 2948 885 regere
2974 823 3029 869 et
3054 815 3356 888 gubernare
3381 832 3548 887 pepu—

1962 902 2095 967 lum,
2119 916 2408 972 oppressos
2436 902 2694 970 liberare,
2723 905 3094 975 opprimentes
3120 906 3411 962 debellare.
3441 906 3545 975 Qui

1964 1007 2069 1047 non
2102 990 2231 1046 facit
2256 993 2382 1058 hoc,
2414 1007 2524 1048 non
2551 1001 2637 1048 est
2665 1008 2781 1059 rex,
2810 994 2904 1049 sed
2935 1004 3219 1065 tyrannus,
3251 996 3342 1065 qui
3371 995 3549 1051 locum

1964 1092 2212 1156 occupat,
2235 1093 2293 1140 et
2321 1084 2550 1141 forsitan
2578 1094 2634 1141 ct
2663 1087 2779 1155 ipse
2799 1101 2894 1141 eos
2913 1094 3089 1141 vastat
3111 1096 3167 1142 et
3188 1087 3323 1143 alios
3346 1086 3552 1158 deprzc-
3626 1102 3642 1112 ‘

1965 1175 2096 1231 dare
2121 1175 2270 1231 sinit.
2307 1174 2473 1230 Tuus.
2513 1175 2597 1232 Ad
2628 1175 2793 1231 Israel
2824 1176 3085 1246 spiritalis
3116 1192 3296 1232 sermo
3324 1178 3555 1248 prophe-

1965 1265 2105 1322 ticus
2132 1264 2193 1321 lit
2220 1266 2445 1322 dicens:
2481 1265 2628 1321 Tuus
2658 1266 2797 1333 erit,
2842 1274 2903 1322 ut
2931 1265 3105 1323 salvet
3133 1275 3208 1331 te,
3240 1276 3295 1323 et
3326 1277 3479 1339 regat
3509 1269 3552 1324 si

1965 1357 2225 1413 volueris.
2277 1358 2335 1413 Si
2376 1364 2559 1414 autem
2594 1357 2854 1425 nolueris,
2886 1374 2993 1414 non
3023 1359 3299 1429 disperdat
3329 1366 3413 1425 te,
3462 1360 3556 1415 sed

1968 1450 2112 1504 siuet
2147 1449 2492 1520 disperdere,
2526 1449 2663 1520 quia
2682 1450 2823 1505 Deus
2853 1450 3141 1505 intentatur
3164 1459 3240 1505 est
3266 1449 3554 1505 malorum.

2048 1538 2198 1593 Venit
2226 1540 2340 1593 tibi.
2368 1539 2450 1593 Ad
2478 1549 2627 1612 tuum
2652 1538 2952 1610 profectum
2981 1540 3176 1610 inquit.
3216 1538 3561 1595 Mansuetus.

1971 1629 2042 1687 Ut
2066 1638 2250 1702 postea
2278 1630 2394 1701 ipse
2421 1630 2592 1685 dixit:
2624 1629 2769 1684 Mitis
2794 1646 2909 1684 sum
2936 1640 2983 1683 et
3009 1629 3223 1684 humilis
3251 1630 3427 1685 corde.

2046 1720 2244 1777 Sedens
2273 1737 2429 1792 super
2456 1723 2683 1776 asinam.
2734 1720 2916 1777 Potuit
2955 1722 3214 1778 Dominus
3246 1737 3444 1791 equum
3474 1721 3558 1779 vel

1970 1812 2311 1882 elephantem
2341 1812 2543 1868 habere
2571 1813 2640 1866 ad
2671 1813 2991 1878 sedendum,
3021 1813 3113 1882 qui
3144 1813 3320 1884 potuit
3355 1813 3556 1869 habere

1972 1903 2157 1958 leones
2204 1910 2259 1957 et
2309 1903 2543 1974 gryphes
2589 1903 2656 1958 ad
2706 1903 3035 1958 domandum
3086 1903 3411 1976 Angptios;
3463 1905 3556 1960 sed

1971 1994 2113 2049 sicut
2145 1992 2257 2048 illic
2285 2009 2381 2063 per
2408 2009 2577 2066 parva
2607 1994 2864 2050 animalia
2894 1996 3103 2051 domuit
3138 1996 3432 2066 superbos,
3479 1997 3561 2053 sic

1971 2090 2062 2146 hic
2086 2104 2183 2160 per
2210 2090 2317 2146 vile
2345 2091 2545 2146 animal
2574 2101 2633 2148 et
2659 2091 2875 2147 brutum
2912 2093 3077 2148 voluit
3102 2093 3435 2150 coniimdere
3465 2110 3557 2151 sa-

1970 2182 2183 2253 pientes
2211 2180 2413 2237 smculi.
2461 2180 2543 2238 Ac
2580 2183 2633 2238 si
2670 2182 2821 2239 dicat
2847 2184 3111 2254 propheta
3149 2203 3162 2239 :
3200 2183 3319 2240 Non
3354 2184 3563 2250 scilicet

1973 2282 2137 2345 super
2160 2289 2380 2330 currum
2407 2289 2669 2339 aureum,
2682 2289 2859 2345 neque
2884 2291 3047 2346 super
3072 2275 3337 2331 fervidum
3361 2290 3558 2346 equum

1972 2365 2086 2421 litis
2128 2373 2185 2421 et
2229 2365 2514 2422 discordia:
2558 2372 2894 2434 amatorem,
2939 2368 3031 2437 qui
3078 2366 3242 2425 habet
3278 2376 3470 2440 pectus
3495 2365 3562 2423 de

1974 2460 2222 2531 superbia
2251 2459 2533 2531 repletum,
2561 2467 2619 2516 et
2643 2475 2768 2516 cum
2793 2462 3030 2519 audierit
3055 2462 3291 2519 sonitum
3318 2463 3562 2519 buccinae

1972 2561 2029 2608 et
2054 2552 2253 2607 viderit
2280 2552 2516 2617 bellum,
2556 2553 2793 2622 percutit
2829 2552 3028 2625 ungula
3062 2564 3300 2621 terram,
3339 2563 3399 2611 et
3431 2555 3564 2613 dicit
3628 2562 3647 2567 ά

1974 2644 2028 2700 in
2059 2644 2225 2699 corde
2250 2659 2351 2700 suo
2375 2662 2389 2698 :
2419 2644 2538 2700 V'ah
2562 2645 2574 2697 l
2613 2642 2773 2700 Sedet
2796 2661 2955 2715 super
2976 2644 3202 2715 pullum,
3230 2663 3386 2718 super
3409 2663 3562 2716 quem

1976 2734 2153 2790 nullus
2180 2735 2453 2790 hominum
2482 2736 2636 2791 sedit.
2687 2735 2789 2801 Qui
2832 2751 2939 2791 non
2980 2736 3153 2793 solum
3196 2752 3305 2794 non
3353 2739 3562 2794 mandit

1974 2823 2207 2891 ferrum,
2249 2840 2352 2881 nec
2390 2825 2628 2882 maculat
2656 2842 2848 2882 aurum
2876 2826 3080 2893 saliva,
3120 2843 3224 2884 nec
3265 2829 3559 2898 capistrum

1975 2915 2172 2980 habet,
2201 2923 2258 2971 et
2286 2917 2437 2971 viam
2459 2932 2614 2972 suam
2644 2917 2868 2983 incedit,
2898 2926 2954 2972 et
2980 2926 3065 2975 est
3088 2916 3401 2989 subjugalis,
3432 2919 3561 2989 quia

1977 3005 2185 3061 amicus
2210 3006 2380 3075 pacis.
2432 3006 2633 3062 Euntes
2663 3007 2910 3077 discipuli
2940 3007 3172 3078 fecerunt
3201 3010 3336 3064 sicut
3365 3011 3562 3065 consti-

288 3104 410 3143 cum
436 3088 518 3143 eis
542 3085 739 3154 facere,
767 3095 831 3143 ut
854 3098 1176 3158 separentur
1200 3090 1273 3146 ab
1296 3090 1549 3148 invicem.
1587 3092 1656 3146 Et
1683 3094 1730 3148 si
1751 3095 1872 3165 quis
1907 3159 1944 3172 Α
1977 3096 2077 3150 tuit
2103 3093 2284 3151 Iesus.
2337 3096 2613 3152 Dixerunt
2631 3097 2773 3153 sicut
2799 3098 3060 3169 prmoepit
3084 3117 3097 3153 :
3130 3098 3319 3156 Ducite
3346 3098 3435 3172 (ut
3460 3101 3558 3157 alii

291 3180 431 3234 nobis
457 3177 662 3250 aliquid
698 3179 927 3246 dixerit,
963 3180 1122 3234 dicite
1157 3181 1298 3252 quod
1330 3181 1589 3238 Dominus
1625 3184 1707 3239 his
1743 3159 1875 3253 opus
1901 3159 1946 3222 (ἒ
1976 3185 2321 3257 evangelista:
2346 3186 2614 3255 narrant).
2663 3187 2734 3243 Et
2763 3159 3136 3258 αᾶάκποὲαηι,
3176 3201 3235 3247 et
3261 3159 3372 3249 nos
3392 3192 3558 3250 sede-

291 3270 461 3334 habet,
482 3278 531 3324 et
558 3268 831 3339 coniestim
852 3269 1077 3324 dimittet
1103 3286 1211 3324 eos.
1250 3270 1388 3339 Quia
1412 3272 1609 3328 multos
1628 3275 1876 3331 dominos

293 3359 594 3424 habebant,
623 3366 911 3430 propterea
941 3359 1202 3430 praecepit
1229 3367 1290 3414 ut
1317 3360 1561 3418 absolute
1589 3362 1873 3419 Dominum

293 3449 536 3505 dicerent
557 3457 615 3504 et
638 3464 748 3505 non
779 3451 1131 3522 designarent
1155 3450 1411 3519 aliquem.
1450 3452 1519 3507 Et
1545 3453 1748 3523 placuit
1774 3455 1877 3510 Do-

286 3540 441 3595 mino
471 3541 611 3596 hanc
634 3542 891 3596 virtutem
922 3538 1103 3598 facere
1132 3540 1201 3594 de
1230 3540 1398 3597 asello
1422 3542 1788 3609 sacerdotum,
1815 3552 1877 3597 ut

294 3631 392 3699 ipsi
423 3631 627 3686 scirent
667 3633 1133 3701 quod-nunquam
1177 3647 1446 3687 sessorem
1491 3647 1655 3703 super
1680 3648 1743 3689 se
1771 3636 1872 3689 ba—

292 3721 500 3789 bnerit,
531 3723 657 3792 quia
685 3724 994 3779 sacerdotes
1030 3725 1206 3795 magis
1239 3722 1356 3792 ejus
1381 3725 1636 3795 operibus
1663 3733 1878 3780 contra-

293 3812 563 3868 dicebant.
605 3812 721 3868 Hoc
749 3822 926 3867 autem
952 3823 1118 3868 totum
1151 3814 1349 3884 factum
1378 3823 1475 3869 est.
1527 3815 1668 3882 Quid
1704 3823 1876 3870 totum

294 3902 494 3957 factum
523 3904 652 3958 est?
693 3910 754 3958 ut
789 3904 1192 3959 adducerentur
1218 3912 1280 3958 ut
1317 3905 1596 3960 sedaretur
1633 3907 1700 3961 ab
1737 3906 1872 3976 ipso.

294 3994 434 4061 Quia
458 3998 535 4051 sic
558 3996 865 4067 praedictum
886 3996 1060 4067 fuerat
1082 4013 1114 4050 a
1135 3997 1387 4067 propheta
1407 3995 1693 4052 lac/saria.
1722 3998 1879 4065 Qua:-

293 4100 506 4155 cunque
530 4085 674 4141 Deus
698 4094 919 4141 acturus
942 4086 1043 4141 fuit
1068 4086 1122 4141 in
1151 4086 1254 4141 hoc
1277 4087 1475 4143 saeculo
1501 4086 1875 4157 corporaliter,

292 4178 547 4248 praedicta
583 4176 803 4236 fuerimt
830 4179 1015 4233 omnia
1052 4194 1082 4233 a
1112 4179 1423 4250 prophetis,
1455 4188 1510 4234 et
1540 4180 1683 4236 istud
1712 4181 1877 4236 etiam

293 4269 723 4337 praenuntiatum
754 4276 843 4325 est
882 4271 1059 4340 ipsum
1098 4278 1367 4326 acturum.
1420 4270 1738 4343 Plaeuitque
1776 4273 1879 4329 Do-

290 4354 442 4414 mino
469 4361 801 4415 concor-dari
818 4360 963 4417 dicta
989 4363 1382 4431 prophetarum
1407 4378 1529 4419 cum
1561 4363 1719 4420 factis
1744 4366 1876 4430 suis,

294 4456 352 4502 ut
401 4449 454 4504 in
502 4451 888 4520 prophetarum
935 4452 1099 4508 dictis
1148 4460 1205 4508 et
1250 4454 1305 4508 in
1352 4453 1514 4510 factis
1558 4456 1675 4511 suis
1711 4472 1875 4513 verax

295 4542 605 4609 haberetur,
637 4544 763 4614 quia
792 4544 999 4600 veritas
1025 4553 1137 4610 est,
1175 4546 1395 4601 mentiri
1428 4562 1535 4604 non
1568 4557 1781 4618 potest,
1816 4558 1877 4604 ut

292 4632 536 4701 psalmus
558 4634 732 4702 inquit
755 4651 769 4688 :
800 4633 988 4689 Justus
1007 4634 1265 4692 Dominus
1285 4638 1341 4690 in
1362 4637 1602 4693 omnibus
1624 4639 1719 4693 viis
1739 4641 1873 4706 suis,

292 4728 341 4774 et
371 4730 585 4775 sanctus
615 4722 672 4776 in
701 4723 941 4778 omnibus
978 4724 1217 4795 operibus
1248 4726 1392 4791 suis;
1427 4741 1554 4781 nam
1595 4727 1700 4783 hoc
1733 4729 1875 4797 quod

293 4809 522 4882 legimus
560 4811 615 4866 in
652 4811 791 4868 libro
821 4813 1028 4885 Regum
1058 4815 1202 4883 quod
1230 4815 1369 4870 dixit
1406 4816 1669 4886 spiritus:
1708 4816 1874 4888 Egre-

293 4899 435 4965 diar,
475 4909 524 4954 et
561 4917 651 4955 ero
680 4903 900 4972 spiritus
926 4903 1246 4958 mendax-in
1280 4920 1370 4959 ore
1396 4907 1876 4978 omniumpmphe-

296 4996 469 5041 tarum
506 4989 641 5059 ejus,
680 5006 790 5046 non
830 4989 1064 5060 Spiritus
1093 5000 1347 5057 sanctus,
1392 4994 1489 5049 sed
1528 4995 1773 5051 diabolus
1804 4996 1876 5052 ibi

297 5070 774 5152 intelligitur,‘qui
817 5082 886 5137 ad
927 5091 1137 5155 tempus
1169 5094 1392 5155 propter
1416 5095 1699 5156 peccatum
1732 5090 1876 5159 regis

297 5173 459 5226 corda
497 5174 885 5244 pr0phetarum
930 5176 1048 5246 ejus
1086 5176 1317 5246 decepit.
1355 5177 1529 5234 Dicite
1562 5180 1690 5249 ﬁlia:
1721 5180 1871 5237 Sion.

297 5266 628 5324 Exsultando
679 5278 736 5325 et
788 5270 1071 5339 gaudendo
1120 5270 1304 5326 dicite.
1365 5271 1496 5327 Erat
1542 5276 1876 5330 consuetudo

298 5360 439 5430 apud
463 5360 736 5417 Romanos
762 5369 886 5431 post
916 5360 1278 5431 triumphatos
1316 5363 1504 5419 hostes
1530 5379 1654 5419 cum
1686 5365 1877 5420 trium-

298 5448 406 5517 pho
432 5448 642 5522 ingredi
665 5450 914 5519 Romam,
936 5451 1010 5505 ita
1035 5458 1096 5505 ut
1116 5452 1366 5507 venirent
1387 5453 1438 5508 ei
1462 5454 1677 5510 obviam
1701 5457 1880 5513 omnis

299 5547 541 5605 senatus,
569 5549 624 5597 et
652 5542 827 5599 omnis
855 5542 1090 5614 dignitas
1121 5559 1244 5599 cum
1276 5545 1423 5599 omni
1452 5545 1670 5616 populo,
1702 5556 1759 5602 et
1784 5550 1879 5603 ha-

300 5630 492 5687 berent
518 5633 745 5690 metrice
776 5635 965 5691 laudes
993 5643 1047 5691 et
1073 5636 1425 5693 decantarent
1453 5637 1526 5705 ei,
1558 5646 1613 5694 et
1640 5639 1729 5696 ille
1755 5657 1879 5712 pro-

292 5716 494 5788 liceret
521 5738 686 5795 super
714 5739 813 5783 eos
840 5742 946 5783 una
980 5728 1098 5783 vice
1132 5727 1199 5783 de
1237 5728 1416 5784 aureis
1454 5728 1721 5797 denariis.
1769 5731 1873 5787 alia

1975 3285 2123 3342 runt,
2138 3278 2235 3333 sed
2257 3277 2311 3332 in
2335 3294 2496 3334 manu
2522 3279 2895 3347 adduxerunt,
2924 3280 2995 3335 Et
3020 3283 3379 3353 imposuerunt
3408 3300 3565 3355 super

1973 3383 2061 3423 eos
2089 3368 2395 3424 vestimenta
2421 3386 2540 3425 sua.
2589 3368 2707 3426 Non
2748 3370 2938 3426 sellam
2974 3387 3111 3427 auro
3142 3372 3452 3431 redimitam
3476 3373 3565 3431 vel

1975 3468 2222 3531 argento,
2250 3462 2376 3531 quia
2415 3461 2759 3519 solummodo
2787 3464 2854 3518 ad
2890 3466 3209 3535 mysterium
3240 3465 3346 3521 ista
3378 3466 3559 3536 requi—

1975 3551 2149 3606 rebat.
2200 3548 2447 3605 Plurima
2499 3560 2677 3606 autem
2716 3553 2873 3608 turba
2927 3563 3223 3609 straverunt
3260 3557 3564 3611 uestimenta

1975 3652 2074 3690 sua
2118 3639 2173 3695 in
2216 3639 2321 3692 via.
2376 3637 2458 3694 Ne
2504 3639 2703 3695 asellus
2745 3640 2802 3695 in
2846 3639 3061 3697 foveam
3108 3642 3405 3701 decideret.
3456 3644 3563 3700 Alii

1974 3727 2299 3783 vestimenta
2328 3743 2448 3795 sua,
2478 3728 2572 3785 alii
2602 3744 2784 3787 ramos
2813 3732 2881 3788 de
2906 3732 3196 3789 arboribus
3223 3735 3558 3791 sternebant.

1979 3814 2168 3870 Turba:
2197 3824 2373 3870 autem
2398 3832 2517 3886 qua:
2544 3816 2923 3887 praeedebant,
2952 3831 3003 3875 et
3036 3837 3155 3892 qua:
3183 3822 3552 3894 sequebantur,

1977 3906 2277 3963 clamabant
2316 3908 2567 3964 dicentes.
2628 3909 2823 3966 Turbae
2862 3912 3278 3981 praecedebant,
3328 3930 3452 3986 qua:
3495 3916 3563 3972 de

1976 4003 2198 4059 civitate
2223 4011 2492 4059 venerunt
2516 4004 2733 4061 obviam
2764 4005 2837 4060 ei.
2887 4005 3305 4078 Sequebantur,
3334 4024 3456 4079 quae
3486 4010 3563 4067 *de

1976 4095 2195 4153 Iericho
2230 4105 2288 4153 et
2319 4096 2388 4153 de
2419 4096 2540 4152 aliis
2567 4098 2883 4155 civitatibus
2918 4114 3045 4155 eum
3081 4109 3282 4157 secutae
3311 4110 3441 4157 sunt
3467 4118 3562 4158 vo-
3652 4119 3657 4124 ’

1977 4190 2190 4247 nientes
2216 4191 2283 4245 ad
2310 4190 2452 4245 diem
2478 4189 2673 4245 festum
2704 4189 2945 4246 Pascha.
2979 4190 3196 4247 Osanna
3217 4191 3331 4261 ﬁlio
3352 4191 3567 4247 David!

1978 4280 2274 4337 benedictus
2299 4281 2389 4351 qui
2423 4280 2556 4335 venit
2586 4280 2643 4335 in
2673 4282 2879 4337 nomine
2902 4282 3161 4338 Domini!
3194 4283 3410 4340 Osanna
3440 4301 3566 4342 veo—

1976 4371 2106 4427 bum
2133 4370 2417 4426 Hebraaum
2440 4378 2545 4437 est,
2568 4372 2924 4442 compositum
2952 4389 3019 4429 ex
3047 4374 3260 4445 integro
3281 4386 3561 4447 corrupto.

1981 4462 2196 4520 Salvum
2222 4462 2308 4533 [ac
2335 4464 2476 4533 apud
2505 4462 2762 4519 Hebraios
2783 4464 2980 4520 dicitur
3000 4483 3224 4533 osanna,
3254 4467 3561 4538 interiectio

1982 4554 2343 4625 deprecantis.
2382 4554 2603 4610 Etcum
2635 4554 2938 4624 junguntur
2967 4559 3209 4625 insimul,
3247 4560 3492 4615 aufertur
3520 4562 3560 4626 i,

1982 4658 2081 4715 per
2108 4643 2502 4715 synalmpham,
2530 4644 2605 4699 ita
2631 4652 2691 4699 ut
2715 4660 2814 4701 nec
2842 4648 3135 4715 scribatur,
3164 4657 3222 4704 et
3251 4650 3313 4704 lit
3333 4665 3558 4705 osanna.

1983 4733 2029 4790 0
2059 4742 2389 4805 separatum,
2423 4743 2480 4790 et
2504 4752 2530 4790 s
2558 4734 2905 4804 coniunctum
2934 4753 3054 4793 cum
3084 4756 3116 4793 a
3145 4747 3203 4795 et
3229 4758 3282 4794 η.
3324 4741 3565 4812 Denique

1982 4832 2039 4881 et
2078 4825 2134 4879 in
2171 4824 2395 4894 psalmo-
2413 4825 2712 4881 centesimo
2742 4827 2970 4895 septimo
3005 4828 3244 4895 decimo,
3291 4829 3382 4884 ubi
3426 4833 3564 4885 scri-

1982 4925 2135 4988 ptum
2161 4926 2255 4972 est
2274 4917 2416 4986 apud
2440 4929 2540 4971 nos
2562 4932 2576 4969 :
2602 4914 2657 4971 ο.
2676 4916 2916 4982 Domine,
2934 4919 3137 4974 salvum
3163 4920 3269 4990 fac,
3297 4929 3353 4975 et
3381 4922 3434 4975 in
3464 4921 3566 4977 lle-

1983 5007 2131 5063 brmo
2167 5023 2370 5063 osanna
2407 5005 2590 5062 habet.
2638 5004 2952 5065 Benedictus
2979 5012 3069 5078 qui
3104 5011 3242 5065 venit
3269 5011 3326 5063 in
3354 5011 3563 5066 nomine

1983 5095 2217 5152 Domini.
2247 5097 2372 5152 ideo
2390 5095 2857 5166 benedictus,quia
2881 5098 2934 5151 in
2959 5098 3179 5155 nomine
3199 5098 3374 5154 Patris
3394 5101 3559 5155 venit.

1982 5186 2133 5242 Alius
2159 5189 2305 5242 venit
2340 5188 2393 5241 in
2433 5186 2652 5242 nomine
2688 5202 2806 5255 suo,
2844 5197 2901 5243 et
2933 5189 3190 5245 ideo-erit
3219 5189 3558 5249 maledictus.

1984 5278 2120 5345 Quia
2149 5293 2217 5333 ex
2247 5285 2400 5348 parte
2427 5276 2627 5345 aliquid
2654 5277 2909 5344 diximus,
2933 5293 3078 5335 nunc
3103 5280 3424 5351 spiritaliter
3448 5297 3564 5352 per-

1984 5383 2287 5425 curramus.
2336 5367 2601 5423 Dominus
2624 5369 2774 5424 venit
2812 5370 2877 5423 ad
2919 5380 3158 5426 montem
3188 5371 3413 5438 oliveti,
3462 5374 3564 5430 hoc

1981 5470 2065 5520 est
2101 5464 2167 5517 ad
2204 5461 2502 5517 Ecclesiam
2542 5477 2729 5527 suam,
2766 5477 2873 5517 non
2902 5463 3051 5535 quod
3081 5471 3206 5519 tunc
3243 5472 3423 5531 esset,
3467 5467 3562 5521 sed

1979 5568 2142 5625 quam
2181 5552 2472 5621 quaerendo
2496 5567 2648 5607 suam
2687 5552 2835 5618 fecit,
2878 5552 2931 5608 in
2962 5568 3067 5623 qua
3105 5564 3190 5609 est
3226 5554 3469 5611 laborum
3509 5568 3567 5613 et

1980 5643 2227 5697 dolorum
2260 5641 2521 5697 solamen.
2575 5642 2643 5697 Et
2670 5643 2871 5699 mansit
2899 5644 2952 5698 in
2980 5643 3275 5709 Bethania,
3317 5646 3565 5703 videlicet

1978 5735 2034 5790 in
2061 5733 2222 5789 domo
2250 5733 2602 5802 obedientize,
2649 5734 2775 5804 quia
2813 5742 2938 5790 ante
2971 5736 3283 5806 passionem
3321 5751 3473 5792 suam
3509 5745 3564 5791 et
