3952 6186
468 320 593 379 1431

1247 310 1633 369 CHRISTIANI
1672 307 2084 367 DRUTIIMARI
2116 304 2562 364 CORBEIENSIS
2601 304 2901 363 MONACHI

3578 311 3602 364 1
3613 310 3713 367 ιδς

466 437 810 493 iundamcnta
837 429 1090 488 Ecclesia:
1118 443 1229 483 suae
1250 427 1394 497 jacta
1423 432 1597 491 erant,
1624 432 1679 479 et
1707 424 1761 478 in
1792 439 1854 478 ea
1883 433 2040 479 erant
2068 426 2112 482 Α
2141 437 2293 477 scere
2335 436 2495 492 quem
2524 421 2714 491 vulgus
2740 418 3117 476 venerabatur.
3148 417 3341 487 Populi
3371 429 3545 475 autem
3576 425 3693 479 dice

464 532 529 584 dc
561 528 752 599 quibus
778 525 881 580 dici
909 529 1120 594 poterat
1144 539 1157 576 :
1193 517 1360 589 Super
1385 533 1536 589 quem
1566 516 1905 584 requiescam,
1932 514 2035 567 nisi

462 635 617 689 super
652 615 898 671 humilem
940 622 990 668 et
1030 612 1259 683 quietum
1283 649 1297 675 ,
1343 616 1393 662 et
1436 616 1738 661 trementem
1771 619 2034 658 sermones

461 725 601 762 meos
626 707 652 761 Ρ

533 798 677 854 Misit
725 797 857 852 duos
899 791 1179 863 discipulos
1222 797 1443 861 propter
1478 789 1611 843 duos
1653 786 1895 858 populos,
1938 802 2035 842 seu

460 900 682 961 propter
719 891 824 945 duo
866 886 1137 948 mandata,
1183 881 1523 937 dilectionem
1560 880 1655 934 Dei
1684 887 1739 934 et
1762 878 2033 948 proximi;

460 980 713 1051 prieccpit
741 977 842 1034 sibi
870 973 1109 1032 exhiberi
1156 972 1363 1027 asinam
1392 976 1447 1024 ct
1468 968 1693 1039 pullum,
1741 965 1953 1021 Iudaeos
1982 974 2036 1021 et

461 1083 678 1142 gentes,
709 1071 833 1140 quia
864 1067 1157 1123 secundum
1183 1063 1351 1117 Deum
1379 1057 1562 1115 Judma
1592 1068 1766 1113 mater
1795 1067 1879 1113 est
1907 1074 2036 1130 gen-

460 1165 618 1218 tium.
649 1161 929 1216 Invenietis
963 1159 1166 1212 asinam
1197 1153 1467 1223 alligatam
1496 1159 1545 1205 et
1574 1149 1775 1222 pullum
1806 1167 1922 1203 cum
1949 1166 2031 1204 ea.

460 1254 595 1322 Quia
640 1252 851 1324 quando
892 1247 1153 1304 Dominus
1190 1244 1429 1308 advenit,
1470 1243 1647 1298 omnis
1678 1241 1909 1297 mundus
1934 1243 2033 1297 sub

458 1342 695 1413 peccatis
720 1338 1068 1409 originalibus
1098 1335 1350 1390 astrictus
1375 1333 1679 1387 tenebatur.
1708 1329 1913 1386 Solvite
1935 1345 2034 1399 per

458 1433 816 1491 ministerium
840 1437 1099 1484 vestrum.
1127 1425 1473 1479 Adduxerunt
1499 1421 1722 1491 apostoli
1745 1421 1811 1475 ad
1835 1420 2028 1489 ipsum.

457 1524 528 1577 Et
569 1524 929 1593 imposuerunt
991 1517 1329 1579 vestimenta,
1381 1512 1657 1568 doctrinas
1709 1524 1910 1564 sacras.
1968 1507 2033 1561 Et

456 1616 731 1671 Christum
771 1612 997 1682 desuper
1034 1608 1213 1665 sedere
1238 1607 1489 1678 fecerunt,
1539 1612 1599 1659 ut
1634 1604 1723 1674 qui
1762 1603 2033 1657 habebant

458 1715 582 1763 ante
611 1719 875 1761 sessorem
922 1701 1216 1765 diabolum,
1265 1699 1527 1754 baberent
1560 1685 1810 1764 deinceps
1832 1695 2019 1749 Deum.

2139 513 2280 567 bant.
2333 512 2600 583 Pauperes
2649 510 3010 591 praedicabant
3044 508 3331 564 Dominum
3364 512 3710 581 prophetam,

2136 602 2263 671 quia
2293 602 2360 657 ad
2390 602 2534 671 ipsos
2558 601 2825 670 principes
2848 614 2950 653 non
2978 598 3245 652 audebant
3272 599 3451 654 dicere
3468 619 3483 653 :
3503 599 3608 656 Hic
3635 613 3715 658 est

2135 692 2381 749 Christus
2421 701 2514 746 aut
2558 692 2722 756 Deus,
2754 690 2847 745 sed
2881 697 3086 743 tantum
3112 690 3395 759 propheta.
3434 691 3507 745 Et
3534 700 3713 749 tamen

2135 797 2235 836 nec
2264 782 2680 845 mentiebantur,
2721 780 2845 849 quia
2873 784 2928 833 et
2957 777 3101 833 Deus
3146 780 3381 848 seipsum
3410 779 3555 834 dixit
3591 797 3714 851 pro-

2134 871 2373 942 phetam.
2423 870 2525 924 Hic
2559 879 2635 924 est
2662 869 2817 923 Jesus
2851 867 3162 921 Nazarenns
3188 865 3443 921 (inlitam.
3478 868 3579 922 Est
3604 868 3709 923 Na-

2135 965 2320 1017 zareth
2366 963 2487 1016 villa
2532 963 2587 1016 in
2625 960 2863 1024 Galilcea,
2899 959 2989 1012 ubi
3015 958 3234 1027 angelus
3263 957 3481 1013 Gabriel
3502 959 3711 1015 locum

2134 1062 2216 1108 est
2244 1054 2310 1108 ad
2332 1062 2571 1107 sanctam
2599 1051 2823 1105 Mariam
2851 1050 2919 1104 de
2943 1050 3153 1103 Domini
3184 1050 3587 1105 incarnatione.
3619 1052 3708 1105 Est

2135 1142 2403 1198 Nazareth
2436 1143 2625 1199 civitas
2652 1142 2741 1197 ubi
2773 1142 3008 1195 nutritus
3038 1140 3157 1205 fuit,
3197 1156 3226 1195 a
3258 1157 3364 1211 qua
3394 1141 3704 1200 Nalarenus

2134 1235 2309 1290 dictus
2334 1242 2430 1290 cst.
2467 1234 2535 1288 Et
2566 1234 2779 1288 intravit
2811 1232 2969 1287 Iesus
3001 1234 3055 1286 in
3085 1232 3333 1301 templum
3364 1233 3481 1287 Dei.
3516 1235 3706 1290 Exem—

2131 1326 2277 1394 plum
2306 1326 2452 1381 dedit
2469 1325 2740 1388 omnibus,
2771 1325 3201 1394 quandocunque
3229 1324 3282 1377 in
3312 1324 3593 1378 civitatem
3619 1334 3705 1379 aut

2134 1413 2186 1467 in
2216 1413 2398 1468 villam
2427 1414 2667 1475 veniunt,
2694 1414 2876 1468 statim
2909 1413 2978 1467 ad
3008 1412 3263 1481 templum
3295 1413 3511 1467 Domini
3542 1414 3703 1468 Deum

2132 1510 2397 1571 quaerant,
2428 1509 2483 1555 et
2515 1508 2698 1572 postea
2735 1500 2935 1555 faciant
2969 1517 3067 1571 pro
3094 1500 3290 1569 quibus
3315 1513 3605 1556 venerunt.
3642 1502 3705 1556 Et

2130 1592 2371 1663 ejiciebat
2397 1608 2574 1646 omnes
2601 1591 2872 1646 uendentes
2900 1600 2949 1644 et
2977 1600 3202 1645 ementes
3239 1591 3296 1643 in
3329 1591 3545 1661 templo.
3575 1592 3703 1659 Quia

2132 1681 2442 1738 sacerdotes
2485 1680 2732 1735 fenerare
2776 1679 3062 1748 pecuniam
3100 1693 3206 1733 non
3244 1678 3541 1744 audebant,
3582 1681 3702 1749 quia

455 1797 593 1855 Nam
636 1797 726 1851 alii
765 1794 1106 1868 evangelista)
1150 1763 1239 1862 qui
1287 1793 1352 1846 de
1390 1790 1642 1860 gentibus
1673 1788 2024 1856 scripserunt,

2132 1770 2460 1842 prohibitum
2498 1777 2618 1824 erat
2656 1769 2709 1823 in
2752 1768 2903 1837 lege,
2948 1767 3389 1837 excogitaverunt
3432 1769 3704 1836 quomodo

459 1889 663 1961 pullum
702 1884 1036 1942 solummodo
1077 1887 1502 1938 commemorant
1544 1878 1852 1934 adductum.
1894 1875 2028 1930 Mat-

460 1980 635 2035 thazus
661 1991 807 2042 vero,
839 1974 930 2044 qui
955 1970 1155 2027 Iudicis
1183 1969 1525 2026 credentibus
1548 1966 1834 2029 scribebat,
1865 1966 2028 2020 etiam

464 2070 631 2126 asinae
666 2067 995 2123 mentionem
1039 2062 1186 2125 facit,
1227 2068 1287 2115 ut
1321 2057 1533 2114 Judaios
1571 2055 1819 2111 ostendat
1869 2053 2029 2109 (idem

457 2161 663 2219 Christi
706 2167 1070 2229 suscepturos.
1114 2152 1397 2222 Quomodo
1444 2165 1575 2206 vero
1620 2165 1685 2205 ex
1728 2147 2030 2229 toto_eolli-

457 2252 627 2327 genda
651 2227 942 2324 gentilitas,
959 2245 1143 2304 Judzea
1164 2245 1222 2300 in
1250 2242 1356 2300 (ine
1376 2242 1697 2306 diderenda,
1728 2227 1891 2312 super
1913 2239 2030 2311 pul-

458 2343 569 2400 lum
599 2341 805 2397 sedisse
838 2339 1055 2396 dicitur.
1100 2338 1170 2395 Et
1204 2337 1345 2393 bene
1393 2335 1592 2390 dicitur
1619 2351 1632 2388 :
1662 2332 1837 2402 Super
1868 2344 2027 2402 quem

458 2431 635 2488 nullus
673 2430 952 2489 hominum
977 2429 1136 2494 sedit,
1162 2427 1289 2497 quia
1314 2423 1491 2481 nullus
1514 2425 1797 2480 doctorum
1832 2424 1900 2477 ad
1933 2437 2029 2479 eos

455 2525 657 2582 missus
694 2521 891 2587 fuerat,
920 2521 1013 2591 qui
1039 2534 1135 2575 eos
1156 2534 1187 2573 a
1209 2516 1480 2574 locutione
1500 2514 1583 2570 vel
1605 2515 1673 2570 ab
1692 2528 1856 2584 opere
1883 2513 2027 2569 malo

455 2613 738 2671 refrenare
778 2613 1014 2668 doceret.
1056 2609 1297 2665 Plurima
1333 2617 1507 2662 autem
1537 2605 1691 2661 turba
1734 2614 2025 2660 straverunt

453 2704 753 2760 aestimem
777 2716 876 2755 sua
902 2700 959 2754 in
979 2699 1085 2753 sia.
1107 2696 1245 2767 Quia
1275 2695 1429 2752 multi
1471 2693 1722 2767 gentibus
1760 2693 2024 2749 dederunt

455 2806 685 2867 corpora
715 2805 813 2847 sua
851 2802 951 2861 pro
980 2787 1207 2843 Domino
1248 2785 1305 2842 in
1352 2783 1693 2855 martyrium,
1733 2790 1796 2837 ut
1830 2781 2026 2837 darent

457 2883 577 2940 aliis
599 2881 903 2953 exmplum
931 2878 1167 2952 qualiter
1192 2875 1361 2934 Deum
1391 2889 1578 2931 amare
1604 2875 1881 2931 deberent.
1918 2872 2024 2927 Alii

460 2972 724 3027 cadebant
784 2986 957 3027 ramos
1005 2967 1071 3024 de
1115 2966 1388 3022 arboribus
1423 2980 1442 3020 :
1485 2965 1733 3021 doctores
1779 2963 2022 3034 exempla

2128 1870 2345 1932 possent
2369 1860 2498 1915 illud
2529 1860 2783 1915 damnum
2810 1871 3239 1926 recompensare,
3269 1859 3394 1926 quia
3414 1859 3704 1913 veniebant

2128 1952 2281 2007 multi
2304 1952 2368 2007 de
2398 1951 2703 2022 longinquis
2730 1949 2882 2012 locis,
2921 1950 3011 2018 qui
3040 1964 3149 2002 non
3176 1946 3445 2003 habebant
3470 1964 3601 2018 quas
3624 1949 3703 2004 of-

2127 2042 2352 2099 ferrent.
2387 2043 2738 2114 Accipiebant
2772 2042 2918 2111 ipsas
2940 2055 3071 2096 aves
3099 2039 3186 2095 vel
3216 2049 3416 2096 cetera
3440 2057 3569 2111 qua:
3592 2042 3698 2111 iatn

2129 2136 2254 2191 data
2290 2134 2503 2190 fuerant
2536 2135 2589 2189 in
2616 2132 2833 2203 templo,
2869 2138 2927 2186 et
2953 2130 3152 2187 dabant
3180 2131 3247 2185 ad
3282 2130 3623 2186 vendendum
3647 2143 3698 2187 et

2130 2226 2225 2281 tali
2267 2226 2428 2282 modo
2469 2225 2740 2281 habebant
2779 2225 2924 2294 ipsas
2952 2237 3040 2279 res
3063 2232 3120 2278 et
3144 2231 3427 2295 argentum
3453 2238 3558 2294 pro
3582 2226 3694 2288 eis;

2126 2326 2181 2374 et
2204 2318 2295 2388 qui
2325 2332 2432 2372 non
2455 2316 2726 2372 habebant
2750 2315 3004 2385 pretium,
3031 2312 3366 2383 accipiebant
3386 2322 3613 2377 mutuo;
3643 2325 3697 2369 et

2114 2407 2221 2462 tali
2252 2407 2412 2463 modo
2438 2405 2820 2475 depraedabant
2855 2418 3139 2474 pauperes,
3178 2412 3237 2459 et
3256 2418 3362 2458 non
3389 2405 3692 2459 considera-

2123 2499 2257 2555 bant
2284 2498 2427 2569 quod
2468 2497 2606 2553 dixit
2643 2497 2785 2552 Deus
2827 2496 3251 2553 misericordiam
3277 2512 3337 2552 se
3362 2498 3538 2569 magis
3562 2498 3697 2554 velle

2125 2600 2287 2656 quam
2315 2584 2659 2640 sacriﬁcium.
2703 2583 2864 2639 [stam
2902 2583 3694 2658 depraedationem-intelligeas

2124 2675 2414 2740 Dominus,
2460 2672 2593 2729 fecit
2629 2673 2897 2745 ﬂagellum
2944 2687 3014 2729 ex
3056 2672 3328 2737 funiculis,
3375 2683 3433 2729 et
3474 2689 3693 2730 omnem

2123 2766 2521 2822 multitudinem
2561 2765 2723 2837 eiecit
2751 2766 2818 2821 de
2844 2765 3067 2836 templo,
3118 2764 3174 2819 in
3202 2765 3410 2821 duobus
3437 2778 3691 2834 magnum

2122 2860 2452 2933 principibus
2476 2859 2788 2915 scandalum
2816 2860 3120 2925 concitans,
3146 2859 3274 2914 'sive
3296 2859 3422 2928 quia
3452 2860 3688 2930 ipsorum

2122 2952 2433 3007 venditores
2473 2950 2712 3020 eiiceret,
2765 2965 2861 3006 seu
2910 2950 3040 3021 quia
3084 2950 3154 3005 de
3201 2949 3401 3021 templo
3450 2959 3687 3013 intraret,

457 3069 769 3118 sanctorum
814 3062 895 3117 eis
936 3058 1328 3130 proponebant,
1375 3057 1442 3112 ad
1477 3056 1871 3112 cohortandum
1905 3069 2018 3111 eos.

2126 3042 2265 3130 quod
2289 3042 2360 3096 ad
2380 3040 2502 3130 illos
2524 3041 2799 3110 pertinere
2816 3041 3116 3096 videbatur.
3137 3039 3209 3094 Et
3228 3056 3438 3095 mensas
3456 3056 3691 3094 numma-

682 3106 2022 3220 ;;;.;;.a.;.';";;;mansissent;
2048 3106 2096 3170 ο
2124 3106 2398 3221 lirium.
2436 3106 2734 3221 uincat-ii
2782 3130 3053 3221 habebam
3341 3137 3407 3221 ει

452 3248 512 3293 et
538 3238 810 3309 prophetas
841 3242 1252 3306 praeesserunt,
1291 3242 1349 3290 et
1380 3249 1481 3290 nos
1526 3235 1825 3304 sequimur,
1854 3251 2022 3290 unum

456 3330 627 3386 Deum
669 3327 958 3386 adorantes
998 3337 1272 3394 unumque
1320 3323 1704 3395 supplicantes.
1765 3323 2022 3392 Quamvis

454 3418 625 3477 Judaei
659 3432 827 3475 unum
853 3418 1140 3475 Dominum
1162 3425 1408 3473 nostrum
1426 3414 1608 3472 Iesum
1637 3416 1910 3474 Christum
1936 3429 2025 3471 re-

453 3513 679 3583 cipiant,
705 3525 805 3567 nos
829 3519 1007 3566 tamen
1033 3509 1089 3566 in
1117 3507 1366 3567 eumdem
1394 3509 1695 3575 credimus;
1724 3506 1891 3564 Deum
1919 3507 2024 3564 He-

455 3602 724 3658 braeorum
750 3615 850 3657 nos
869 3600 1143 3656 credimus
1170 3599 1400 3655 adorare
1429 3598 1738 3655 ﬁrmissima
1771 3599 1896 3665 ﬁde,
1935 3599 2022 3655 cui

456 3690 686 3747 dicimus
707 3690 850 3762 quod
870 3688 1006 3745 dixit
1029 3686 1197 3745 David
1220 3704 1234 3743 :
1264 3686 1310 3743 0
1333 3687 1576 3752 Domine,
1600 3688 1801 3743 saluum
1828 3705 1920 3743 nos
1938 3688 2023 3756 fac

454 3790 511 3836 et
538 3782 592 3835 in
621 3789 786 3845 terra,
834 3788 890 3834 et
925 3780 1127 3850 perduc
1149 3779 1218 3834 ad
1251 3779 1526 3835 caelestem
1556 3778 1856 3835 Jerusalem
1893 3793 2021 3849 pos-

457 3878 736 3933 sidendam
763 3883 818 3931 et
837 3876 1204 3931 habitandam.
1249 3873 1411 3929 Juxta
1447 3888 1747 3945 anagogen,
1784 3873 1829 3928 si
1867 3888 2021 3928 inan-

457 3968 580 4022 data
610 3965 825 4021 Domini
850 3964 1202 4027 custodimus,
1246 3963 1453 4019 habitat
1484 3972 1540 4019 et
1574 3964 1829 4034 praesidet
1864 3963 2026 4018 ωτι-ἰ-

457 4063 575 4110 stus
595 4054 651 4108 in
675 4066 903 4123 corpore
922 4060 1129 4108 nostm.
1167 4052 1234 4107 Et
1270 4052 1584 4107 vestimenta
1610 4052 2019 4124 prosternimus,

436 4145 503 4200 'si
544 4158 772 4215 corpora
800 4158 898 4213 per
921 4142 1301 4199 abstinentiam
1329 4143 1673 4213 castigamus,
1708 4148 1769 4196 ut
1810 4154 2023 4209 semper

455 4234 507 4288 ei
533 4236 674 4291 viam
694 4246 970 4304 paremus,
999 4240 1057 4289 et
1076 4230 1198 4289 aliis
1218 4233 1417 4287 bonum
1445 4230 1750 4302 exemplum
1791 4231 2022 4286 actionis

456 4327 815 4396 praiheamus.
859 4323 1102 4379 Frondes
1146 4324 1444 4387 avellimus,
1472 4322 1518 4376 si
1547 4322 1602 4376 in
1641 4320 1885 4376 doctrina
1931 4335 2022 4375 ve-

459 4416 636 4471 ritatis
678 4414 973 4471 sententias
1017 4413 1237 4468 Patrum
1278 4412 1636 4483 excerpimus.
1687 4412 1755 4467 Et
1797 4411 2019 4467 benedi-

456 4517 604 4560 ctum
631 4506 686 4561 in
713 4505 930 4559 nomine
958 4502 1171 4558 Domini
1213 4503 1553 4568 conﬁtemur,
1593 4502 1721 4571 quia
1765 4516 1872 4557 una
1898 4517 2022 4573 spes

455 4602 641 4649 nostra
687 4601 744 4647 et
782 4591 915 4646 ﬁdes
954 4591 1367 4659 praecedentium
1398 4600 1455 4647 et
1489 4592 1826 4661 sequentium
1854 4608 2022 4663 popu-

460 4682 652 4740 lorum.

530 4772 597 4825 Et
623 4787 742 4825 cum
772 4771 1014 4823 intrasset
1051 4766 1491 4840 Hierosolymam,
1518 4782 1774 4826 commota
1797 4782 1871 4827 est
1902 4774 2022 4827 uni-

458 4877 603 4916 uersa
627 4860 828 4915 ciuitas.
857 4858 1112 4913 introitus
1151 4863 1203 4913 in
1238 4861 1538 4917 Jerusalem
1566 4862 1754 4930 quinta
1781 4863 1869 4917 die
1893 4872 2021 4918 ante

454 4951 686 5016 Pascha,
727 4949 861 5005 feria
899 4952 1151 5012 secunda,
1188 4968 1292 5023 qua
1320 4952 1405 5006 die
1433 4960 1489 5005 et
1517 4966 1684 5021 agnus
1708 4952 1799 5021 qui
1829 4953 2020 5008 immo-

454 5043 647 5098 landus
678 5053 799 5098 erat
821 5043 875 5097 in
901 5041 1107 5098 Pascha
1130 5042 1419 5110 jubebatur
1441 5042 1657 5099 domum
1680 5045 1942 5100 introduci
1964 5056 2020 5102 et

455 5133 659 5187 servari
706 5146 873 5200 usque
909 5132 976 5187 ad
1013 5142 1260 5202 quartam
1312 5133 1574 5188 decimam
1617 5134 1827 5201 lunam;
1868 5143 1922 5188 et
1961 5145 2021 5189 ut

451 5222 762 5278 ostenderet
797 5223 941 5291 quod
979 5238 1084 5278 non
1123 5223 1342 5287 invitus,
1382 5222 1475 5278 sed
1504 5234 1694 5296 sponte
1722 5227 1788 5280 ad
1819 5227 2020 5295 passio-

454 5328 573 5367 nem
608 5314 839 5378 veniret,
871 5315 1046 5370 locum
1090 5315 1357 5384 passionis
1393 5316 1543 5380 adiit,
1589 5326 1643 5370 et
1691 5319 2021 5388 exspectavit

450 5419 546 5470 per
587 5404 732 5473 ipsos
778 5405 894 5460 dies
932 5422 1211 5476 quousque
1257 5408 1823 5476 comprehenderetur.
1859 5408 2016 5463 Com-

454 5502 594 5545 mota
638 5502 715 5547 est
754 5496 1011 5549 uniuersa‘
1030 5496 1229 5548 ciuitas.
1262 5495 1365 5548 Alii
1409 5512 1507 5565 pro
1544 5498 1818 5551 voluntate
1858 5499 2019 5560 bona,

454 5578 544 5628 alii
594 5593 693 5645 pro
736 5580 895 5634 mala.
935 5581 1005 5634 Et
1045 5582 1118 5636 illi
1152 5584 1241 5651 qui
1280 5583 1572 5638 dicebant:
1605 5584 1734 5649 Quis
1777 5596 1851 5640 est
1896 5588 2022 5639 hic?

454 5665 726 5734 principes
750 5680 923 5724 erant.
949 5670 1047 5736 Qui
1077 5676 1231 5742 quasi
1253 5674 1676 5744 dedignabantur
1702 5691 1824 5731 eum
1850 5693 2019 5746 agno-

2120 3218 2369 3289 desuper,
2384 3218 2453 3274 ad
2472 3218 2907 3275 commutandam
2927 3219 2973 3274 si
2994 3219 3118 3288 quis
3136 3218 3316 3274 vellet.
3328 3218 3399 3273 Et
3418 3220 3691 3273 cathedras

2120 3306 2451 3363 vendentium
2475 3306 2739 3362 columbas
2756 3309 2958 3363 metit.
2980 3308 3117 3375 Quia
3138 3323 3266 3364 aves
3290 3311 3410 3365 ista:
3436 3309 3689 3379 {request-

2120 3404 2206 3452 ter
2225 3395 2553 3468 jubebantur
2577 3399 2786 3464 oﬂ'erri,
2822 3408 2882 3455 et
2919 3401 2975 3455 in
3011 3400 3194 3457 multis
3227 3402 3691 3472 pnriticationihus

2122 3488 2301 3544 chara:
2324 3488 2433 3545 illic
2454 3498 2629 3555 erant,
2660 3490 2802 3545 sicut
2831 3498 2886 3544 et
2906 3493 2973 3546 de
2992 3493 3304 3560 passeribus
3326 3493 3572 3563 legimus.
3610 3492 3693 3547 ld—

2124 3579 2270 3634 circo
2291 3580 2540 3635 honorati
2565 3581 2669 3636 viri
2693 3589 2871 3647 erant,
2902 3581 2994 3651 qui
3021 3584 3166 3653 ipsas
3193 3584 3468 3639 columbas
3497 3584 3692 3638 vende-

2122 3669 2271 3734 bant,
2302 3669 2394 3738 qui
2421 3677 2480 3725 et
2511 3671 2801 3726 cathedras
2828 3672 2896 3726 ad
2923 3673 3217 3728 sedendum
3243 3672 3539 3729 habebant.
3573 3672 3690 3741 επιξ-

2123 3757 2353 3815 ritaliter
2372 3771 2501 3813 vero
2525 3758 2869 3814 nummularii
2897 3762 3057 3824 sunt,
3074 3760 3166 3829 qui
3189 3761 3356 3816 verba
3379 3761 3563 3814 divina
3593 3776 3686 3814 ano

2123 3846 2371 3902 nuntiare
2396 3846 2593 3902 debent
2621 3848 2675 3903 in
2705 3849 2937 3919 populis,
2966 3851 3092 3920 quia
3115 3850 3341 3921 Eloquia
3360 3850 3573 3906 Domini
3590 3852 3690 3905 do-

2122 3937 2245 4008 quia
2279 3947 2426 3991 casta
2444 3976 2460 4004 ,
2497 3949 2771 4009 argentum
2821 3941 2937 4011 igne
2982 3943 3362 3996 examinatum.
3412 3941 3513 4009 Qui
3559 3954 3693 4012 ergo

2123 4026 2488 4097 speculatores
2514 4036 2640 4083 sunt
2662 4028 2790 4084 facti
2832 4030 2889 4085 in
2916 4031 3128 4101 populis
3151 4039 3207 4087 et
3238 4046 3347 4087 non
3372 4033 3695 4087 annuntians

2123 4115 2203 4169 eis
2248 4115 2561 4185 iniquitates
2596 4132 2786 4173 eorum
2825 4134 2946 4189 quae
2975 4119 3199 4187 iaciunt,
3229 4120 3327 4177 sed
3347 4121 3617 4192 placentia
3641 4130 3695 4177 et

2122 4204 2457 4274 favorabilia,
2506 4208 2747 4265 dicentes
2791 4211 2955 4281 impio
2980 4227 2994 4265 :
3024 4212 3206 4269 Bonus
3232 4227 3314 4278 es,
3340 4214 3433 4269 isti
3454 4223 3583 4269 sum
3603 4212 3694 4282 qui

2122 4299 2467 4354 nummularii
2525 4310 2861 4357 commutant
2908 4314 3210 4375 argentum.
3262 4303 3369 4359 Per
3418 4305 3696 4361 columbas

2123 4402 2252 4442 vero
2296 4392 2518 4458 spiritus
2536 4398 2650 4446 sive
2676 4392 2876 4447 donum
2919 4392 3151 4461 Spiritus
3191 4394 3388 4450 sancti.
3426 4394 3532 4462 Qui
3566 4411 3698 4463 ergo

2125 4477 2354 4547 gratiam
2394 4477 2626 4546 Spiritus
2669 4481 2866 4543 sancti,
2911 4496 3074 4550 quam
3112 4481 3244 4536 dare
3273 4482 3475 4537 debent
3508 4485 3693 4555 gratis,

2126 4567 2450 4633 venundant,
2487 4577 2547 4622 ut
2579 4569 2870 4638 baptisma,
2920 4570 3290 4639 impositiones
3321 4587 3538 4636 manus,
3566 4588 3695 4643 gra-

2124 4657 2225 4712 dus
2256 4656 2672 4723 ecclesiasticos,
2705 4658 3073 4714 columbarum
3105 4662 3416 4717 venditores
3449 4678 3571 4718 esse
3613 4663 3693 4718 di-

2124 4758 2339 4803 cuntur.
2372 4747 2429 4804 Si
2455 4764 2584 4819 ergo
2615 4749 2862 4805 Christus
2891 4752 2947 4804 in
2972 4751 3210 4806 Ecclesia
3240 4767 3340 4807 sua
3369 4753 3508 4809 tales
3540 4754 3691 4808 inre-

2124 4838 2286 4904 nerit,
2333 4838 2424 4907 qui
2470 4853 2570 4909 per
2617 4839 2834 4908 prmmia
2884 4841 3106 4897 verbum
3136 4840 3401 4906 divinum,
3436 4844 3693 4913 mysteria

2124 4940 2297 4990 sacra,
2339 4924 2393 4978 id
2423 4933 2507 4980 est
2546 4926 2913 4996 episcopatus,
2975 4928 3409 4998 presbyteratus.
3443 4929 3693 4984 diacona-

2126 5023 2235 5081 tus,
2264 5015 2497 5070 vendant
2537 5016 2622 5070 vel
2659 5024 2861 5081 emant,
2894 5014 3181 5084 ejiciuntur
3208 5018 3277 5073 de
3302 5018 3544 5074 Ecclesia
3576 5020 3693 5081 Dei,

2124 5121 2180 5164 et
2208 5109 2478 5164 cathedra:
2505 5125 2713 5176 eorum,
2760 5110 2812 5164 id
2853 5118 2937 5165 est
2981 5111 3351 5180 magisterium
3374 5120 3688 5167 evertetur:

2124 5199 2193 5253 Et
2220 5198 2352 5253 dixit
2382 5201 2455 5252 eis
2476 5213 2493 5250 :
2521 5197 2788 5269 Scriptum
2812 5209 2910 5265 est,
2932 5201 3118 5256 Domus
3141 5217 3257 5255 mea
3276 5201 3464 5254 domus
3500 5203 3698 5256 oratio.

2127 5291 2207 5344 nis
2236 5290 2522 5356 vocabitur,
2562 5307 2646 5345 vos
2681 5300 2855 5345 autem
2892 5290 3086 5361 fecistis
3109 5290 3255 5345 illam
3278 5290 3580 5361 speluncam
3612 5292 3695 5343 la-

2125 5390 2354 5436 tronum.
2391 5382 2615 5436 Domum
2645 5381 2858 5437 Domini
2888 5383 3153 5437 convertit
3185 5382 3240 5435 in
3269 5380 3581 5452 speluncam
3621 5381 3695 5434 la-

2125 5479 2360 5533 tronum,
2387 5472 2476 5540 qui
2508 5470 2652 5525 lucra
2692 5479 2934 5526 sectatur
2968 5473 3035 5526 de
3072 5471 3351 5543 religione,
3378 5471 3464 5526 vel
3492 5480 3693 5540 myste-

2125 5563 2261 5617 rium
2304 5562 2573 5627 divinum,
2607 5577 2711 5615 non
2760 5577 2858 5631 pro
2901 5562 3024 5615 vitae
3070 5561 3267 5615 merito
3304 5568 3357 5614 et
3390 5561 3691 5630 sapientia.

2123 5668 2296 5721 neque
2331 5667 2429 5720 per
2453 5652 2767 5707 electionem
2812 5652 2968 5707 electi
3012 5660 3068 5707 et
3105 5652 3305 5724 populi,
3347 5653 3442 5707 sed
3477 5667 3572 5721 per
3612 5651 3687 5705 lu-
