3952 6186
274 352 413 410 M35

1405 342 1764 400 EXPOSITIO
1799 344 1865 399 IN
1905 346 2337 405 MATTllrEUM.

3385 352 3409 405 Ι
3425 351 3515 404 illi

270 480 421 523 crum
472 461 817 531 assequitur;
866 466 922 513 et
959 458 1194 529 quandiu
1236 457 1451 522 vixerit,
1502 459 1640 527 apud
1682 459 1846 512 Deum
1876 464 1924 524 Α
1952 460 2033 515 vel
2061 476 2160 530 pro
2186 463 2414 515 veritate
2438 461 2686 517 humanae
2714 461 3035 535 fragilitatis,
3061 464 3183 534 quia
3208 480 3310 519 non
3344 466 3517 523 fuerat

271 572 379 612 non
422 565 631 627 pastor,
673 555 769 607 sed
810 553 1179 607 mercenarius
1211 552 1500 605 habebitur
1523 561 1577 603 et
1607 550 1846 619 negotia-

275 656 378 711 tor,
421 645 547 715 quia
594 646 735 715 quod
772 646 936 706 dedit,
985 645 1179 713 quaerit
1226 643 1492 713 recipere,
1536 643 1586 696 id
1615 653 1698 695 est
1734 651 1844 695 ter-

277 753 406 793 rena
435 737 703 807 qumsivit,
744 751 851 790 non
894 736 1099 789 lucrum
1131 737 1451 789 animarum.
1508 735 1574 788 Et
1622 735 1735 789 hmc
1765 743 1846 789 est

273 829 564 884 simoniaca
609 828 849 881 hteresis.
888 826 1267 895 Unusquisque
1309 834 1555 879 nostrum
1588 826 1844 895 templum

276 918 484 973 Domini
528 930 648 970 esse
689 916 866 978 debet,
908 924 965 969 ut
1006 915 1203 970 Paulus
1246 917 1413 970 dicit:
1445 915 1709 986 Templum
1756 915 1849 969 Dei

270 1016 508 1060 sanctum
547 1013 643 1067 est,
681 1006 819 1073 quod
865 1006 986 1057 estis
1020 1023 1125 1058 ros.
1166 1006 1453 1062 Vileamus
1480 1021 1546 1060 ne
1570 1007 1621 1059 in
1651 1005 1847 1075 templo

276 1107 462 1153 nostro
491 1096 728 1149 inveniat
762 1096 1019 1150 Dominus
1049 1096 1189 1151 aliud
1220 1097 1322 1151 nisi
1358 1099 1500 1166 quod
1529 1098 1577 1152 ci
1606 1097 1846 1167 placeat,

276 1185 615 1241 dilectionem
662 1184 756 1237 Dei
786 1193 839 1237 et
881 1184 1141 1253 proximi,
1192 1193 1245 1239 et
1276 1185 1478 1254 reliqua
1526 1186 1609 1240 bis
1649 1200 1847 1240 conve-

276 1276 498 1330 nicntia.

353 1366 418 1419 Et
447 1375 773 1419 accesserunt
813 1366 883 1419 ad
908 1383 1022 1420 eum
1053 1370 1176 1419 σπητὶ
1202 1376 1251 1420 et
1280 1365 1456 1419 claudi
1480 1367 1534 1420 in
1557 1366 1767 1436 tetnplo,
1801 1375 1848 1419 et

274 1456 481 1510 sanavit
510 1472 617 1509 eos.
650 1454 931 1509 Psalmista
956 1470 972 1508 :
1000 1455 1246 1509 Ercelsus
1269 1465 1323 1509 et
1350 1457 1565 1509 humilis
1597 1455 1851 1508 Dominus

275 1543 495 1599 humilia
512 1546 737 1613 respicit,
762 1555 810 1597 et
831 1545 940 1599 alta
963 1564 994 1598 a
1019 1545 1173 1615 longe
1202 1547 1479 1615 cognoscit.
1508 1545 1769 1615 Apparuit
1795 1546 1848 1599 in

276 1636 381 1690 hoc
424 1635 569 1690 enim
613 1633 756 1689 facto
793 1645 900 1689 tam
938 1636 1192 1690 terribilis
1234 1636 1584 1705 principibus,
1617 1644 1673 1688 ut
1704 1634 1851 1687 nullo

278 1726 438 1779 modo
458 1725 508 1779 ei
535 1726 787 1779 resistere
828 1726 1112 1789 auderent,
1152 1738 1327 1795 neque
1354 1726 1550 1779 intueri
1578 1740 1720 1779 eum.
1749 1725 1851 1779 Bo—

1943 554 2216 620 prmterita
2270 561 2428 607 nocte
2482 554 2809 622 crapulatus.
2878 554 2982 609 Seu
3043 558 3235 610 esuriit
3286 558 3513 612 salutem

1943 640 2159 709 perii-lie
2200 641 2454 705 civitatis,
2496 643 2618 710 quia
2650 652 2705 698 ct
2731 644 2799 698 ob
2828 644 2930 699 hoc
2957 660 3113 700 mane
3143 647 3515 703 revertebatur

1945 730 2010 784 ad
2035 746 2175 793 eam,
2206 740 2263 785 ut
2289 740 2470 802 p0‘set
2498 732 2726 801 aliquem
2751 744 3062 791 convertere
3087 754 3099 791 :
3137 738 3202 791 Et
3228 740 3402 793 videns
3428 742 3518 809 [iri

1943 820 2181 872 arborem
2229 838 2407 874 unam.
2458 820 2617 876 Ficus
2638 838 2667 875 a
2696 822 3017 880 fecunditate
3042 827 3258 892 dicitur,
3284 834 3408 900 quia
3442 832 3517 883 fc-

1945 909 2277 962 nerationem
2294 911 2543 965 omnibus
2564 913 2844 968 arboribus
2871 924 2923 967 et
2945 915 2996 969 in
3019 918 3169 985 prole.
3191 928 3243 973 et
3265 920 3318 973 in
3343 920 3517 975 fructu

1946 998 2184 1053 exhibet.
2227 1000 2335 1054 Ter
2378 1001 2521 1055 enim
2560 1003 2614 1055 in
2662 1017 2804 1057 anno
2840 1002 3070 1061 fructum
3110 1006 3231 1063 fert.
3272 1010 3377 1065 Sed
3414 1013 3518 1065 duo

1945 1089 2103 1157 primi
2131 1089 2398 1154 meliores,
2423 1091 2613 1146 tertius
2627 1092 2740 1161 jam
2767 1094 3286 1163 despectus.Caric:e
3313 1098 3521 1156 fructus

1947 1177 2062 1243 ejus
2089 1178 2360 1245 dicuntur,
2403 1195 2432 1233 a
2474 1182 2623 1251 copia
2679 1184 2985 1238 nominate.
3036 1182 3091 1240 In
3132 1187 3268 1243 libro
3313 1190 3516 1263 Regum

1948 1266 2146 1321 dicitur
2171 1287 2182 1319 :
2216 1266 2420 1322 Massas
2448 1273 2764 1325 caricnrnm.

2030 1354 2178 1408 Venit
2207 1373 2328 1425 ergo
2359 1356 2428 1409 ad
2450 1358 2749 1425 ﬁculneam.
2782 1360 2894 1414 Non
2918 1364 3060 1431 quod
3086 1365 3358 1435 ignoraret
3378 1373 3519 1439 quod

1949 1441 2183 1497 fructum
2214 1461 2317 1498 non
2352 1447 2594 1511 haberet,
2630 1449 2756 1517 quia
2791 1466 2895 1504 non
2937 1462 3057 1507 erat
3099 1464 3339 1526 tempus,
3399 1471 3523 1515 ante

1950 1533 2157 1588 Pascha
2208 1537 2350 1589 enim
2395 1546 2533 1601 erat,
2581 1540 2673 1593 sed
2714 1550 2771 1593 ut
2810 1545 3123 1599 ostenderet
3149 1548 3276 1617 quid
3302 1561 3522 1605 eventu-

1948 1641 2068 1679 rum
2098 1635 2240 1681 esset
2266 1626 2561 1698 Synagoge
2588 1631 2666 1685 vel
2695 1631 2922 1700 civitati,
2952 1651 3110 1705 quam
3137 1643 3407 1710 praeterita
3436 1646 3523 1700 die

1952 1716 2191 1772 ﬂeverat.
2225 1717 2379 1773 Sicut
2405 1721 2548 1774 enim
2588 1724 2733 1777 venit
2774 1725 2842 1779 ad
2890 1727 3058 1795 ipsam
3106 1731 3355 1787 arborem
3398 1736 3519 1790 folia

279 1818 363 1874 "is
403 1831 531 1871 vero
554 1817 719 1879 milis,
762 1818 836 1870 ita
883 1824 941 1870 ut
975 1833 1098 1873 cum
1145 1818 1270 1871 mali
1308 1826 1432 1871 ante
1454 1832 1575 1872 eum
1605 1816 1849 1887 fugerem
1876 1806 1923 1864 Β
1948 1799 2258 1869 habentem,
2280 1816 2335 1859 et
2374 1806 2610 1864 fructum
2643 1810 2871 1867 minime
2912 1815 3140 1882 invenit,
3170 1819 3250 1872 sic
3281 1822 3429 1876 venit
3458 1821 3528 1876 ad

280 1909 346 1963 de
390 1909 607 1977 templo,
647 1909 775 1962 cmci
803 1916 856 1962 et
882 1909 1056 1964 claudi
1085 1910 1405 1964 accederent
1433 1917 1487 1964 et
1510 1915 1842 1963 sanarentur.

1944 1890 2286 1967 Synagogam
2303 1902 2586 1957 habentem
2600 1904 2810 1975 eloquia
2831 1907 2965 1979 legis
2979 1920 3031 1966 et
3047 1914 3454 1981 prophetarum,
3472 1925 3527 1969 et

281 1997 418 2052 Dicit
442 1998 631 2053 beatus
656 1998 1049 2069 Hieronymus:
1078 1999 1224 2053 Inter
1243 1999 1423 2053 omnia
1447 2014 1567 2068 quae
1593 1998 1850 2053 Dominus
1941 1983 2173 2041 ῖΐυεῑυητ
2200 2004 2428 2060 operum
2448 2010 2553 2050 non
2579 1997 2808 2054 invenit.
2826 1998 3177 2072 Unaqumque
3196 2007 3340 2061 enim
3365 2010 3528 2063 arbor

281 2096 466 2142 noster
492 2088 545 2142 in
575 2088 677 2142 hoc
698 2090 899 2143 mundo
929 2087 1074 2153 fecit,
1107 2087 1242 2142 nihil
1270 2088 1351 2143 sic
1380 2087 1693 2142 admirabile
1719 2086 1848 2156 egit,

280 2187 342 2232 ut
367 2177 510 2231 istud
532 2180 674 2246 quod
696 2194 834 2233 unus
860 2180 1038 2243 homo,
1068 2186 1123 2232 et
1151 2177 1241 2232 illo
1264 2187 1507 2246 tempore
1534 2176 1855 2246 contempti-

280 2267 404 2323 bilis
433 2269 529 2340 (ita
555 2278 615 2324 ut
638 2277 824 2337 postea
870 2267 1312 2338 crucifigeretur),
1356 2266 1561 2322 Scribis
1585 2274 1642 2320 et
1662 2265 1855 2320 Phari-

285 2359 410 2413 saeis
441 2370 633 2415 contra
669 2359 1012 2415 saevientibus
1035 2368 1091 2413 et
1119 2358 1421 2413 videntibus
1450 2358 1600 2411 lucra
1627 2371 1722 2411 sua
1755 2356 1851 2411 de-

282 2451 436 2515 strui,
459 2452 692 2520 potnerit
720 2466 843 2505 cum
862 2464 972 2505 uno
999 2447 1203 2520 flagello
1227 2456 1432 2502 tantam
1457 2447 1853 2502 multitudinem

282 2539 499 2608 ejicere,
546 2556 765 2595 mensas
807 2540 1141 2604 subvertere,
1176 2539 1462 2595 cathedras
1489 2537 1852 2609 confringere,

284 2634 339 2680 et
374 2628 477 2683 alia
523 2628 702 2683 facere
733 2644 852 2698 qua:
890 2628 1134 2684 inﬁnitus
1172 2643 1279 2683 non
1310 2627 1528 2683 fecisset
1557 2627 1849 2682 exercitus.

283 2714 418 2772 Nam
448 2733 700 2788 magnum
738 2717 938 2771 bellum
978 2716 1132 2772 Titus
1170 2716 1360 2771 habuit
1400 2717 1457 2770 in
1500 2715 1699 2784 templo
1735 2721 1857 2785 post

285 2817 501 2876 captam
529 2806 850 2861 Jerusalem.
881 2804 988 2861 Sed
1017 2807 1155 2860 sicut
1192 2806 1333 2861 idem
1362 2804 1716 2875 Hieronymus
1742 2803 1851 2857 ait:

282 2897 504 2965 lgneum
542 2894 796 2965 quiddam
827 2903 988 2964 atque
1013 2895 1282 2950 sidereum
1319 2894 1564 2948 radiabat
1589 2908 1657 2949 ex
1682 2894 1857 2949 oculis

284 2985 403 3055 ejus
414 2992 470 3037 et
481 2982 777 3036 divinitatis
790 2980 1043 3050 majestas
1057 2980 1271 3036 lucebat
1293 2980 1347 3035 in
1363 2978 1501 3035 facie
1518 2997 1532 3033 :
1549 2994 1646 3049 pro
1660 2978 1855 3048 quibus

285 3090 392 3130 non
424 3081 581 3129 erant
612 3074 729 3129 ausi
761 3089 980 3128 manum
1014 3070 1235 3141 injicere
1256 3112 1271 3137 ,
1315 3085 1490 3140 neque
1530 3076 1855 3140 potestatem

1948 2089 2054 2129 non
2086 2076 2153 2131 de
2176 2074 2399 2132 floribus
2437 2088 2493 2133 et
2525 2080 2688 2146 foliis,
2737 2084 2832 2137 sed
2875 2086 2941 2139 de
2977 2084 3154 2143 fructu
3194 2092 3521 2160 agnoscitur.

1948 2165 2017 2221 Et
2037 2167 2409 2238 unusquisque
2432 2170 2594 2225 homo
2615 2186 2721 2225 non
2743 2174 2809 2227 de
2832 2175 3187 2234 aestimatione
3213 2180 3296 2235 vel
3323 2197 3518 2252 pompa

1950 2254 2264 2323 locutionis,
2307 2259 2403 2313 sed
2432 2260 2500 2315 de
2525 2276 2653 2315 vera
2696 2264 2907 2319 actione
2934 2280 3155 2335 operum
3190 2269 3363 2325 bonus
3384 2271 3525 2342 judi-

1951 2356 2130 2402 oatur.
2177 2347 2404 2404 Prodest
2445 2351 2589 2405 enim
2638 2353 2776 2407 bona
2819 2356 3018 2422 dicere,
3048 2359 3138 2412 sed
3160 2360 3280 2428 plus
3309 2364 3528 2432 prodest

1950 2452 2075 2492 cum
2100 2438 2245 2494 dicto
2285 2438 2427 2495 facta
2468 2444 2813 2498 concordare.
2860 2446 2928 2499 Et
2968 2447 3107 2502 sicut
3136 2449 3269 2506 licus
3296 2469 3401 2507 non
3429 2455 3527 2509 ha-

1950 2526 2086 2582 bens
2130 2526 2364 2583 fructum
2400 2530 2653 2586 damnata
2683 2542 2785 2598 est,
2819 2536 2897 2589 sic
2920 2535 3101 2591 Juda-a
3131 2540 3336 2599 habens
3364 2547 3525 2601 verba

1952 2616 2354 2689 Scripturarum
2389 2623 2505 2677 sine
2530 2624 2858 2692 perfectione
2904 2643 3128 2697 operum
3158 2632 3410 2689 damnata
3444 2646 3529 2693 est

1952 2717 2008 2763 et
2039 2710 2246 2777 punita.
2288 2710 2404 2765 Non
2444 2720 2623 2767 autem
2653 2716 2831 2771 omnis
2855 2714 3035 2773 Iudaea
3063 2721 3181 2777 sine
3203 2721 3379 2779 fructu
3405 2726 3525 2793 fuit,

1952 2798 2080 2866 quia
2107 2800 2175 2852 de
2209 2799 2322 2867 ipsa
2348 2799 2566 2855 fuerunt
2595 2805 2840 2872 apostoli,
2876 2814 2932 2863 et
2959 2810 3231 2879 primitiva
3259 2814 3519 2884 Ecclesia,

1953 2889 2047 2944 sed
2076 2890 2312 2945 maxima
2350 2890 2465 2959 ejus
2504 2894 2559 2948 in
2599 2895 2973 2956 incredulitate
3002 2903 3332 2970 perduravit.
3366 2908 3527 2964 Simi-

1951 2978 2079 3034 liter
2118 2978 2218 3034 sub
2259 2994 2492 3049 persona
2526 2982 2769 3039 ticulnete
2795 2986 2849 3040 in
2883 2988 2984 3042 alia
3009 2989 3246 3062 loquitur
3268 2994 3530 3054 Dominus

1955 3071 2023 3125 de
2048 3068 2351 3142 Synagoga,
2377 3072 2444 3126 de
2473 3072 2701 3130 ficulnea
2736 3075 2974 3144 plantata
3010 3078 3062 3133 in
3091 3082 3265 3138 vinea.
3296 3084 3401 3141 Ista
3432 3104 3527 3143 au-

285 3166 771 3228 suamevindicare,
785 3165 1181 3221 necerantausi
1196 3165 1502 3233 dicerequae
1513 3172 1700 3232 postea
1715 3163 1859 3218 dixe-
1883 3176 1926 3238 ρ
1957 3169 2064 3215 tem
2096 3161 2322 3217 ﬁculnea
2342 3161 2495 3229 juxta
2520 3164 2664 3217 viam
2688 3166 2887 3232 stabat,
2922 3169 3047 3236 quia
3080 3170 3315 3228 habebat
3356 3176 3524 3248 legem

285 3264 411 3311 runt
432 3274 443 3309 :
463 3253 528 3308 In
539 3271 641 3325 qua
656 3264 906 3316 potestate
924 3254 1034 3308 lucc
1054 3254 1208 3322 facis,
1227 3253 1322 3309 sed
1335 3250 1728 3315 tantummodo,
1745 3250 1852 3303 Au-

286 3346 367 3401 dis
385 3344 512 3417 quid
532 3345 618 3399 isti
641 3343 842 3409 dicunt,
864 3343 1018 3412 quasi
1040 3343 1302 3398 dixissent
1325 3361 1338 3395 :
1364 3343 1466 3396 ista
1492 3341 1561 3395 de
1581 3340 1692 3395 Deo
1706 3340 1853 3395 dicta

286 3442 409 3491 sunt
436 3448 555 3503 qua:
578 3433 647 3488 de
672 3440 728 3487 te
753 3434 1024 3488 dicuntur.
1065 3432 1322 3487 Dominus
1361 3439 1542 3486 autem
1591 3431 1671 3485 sic
1717 3437 1855 3484 tem-

284 3524 494 3595 peravit
541 3537 694 3577 suam
729 3521 1152 3591 responsionem,
1188 3528 1243 3576 et
1264 3530 1324 3575 ut
1352 3519 1665 3575 ostenderet
1701 3520 1768 3575 de
1793 3533 1854 3574 se

285 3614 392 3673 hoc
431 3617 654 3682 dictum,
699 3624 752 3673 et
792 3617 995 3672 dictum
1024 3614 1141 3684 ejus
1172 3630 1277 3670 non
1309 3622 1521 3684 pateret
1559 3612 1853 3682 reprehen-

284 3708 446 3765 sioni.
476 3706 591 3763 Non
632 3707 806 3761 dixit:
848 3706 960 3777 Ego
1005 3721 1123 3761 sum
1174 3704 1317 3761 Deus
1342 3704 1409 3758 de
1431 3717 1540 3773 quo
1565 3702 1707 3757 dicta
1732 3707 1859 3756 sunt

283 3797 411 3862 ista,
443 3814 565 3853 cum
593 3799 695 3852 hoc
715 3812 900 3852 verum
927 3805 1092 3860 esset,
1118 3795 1213 3851 sed
1237 3794 1373 3850 dixit
1407 3812 1420 3847 :
1455 3793 1724 3862 Propheta
1754 3792 1857 3845 hoc

281 3889 663 3960 przenuntiavit
690 3904 757 3943 ex
781 3903 876 3943 ore
900 3887 1179 3942 infantium
1208 3886 1569 3958 perfecturam
1600 3884 1710 3939 Deo
1734 3883 1853 3938 lau-

285 3979 429 4043 dem,
462 3988 521 4032 ut
559 3978 633 4032 illi
668 3979 1007 4047 requirerent
1038 3977 1105 4032 de
1130 3991 1237 4046 quo
1264 3985 1408 4031 esset
1432 3974 1852 4045 intelligendum.

284 4067 421 4124 Nam
448 4070 539 4124 alii
562 4069 904 4141 evangelista:
935 4068 1120 4123 dicunt
1148 4086 1162 4122 :
1195 4068 1278 4121 Ait
1302 4066 1406 4121 illis
1428 4081 1447 4118 :
1476 4065 1537 4121 Si
1563 4066 1649 4119 isti
1676 4075 1854 4118 tacue—

286 4159 413 4225 rint,
444 4159 641 4230 lapides
672 4154 992 4212 clamabunt.
1018 4157 1312 4213 Puerorum
1335 4157 1536 4212 factum
1564 4171 1630 4210 ex
1650 4154 1858 4226 psalmo

285 4250 582 4305 centesimo
613 4248 841 4318 septimo
873 4248 1082 4305 decimo
1123 4247 1493 4304 conﬁrmatur.
1551 4245 1619 4299 Et
1664 4244 1856 4299 relictis

284 4342 410 4408 illis,
439 4343 566 4396 abiit
588 4343 732 4411 {oras
755 4351 905 4395 extra
927 4341 1187 4394 civitatem
1209 4341 1262 4393 in
1284 4337 1617 4401 Bethaniam,
1642 4335 1859 4389 mansit-

284 4450 382 4505 que
406 4434 498 4488 ibi.
542 4433 684 4488 Dicit
725 4430 936 4488 Marcus
963 4432 1106 4502 quod
1134 4446 1305 4501 usque
1336 4429 1403 4485 ad
1429 4442 1708 4499 vesperam
1752 4435 1860 4481 stc-

1953 3260 2011 3306 et
2049 3254 2360 3322 prophetas,
2410 3254 2505 3309 sed
2548 3270 2670 3308 eum
2701 3257 2793 3324 qui
2838 3258 3006 3313 dixit:
3044 3258 3159 3331 Ego
3187 3280 3303 3319 sum
3332 3269 3435 3332 uia,
3475 3269 3528 3323 in

1954 3342 2035 3398 eis
2058 3357 2165 3397 non
2196 3343 2557 3414 intelligebst;
2581 3353 2639 3400 et
2658 3347 2874 3402 videbat
2890 3363 3034 3414 eum,
3061 3359 3116 3407 et
3142 3368 3249 3409 non
3272 3371 3530 3428 agnosce-

1954 3434 2066 3489 bat.
2099 3432 2258 3488 Venit
2288 3435 2355 3488 ad
2381 3448 2501 3489 eam
2531 3449 2630 3504 per
2652 3436 3081 3494 incarnationem
3125 3457 3278 3498 suam
3313 3454 3367 3500 et
3394 3448 3529 3503 nihil

1956 3522 2012 3576 in
2037 3538 2101 3577 ea
2133 3522 2334 3578 invenit
2353 3524 2455 3578 nisi
2484 3522 2612 3578 folia
2638 3532 2868 3580 tantum.
2899 3526 2967 3580 Et
2991 3530 3066 3582 ait
3090 3530 3212 3585 illi:
3238 3532 3523 3606 Nunquam

1954 3629 2020 3668 ea:
2055 3622 2104 3667 te
2127 3613 2331 3682 fructus
2378 3624 2626 3668 nascatur
2644 3614 2701 3669 in
2740 3617 3129 3687 sempiternum.
3174 3621 3318 3679 Nihil
3365 3629 3530 3684 arbor

1955 3707 2224 3776 peccavit,
2266 3708 2361 3762 sed
2400 3707 2525 3776 quia
2555 3708 2624 3762 ad
2644 3723 2775 3763 usus
2803 3710 3079 3766 hominum
3114 3722 3296 3770 creata
3330 3716 3526 3784 fuerat,

1956 3797 2125 3851 voluit
2166 3811 2266 3867 per
2300 3799 2552 3853 arborem
2600 3806 2809 3855 terrere
2851 3801 3121 3869 homines,
3170 3820 3239 3860 ne
3265 3808 3385 3876 quis
3427 3810 3529 3865 ha-

1958 3887 2133 3942 bendo
2161 3888 2323 3942 verba
2363 3886 2609 3956 justitiat,
2653 3889 2856 3958 absque
2881 3891 3133 3959 operibus
3153 3895 3530 3962 praetendendo

1958 3988 2260 4033 mereretur
2296 3978 2471 4033 excidi
2502 3985 2561 4033 et
2596 3979 2651 4033 in
2683 3980 2859 4049 ignem
2889 3980 3098 4049 projici.
3141 3983 3291 4050 Quod
3315 3987 3446 4041 dicit
3474 3990 3528 4041 in

1957 4067 2346 4137 sempiternum,
2394 4084 2500 4123 non
2548 4070 2935 4138 perpetualiter
2969 4072 3259 4142 significat,
3308 4077 3401 4130 sed
3432 4079 3528 4132 ali-

1958 4157 2101 4226 quod
2144 4165 2374 4226 tempus.
2397 4159 2533 4213 Aion
2575 4159 2719 4215 enim
2769 4161 3036 4225 Gnaeum,
3079 4171 3134 4216 et
3173 4164 3426 4218 sarculum
3473 4175 3529 4219 et

1960 4247 2347 4318 sempiternum
2379 4249 2669 4319 significat.
2702 4251 2926 4318 Quando
2968 4266 3097 4307 vero
3121 4252 3319 4308 dicitur
3346 4256 3529 4309 aionas

1960 4346 2049 4391 ton
2073 4338 2285 4404 aionon,
2313 4338 2583 4393 inﬁnitum
2611 4340 2903 4411 signiﬁcat,
2941 4336 2996 4396 id
3021 4349 3107 4396 est
3137 4342 3334 4397 saecula
3359 4358 3532 4399 saecu-

1960 4427 2156 4492 lorum,
2185 4428 2312 4497 quia
2347 4429 2412 4482 de
2446 4430 2652 4484 arbore
2678 4439 2854 4501 potest
2889 4431 3134 4503 intelligi,
3160 4434 3304 4502 quod
3324 4442 3380 4488 et
3403 4433 3529 4493 folia

286 4526 435 4588 terit,
464 4534 519 4578 et
553 4525 1002 4594 circumspexerit
1045 4523 1099 4578 iu
1141 4536 1295 4592 gyro,
1342 4530 1395 4576 et
1441 4519 1654 4575 exierit.
1706 4517 1858 4572 Unde
1885 4515 1935 4575 D
1962 4519 2223 4585 aruerint,
2255 4528 2477 4576 truncus
2523 4522 2703 4579 salvus
2739 4526 3081 4591 remanserit,
3115 4527 3243 4596 quia
3265 4526 3446 4583 Judaza
3478 4529 3530 4582 in

284 4617 443 4670 datur
485 4616 711 4686 intelligi
756 4616 900 4686 quod
955 4623 1117 4669 tantm
1164 4612 1501 4684 paupertatis
1557 4609 1677 4672 fuit,
1717 4608 1856 4661 utin

283 4707 502 4761 civitate
532 4716 640 4760 tam
669 4706 855 4776 grandi
887 4720 987 4760 nec
1012 4704 1300 4773 hospitium
1331 4700 1615 4756 invenerit.
1654 4698 1858 4752 Tamen

285 4799 555 4851 credimus
597 4798 739 4866 quod
787 4797 1057 4866 principes
1103 4795 1195 4864 qui
1246 4794 1480 4848 maxime
1516 4800 1572 4845 et
1607 4789 1860 4859 operibus

284 4887 400 4957 ejus
437 4886 749 4941 invidebant
800 4888 851 4940 in
896 4888 998 4941 hac
1036 4887 1170 4940 urbe
1208 4885 1514 4948 manebant,
1553 4891 1607 4937 ct
1639 4891 1860 4950 propter

287 4977 421 5031 iram
483 4976 695 5030 illorum
745 4979 1057 5031 metuebant
1104 4986 1226 5030 eum
1277 4975 1516 5044 recipere
1565 4972 1722 5037 boni,
1761 4972 1853 5042 qui

283 5068 460 5122 adhuc
476 5068 767 5138 diligebant
798 5070 1019 5140 gloriam
1044 5068 1136 5122 Dei
1167 5069 1340 5149 magis
1369 5083 1531 5136 quam
1550 5066 1848 5120 hominum.

837 5177 1063 5231 CAPUT
1093 5175 1321 5230 XLVIII.

796 5247 873 5299 De
929 5248 1034 5314 ﬁcit
1094 5248 1346 5315 arefacta.

358 5340 516 5397 Mane
555 5352 727 5396 autem
767 5349 1021 5393 revertens
1067 5338 1123 5391 in
1161 5340 1417 5391 ciuitatem
1461 5338 1662 5391 esuriit.
1704 5335 1858 5390 Sicut

283 5431 465 5486 omnia
514 5447 633 5502 qum
678 5427 1000 5500 loquebatur
1043 5426 1196 5498 plena
1246 5436 1400 5481 erant
1443 5428 1744 5497 mysteriis,
1778 5427 1856 5482 sic

285 5533 617 5589 quaecunque
666 5518 896 5574 faciebat
944 5532 1049 5570 non
1102 5518 1366 5571 vacabant
1404 5533 1432 5569 a
1476 5518 1850 5571 sacramentis.

283 5607 418 5666 Cum
445 5626 588 5666 enim
622 5618 982 5664 reverteretur
1013 5607 1078 5661 ad
1111 5606 1370 5677 perfidam
1404 5607 1676 5663 civitatem
1700 5607 1855 5664 Jeru-

287 5698 455 5753 salem
482 5700 548 5753 de
574 5699 825 5752 Bethania
855 5698 942 5753 ubi
975 5696 1086 5769 ipsa
1124 5706 1283 5752 nocte
1315 5708 1607 5764 manserat,
1639 5701 1850 5766 esui-iit,

1962 4609 2068 4664 line
2090 4625 2188 4679 per
2214 4610 2398 4665 Enoch
2435 4621 2491 4666 et
2515 4612 2687 4669 Etiam
2727 4629 2984 4671 conversa
3029 4616 3241 4672 fructus
3293 4617 3533 4686 placidos

1961 4697 2349 4754 fructiﬁcatura
2376 4712 2459 4756 est
2486 4702 2615 4759 Deo.
2645 4702 2702 4758 Si
2733 4713 2913 4760 autem
2935 4720 3002 4760 ex
3030 4715 3142 4762 toto
3170 4708 3417 4764 volumus
3446 4710 3529 4763 in-

1960 4791 2201 4862 telligere
2239 4792 2306 4846 de
2348 4795 2600 4862 praesenti
2645 4794 2817 4864 plebe,
2864 4796 3105 4854 dicemus
3131 4800 3276 4868 quod
3302 4801 3416 4868 ipsa
3446 4812 3532 4856 est

1959 4896 2078 4949 qua:
2105 4881 2358 4936 clamavit
2386 4901 2398 4935 :
2426 4882 2654 4953 Sanguis
2680 4886 2794 4954 ejus
2816 4902 2972 4956 super
3007 4904 3101 4941 nos
3134 4899 3181 4942 et
3210 4903 3365 4959 super
3391 4889 3529 4955 ﬁlios

1959 4980 2181 5023 nostros.
2228 4971 2468 5040 Denique
2499 4972 2540 5025 si
2584 4972 2900 5042 simpliciter
2930 4975 3175 5029 volumus
3208 4976 3526 5045 intelligere,

1958 5057 2215 5113 Dominus
2242 5061 2366 5129 quia
2399 5061 2642 5128 proxime
2668 5077 2929 5130 passurus
2957 5072 3041 5117 est
3074 5064 3285 5119 volebat
3310 5066 3528 5121 tirmare

1956 5150 2338 5219 discipulorum
2354 5153 2581 5219 animos,
2601 5164 2657 5207 ut
2672 5156 2810 5209 sicut
2822 5156 2948 5211 fecit
2966 5157 3246 5212 ﬁculneam
3259 5173 3526 5224 arescere,

1955 5241 2217 5307 potuisset
2236 5241 2278 5293 si
2297 5242 2550 5296 voluisset
2566 5243 2679 5298 suis
2699 5244 2931 5301 inimicis
2949 5247 3144 5302 similia
3161 5246 3356 5302 facere.
3378 5246 3529 5303 Unde
3574 5240 3577 5245 ’

1959 5336 2014 5381 et
2058 5328 2256 5383 dicitur
2305 5332 2429 5400 quia
2476 5334 2813 5390 mirabantur
2856 5340 2999 5406 quod
3051 5341 3308 5396 continuo
3355 5342 3521 5396 aruit.

1960 5419 2292 5491 Respondeas
2336 5432 2508 5475 autent
2545 5423 2721 5491 .lcsus,
2759 5429 2831 5480 ait
2861 5428 2996 5482 illis:
3024 5432 3187 5484 Amen
3211 5431 3330 5487 dico
3362 5432 3525 5497 vobis,

1956 5516 2001 5569 si
2028 5516 2309 5570 habueritis
2337 5517 2492 5584 ﬁdem
2519 5529 2565 5573 et
2597 5537 2699 5573 non
2728 5520 3110 5589 hazsitaveritis,
3140 5541 3245 5579 non
3271 5526 3441 5580 solum
3464 5528 3529 5582 dc

1961 5607 2184 5677 ﬁculnea
2225 5608 2451 5676 facietis,
2490 5613 2579 5666 sed
2617 5614 2663 5668 si
2692 5616 2855 5667 monti
2899 5616 3019 5670 huic
3059 5618 3295 5673 dixeritis
3326 5632 3345 5670 .'
3385 5617 3530 5673 Tolle

1954 5700 2248 5770 te,etjacla
2276 5711 2324 5755 te
2348 5702 2401 5756 in
2424 5704 2716 5773 mare,ﬁet.
2739 5705 2804 5759 Et
2823 5708 3114 5764 secundum
3144 5708 3377 5765 litteram
3405 5711 3521 5767 tic'i
