3952 6186
425 327 446 378 ι
460 325 566 382 45³3

1209 321 1594 378 CIIRISTIANI
1637 322 2048 380 DRUTIIMARI
2088 321 2538 392 CQRBEIENSIS
2573 320 2871 378 MONACIII

3554 327 3693 381 “7.6

421 439 597 509 potuit
625 439 690 493 de
724 443 906 492 monte
931 446 1164 502 terreno,
1197 435 1337 491 sicut
1364 435 1592 506 legimus
1614 436 1680 490 de
1700 437 1858 492 beato
1877 435 2012 492 Gre-
2039 441 2089 501 Α
2117 434 2332 488 mentiri
2356 449 2461 488 non
2484 449 2727 504 possum;
2745 436 2874 499 scio,
2894 435 2985 490 sed
3007 450 3112 491 non
3137 439 3291 493 vobis
3306 439 3440 494 dico.
3460 441 3541 495 ΟΞ)
3558 442 3697 497 duas

423 533 576 602 goria
619 531 981 594 Nazianzeno,
1027 528 1154 598 quia
1191 544 1313 582 cum
1343 527 1501 582 vellet
1538 527 1816 583 basilicam
1843 526 2014 582 tediﬁ-

425 638 575 685 care,
603 629 659 676 et
686 628 828 675 esset
856 633 924 673 ex
952 634 1057 671 una
1086 625 1239 687 parte
1269 617 1438 687 rupis,
1474 631 1543 672 ex
1577 616 1682 670 alia
1723 631 1881 670 mons
1917 615 2010 685 qui

423 721 740 784 angustaret
770 712 966 777 locum,
1003 709 1180 764 oravit
1223 709 1289 762 ad
1331 710 1620 764 Dominum
1666 716 1726 762 ut
1770 714 2012 763 montem

425 803 682 856 recedere
723 801 936 872 longius
977 798 1201 855 faceret.
1252 800 1520 854 Reversus
1565 813 1756 864 mane,
1807 797 2013 853 invenit

425 893 565 946 sicut
595 900 848 960 precatus
887 889 1083 943 fuerat.
1128 887 1390 942 Similiter
1413 889 1479 943 de
1514 896 1702 943 sancto
1721 888 2012 945 Benedicto

424 982 672 1053 legimus,
719 982 862 1052 quod
899 979 1097 1035 similia
1143 979 1353 1034 fecerit.
1399 977 1663 1033 Similiter
1708 978 2012 1048 potuissent

423 1074 514 1126 alii
541 1074 829 1143 imperare,
862 1072 908 1127 si
938 1072 1252 1127 voluissent.
1277 1071 1451 1125 Aliter
1479 1084 1692 1140 quoque
1713 1085 1869 1124 mons
1897 1071 2010 1125 dia-

423 1151 578 1218 bolus
617 1163 932 1233 intelligitur
979 1161 1270 1231 aliquando
1301 1161 1357 1215 in
1390 1159 1691 1229 Scriptura.
1746 1159 1860 1214 Hoc
1901 1175 2009 1214 non

427 1256 599 1311 solum
631 1265 758 1310 tunc
782 1255 1026 1310 fecerunt
1053 1253 1302 1324 apostoli,
1331 1253 1426 1308 sed
1446 1260 1499 1308 et
1532 1251 1772 1323 quotidie
1803 1251 2010 1307 faciunt

424 1349 600 1404 sancti
642 1348 767 1414 viri,
811 1362 935 1401 cum
974 1336 1242 1416 repellunt
1269 1345 1335 1399 de
1357 1344 1610 1399 cordibus
1630 1345 1919 1410 bonorum,
1955 1351 2010 1398 et

423 1444 749 1511 permittunt
793 1455 917 1494 eum
959 1439 1158 1494 morari
1192 1439 1245 1493 in
1275 1438 1528 1494 cordibus
1563 1437 1915 1509 perﬁdorum,
1953 1447 2009 1492 et

425 1529 696 1583 vesaniam
737 1544 847 1584 suae
893 1528 1089 1582 mentis
1138 1528 1193 1582 in
1240 1529 1442 1582 amaris
1486 1536 1542 1582 et
1582 1528 1637 1582 in
1683 1528 2008 1584 turbulentis

422 1625 701 1674 exercere.
732 1619 806 1672 De
835 1634 941 1688 quo
967 1619 1022 1673 in
1047 1618 1370 1689 Apocalypsi
1401 1617 1623 1674 dicitur:
1649 1617 1719 1671 Et
1749 1619 2004 1674 secundus

421 1711 637 1781 angelus
671 1711 796 1765 tuba
840 1712 1045 1777 cecinit,
1072 1720 1138 1768 ,et
1175 1720 1423 1782 tanquam
1452 1728 1599 1765 mons
1626 1728 1846 1781 magnus
1881 1711 2006 1766 mis-

2117 536 2297 584 autem
2353 543 2547 582 causas
2600 529 2802 584 veritas
2852 538 2935 585 est
2977 533 3289 598 reticenda,
3339 552 3461 590 cum
3507 538 3554 591 is
3598 541 3694 608 qui

2115 618 2266 672 audit
2307 633 2412 673 non
2455 628 2630 689 potest
2667 636 2878 691 capere,
2919 629 2977 676 ut
3002 623 3264 681 Dominus
3308 628 3375 682 ad
3405 630 3698 702 discipulos

2114 709 2288 764 dixit:
2318 710 2504 765 Adhuc
2547 713 2714 766 multa
2745 714 2907 768 habeo
2945 716 3084 770 vobis
3113 718 3304 780 dicere,
3347 723 3438 774 sed
3471 740 3578 777 non
3603 742 3698 794 po-

2113 801 2258 854 testis
2315 811 2528 870 portare
2579 804 2752 858 modo.
2816 804 2926 860 Aut
2975 822 3099 861 cum
3152 811 3512 879 praevidcmus
3570 817 3697 884 quia

2113 891 2160 944 is
2196 891 2285 946 cui
2333 892 2516 947 dicere
2568 894 2828 950 debemus
2882 897 3122 953 deterior
3156 914 3224 954 ex
3274 910 3460 957 nostra
3497 908 3695 975 pradi-

2112 981 2329 1036 catione
2381 981 2596 1039 futurus
2649 995 2753 1040 est.
2791 986 2861 1047 Et
2909 987 2977 1042 de
3016 989 3119 1044 hoc
3165 990 3424 1048 Dominus
3479 997 3696 1066 inquit:

2125 1072 2300 1130 Videte
2335 1092 2398 1130 ne
2428 1079 2650 1132 mittatis
2681 1083 2998 1150 margaritas
3033 1093 3228 1139 vestras
3262 1095 3384 1141 ante
3419 1105 3626 1158 porcos.

2747 1190 2975 1248 CAPUT
3004 1194 3065 1249 L.

2411 1258 2486 1312 De
2511 1260 2713 1314 duobus
2734 1262 2860 1330 ﬁliis
2883 1265 2937 1316 in
2965 1266 3162 1320 vineam
3189 1269 3383 1324 missis.

2181 1345 2322 1413 Quid
2369 1357 2542 1402 autem
2573 1350 2713 1404 vobis
2759 1351 3006 1406 videtur?
3048 1354 3224 1411 Homo
3270 1359 3482 1429 quidam
3517 1363 3698 1416 habuit

2105 1436 2238 1490 duos
2285 1437 2444 1506 ﬁlios.
2498 1438 2634 1506 Quia
2681 1440 2938 1497 Pharisaei
2995 1445 3283 1502 noluerunt
3332 1448 3526 1505 Joanni
3571 1453 3700 1507 dare

2104 1527 2307 1581 bonum
2347 1529 2740 1597 testimonium,
2777 1531 3039 1589 Dominus
3067 1536 3184 1606 ipse
3211 1537 3396 1593 laudat
3434 1540 3698 1596 Joannem

2105 1624 2160 1671 et
2184 1632 2278 1671 eos
2305 1619 2396 1687 qui
2418 1635 2541 1673 eum
2567 1621 2872 1690 audierunt,
2897 1633 2954 1679 et
2973 1627 3239 1696 vituperat
3263 1632 3352 1700 qui
3376 1646 3700 1702 praesentem

2109 1722 2212 1761 non
2242 1709 2549 1776 audierunt,
2591 1726 2692 1767 nec
2741 1723 2958 1770 mortuo
3012 1717 3143 1773 dare
3189 1722 3558 1777 testimonium
3611 1742 3702 1777 vo-

419 1819 511 1857 sus
541 1819 611 1856 est
639 1803 692 1855 in
719 1819 884 1869 mare,
934 1803 1051 1872 igne
1081 1802 1291 1856 ardens.
1338 1801 1545 1872 Angelo
1586 1812 1814 1857 canente
1857 1819 2011 1858 mons
2039 1798 2086 1856 B
2114 1797 2348 1852 luerunt.
2381 1799 2553 1855 Ilomo
2603 1802 2706 1857 iste
2741 1805 2885 1859 Deus
2926 1807 3264 1878 intelligitur,
3296 1812 3385 1880 qui
3430 1813 3622 1868 habuit
3649 1827 3705 1869 et

379 1933 386 1940 .
422 1892 478 1948 in
501 1907 651 1946 mare
672 1893 926 1958 mittitur,
957 1908 1080 1947 cum
1113 1892 1528 1963 praedicantibus
1559 1892 1869 1948 doctoribus
1895 1893 2004 1948 ele-

421 1991 631 2038 ctorum
663 1984 824 2039 corda
851 1983 1054 2038 deserit
1077 1983 1340 2048 diabolus,
1366 1991 1420 2036 et
1447 1983 1515 2038 ad
1543 1983 1803 2053 reprobos
1832 1984 2005 2040 iratus

421 2075 775 2129 convertitur.
827 2075 1063 2130 Montem
1112 2075 1312 2130 Paulus
1361 2076 1428 2130 de
1479 2075 1600 2130 loco
1646 2091 1744 2130 suo
1783 2077 2001 2142 extulit,

423 2167 642 2234 quando
676 2167 743 2222 de
785 2168 1102 2238 pythonissa
1149 2167 1204 2222 in
1250 2167 1560 2238 Pbilippmis
1606 2168 1854 2238 spiritum
1891 2183 2007 2222 ma—
2047 2163 2066 2168 ”

421 2255 624 2326 lignum
664 2258 843 2328 ejecit.
876 2256 944 2312 Et
969 2259 1144 2312 omnia
1167 2276 1490 2330 quaecunque
1524 2260 1776 2331 petieritis
1805 2261 1860 2314 in
1884 2277 2006 2314 ora-

425 2347 584 2410 tione,
628 2346 892 2400 credentes
941 2348 1225 2416 accipietis.
1272 2347 1349 2402 Ita
1393 2363 1493 2417 pro
1524 2357 1695 2414 certo,
1734 2358 1794 2403 ut
1825 2357 2006 2403 tamen

421 2451 578 2490 suum
595 2451 790 2490 nomen
814 2436 1074 2492 Dominus
1097 2453 1204 2492 non
1231 2438 1466 2504 amittat,
1492 2440 1546 2494 id
1562 2449 1646 2495 est
1662 2439 1840 2495 Jesus.
1869 2440 2004 2506 Quia

424 2524 584 2580 .Iesus
623 2525 874 2581 Salvator
904 2527 1120 2582 dicitur.
1163 2527 1219 2582 Si
1253 2537 1442 2584 contra
1471 2530 1700 2585 salutem
1724 2545 2008 2586 concesse-

424 2623 515 2680 I‘ll,
536 2616 650 2686 jam
680 2631 788 2670 non
817 2617 922 2672 erit
946 2617 1103 2672 nobis
1131 2618 1400 2685 Salvator,
1425 2621 1568 2689 quod
1589 2622 1810 2676 minime
1831 2630 2009 2691 potest

424 2706 561 2761 ﬁeri.
595 2706 861 2762 Permittit
896 2708 1051 2762 nobis
1085 2708 1335 2764 Salvator
1365 2709 1675 2780 frequenter
1701 2721 1893 2768 contra
1921 2728 2009 2769 sa-

424 2794 591 2850 lutem
622 2803 889 2863 nostram,
911 2797 1007 2852 sed
1034 2812 1142 2852 non
1168 2799 1434 2854 concedit.

963 2907 1192 2964 CAPUT
1246 2908 1433 2964 XLIX.

654 2976 1018 3049 Interrogatus
1049 2998 1081 3032 a
1110 2980 1468 3034 sacerdotibus
1493 2979 1773 3036 Dominus.

496 3067 713 3124 Etcum
754 3069 972 3122 venisset
1014 3070 1071 3124 in
1113 3071 1384 3140 templum,
1411 3082 1739 3128 accesserunt
1776 3073 1845 3127 ad
1890 3089 2009 3127 eum

2104 1889 2277 1944 bonos
2317 1898 2373 1944 et
2413 1893 2586 1948 malos
2617 1894 2757 1950 ﬁlios
2792 1912 2889 1966 per
2933 1899 3298 1956 conditionem
3349 1904 3415 1959 de
3457 1903 3700 1962 Iudaeis:

2105 1981 2300 2050 quibus
2320 1985 2574 2054 praecepit
2606 2001 2704 2055 per
2729 1986 2948 2058 Moysen
2983 1998 3042 2043 ut
3085 2004 3442 2060 Operanentur
3468 1997 3521 2050 in
3548 1999 3700 2053 vinea

2106 2072 2437 2140 sua,seipsos
2489 2075 2544 2128 in
2574 2075 2659 2129 via
2696 2077 2790 2131 Dei
2836 2081 3187 2137 custodiendo
3238 2091 3292 2139 et
3340 2085 3476 2140 alios
3504 2087 3704 2143 instrn-

2105 2163 2262 2218 endo.
2303 2163 2543 2218 Fuerunt
2563 2167 2654 2235 qui
2681 2168 2735 2221 in
2769 2169 2923 2224 initio
2951 2172 3074 2227 vita:
3093 2188 3204 2228 sua:
3228 2176 3296 2229 ad
3340 2177 3536 2231 malam
3575 2195 3702 2248 par.

2108 2263 2215 2309 tem
2243 2270 2302 2310 se
2331 2267 2742 2324 converterunt,
2777 2271 2836 2314 ut
2856 2262 3124 2332 publicani
3154 2275 3209 2319 et
3253 2271 3591 2325 meretrices.
3633 2273 3699 2326 Et

2108 2347 2202 2401 alii
2229 2346 2448 2402 fuerunt
2475 2351 2566 2420 qui
2613 2352 2868 2408 dixerunt
2914 2357 3055 2424 quod
3100 2358 3361 2414 deberent
3407 2361 3576 2431 legem
3607 2366 3701 2419 Dei

2109 2440 2404 2507 custodire,
2452 2453 2511 2496 ut
2556 2444 2646 2498 isti
2684 2445 2964 2501 Pharisaei.
3016 2448 3120 2503 Sed
3171 2460 3354 2506 tamen
3405 2470 3517 2508 cum
3547 2459 3702 2508 venit

2107 2531 2343 2588 Joannes
2364 2541 2418 2588 et
2443 2536 2782 2591 annuntiavit
2810 2538 2891 2593 eis
2909 2551 3186 2608 peccatum
3218 2557 3426 2600 eorum.
3454 2549 3704 2600 conversi

2110 2634 2236 2680 sunt
2285 2625 2352 2679 de
2379 2627 2466 2680 via
2505 2643 2597 2682 sua
2626 2629 2788 2695 mala,
2835 2640 2890 2684 et
2936 2643 3218 2703 coeperunt
3261 2635 3403 2689 bona
3453 2637 3706 2692 ardenter

2110 2714 2312 2769 facere.
2356 2714 2448 2768 Isti
2479 2723 2658 2771 autem
2704 2699 2976 2774 Pharisaei
2991 2699 3081 2790 qui
3134 2723 3384 2778 dicebant
3426 2741 3485 2780 se
3527 2727 3706 2796 justos

2112 2806 2405 2863 noluerunt
2428 2810 2653 2866 obedire
2673 2813 2722 2866 ei
2748 2829 2762 2878 ;
2789 2814 2882 2868 sed
2908 2816 3071 2870 etiam
3109 2833 3504 2875 consenserunt
3543 2835 3600 2876 nt
3625 2841 3709 2878 oe-

2113 2898 2410 2964 cideretur,
2440 2909 2495 2954 et
2531 2902 2696 2956 etiam
2723 2903 2952 2960 Domino
2979 2909 3450 2964 machinabantur.
3486 2913 3554 2967 Et
3585 2915 3708 2970 inde

2113 2990 2374 3048 Dominus
2417 2997 2672 3064 proponit
2720 2997 2891 3066 ipsam
2940 3001 3252 3069 parabolam
3287 3005 3472 3061 dicens
3506 3025 3518 3059 :
3561 3005 3705 3060 Venit

2115 3084 2185 3137 ad
2213 3100 2299 3137 vos
2327 3083 2560 3140 Joannes
2588 3089 2642 3141 in
2677 3089 2758 3142 via
2787 3090 3025 3157 iustitire,
3071 3092 3127 3147 in
3151 3095 3501 3161 abstinentia,
3530 3099 3584 3152 in
3612 3115 3706 3154 ca-

422 3160 680 3228 principcs
725 3161 1088 3224 sacerdotum,
1145 3171 1194 3214 et
1246 3165 1475 3218 seniores
1524 3165 1703 3235 populi
1755 3166 2001 3221 dicentes.
2034 3152 2078 3214 C
2109 3173 2309 3241 stitate,
2349 3184 2405 3229 et
2432 3175 2653 3247 reliquis
2696 3152 2872 3235 bonis.
2906 3152 3207 3251 Publicani,
3256 3188 3348 3255 qui
3403 3152 3578 3257 primo
3609 3204 3712 3259 per

426 3248 582 3303 Sicut
621 3263 824 3317 semper
870 3250 964 3304 Dei
995 3259 1116 3304 acta
1145 3252 1199 3305 in
1226 3253 1422 3306 malam
1453 3263 1663 3323 partem
1689 3267 2006 3312 convertere

426 3336 570 3390 soliti
605 3344 783 3402 erant,
827 3338 904 3392 sic
946 3338 1112 3393 etiam
1143 3355 1306 3396 nunc.
1347 3341 1573 3408 Quando
1597 3344 1743 3398 enim
1777 3346 2003 3401 dicunt:

426 3423 495 3478 In
539 3442 644 3495 qua
692 3436 946 3497 potestate
973 3429 1085 3484 haec
1113 3429 1287 3499 facis?
1331 3432 1397 3486 de
1426 3433 1521 3487 Dei
1561 3434 1814 3490 dubitant
1847 3445 2005 3506 pote-

426 3524 589 3582 state,
618 3524 673 3570 ct
703 3517 1032 3590 subintelligi
1063 3520 1246 3575 volunt
1272 3521 1472 3576 diaboli
1499 3537 1620 3578 esse
1645 3525 1789 3592 quod
1823 3524 2004 3581 faciat.

430 3699 628 3754 Filium
659 3701 756 3757 Dei
784 3701 932 3758 illum
963 3713 1184 3775 negant.
1215 3719 1373 3774 quem
1403 3714 1595 3775 putant
1615 3722 1722 3762 non
1743 3708 1857 3764 suis
1880 3710 2011 3765 viri-

426 3795 550 3861 bus,
595 3796 687 3850 sed
729 3794 922 3849 alienis
967 3795 1122 3864 signa
1169 3792 1367 3850 facere.
1402 3795 1604 3852 Tamen
1645 3799 1760 3867 ipsa
1788 3800 1876 3855 die
1902 3818 2010 3857 non

428 3885 650 3939 fuerunt
683 3885 800 3939 ausi
843 3885 945 3940 ista
996 3886 1351 3956 interrogare.
1397 3885 1555 3942 Jesus
1593 3899 1768 3942 autem
1801 3907 2015 3963 respon-

429 3975 556 4029 dens
607 3977 726 4029 ait:
755 3975 1098 4048 Interrogabo
1138 3995 1225 4032 vos
1271 3995 1436 4031 unum
1477 3997 1800 4049 sermonem,
1858 4001 2012 4055 quem

429 4067 474 4119 si
502 4067 741 4123 dixeritis
779 4068 932 4133 mihi,
972 4078 1020 4122 et
1049 4085 1142 4139 ego
1170 4068 1309 4123 vobis
1336 4071 1510 4124 dicam
1538 4073 1594 4126 in
1621 4090 1727 4143 qua
1759 4084 2023 4145 potestate-

430 4158 542 4210 Iia'c
563 4158 722 4226 facio.
750 4157 1079 4228 Baptismum
1099 4159 1330 4214 Joannis
1348 4161 1485 4216 unde
1504 4173 1616 4216 erat
1635 4202 1651 4228 ,
1678 4165 1742 4219 de
1771 4164 1916 4231 cwlo,
1944 4184 2020 4222 an

431 4265 496 4303 ea:
517 4249 811 4305 hominibus
826 4251 852 4304 ?
879 4250 1062 4305 Potuit
1088 4251 1348 4310 Dominus
1373 4269 1472 4324 per
1491 4254 1791 4325 simplicem
1814 4258 2015 4313 doctri-

431 4366 556 4406 nam
589 4365 716 4405 suos
754 4351 1005 4407 inimicos
1046 4352 1352 4421 confutare,
1400 4355 1495 4410 sed
1532 4359 1864 4417 conveniens
1896 4371 2016 4416 erat

431 4449 493 4495 ut
519 4441 586 4495 ad
615 4441 1092 4513 interrogationem
1139 4444 1219 4498 sic
1260 4445 1640 4514 responderet,
1683 4455 1743 4503 ut
1781 4458 1876 4505 aut
1915 4467 2016 4508 suo

436 4533 683 4600 silentio,
738 4544 832 4588 aut
871 4551 967 4590 sua
1005 4538 1274 4591 sententia
1323 4540 1839 4611 condemnarentur,
1873 4546 2019 4602 sicut

433 4633 490 4678 et
525 4623 727 4680 factum
775 4634 875 4680 est.
907 4627 975 4679 At
1022 4627 1104 4680 illi
1159 4629 1488 4698 cogitabant:
1519 4631 1580 4686 Si
1623 4634 1939 4692 dixerimus.
1956 4639 2021 4694 de

435 4715 584 4781 caelo,
620 4716 754 4770 dicet
774 4717 942 4783 nobis,
973 4717 1151 4784 Quare
1179 4735 1281 4773 non
1317 4721 1611 4778 credidistis
1639 4727 1728 4781 ei?
1752 4727 1846 4783 Ille
1871 4731 2018 4786 enim

437 4809 567 4864 mihi
626 4810 1010 4881 testimonium,
1041 4813 1346 4881 perhibuit,
1401 4816 1619 4886 quando
1677 4822 1902 4880 misistis
1949 4828 2017 4882 ad

437 4918 582 4970 eum,
612 4910 667 4958 et
700 4905 770 4959 ab
797 4903 889 4960 illo
918 4905 1166 4973 audistis,
1196 4908 1249 4963 in
1279 4924 1384 4979 qua
1409 4918 1681 4981 potestate
1709 4914 1825 4970 haec
1850 4917 2011 4973 facio.

440 4993 499 5048 Si
527 4996 816 5050 dixerimus
847 5012 912 5050 ea:
937 4997 1252 5064 hominibus,
1303 5001 1407 5056 hoc
1452 5011 1535 5057 est
1579 5004 1816 5060 humana
1862 5009 2016 5063 adin-

438 5089 690 5144 ventione
710 5091 1085 5160 compositum,
1116 5094 1357 5147 timemus
1385 5095 1610 5150 turbam.
1649 5098 1850 5156 Omnes
1871 5102 2018 5157 enim

443 5181 715 5236 habebant
750 5181 1014 5239 Joannem
1062 5186 1202 5240 sicut
1238 5188 1583 5257 prophetam,
1627 5193 1753 5260 quia
1796 5193 1850 5247 in
1897 5202 2022 5250 ortu

441 5268 558 5337 ejus
611 5270 866 5325 viderunt
894 5273 1154 5327 miracula
1194 5273 1357 5330 facta.
1401 5275 1468 5330 Et
1514 5281 1893 5349 responderunt
1942 5283 2025 5337 di-

442 5368 613 5414 centes
634 5373 653 5411 :
682 5359 982 5417 Nescimus.
1027 5363 1183 5419 Modo
1215 5367 1284 5421 ob
1318 5369 1602 5424 veritatem
1651 5372 1929 5427 celandam
1957 5374 2025 5429 ad

443 5449 766 5507 humilitatis
803 5453 946 5508 viam
992 5458 1239 5511 conversi
1288 5469 1414 5513 sunt
1451 5469 1510 5514 ut
1552 5463 1794 5518 dicerent
1837 5480 1896 5520 se
1924 5479 2023 5520 ne-

445 5539 605 5594 scire.
639 5541 724 5595 Ait
754 5541 859 5596 illis
885 5561 897 5597 :
927 5544 1038 5599 Nec
1064 5563 1156 5616 ego
1199 5548 1316 5601 dico
1364 5549 1504 5604 vobis
1541 5552 1593 5605 in
1634 5571 1738 5624 qua
1773 5564 2022 5624 potestate

445 5627 556 5680 lucc
588 5629 744 5696 facio.
789 5631 905 5686 Non
946 5636 1110 5692 vultis
1151 5635 1306 5692 fateri
1357 5641 1497 5709 quod
1553 5645 1723 5709 scitis,
1778 5662 1881 5702 nec
1923 5665 2022 5721 ego

451 5713 572 5772 dico
596 5721 738 5788 quod
773 5722 906 5778 scio.
964 5724 1074 5781 Vos
1114 5729 1486 5786 mentiemini:
1522 5746 1620 5804 ego
1649 5736 1848 5790 veritas
1877 5713 2015 5806 sum,

2107 3265 2278 3319 malas
2319 3275 2465 3322 artes
2495 3269 2745 3326 dixerunt
2772 3288 2877 3327 non
2923 3289 2983 3330 se
3012 3275 3267 3344 facturos,
3315 3282 3708 3351 pmnituerunt.

2110 3353 2218 3410 Vos
2247 3373 2350 3413 nec
2396 3368 2525 3415 tunc
2553 3360 2780 3431 fecistis,
2830 3381 2931 3422 nec
2965 3369 3141 3425 adhuc
3184 3372 3326 3427 bona
3362 3373 3477 3442 ejus
3511 3379 3708 3446 prtuli-

2109 3459 2236 3502 care
2261 3449 2444 3504 vultis.
2475 3449 2660 3508 Potest
2713 3463 2769 3509 et
2817 3455 2882 3511 de
2934 3459 3141 3515 duobus
3193 3464 3405 3534 populis
3459 3467 3709 3538 intelligi,

2094 3539 2596 3609 gentilietJudaico:
2615 3543 2735 3612 quia
2753 3549 2969 3619 gentilis
2988 3553 3242 3620 primitus
3268 3557 3321 3610 iu
3348 3557 3502 3611 initio
3523 3563 3712 3615 mundi

426 3609 496 3663 Et
539 3610 680 3678 quod
722 3611 962 3666 addunt:
991 3611 1121 3677 Quis
1156 3613 1248 3668 tibi
1295 3614 1436 3668 dedit
1479 3615 1614 3669 hanc
1662 3619 2010 3687 potestatem?
2111 3631 2342 3685 recessit
2372 3647 2402 3685 ει
2428 3609 2646 3688 cultura.
2683 3609 2799 3702 De},
2853 3637 2944 3693 sed
2982 3609 3172 3710 postea
3221 3609 3567 3714 pugnum—l—

3595 3665 3712 3703 ηιιιο

2113 3722 2247 3776 tavit
2277 3723 2700 3789 vitam;Jud:eus
2728 3730 2818 3798 qui
2864 3731 3037 3786 dixit:
3071 3731 3264 3790 Omnia
3309 3755 3430 3807 qum
3467 3743 3708 3810 pra-cepit

2113 3811 2370 3868 Dominus
2427 3816 2700 3885 faciemus,
2754 3837 2856 3877 nec
2887 3830 3016 3879 tunc
3055 3824 3208 3890 fecit,
3237 3844 3338 3883 nec
3386 3831 3569 3894 modo,
3619 3834 3712 3886 sed

2113 3905 2265 3976 pejor
2283 3917 2365 3963 est
2393 3925 2555 3980 quam
2578 3912 2795 3981 gentili-5
2820 3913 2919 3968 fuit
2946 3918 3162 3985 quando
3190 3919 3331 3974 idola
3365 3922 3642 3978 adoravit.

2739 4026 2968 4084 CAPUT
3006 4030 3091 4085 LI.

2544 4095 2622 4149 De
2648 4097 2960 4155 vinitoribus
3001 4103 3275 4173 parabola.

2186 4182 2358 4237 Aliam
2384 4186 2691 4256 parabolam
2715 4190 2918 4245 audite.
2958 4191 3094 4259 Quia
3141 4197 3252 4252 cito
3285 4205 3403 4252 erat
3447 4201 3718 4256 transitu-

2116 4289 2210 4328 rus
2248 4275 2314 4330 ab
2341 4276 2419 4330 eis
2442 4293 2541 4347 per
2561 4290 2815 4349 mortem,
2840 4284 3005 4339 verba
3035 4287 3159 4344 vita:
3189 4290 3420 4360 amplius
3445 4293 3527 4348 eis
3565 4293 3719 4366 inge—

2118 4365 2293 4430 rebat,
2319 4374 2520 4436 etquae
2565 4370 2665 4440 ipsi
2715 4375 3022 4444 cogitabant
3060 4388 3115 4434 et
3158 4381 3450 4451 faciebant,
3499 4387 3555 4440 in
3603 4392 3721 4445 suis

2120 4647 2185 4688 ex
2218 4635 2552 4691 nominativo
2579 4649 2633 4694 et
2675 4643 2910 4712 genitivo
2955 4648 3214 4717 antiquo:
3259 4653 3385 4720 quia
3432 4671 3569 4710 usus
3623 4657 3716 4712 fui'

2121 4726 2262 4795 apud
2293 4727 2547 4797 antiquos
2584 4733 2877 4800 genitivum
2925 4738 3115 4807 primae
3146 4739 3527 4800 declinationis
3565 4763 3722 4802 more

2119 4815 2430 4871 Graecorum
2458 4819 2620 4873 etiam
2669 4823 2723 4875 in
2772 4841 2830 4878 as
2857 4824 3033 4883 ﬁnire.
3060 4829 3128 4884 Et
3153 4829 3243 4885 ille
3267 4843 3498 4888 vocatur
3533 4847 3724 4905 pater.

2120 4905 2368 4972 familias,
2395 4908 2486 4977 qui
2524 4911 2672 4980 omni
2715 4911 2933 4971 familia:
2969 4905 3080 4975 sua:
3108 4921 3187 4976 sic
3213 4933 3410 4992 praeest
3439 4934 3502 4980 ut
3540 4940 3719 4996 pater.

2119 4996 2261 5052 Deus
2291 5007 2472 5056 autem
2502 5015 2715 5059 omnem
2761 5007 3019 5064 mundum
3065 5012 3205 5067 sicut
3249 5015 3526 5084 piissimus
3562 5030 3725 5089 pater

2123 5091 2406 5161 gubernat,
2437 5095 2691 5151 omnibus
2741 5097 2883 5152 bona
2933 5101 3146 5168 tribuit,
3197 5105 3328 5160 nulli
3375 5108 3606 5162 malum.
3666 5112 3724 5164 Si

2126 5191 2305 5238 autem
2337 5184 2534 5256 aliquis
2561 5189 2762 5243 malum
2807 5190 3010 5261 aliquid
3054 5197 3277 5264 patitur,
3309 5198 3412 5253 hoc
3437 5199 3573 5255 facit
3599 5203 3724 5256 dia-

2125 5274 2299 5340 bolus,
2330 5277 2424 5345 qui
2465 5288 2548 5334 est
2592 5290 2814 5350 paratus
2861 5285 2929 5338 ad
2957 5288 3278 5353 nocendum,
3329 5297 3385 5344 et
3412 5304 3540 5344 cum
3574 5293 3729 5346 videt

2129 5368 2272 5437 quod
2309 5368 2450 5424 Dens
2488 5370 2721 5441 aliquem
2751 5373 2953 5429 deserit
2975 5385 3196 5447 propter
3223 5379 3426 5434 scelera
3457 5397 3582 5444 sua,
3614 5395 3727 5436 sta-

2125 5459 2224 5514 tim
2255 5458 2344 5515 ille
2373 5463 2766 5532 apprehendit;
2794 5475 2850 5519 et
2874 5466 2979 5521 nisi
3002 5467 3222 5537 angelus
3248 5479 3392 5526 esset
3421 5472 3604 5528 bonus
3632 5476 3724 5542 qui

2125 5551 2355 5608 obsistat
2388 5569 2455 5608 ne
2484 5562 2691 5610 tantum
2720 5565 3197 5627 noceatquantum
3227 5561 3564 5621 vult,statim
3609 5566 3724 5619 dis-

2124 5647 2302 5717 perdit
2338 5648 2508 5702 illum.
2539 5648 2930 5705 Paterfamilias
2957 5652 3060 5707 iste
3103 5653 3245 5710 Deus
3284 5663 3390 5720 est,
3435 5656 3531 5725 qui
3565 5656 3725 5725 plano

2127 5739 2264 5794 tavit
2291 5741 2501 5794 vincant
2531 5740 2596 5796 de
2625 5756 2731 5811 qua
2751 5741 2918 5798 Isaias
2943 5743 3204 5810 loquitur,
3241 5756 3296 5802 ct
3324 5746 3379 5801 in
3409 5745 3519 5804 ﬁne
3541 5747 3720 5804 dicit:
