  <div class='ocr_page' id='page_1' title='image "/cluster/home/n/w/nwhite01/storage/ocr_20150623/106/hvd.32044054759717/724.png"; bbox 0 0 3952 6186; ppageno 0'>
   <div class='ocr_carea' id='block_1_1' title="bbox 259 325 396 378">
    <p class='ocr_par' dir='ltr' id='par_1_1' title="bbox 259 325 396 378">
     <span class='ocr_line' id='line_1_1' title="bbox 259 325 396 378; baseline -0.015 -1"><span class='ocrx_word' id='word_1_1' title='bbox 259 325 278 377; x_wconf 86' lang='grc'><strong>1</strong></span> <span class='ocrx_word' id='word_1_2' title='bbox 294 325 396 378; x_wconf 68' lang='grc'><strong>15⁸7</strong></span> 
     </span>
    </p>
   </div>
   <div class='ocr_carea' id='block_1_2' title="bbox 1389 315 2341 375">
    <p class='ocr_par' dir='ltr' id='par_1_2' title="bbox 1389 315 2341 375">
     <span class='ocr_line' id='line_1_2' title="bbox 1389 315 2341 375; baseline 0.001 -2"><span class='ocrx_word' id='word_1_3' title='bbox 1389 315 1756 374; x_wconf 71' lang='grc' dir='ltr'><strong>ΕΧΡΟΞΓΠΟ</strong></span> <span class='ocrx_word' id='word_1_4' title='bbox 1797 317 1862 374; x_wconf 72' lang='lat' dir='ltr'><strong>IN</strong></span> <span class='ocrx_word' id='word_1_5' title='bbox 1903 316 2341 375; x_wconf 62' lang='lat' dir='ltr'><strong>MATTII‘ZEUM.</strong></span> 
     </span>
    </p>
   </div>
   <div class='ocr_carea' id='block_1_3' title="bbox 3386 316 3527 372">
    <p class='ocr_par' dir='ltr' id='par_1_3' title="bbox 3386 316 3527 372">
     <span class='ocr_line' id='line_1_3' title="bbox 3386 316 3527 372; baseline 0.014 -3"><span class='ocrx_word' id='word_1_6' title='bbox 3386 316 3527 372; x_wconf 70' lang='grc'><strong>1458</strong></span> 
     </span>
    </p>
   </div>
   <div class='ocr_carea' id='block_1_4' title="bbox 262 427 3524 502">
    <p class='ocr_par' dir='ltr' id='par_1_4' title="bbox 262 427 3524 502">
     <span class='ocr_line' id='line_1_4' title="bbox 262 427 3524 502; baseline 0 -20"><span class='ocrx_word' id='word_1_7' title='bbox 262 429 428 484; x_wconf 75' lang='lat' dir='ltr'><strong>Vinea</strong></span> <span class='ocrx_word' id='word_1_8' title='bbox 454 429 592 483; x_wconf 85' lang='lat' dir='ltr'><strong>enim</strong></span> <span class='ocrx_word' id='word_1_9' title='bbox 621 427 833 484; x_wconf 86' lang='lat' dir='ltr'><strong>Domini</strong></span> <span class='ocrx_word' id='word_1_10' title='bbox 865 427 1093 483; x_wconf 81' lang='lat' dir='ltr'><strong>Sabaoth</strong></span> <span class='ocrx_word' id='word_1_11' title='bbox 1125 429 1310 482; x_wconf 88' lang='lat' dir='ltr'><strong>domus</strong></span> <span class='ocrx_word' id='word_1_12' title='bbox 1353 427 1526 482; x_wconf 77' lang='lat' dir='ltr'><strong>Israel</strong></span> <span class='ocrx_word' id='word_1_13' title='bbox 1551 438 1644 481; x_wconf 89' lang='lat' dir='ltr'><strong>est.</strong></span> <span class='ocrx_word' id='word_1_14' title='bbox 1682 427 1750 480; x_wconf 84' lang='lat' dir='ltr'><strong>Et</strong></span> <span class='ocrx_word' id='word_1_15' title='bbox 1784 427 1836 482; x_wconf 93' lang='lat' dir='ltr'><strong>in</strong></span> <span class='ocrx_word' id='word_1_16' title='bbox 1866 431 1915 490; x_wconf 80' lang='grc' dir='ltr'>Α</span> <span class='ocrx_word' id='word_1_17' title='bbox 1943 428 2221 486; x_wconf 90' lang='lat' dir='ltr'><strong>inanimali</strong></span> <span class='ocrx_word' id='word_1_18' title='bbox 2249 431 2423 502; x_wconf 90' lang='lat' dir='ltr'><strong>lapide</strong></span> <span class='ocrx_word' id='word_1_19' title='bbox 2447 433 2514 488; x_wconf 88' lang='lat' dir='ltr'><strong>ad</strong></span> <span class='ocrx_word' id='word_1_20' title='bbox 2540 431 2824 486; x_wconf 87' lang='lat' dir='ltr'><strong>animalem</strong></span> <span class='ocrx_word' id='word_1_21' title='bbox 2855 430 3127 488; x_wconf 78' lang='lat' dir='ltr'><strong>Christum</strong></span> <span class='ocrx_word' id='word_1_22' title='bbox 3159 430 3352 485; x_wconf 79' lang='lat' dir='ltr'><strong>factam</strong></span> <span class='ocrx_word' id='word_1_23' title='bbox 3377 446 3524 484; x_wconf 85' lang='lat' dir='ltr'><strong>com-</strong></span> 
     </span>
    </p>
   </div>
   <div class='ocr_carea' id='block_1_5' title="bbox 257 518 1824 590">
    <p class='ocr_par' dir='ltr' id='par_1_5' title="bbox 257 518 1824 590">
     <span class='ocr_line' id='line_1_5' title="bbox 257 518 1824 590; baseline -0.003 -16"><span class='ocrx_word' id='word_1_24' title='bbox 257 521 468 574; x_wconf 80' lang='lat' dir='ltr'><strong>Psalmo</strong></span> <span class='ocrx_word' id='word_1_25' title='bbox 493 537 506 572; x_wconf 90' lang='lat'><strong>:</strong></span> <span class='ocrx_word' id='word_1_26' title='bbox 556 518 774 572; x_wconf 86' lang='lat' dir='ltr'><strong>Vineam</strong></span> <span class='ocrx_word' id='word_1_27' title='bbox 794 520 858 572; x_wconf 91' lang='lat' dir='ltr'><strong>de</strong></span> <span class='ocrx_word' id='word_1_28' title='bbox 881 518 1110 589; x_wconf 69' lang='lat' dir='ltr'><strong>.Egypto</strong></span> <span class='ocrx_word' id='word_1_29' title='bbox 1149 518 1484 578; x_wconf 71' lang='lat' dir='ltr'><strong>transtulisti.</strong></span> <span class='ocrx_word' id='word_1_30' title='bbox 1811 576 1824 590; x_wconf 33' lang='grc' dir='ltr'><strong>ε</strong></span> 
     </span>
    </p>
   </div>
   <div class='ocr_carea' id='block_1_6' title="bbox 325 608 1839 680">
    <p class='ocr_par' dir='ltr' id='par_1_6' title="bbox 325 608 1839 680">
     <span class='ocr_line' id='line_1_6' title="bbox 325 608 1839 680; baseline -0.001 -17"><span class='ocrx_word' id='word_1_31' title='bbox 325 611 392 663; x_wconf 83' lang='lat' dir='ltr'><strong>Et</strong></span> <span class='ocrx_word' id='word_1_32' title='bbox 427 627 597 680; x_wconf 91' lang='lat' dir='ltr'><strong>sepem</strong></span> <span class='ocrx_word' id='word_1_33' title='bbox 627 609 967 663; x_wconf 87' lang='lat' dir='ltr'><strong>circumdedit</strong></span> <span class='ocrx_word' id='word_1_34' title='bbox 1019 610 1085 662; x_wconf 89' lang='lat' dir='ltr'><strong>ei.</strong></span> <span class='ocrx_word' id='word_1_35' title='bbox 1144 608 1240 663; x_wconf 77' lang='lat' dir='ltr'><strong>Vel</strong></span> <span class='ocrx_word' id='word_1_36' title='bbox 1290 624 1502 663; x_wconf 90' lang='lat' dir='ltr'><strong>murum</strong></span> <span class='ocrx_word' id='word_1_37' title='bbox 1533 608 1703 673; x_wconf 87' lang='lat' dir='ltr'><strong>urbis,</strong></span> <span class='ocrx_word' id='word_1_38' title='bbox 1755 608 1839 663; x_wconf 93' lang='lat' dir='ltr'><strong>vel</strong></span> 
     </span>
    </p>
   </div>
   <div class='ocr_carea' id='block_1_7' title="bbox 255 697 1841 771">
    <p class='ocr_par' dir='ltr' id='par_1_7' title="bbox 255 697 1841 771">
     <span class='ocr_line' id='line_1_7' title="bbox 255 697 1841 771; baseline -0.001 -17"><span class='ocrx_word' id='word_1_39' title='bbox 255 701 567 771; x_wconf 86' lang='lat' dir='ltr'><strong>angelorum</strong></span> <span class='ocrx_word' id='word_1_40' title='bbox 597 699 817 753; x_wconf 86' lang='lat' dir='ltr'><strong>auxilia.</strong></span> <span class='ocrx_word' id='word_1_41' title='bbox 881 699 949 753; x_wconf 88' lang='lat' dir='ltr'><strong>Et</strong></span> <span class='ocrx_word' id='word_1_42' title='bbox 977 699 1110 769; x_wconf 88' lang='lat' dir='ltr'><strong>fodit</strong></span> <span class='ocrx_word' id='word_1_43' title='bbox 1156 699 1212 752; x_wconf 87' lang='lat' dir='ltr'><strong>in</strong></span> <span class='ocrx_word' id='word_1_44' title='bbox 1258 714 1320 752; x_wconf 90' lang='lat' dir='ltr'><strong>ea</strong></span> <span class='ocrx_word' id='word_1_45' title='bbox 1355 698 1608 752; x_wconf 76' lang='lat' dir='ltr'><strong>torcular.</strong></span> <span class='ocrx_word' id='word_1_46' title='bbox 1655 697 1841 752; x_wconf 86' lang='lat' dir='ltr'><strong>Altare</strong></span> 
     </span>
    </p>
   </div>
   <div class='ocr_carea' id='block_1_8' title="bbox 256 790 1839 862">
    <p class='ocr_par' dir='ltr' id='par_1_8' title="bbox 256 790 1839 862">
     <span class='ocr_line' id='line_1_8' title="bbox 256 790 1839 862; baseline -0.001 -15"><span class='ocrx_word' id='word_1_47' title='bbox 256 793 488 847; x_wconf 86' lang='lat' dir='ltr'><strong>Domini.</strong></span> <span class='ocrx_word' id='word_1_48' title='bbox 518 792 584 844; x_wconf 83' lang='lat' dir='ltr'><strong>Et</strong></span> <span class='ocrx_word' id='word_1_49' title='bbox 607 793 885 860; x_wconf 69' lang='lat' dir='ltr'><strong>a&#39;diﬁeavit</strong></span> <span class='ocrx_word' id='word_1_50' title='bbox 907 793 1114 845; x_wconf 87' lang='lat' dir='ltr'><strong>turrim.</strong></span> <span class='ocrx_word' id='word_1_51' title='bbox 1140 790 1294 846; x_wconf 83' lang='lat' dir='ltr'><strong>Haud</strong></span> <span class='ocrx_word' id='word_1_52' title='bbox 1317 791 1536 846; x_wconf 90' lang='lat' dir='ltr'><strong>dubium</strong></span> <span class='ocrx_word' id='word_1_53' title='bbox 1559 792 1839 862; x_wconf 88' lang='lat' dir='ltr'><strong>templum,</strong></span> 
     </span>
    </p>
   </div>
   <div class='ocr_carea' id='block_1_9' title="bbox 254 884 1842 954">
    <p class='ocr_par' dir='ltr' id='par_1_9' title="bbox 254 884 1842 954">
     <span class='ocr_line' id='line_1_9' title="bbox 254 884 1842 954; baseline -0.001 -15"><span class='ocrx_word' id='word_1_54' title='bbox 254 886 455 954; x_wconf 86' lang='lat' dir='ltr'><strong>dequo</strong></span> <span class='ocrx_word' id='word_1_55' title='bbox 505 899 599 952; x_wconf 87' lang='lat' dir='ltr'><strong>per</strong></span> <span class='ocrx_word' id='word_1_56' title='bbox 624 884 1024 943; x_wconf 64' lang='lat' dir='ltr'><strong>Michazamdft</strong></span> <span class='ocrx_word' id='word_1_57' title='bbox 1077 894 1156 949; x_wconf 89' lang='lat' dir='ltr'><strong>tu,</strong></span> <span class='ocrx_word' id='word_1_58' title='bbox 1207 885 1368 938; x_wconf 86' lang='lat' dir='ltr'><strong>turris</strong></span> <span class='ocrx_word' id='word_1_59' title='bbox 1422 885 1670 940; x_wconf 87' lang='lat' dir='ltr'><strong>nebulosa</strong></span> <span class='ocrx_word' id='word_1_60' title='bbox 1713 885 1842 954; x_wconf 79' lang='lat' dir='ltr'><strong>ﬁlia:</strong></span> 
     </span>
    </p>
   </div>
   <div class='ocr_carea' id='block_1_10' title="bbox 258 977 408 1031">
    <p class='ocr_par' dir='ltr' id='par_1_10' title="bbox 258 977 408 1031">
     <span class='ocr_line' id='line_1_10' title="bbox 258 977 408 1031; baseline -0.013 0"><span class='ocrx_word' id='word_1_61' title='bbox 258 977 408 1031; x_wconf 88' lang='lat' dir='ltr'><strong>Sion.</strong></span> 
     </span>
    </p>
   </div>
   <div class='ocr_carea' id='block_1_11' title="bbox 239 1067 1844 1138">
    <p class='ocr_par' dir='ltr' id='par_1_11' title="bbox 239 1067 1844 1138">
     <span class='ocr_line' id='line_1_11' title="bbox 239 1067 1844 1138; baseline 0.003 -19"><span class='ocrx_word' id='word_1_62' title='bbox 239 1098 246 1107; x_wconf 88' lang='lat'><strong><em>-</em></strong></span> <span class='ocrx_word' id='word_1_63' title='bbox 327 1067 602 1121; x_wconf 76' lang='lat' dir='ltr'><strong>Etlocavit</strong></span> <span class='ocrx_word' id='word_1_64' title='bbox 648 1084 763 1121; x_wconf 89' lang='lat' dir='ltr'><strong>eam</strong></span> <span class='ocrx_word' id='word_1_65' title='bbox 794 1067 1059 1137; x_wconf 77' lang='lat' dir='ltr'><strong>agricolis.</strong></span> <span class='ocrx_word' id='word_1_66' title='bbox 1097 1068 1243 1136; x_wconf 84' lang='lat' dir='ltr'><strong>Quos</strong></span> <span class='ocrx_word' id='word_1_67' title='bbox 1269 1069 1396 1123; x_wconf 85' lang='lat' dir='ltr'><strong>alibi</strong></span> <span class='ocrx_word' id='word_1_68' title='bbox 1440 1070 1611 1124; x_wconf 69' lang='lat' dir='ltr'><strong>vinea:</strong></span> <span class='ocrx_word' id='word_1_69' title='bbox 1652 1083 1844 1138; x_wconf 89' lang='lat' dir='ltr'><strong>opera-</strong></span> 
     </span>
    </p>
   </div>
   <div class='ocr_carea' id='block_1_12' title="bbox 257 1155 1840 1228">
    <p class='ocr_par' dir='ltr' id='par_1_12' title="bbox 257 1155 1840 1228">
     <span class='ocr_line' id='line_1_12' title="bbox 257 1155 1840 1228; baseline 0.003 -20"><span class='ocrx_word' id='word_1_70' title='bbox 257 1155 366 1208; x_wconf 85' lang='lat' dir='ltr'><strong>rios</strong></span> <span class='ocrx_word' id='word_1_71' title='bbox 419 1155 688 1224; x_wconf 78' lang='lat' dir='ltr'><strong>appellat,</strong></span> <span class='ocrx_word' id='word_1_72' title='bbox 735 1156 826 1225; x_wconf 90' lang='lat' dir='ltr'><strong>qui</strong></span> <span class='ocrx_word' id='word_1_73' title='bbox 887 1157 1130 1209; x_wconf 89' lang='lat' dir='ltr'><strong>conducti</strong></span> <span class='ocrx_word' id='word_1_74' title='bbox 1180 1157 1392 1226; x_wconf 87' lang='lat' dir='ltr'><strong>fuerunt</strong></span> <span class='ocrx_word' id='word_1_75' title='bbox 1453 1175 1547 1228; x_wconf 87' lang='lat' dir='ltr'><strong>pro</strong></span> <span class='ocrx_word' id='word_1_76' title='bbox 1620 1159 1840 1213; x_wconf 88' lang='lat' dir='ltr'><strong>denario</strong></span> 
     </span>
    </p>
   </div>
   <div class='ocr_carea' id='block_1_13' title="bbox 255 1246 1843 1321">
    <p class='ocr_par' dir='ltr' id='par_1_13' title="bbox 255 1246 1843 1321">
     <span class='ocr_line' id='line_1_13' title="bbox 255 1246 1843 1321; baseline 0.003 -23"><span class='ocrx_word' id='word_1_77' title='bbox 255 1247 467 1311; x_wconf 89' lang='lat' dir='ltr'><strong>diurno,</strong></span> <span class='ocrx_word' id='word_1_78' title='bbox 493 1246 623 1298; x_wconf 79' lang='lat' dir='ltr'><strong>liora</strong></span> <span class='ocrx_word' id='word_1_79' title='bbox 670 1247 864 1315; x_wconf 86' lang='lat' dir='ltr'><strong>prima,</strong></span> <span class='ocrx_word' id='word_1_80' title='bbox 895 1248 1071 1312; x_wconf 90' lang='lat' dir='ltr'><strong>tertia,</strong></span> <span class='ocrx_word' id='word_1_81' title='bbox 1117 1258 1290 1313; x_wconf 72' lang='lat' dir='ltr'><strong>sexta,</strong></span> <span class='ocrx_word' id='word_1_82' title='bbox 1320 1259 1368 1303; x_wconf 90' lang='lat' dir='ltr'><strong>et</strong></span> <span class='ocrx_word' id='word_1_83' title='bbox 1412 1266 1571 1303; x_wconf 89' lang='lat' dir='ltr'><strong>nona.</strong></span> <span class='ocrx_word' id='word_1_84' title='bbox 1620 1249 1843 1321; x_wconf 84' lang='lat' dir='ltr'><strong><em>Peregre</em></strong></span> 
     </span>
    </p>
   </div>
   <div class='ocr_carea' id='block_1_14' title="bbox 255 1338 1840 1412">
    <p class='ocr_par' dir='ltr' id='par_1_14' title="bbox 255 1338 1840 1412">
     <span class='ocr_line' id='line_1_14' title="bbox 255 1338 1840 1412; baseline 0.003 -21"><span class='ocrx_word' id='word_1_85' title='bbox 255 1338 516 1409; x_wconf 84' lang='lat' dir='ltr'><strong>profectus</strong></span> <span class='ocrx_word' id='word_1_86' title='bbox 541 1348 637 1393; x_wconf 89' lang='lat' dir='ltr'><strong>est.</strong></span> <span class='ocrx_word' id='word_1_87' title='bbox 690 1339 806 1393; x_wconf 85' lang='lat' dir='ltr'><strong>Non</strong></span> <span class='ocrx_word' id='word_1_88' title='bbox 836 1339 940 1394; x_wconf 90' lang='lat' dir='ltr'><strong>loci</strong></span> <span class='ocrx_word' id='word_1_89' title='bbox 966 1342 1282 1407; x_wconf 79' lang='lat' dir='ltr'><strong>mutatione,</strong></span> <span class='ocrx_word' id='word_1_90' title='bbox 1335 1341 1462 1412; x_wconf 85' lang='lat' dir='ltr'><strong>quia</strong></span> <span class='ocrx_word' id='word_1_91' title='bbox 1501 1343 1643 1397; x_wconf 85' lang='lat' dir='ltr'><strong>Deus</strong></span> <span class='ocrx_word' id='word_1_92' title='bbox 1671 1350 1840 1396; x_wconf 91' lang='lat' dir='ltr'><strong>totum</strong></span> 
     </span>
    </p>
   </div>
   <div class='ocr_carea' id='block_1_15' title="bbox 257 1427 1844 1500">
    <p class='ocr_par' dir='ltr' id='par_1_15' title="bbox 257 1427 1844 1500">
     <span class='ocr_line' id='line_1_15' title="bbox 257 1427 1844 1500; baseline 0.003 -20"><span class='ocrx_word' id='word_1_93' title='bbox 257 1428 513 1480; x_wconf 90' lang='lat' dir='ltr'><strong>mundum</strong></span> <span class='ocrx_word' id='word_1_94' title='bbox 537 1427 744 1498; x_wconf 78' lang='lat' dir='ltr'><strong>implet,</strong></span> <span class='ocrx_word' id='word_1_95' title='bbox 777 1429 871 1482; x_wconf 89' lang='lat' dir='ltr'><strong>sed</strong></span> <span class='ocrx_word' id='word_1_96' title='bbox 895 1430 1158 1498; x_wconf 80' lang='lat' dir='ltr'><strong>agricolas</strong></span> <span class='ocrx_word' id='word_1_97' title='bbox 1186 1430 1506 1486; x_wconf 89' lang='lat' dir='ltr'><strong>dimittendo</strong></span> <span class='ocrx_word' id='word_1_98' title='bbox 1544 1431 1596 1484; x_wconf 92' lang='lat' dir='ltr'><strong>in</strong></span> <span class='ocrx_word' id='word_1_99' title='bbox 1626 1429 1844 1500; x_wconf 90' lang='lat' dir='ltr'><strong>proprio</strong></span> 
     </span>
    </p>
   </div>
   <div class='ocr_carea' id='block_1_16' title="bbox 255 1515 1844 1592">
    <p class='ocr_par' dir='ltr' id='par_1_16' title="bbox 255 1515 1844 1592">
     <span class='ocr_line' id='line_1_16' title="bbox 255 1515 1844 1592; baseline 0.004 -23"><span class='ocrx_word' id='word_1_100' title='bbox 255 1517 499 1571; x_wconf 90' lang='lat' dir='ltr'><strong>arbitrio.</strong></span> <span class='ocrx_word' id='word_1_101' title='bbox 533 1515 663 1572; x_wconf 89' lang='lat' dir='ltr'><strong>Cum</strong></span> <span class='ocrx_word' id='word_1_102' title='bbox 695 1529 869 1572; x_wconf 89' lang='lat' dir='ltr'><strong>autem</strong></span> <span class='ocrx_word' id='word_1_103' title='bbox 910 1528 1109 1590; x_wconf 85' lang='lat' dir='ltr'><strong>tempus</strong></span> <span class='ocrx_word' id='word_1_104' title='bbox 1139 1521 1410 1590; x_wconf 86' lang='lat' dir='ltr'><strong>fructuum</strong></span> <span class='ocrx_word' id='word_1_105' title='bbox 1433 1523 1844 1592; x_wconf 88' lang='lat' dir='ltr'><strong>appropinquas-</strong></span> 
     </span>
    </p>
   </div>
   <div class='ocr_carea' id='block_1_17' title="bbox 253 1605 1838 1680">
    <p class='ocr_par' dir='ltr' id='par_1_17' title="bbox 253 1605 1838 1680">
     <span class='ocr_line' id='line_1_17' title="bbox 253 1605 1838 1680; baseline 0.003 -20"><span class='ocrx_word' id='word_1_106' title='bbox 253 1616 348 1660; x_wconf 87' lang='lat' dir='ltr'><strong>set.</strong></span> <span class='ocrx_word' id='word_1_107' title='bbox 407 1605 552 1662; x_wconf 86' lang='lat' dir='ltr'><strong>Bene</strong></span> <span class='ocrx_word' id='word_1_108' title='bbox 613 1615 821 1677; x_wconf 86' lang='lat' dir='ltr'><strong>tempus</strong></span> <span class='ocrx_word' id='word_1_109' title='bbox 867 1608 1139 1664; x_wconf 81' lang='lat' dir='ltr'><strong>fructuum</strong></span> <span class='ocrx_word' id='word_1_110' title='bbox 1184 1611 1469 1676; x_wconf 88' lang='lat' dir='ltr'><strong>dieit,non</strong></span> <span class='ocrx_word' id='word_1_111' title='bbox 1517 1609 1838 1680; x_wconf 82' lang='lat' dir='ltr'><strong>profectum,</strong></span> 
     </span>
    </p>
   </div>
   <div class='ocr_carea' id='block_1_18' title="bbox 254 1695 1840 1772">
    <p class='ocr_par' dir='ltr' id='par_1_18' title="bbox 254 1695 1840 1772">
     <span class='ocr_line' id='line_1_18' title="bbox 254 1695 1840 1772; baseline 0.004 -25"><span class='ocrx_word' id='word_1_112' title='bbox 254 1695 378 1764; x_wconf 89' lang='lat' dir='ltr'><strong>quia</strong></span> <span class='ocrx_word' id='word_1_113' title='bbox 421 1695 623 1750; x_wconf 92' lang='lat' dir='ltr'><strong>nullum</strong></span> <span class='ocrx_word' id='word_1_114' title='bbox 660 1697 959 1766; x_wconf 79' lang='lat' dir='ltr'><strong>perfectum</strong></span> <span class='ocrx_word' id='word_1_115' title='bbox 1002 1699 1236 1754; x_wconf 82' lang='lat' dir='ltr'><strong>fructum</strong></span> <span class='ocrx_word' id='word_1_116' title='bbox 1283 1715 1553 1772; x_wconf 73' lang='lat' dir='ltr'><strong>synagoga</strong></span> <span class='ocrx_word' id='word_1_117' title='bbox 1596 1700 1840 1770; x_wconf 85' lang='lat' dir='ltr'><strong>protulit,</strong></span> 
     </span>
    </p>
   </div>
   <div class='ocr_carea' id='block_1_19' title="bbox 1941 521 3526 594">
    <p class='ocr_par' dir='ltr' id='par_1_19' title="bbox 1941 521 3526 594">
     <span class='ocr_line' id='line_1_19' title="bbox 1941 521 3526 594; baseline 0 -20"><span class='ocrx_word' id='word_1_118' title='bbox 1941 521 2299 591; x_wconf 87' lang='lat' dir='ltr'><strong>parationem,</strong></span> <span class='ocrx_word' id='word_1_119' title='bbox 2348 523 2658 594; x_wconf 79' lang='lat' dir='ltr'><strong>hyperbole.</strong></span> <span class='ocrx_word' id='word_1_120' title='bbox 2714 523 2828 578; x_wconf 81' lang='lat' dir='ltr'><strong>Hoc</strong></span> <span class='ocrx_word' id='word_1_121' title='bbox 2880 525 2932 578; x_wconf 91' lang='lat' dir='ltr'><strong>in</strong></span> <span class='ocrx_word' id='word_1_122' title='bbox 2979 522 3188 592; x_wconf 89' lang='lat' dir='ltr'><strong>psalmo</strong></span> <span class='ocrx_word' id='word_1_123' title='bbox 3230 521 3526 576; x_wconf 85' lang='lat' dir='ltr'><strong>centesimo</strong></span> 
     </span>
    </p>
   </div>
   <div class='ocr_carea' id='block_1_20' title="bbox 1941 613 3526 686">
    <p class='ocr_par' dir='ltr' id='par_1_20' title="bbox 1941 613 3526 686">
     <span class='ocr_line' id='line_1_20' title="bbox 1941 613 3526 686; baseline -0.002 -18"><span class='ocrx_word' id='word_1_124' title='bbox 1941 614 2385 684; x_wconf 89' lang='lat' dir='ltr'><strong>septimodecimo</strong></span> <span class='ocrx_word' id='word_1_125' title='bbox 2415 617 2675 686; x_wconf 87' lang='lat' dir='ltr'><strong>scriptum</strong></span> <span class='ocrx_word' id='word_1_126' title='bbox 2721 625 2826 683; x_wconf 87' lang='lat' dir='ltr'><strong>est,</strong></span> <span class='ocrx_word' id='word_1_127' title='bbox 2860 617 2952 686; x_wconf 89' lang='lat' dir='ltr'><strong>qui</strong></span> <span class='ocrx_word' id='word_1_128' title='bbox 2998 624 3143 670; x_wconf 88' lang='lat' dir='ltr'><strong>totus</strong></span> <span class='ocrx_word' id='word_1_129' title='bbox 3193 615 3260 670; x_wconf 88' lang='lat' dir='ltr'><strong>de</strong></span> <span class='ocrx_word' id='word_1_130' title='bbox 3314 613 3526 668; x_wconf 83' lang='lat' dir='ltr'><strong>Domini</strong></span> 
     </span>
    </p>
   </div>
   <div class='ocr_carea' id='block_1_21' title="bbox 1942 704 3522 773">
    <p class='ocr_par' dir='ltr' id='par_1_21' title="bbox 1942 704 3522 773">
     <span class='ocr_line' id='line_1_21' title="bbox 1942 704 3522 773; baseline -0.003 -13"><span class='ocrx_word' id='word_1_131' title='bbox 1942 705 2174 760; x_wconf 87' lang='lat' dir='ltr'><strong>adventu</strong></span> <span class='ocrx_word' id='word_1_132' title='bbox 2233 706 2466 770; x_wconf 89' lang='lat' dir='ltr'><strong>canitur,</strong></span> <span class='ocrx_word' id='word_1_133' title='bbox 2514 713 2568 759; x_wconf 90' lang='lat' dir='ltr'><strong>et</strong></span> <span class='ocrx_word' id='word_1_134' title='bbox 2617 721 2723 758; x_wconf 89' lang='lat' dir='ltr'><strong>non</strong></span> <span class='ocrx_word' id='word_1_135' title='bbox 2773 706 3036 760; x_wconf 90' lang='lat' dir='ltr'><strong>habemus</strong></span> <span class='ocrx_word' id='word_1_136' title='bbox 3077 704 3231 773; x_wconf 86' lang='lat' dir='ltr'><strong>juxta</strong></span> <span class='ocrx_word' id='word_1_137' title='bbox 3290 704 3522 757; x_wconf 87' lang='lat' dir='ltr'><strong>litteram</strong></span> 
     </span>
    </p>
   </div>
   <div class='ocr_carea' id='block_1_22' title="bbox 1941 793 3575 866">
    <p class='ocr_par' dir='ltr' id='par_1_22' title="bbox 1941 793 3575 866">
     <span class='ocr_line' id='line_1_22' title="bbox 1941 793 3575 866; baseline -0.002 -16"><span class='ocrx_word' id='word_1_138' title='bbox 1941 797 2253 865; x_wconf 88' lang='lat' dir='ltr'><strong>quidquam,</strong></span> <span class='ocrx_word' id='word_1_139' title='bbox 2276 797 2368 849; x_wconf 89' lang='lat' dir='ltr'><strong>sed</strong></span> <span class='ocrx_word' id='word_1_140' title='bbox 2393 804 2562 850; x_wconf 88' lang='lat' dir='ltr'><strong>totum</strong></span> <span class='ocrx_word' id='word_1_141' title='bbox 2598 796 2852 866; x_wconf 81' lang='lat' dir='ltr'><strong>allegoria</strong></span> <span class='ocrx_word' id='word_1_142' title='bbox 2878 805 2982 850; x_wconf 91' lang='lat' dir='ltr'><strong>est.</strong></span> <span class='ocrx_word' id='word_1_143' title='bbox 3014 794 3183 850; x_wconf 77' lang='lat' dir='ltr'><strong>ludzei</strong></span> <span class='ocrx_word' id='word_1_144' title='bbox 3226 795 3369 849; x_wconf 87' lang='lat' dir='ltr'><strong>enim</strong></span> <span class='ocrx_word' id='word_1_145' title='bbox 3395 793 3524 847; x_wconf 75' lang='lat' dir='ltr'><strong>.cdi-</strong></span> <span class='ocrx_word' id='word_1_146' title='bbox 3574 815 3575 818; x_wconf 50' lang='grc' dir='ltr'><strong>η</strong></span> 
     </span>
    </p>
   </div>
   <div class='ocr_carea' id='block_1_23' title="bbox 1943 885 3528 956">
    <p class='ocr_par' dir='ltr' id='par_1_23' title="bbox 1943 885 3528 956">
     <span class='ocr_line' id='line_1_23' title="bbox 1943 885 3528 956; baseline -0.004 -14"><span class='ocrx_word' id='word_1_147' title='bbox 1943 887 2165 943; x_wconf 88' lang='lat' dir='ltr'><strong>ﬁcantes</strong></span> <span class='ocrx_word' id='word_1_148' title='bbox 2186 897 2379 954; x_wconf 89' lang='lat' dir='ltr'><strong>erant;</strong></span> <span class='ocrx_word' id='word_1_149' title='bbox 2427 903 2553 942; x_wconf 87' lang='lat' dir='ltr'><strong>snas</strong></span> <span class='ocrx_word' id='word_1_150' title='bbox 2579 887 2855 941; x_wconf 89' lang='lat' dir='ltr'><strong>doctrinas</strong></span> <span class='ocrx_word' id='word_1_151' title='bbox 2889 887 3240 956; x_wconf 64' lang='lat' dir='ltr'><strong>przedicantes</strong></span> <span class='ocrx_word' id='word_1_152' title='bbox 3274 885 3528 955; x_wconf 88' lang='lat' dir='ltr'><strong>reproba-</strong></span> 
     </span>
    </p>
   </div>
   <div class='ocr_carea' id='block_1_24' title="bbox 1941 975 3520 1043">
    <p class='ocr_par' dir='ltr' id='par_1_24' title="bbox 1941 975 3520 1043">
     <span class='ocr_line' id='line_1_24' title="bbox 1941 975 3520 1043; baseline -0.003 -13"><span class='ocrx_word' id='word_1_153' title='bbox 1941 986 2136 1032; x_wconf 91' lang='lat' dir='ltr'><strong>verunt</strong></span> <span class='ocrx_word' id='word_1_154' title='bbox 2161 978 2443 1031; x_wconf 88' lang='lat' dir='ltr'><strong>Dominum</strong></span> <span class='ocrx_word' id='word_1_155' title='bbox 2489 976 2542 1030; x_wconf 92' lang='lat' dir='ltr'><strong>in</strong></span> <span class='ocrx_word' id='word_1_156' title='bbox 2577 991 2670 1030; x_wconf 91' lang='lat' dir='ltr'><strong>sua</strong></span> <span class='ocrx_word' id='word_1_157' title='bbox 2703 976 2807 1030; x_wconf 90' lang='lat' dir='ltr'><strong>ﬁde</strong></span> <span class='ocrx_word' id='word_1_158' title='bbox 2847 975 3252 1030; x_wconf 78' lang='lat' dir='ltr'><strong>fundamentum</strong></span> <span class='ocrx_word' id='word_1_159' title='bbox 3300 988 3520 1043; x_wconf 90' lang='lat' dir='ltr'><strong>ponere.</strong></span> 
     </span>
    </p>
   </div>
   <div class='ocr_carea' id='block_1_25' title="bbox 1943 1063 3524 1136">
    <p class='ocr_par' dir='ltr' id='par_1_25' title="bbox 1943 1063 3524 1136">
     <span class='ocr_line' id='line_1_25' title="bbox 1943 1063 3524 1136; baseline -0.003 -16"><span class='ocrx_word' id='word_1_160' title='bbox 1943 1067 2048 1121; x_wconf 83' lang='lat' dir='ltr'><strong>Hic</strong></span> <span class='ocrx_word' id='word_1_161' title='bbox 2084 1068 2253 1136; x_wconf 89' lang='lat' dir='ltr'><strong>factus</strong></span> <span class='ocrx_word' id='word_1_162' title='bbox 2283 1078 2355 1120; x_wconf 89' lang='lat' dir='ltr'><strong>est</strong></span> <span class='ocrx_word' id='word_1_163' title='bbox 2410 1067 2463 1120; x_wconf 87' lang='lat' dir='ltr'><strong>in</strong></span> <span class='ocrx_word' id='word_1_164' title='bbox 2511 1077 2663 1136; x_wconf 83' lang='lat' dir='ltr'><strong>caput</strong></span> <span class='ocrx_word' id='word_1_165' title='bbox 2696 1067 2896 1136; x_wconf 84' lang='lat' dir='ltr'><strong>anguli.</strong></span> <span class='ocrx_word' id='word_1_166' title='bbox 2953 1065 3086 1132; x_wconf 87' lang='lat' dir='ltr'><strong>Quia</strong></span> <span class='ocrx_word' id='word_1_167' title='bbox 3135 1067 3273 1120; x_wconf 90' lang='lat' dir='ltr'><strong>sicut</strong></span> <span class='ocrx_word' id='word_1_168' title='bbox 3304 1064 3442 1134; x_wconf 87' lang='lat' dir='ltr'><strong>lapis</strong></span> <span class='ocrx_word' id='word_1_169' title='bbox 3470 1063 3524 1117; x_wconf 90' lang='lat' dir='ltr'><strong>in</strong></span> 
     </span>
    </p>
   </div>
   <div class='ocr_carea' id='block_1_26' title="bbox 1941 1154 3521 1226">
    <p class='ocr_par' dir='ltr' id='par_1_26' title="bbox 1941 1154 3521 1226">
     <span class='ocr_line' id='line_1_26' title="bbox 1941 1154 3521 1226; baseline -0.003 -16"><span class='ocrx_word' id='word_1_170' title='bbox 1941 1156 2136 1226; x_wconf 83' lang='lat' dir='ltr'><strong>angulo</strong></span> <span class='ocrx_word' id='word_1_171' title='bbox 2163 1157 2296 1210; x_wconf 90' lang='lat' dir='ltr'><strong>duos</strong></span> <span class='ocrx_word' id='word_1_172' title='bbox 2337 1157 2571 1225; x_wconf 87' lang='lat' dir='ltr'><strong>parietes</strong></span> <span class='ocrx_word' id='word_1_173' title='bbox 2599 1171 2668 1211; x_wconf 81' lang='lat' dir='ltr'><strong>ex</strong></span> <span class='ocrx_word' id='word_1_174' title='bbox 2701 1157 2916 1211; x_wconf 88' lang='lat' dir='ltr'><strong>diverso</strong></span> <span class='ocrx_word' id='word_1_175' title='bbox 2961 1156 3240 1210; x_wconf 85' lang='lat' dir='ltr'><strong>venientes</strong></span> <span class='ocrx_word' id='word_1_176' title='bbox 3268 1154 3521 1223; x_wconf 86' lang='lat' dir='ltr'><strong>suscipit,</strong></span> 
     </span>
    </p>
   </div>
   <div class='ocr_carea' id='block_1_27' title="bbox 1941 1243 3528 1315">
    <p class='ocr_par' dir='ltr' id='par_1_27' title="bbox 1941 1243 3528 1315">
     <span class='ocr_line' id='line_1_27' title="bbox 1941 1243 3528 1315; baseline -0.003 -15"><span class='ocrx_word' id='word_1_177' title='bbox 1941 1247 2021 1300; x_wconf 90' lang='lat' dir='ltr'><strong>sic</strong></span> <span class='ocrx_word' id='word_1_178' title='bbox 2047 1246 2272 1314; x_wconf 89' lang='lat' dir='ltr'><strong>suscipit</strong></span> <span class='ocrx_word' id='word_1_179' title='bbox 2292 1245 2507 1300; x_wconf 65' lang='lat' dir='ltr'><strong>Iudaeos</strong></span> <span class='ocrx_word' id='word_1_180' title='bbox 2531 1245 2802 1309; x_wconf 87' lang='lat' dir='ltr'><strong>Christus,</strong></span> <span class='ocrx_word' id='word_1_181' title='bbox 2830 1253 2884 1300; x_wconf 89' lang='lat' dir='ltr'><strong>et</strong></span> <span class='ocrx_word' id='word_1_182' title='bbox 2925 1253 3110 1315; x_wconf 81' lang='lat' dir='ltr'><strong>gentes</strong></span> <span class='ocrx_word' id='word_1_183' title='bbox 3139 1245 3191 1297; x_wconf 93' lang='lat' dir='ltr'><strong>in</strong></span> <span class='ocrx_word' id='word_1_184' title='bbox 3221 1259 3278 1297; x_wconf 90' lang='lat' dir='ltr'><strong>se</strong></span> <span class='ocrx_word' id='word_1_185' title='bbox 3303 1243 3528 1297; x_wconf 87' lang='lat' dir='ltr'><strong>credere</strong></span> 
     </span>
    </p>
   </div>
   <div class='ocr_carea' id='block_1_28' title="bbox 1941 1332 3523 1404">
    <p class='ocr_par' dir='ltr' id='par_1_28' title="bbox 1941 1332 3523 1404">
     <span class='ocr_line' id='line_1_28' title="bbox 1941 1332 3523 1404; baseline -0.004 -14"><span class='ocrx_word' id='word_1_186' title='bbox 1941 1337 2200 1400; x_wconf 86' lang='lat' dir='ltr'><strong>volentes,</strong></span> <span class='ocrx_word' id='word_1_187' title='bbox 2243 1351 2453 1404; x_wconf 90' lang='lat' dir='ltr'><strong>unaque</strong></span> <span class='ocrx_word' id='word_1_188' title='bbox 2496 1336 2688 1390; x_wconf 86' lang='lat' dir='ltr'><strong>domus</strong></span> <span class='ocrx_word' id='word_1_189' title='bbox 2732 1335 3065 1389; x_wconf 87' lang='lat' dir='ltr'><strong>construitur</strong></span> <span class='ocrx_word' id='word_1_190' title='bbox 3111 1334 3176 1388; x_wconf 88' lang='lat' dir='ltr'><strong>de</strong></span> <span class='ocrx_word' id='word_1_191' title='bbox 3220 1332 3523 1401; x_wconf 86' lang='lat' dir='ltr'><strong>lapidibus:</strong></span> 
     </span>
    </p>
   </div>
   <div class='ocr_carea' id='block_1_29' title="bbox 1941 1423 3530 1498">
    <p class='ocr_par' dir='ltr' id='par_1_29' title="bbox 1941 1423 3530 1498">
     <span class='ocr_line' id='line_1_29' title="bbox 1941 1423 3530 1498; baseline -0.005 -15"><span class='ocrx_word' id='word_1_192' title='bbox 1941 1430 2021 1484; x_wconf 90' lang='lat' dir='ltr'><strong>sic</strong></span> <span class='ocrx_word' id='word_1_193' title='bbox 2051 1428 2288 1484; x_wconf 87' lang='lat' dir='ltr'><strong>Ecclesia</strong></span> <span class='ocrx_word' id='word_1_194' title='bbox 2317 1429 2519 1483; x_wconf 83' lang='lat' dir='ltr'><strong>Christi</strong></span> <span class='ocrx_word' id='word_1_195' title='bbox 2568 1428 2633 1482; x_wconf 93' lang='lat' dir='ltr'><strong>de</strong></span> <span class='ocrx_word' id='word_1_196' title='bbox 2679 1428 2856 1498; x_wconf 80' lang='lat' dir='ltr'><strong>dignis</strong></span> <span class='ocrx_word' id='word_1_197' title='bbox 2901 1428 3224 1482; x_wconf 87' lang='lat' dir='ltr'><strong>hominibus.</strong></span> <span class='ocrx_word' id='word_1_198' title='bbox 3276 1426 3343 1478; x_wconf 87' lang='lat' dir='ltr'><strong>Et</strong></span> <span class='ocrx_word' id='word_1_199' title='bbox 3389 1423 3530 1478; x_wconf 90' lang='lat' dir='ltr'><strong>sicut</strong></span> 
     </span>
    </p>
   </div>
   <div class='ocr_carea' id='block_1_30' title="bbox 1942 1517 3530 1588">
    <p class='ocr_par' dir='ltr' id='par_1_30' title="bbox 1942 1517 3530 1588">
     <span class='ocr_line' id='line_1_30' title="bbox 1942 1517 3530 1588; baseline -0.004 -16"><span class='ocrx_word' id='word_1_200' title='bbox 1942 1518 2078 1587; x_wconf 89' lang='lat' dir='ltr'><strong>lapis</strong></span> <span class='ocrx_word' id='word_1_201' title='bbox 2115 1517 2344 1588; x_wconf 84' lang='lat' dir='ltr'><strong>lapidem</strong></span> <span class='ocrx_word' id='word_1_202' title='bbox 2384 1524 2584 1588; x_wconf 90' lang='lat' dir='ltr'><strong>portat,</strong></span> <span class='ocrx_word' id='word_1_203' title='bbox 2615 1517 2694 1572; x_wconf 89' lang='lat' dir='ltr'><strong>sic</strong></span> <span class='ocrx_word' id='word_1_204' title='bbox 2729 1518 2783 1571; x_wconf 88' lang='lat' dir='ltr'><strong>hi</strong></span> <span class='ocrx_word' id='word_1_205' title='bbox 2811 1517 2901 1586; x_wconf 91' lang='lat' dir='ltr'><strong>qui</strong></span> <span class='ocrx_word' id='word_1_206' title='bbox 2930 1524 3319 1585; x_wconf 69' lang='lat' dir='ltr'><strong>praecesserunt</strong></span> <span class='ocrx_word' id='word_1_207' title='bbox 3347 1523 3530 1584; x_wconf 87' lang='lat' dir='ltr'><strong>porta-</strong></span> 
     </span>
    </p>
   </div>
   <div class='ocr_carea' id='block_1_31' title="bbox 1941 1605 3530 1676">
    <p class='ocr_par' dir='ltr' id='par_1_31' title="bbox 1941 1605 3530 1676">
     <span class='ocr_line' id='line_1_31' title="bbox 1941 1605 3530 1676; baseline -0.003 -16"><span class='ocrx_word' id='word_1_208' title='bbox 1941 1615 2135 1662; x_wconf 90' lang='lat' dir='ltr'><strong>verunt</strong></span> <span class='ocrx_word' id='word_1_209' title='bbox 2161 1623 2295 1673; x_wconf 90' lang='lat' dir='ltr'><strong>nos;</strong></span> <span class='ocrx_word' id='word_1_210' title='bbox 2333 1615 2389 1662; x_wconf 89' lang='lat' dir='ltr'><strong>et</strong></span> <span class='ocrx_word' id='word_1_211' title='bbox 2417 1622 2515 1661; x_wconf 92' lang='lat' dir='ltr'><strong>nos</strong></span> <span class='ocrx_word' id='word_1_212' title='bbox 2550 1622 2704 1676; x_wconf 60' lang='lat' dir='ltr'><strong>aequo</strong></span> <span class='ocrx_word' id='word_1_213' title='bbox 2736 1605 2859 1675; x_wconf 91' lang='lat' dir='ltr'><strong>jure</strong></span> <span class='ocrx_word' id='word_1_214' title='bbox 2886 1616 3102 1676; x_wconf 89' lang='lat' dir='ltr'><strong>portare</strong></span> <span class='ocrx_word' id='word_1_215' title='bbox 3128 1605 3383 1659; x_wconf 86' lang='lat' dir='ltr'><strong>debemus</strong></span> <span class='ocrx_word' id='word_1_216' title='bbox 3409 1613 3530 1673; x_wconf 91' lang='lat' dir='ltr'><strong>post</strong></span> 
     </span>
    </p>
   </div>
   <div class='ocr_carea' id='block_1_32' title="bbox 1941 1696 3527 1754">
    <p class='ocr_par' dir='ltr' id='par_1_32' title="bbox 1941 1696 3527 1754">
     <span class='ocr_line' id='line_1_32' title="bbox 1941 1696 3527 1754; baseline -0.003 -2"><span class='ocrx_word' id='word_1_217' title='bbox 1941 1714 2042 1753; x_wconf 89' lang='lat' dir='ltr'><strong>nos</strong></span> <span class='ocrx_word' id='word_1_218' title='bbox 2063 1699 2357 1754; x_wconf 77' lang='lat' dir='ltr'><strong>venientes.</strong></span> <span class='ocrx_word' id='word_1_219' title='bbox 2384 1700 2450 1752; x_wconf 89' lang='lat' dir='ltr'><strong>Et</strong></span> <span class='ocrx_word' id='word_1_220' title='bbox 2481 1699 2546 1752; x_wconf 92' lang='lat' dir='ltr'><strong>de</strong></span> <span class='ocrx_word' id='word_1_221' title='bbox 2576 1700 2730 1752; x_wconf 89' lang='lat' dir='ltr'><strong>vinea</strong></span> <span class='ocrx_word' id='word_1_222' title='bbox 2762 1706 2817 1751; x_wconf 90' lang='lat' dir='ltr'><strong>et</strong></span> <span class='ocrx_word' id='word_1_223' title='bbox 2840 1699 2905 1752; x_wconf 91' lang='lat' dir='ltr'><strong>de</strong></span> <span class='ocrx_word' id='word_1_224' title='bbox 2947 1696 3305 1752; x_wconf 79' lang='lat' dir='ltr'><strong>:ediﬁcatione</strong></span> <span class='ocrx_word' id='word_1_225' title='bbox 3325 1705 3527 1748; x_wconf 75' lang='lat' dir='ltr'><strong>sancta:</strong></span> 
     </span>
    </p>
   </div>
   <div class='ocr_carea' id='block_1_33' title="bbox 256 1771 3530 1861">
    <p class='ocr_par' dir='ltr' id='par_1_33' title="bbox 256 1771 3530 1861">
     <span class='ocr_line' id='line_1_33' title="bbox 256 1771 3530 1861; baseline -0 -25"><span class='ocrx_word' id='word_1_226' title='bbox 256 1785 500 1852; x_wconf 83' lang='lat' dir='ltr'><strong>quamvis</strong></span> <span class='ocrx_word' id='word_1_227' title='bbox 529 1786 758 1841; x_wconf 89' lang='lat' dir='ltr'><strong>sollicite</strong></span> <span class='ocrx_word' id='word_1_228' title='bbox 785 1788 996 1842; x_wconf 83' lang='lat' dir='ltr'><strong>exculta</strong></span> <span class='ocrx_word' id='word_1_229' title='bbox 1025 1787 1204 1843; x_wconf 83' lang='lat' dir='ltr'><strong>fuerit.</strong></span> <span class='ocrx_word' id='word_1_230' title='bbox 1253 1789 1320 1843; x_wconf 87' lang='lat' dir='ltr'><strong>Et</strong></span> <span class='ocrx_word' id='word_1_231' title='bbox 1340 1789 1608 1860; x_wconf 75' lang='lat' dir='ltr'><strong>agricolte,</strong></span> <span class='ocrx_word' id='word_1_232' title='bbox 1653 1807 1840 1861; x_wconf 88' lang='lat' dir='ltr'><strong>appre-</strong></span> <span class='ocrx_word' id='word_1_233' title='bbox 1867 1771 1914 1830; x_wconf 82' lang='lat' dir='ltr'><strong>B</strong></span> <span class='ocrx_word' id='word_1_234' title='bbox 1942 1793 2200 1847; x_wconf 72' lang='lat' dir='ltr'><strong>Ecclesia:</strong></span> <span class='ocrx_word' id='word_1_235' title='bbox 2249 1791 2380 1845; x_wconf 87' lang='lat' dir='ltr'><strong>dicit</strong></span> <span class='ocrx_word' id='word_1_236' title='bbox 2409 1789 2604 1844; x_wconf 82' lang='lat' dir='ltr'><strong>Paulus</strong></span> <span class='ocrx_word' id='word_1_237' title='bbox 2645 1804 2659 1842; x_wconf 91' lang='lat'>:</span> <span class='ocrx_word' id='word_1_238' title='bbox 2689 1789 2787 1842; x_wconf 91' lang='lat' dir='ltr'><strong>Dei</strong></span> <span class='ocrx_word' id='word_1_239' title='bbox 2821 1787 3048 1852; x_wconf 84' lang='lat' dir='ltr'><strong>cultura,</strong></span> <span class='ocrx_word' id='word_1_240' title='bbox 3102 1785 3198 1838; x_wconf 89' lang='lat' dir='ltr'><strong>Dei</strong></span> <span class='ocrx_word' id='word_1_241' title='bbox 3247 1784 3530 1852; x_wconf 75' lang='lat' dir='ltr'><strong>wdiﬁcatio</strong></span> 
     </span>
    </p>
   </div>
   <div class='ocr_carea' id='block_1_34' title="bbox 253 1874 1842 1950">
    <p class='ocr_par' dir='ltr' id='par_1_34' title="bbox 253 1874 1842 1950">
     <span class='ocr_line' id='line_1_34' title="bbox 253 1874 1842 1950; baseline 0.004 -23"><span class='ocrx_word' id='word_1_242' title='bbox 253 1874 430 1928; x_wconf 80' lang='lat' dir='ltr'><strong>liensis</strong></span> <span class='ocrx_word' id='word_1_243' title='bbox 481 1877 642 1930; x_wconf 73' lang='lat' dir='ltr'><strong>servis</strong></span> <span class='ocrx_word' id='word_1_244' title='bbox 696 1876 833 1946; x_wconf 83' lang='lat' dir='ltr'><strong>ejus,</strong></span> <span class='ocrx_word' id='word_1_245' title='bbox 878 1877 1040 1930; x_wconf 90' lang='lat' dir='ltr'><strong>alium</strong></span> <span class='ocrx_word' id='word_1_246' title='bbox 1071 1879 1386 1933; x_wconf 87' lang='lat' dir='ltr'><strong>ceciderunt.</strong></span> <span class='ocrx_word' id='word_1_247' title='bbox 1428 1879 1498 1936; x_wconf 96' lang='lat' dir='ltr'><strong>Ut</strong></span> <span class='ocrx_word' id='word_1_248' title='bbox 1543 1879 1758 1950; x_wconf 81' lang='lat' dir='ltr'><strong>Moysen</strong></span> <span class='ocrx_word' id='word_1_249' title='bbox 1786 1888 1842 1936; x_wconf 88' lang='lat' dir='ltr'><strong>et</strong></span> 
     </span>
    </p>
   </div>
   <div class='ocr_carea' id='block_1_35' title="bbox 251 1966 1839 2036">
    <p class='ocr_par' dir='ltr' id='par_1_35' title="bbox 251 1966 1839 2036">
     <span class='ocr_line' id='line_1_35' title="bbox 251 1966 1839 2036; baseline 0.003 -18"><span class='ocrx_word' id='word_1_250' title='bbox 251 1966 451 2029; x_wconf 83' lang='lat' dir='ltr'><strong>Aaron,</strong></span> <span class='ocrx_word' id='word_1_251' title='bbox 486 1982 621 2036; x_wconf 87' lang='lat' dir='ltr'><strong>quos</strong></span> <span class='ocrx_word' id='word_1_252' title='bbox 666 1968 1018 2022; x_wconf 90' lang='lat' dir='ltr'><strong>irritaverunt</strong></span> <span class='ocrx_word' id='word_1_253' title='bbox 1060 1969 1113 2022; x_wconf 90' lang='lat' dir='ltr'><strong>in</strong></span> <span class='ocrx_word' id='word_1_254' title='bbox 1141 1971 1355 2024; x_wconf 88' lang='lat' dir='ltr'><strong>castris.</strong></span> <span class='ocrx_word' id='word_1_255' title='bbox 1405 1971 1581 2024; x_wconf 83' lang='lat' dir='ltr'><strong>Alium</strong></span> <span class='ocrx_word' id='word_1_256' title='bbox 1631 1971 1839 2024; x_wconf 87' lang='lat' dir='ltr'><strong>occide-</strong></span> 
     </span>
    </p>
   </div>
   <div class='ocr_carea' id='block_1_36' title="bbox 255 2056 1838 2130">
    <p class='ocr_par' dir='ltr' id='par_1_36' title="bbox 255 2056 1838 2130">
     <span class='ocr_line' id='line_1_36' title="bbox 255 2056 1838 2130; baseline 0.004 -24"><span class='ocrx_word' id='word_1_257' title='bbox 255 2065 393 2108; x_wconf 89' lang='lat' dir='ltr'><strong>runt.</strong></span> <span class='ocrx_word' id='word_1_258' title='bbox 425 2056 491 2110; x_wconf 86' lang='lat' dir='ltr'><strong>Ut</strong></span> <span class='ocrx_word' id='word_1_259' title='bbox 525 2056 870 2112; x_wconf 88' lang='lat' dir='ltr'><strong>Achimelcch</strong></span> <span class='ocrx_word' id='word_1_260' title='bbox 896 2073 1017 2112; x_wconf 89' lang='lat' dir='ltr'><strong>eum</strong></span> <span class='ocrx_word' id='word_1_261' title='bbox 1043 2059 1428 2130; x_wconf 79' lang='lat' dir='ltr'><strong>quinquaginta</strong></span> <span class='ocrx_word' id='word_1_262' title='bbox 1451 2061 1838 2115; x_wconf 88' lang='lat' dir='ltr'><strong>sacerdotibus.</strong></span> 
     </span>
    </p>
   </div>
   <div class='ocr_carea' id='block_1_37' title="bbox 252 2144 1840 2215">
    <p class='ocr_par' dir='ltr' id='par_1_37' title="bbox 252 2144 1840 2215">
     <span class='ocr_line' id='line_1_37' title="bbox 252 2144 1840 2215; baseline 0.004 -16"><span class='ocrx_word' id='word_1_263' title='bbox 252 2144 428 2199; x_wconf 80' lang='lat' dir='ltr'><strong>Alium</strong></span> <span class='ocrx_word' id='word_1_264' title='bbox 466 2145 850 2215; x_wconf 84' lang='lat' dir='ltr'><strong>lapidaverunt.</strong></span> <span class='ocrx_word' id='word_1_265' title='bbox 903 2147 972 2203; x_wconf 88' lang='lat' dir='ltr'><strong>Ut</strong></span> <span class='ocrx_word' id='word_1_266' title='bbox 1001 2147 1233 2203; x_wconf 83' lang='lat' dir='ltr'><strong>Naboth.</strong></span> <span class='ocrx_word' id='word_1_267' title='bbox 1292 2148 1492 2204; x_wconf 88' lang='lat' dir='ltr'><strong>Iterum</strong></span> <span class='ocrx_word' id='word_1_268' title='bbox 1540 2152 1679 2204; x_wconf 84' lang='lat' dir='ltr'><strong>misit</strong></span> <span class='ocrx_word' id='word_1_269' title='bbox 1707 2151 1840 2206; x_wconf 91' lang='lat' dir='ltr'><strong>alios</strong></span> 
     </span>
    </p>
   </div>
   <div class='ocr_carea' id='block_1_38' title="bbox 251 2238 1837 2315">
    <p class='ocr_par' dir='ltr' id='par_1_38' title="bbox 251 2238 1837 2315">
     <span class='ocr_line' id='line_1_38' title="bbox 251 2238 1837 2315; baseline 0.009 -26"><span class='ocrx_word' id='word_1_270' title='bbox 251 2238 426 2307; x_wconf 87' lang='lat' dir='ltr'><strong>plures</strong></span> <span class='ocrx_word' id='word_1_271' title='bbox 474 2241 761 2310; x_wconf 83' lang='lat' dir='ltr'><strong>prioribus,</strong></span> <span class='ocrx_word' id='word_1_272' title='bbox 797 2251 844 2296; x_wconf 88' lang='lat' dir='ltr'><strong>et</strong></span> <span class='ocrx_word' id='word_1_273' title='bbox 901 2243 1135 2312; x_wconf 87' lang='lat' dir='ltr'><strong>fecerunt</strong></span> <span class='ocrx_word' id='word_1_274' title='bbox 1175 2245 1281 2298; x_wconf 86' lang='lat' dir='ltr'><strong>illis</strong></span> <span class='ocrx_word' id='word_1_275' title='bbox 1329 2245 1586 2300; x_wconf 83' lang='lat' dir='ltr'><strong>similiter.</strong></span> <span class='ocrx_word' id='word_1_276' title='bbox 1619 2247 1837 2315; x_wconf 88' lang='lat' dir='ltr'><strong>Isaiam,</strong></span> 
     </span>
    </p>
   </div>
   <div class='ocr_carea' id='block_1_39' title="bbox 251 2327 1840 2396">
    <p class='ocr_par' dir='ltr' id='par_1_39' title="bbox 251 2327 1840 2396">
     <span class='ocr_line' id='line_1_39' title="bbox 251 2327 1840 2396; baseline 0.006 -14"><span class='ocrx_word' id='word_1_277' title='bbox 251 2327 562 2396; x_wconf 58' lang='lat' dir='ltr'><strong>Jcremiam,</strong></span> <span class='ocrx_word' id='word_1_278' title='bbox 595 2331 934 2386; x_wconf 86' lang='lat' dir='ltr'><strong>Zachariam.</strong></span> <span class='ocrx_word' id='word_1_279' title='bbox 971 2333 1266 2389; x_wconf 74' lang='lat' dir='ltr'><strong>Novissime</strong></span> <span class='ocrx_word' id='word_1_280' title='bbox 1290 2345 1464 2389; x_wconf 89' lang='lat' dir='ltr'><strong>autem</strong></span> <span class='ocrx_word' id='word_1_281' title='bbox 1485 2337 1626 2390; x_wconf 87' lang='lat' dir='ltr'><strong>misit</strong></span> <span class='ocrx_word' id='word_1_282' title='bbox 1663 2338 1733 2390; x_wconf 90' lang='lat' dir='ltr'><strong>ad</strong></span> <span class='ocrx_word' id='word_1_283' title='bbox 1755 2355 1840 2393; x_wconf 87' lang='lat' dir='ltr'><strong>eos</strong></span> 
     </span>
    </p>
   </div>
   <div class='ocr_carea' id='block_1_40' title="bbox 250 2415 1842 2496">
    <p class='ocr_par' dir='ltr' id='par_1_40' title="bbox 250 2415 1842 2496">
     <span class='ocr_line' id='line_1_40' title="bbox 250 2415 1842 2496; baseline 0.009 -28"><span class='ocrx_word' id='word_1_284' title='bbox 250 2415 422 2484; x_wconf 87' lang='lat' dir='ltr'><strong>[ilium</strong></span> <span class='ocrx_word' id='word_1_285' title='bbox 451 2435 604 2472; x_wconf 87' lang='lat' dir='ltr'><strong>suum</strong></span> <span class='ocrx_word' id='word_1_286' title='bbox 644 2420 822 2474; x_wconf 89' lang='lat' dir='ltr'><strong>dicens</strong></span> <span class='ocrx_word' id='word_1_287' title='bbox 847 2437 866 2475; x_wconf 90' lang='lat'><strong><em>:</em></strong></span> <span class='ocrx_word' id='word_1_288' title='bbox 904 2419 1230 2476; x_wconf 78' lang='lat' dir='ltr'><strong>Verebantur</strong></span> <span class='ocrx_word' id='word_1_289' title='bbox 1263 2424 1432 2492; x_wconf 78' lang='lat' dir='ltr'><strong>ﬁlium</strong></span> <span class='ocrx_word' id='word_1_290' title='bbox 1460 2442 1651 2480; x_wconf 88' lang='lat' dir='ltr'><strong>meum.</strong></span> <span class='ocrx_word' id='word_1_291' title='bbox 1687 2425 1842 2496; x_wconf 85' lang='lat' dir='ltr'><strong>Quod</strong></span> 
     </span>
    </p>
   </div>
   <div class='ocr_carea' id='block_1_41' title="bbox 252 2508 1839 2588">
    <p class='ocr_par' dir='ltr' id='par_1_41' title="bbox 252 2508 1839 2588">
     <span class='ocr_line' id='line_1_41' title="bbox 252 2508 1839 2588; baseline 0.009 -29"><span class='ocrx_word' id='word_1_292' title='bbox 252 2508 329 2588; x_wconf 86' lang='lat' dir='ltr'><strong>ait</strong></span> <span class='ocrx_word' id='word_1_293' title='bbox 357 2509 478 2577; x_wconf 88' lang='lat' dir='ltr'><strong>quia</strong></span> <span class='ocrx_word' id='word_1_294' title='bbox 508 2511 841 2565; x_wconf 89' lang='lat' dir='ltr'><strong>verebuntur</strong></span> <span class='ocrx_word' id='word_1_295' title='bbox 869 2511 1036 2566; x_wconf 91' lang='lat' dir='ltr'><strong>ﬁlium</strong></span> <span class='ocrx_word' id='word_1_296' title='bbox 1081 2529 1281 2580; x_wconf 89' lang='lat' dir='ltr'><strong>meum,</strong></span> <span class='ocrx_word' id='word_1_297' title='bbox 1310 2531 1415 2570; x_wconf 91' lang='lat' dir='ltr'><strong>non</strong></span> <span class='ocrx_word' id='word_1_298' title='bbox 1445 2517 1510 2571; x_wconf 89' lang='lat' dir='ltr'><strong>de</strong></span> <span class='ocrx_word' id='word_1_299' title='bbox 1538 2517 1839 2588; x_wconf 84' lang='lat' dir='ltr'><strong>ignorantia</strong></span> 
     </span>
    </p>
   </div>
   <div class='ocr_carea' id='block_1_42' title="bbox 250 2597 1836 2676">
    <p class='ocr_par' dir='ltr' id='par_1_42' title="bbox 250 2597 1836 2676">
     <span class='ocr_line' id='line_1_42' title="bbox 250 2597 1836 2676; baseline 0.01 -26"><span class='ocrx_word' id='word_1_300' title='bbox 250 2597 648 2670; x_wconf 88' lang='lat' dir='ltr'><strong>loquitur,quia</strong></span> <span class='ocrx_word' id='word_1_301' title='bbox 700 2604 835 2658; x_wconf 87' lang='lat' dir='ltr'><strong>nihil</strong></span> <span class='ocrx_word' id='word_1_302' title='bbox 883 2613 970 2660; x_wconf 90' lang='lat' dir='ltr'><strong>est</strong></span> <span class='ocrx_word' id='word_1_303' title='bbox 1021 2607 1165 2676; x_wconf 90' lang='lat' dir='ltr'><strong>quod</strong></span> <span class='ocrx_word' id='word_1_304' title='bbox 1220 2607 1361 2663; x_wconf 86' lang='lat' dir='ltr'><strong>Deus</strong></span> <span class='ocrx_word' id='word_1_305' title='bbox 1397 2609 1557 2664; x_wconf 88' lang='lat' dir='ltr'><strong>Pater</strong></span> <span class='ocrx_word' id='word_1_306' title='bbox 1612 2612 1836 2666; x_wconf 88' lang='lat' dir='ltr'><strong>nesciat.</strong></span> 
     </span>
    </p>
   </div>
   <div class='ocr_carea' id='block_1_43' title="bbox 250 2685 1840 2762">
    <p class='ocr_par' dir='ltr' id='par_1_43' title="bbox 250 2685 1840 2762">
     <span class='ocr_line' id='line_1_43' title="bbox 250 2685 1840 2762; baseline 0.011 -22"><span class='ocrx_word' id='word_1_307' title='bbox 250 2685 480 2759; x_wconf 89' lang='lat' dir='ltr'><strong>Semper</strong></span> <span class='ocrx_word' id='word_1_308' title='bbox 505 2693 777 2762; x_wconf 83' lang='lat' dir='ltr'><strong>ambigere</strong></span> <span class='ocrx_word' id='word_1_309' title='bbox 805 2695 1004 2750; x_wconf 78' lang='lat' dir='ltr'><strong>dicitur</strong></span> <span class='ocrx_word' id='word_1_310' title='bbox 1026 2695 1168 2752; x_wconf 86' lang='lat' dir='ltr'><strong>Deus</strong></span> <span class='ocrx_word' id='word_1_311' title='bbox 1186 2707 1247 2753; x_wconf 90' lang='lat' dir='ltr'><strong>ut</strong></span> <span class='ocrx_word' id='word_1_312' title='bbox 1271 2699 1440 2754; x_wconf 89' lang='lat' dir='ltr'><strong>libera</strong></span> <span class='ocrx_word' id='word_1_313' title='bbox 1466 2699 1715 2756; x_wconf 85' lang='lat' dir='ltr'><strong>voluntas</strong></span> <span class='ocrx_word' id='word_1_314' title='bbox 1741 2703 1840 2758; x_wconf 89' lang='lat' dir='ltr'><strong>ho-</strong></span> 
     </span>
    </p>
   </div>
   <div class='ocr_carea' id='block_1_44' title="bbox 252 2780 1839 2858">
    <p class='ocr_par' dir='ltr' id='par_1_44' title="bbox 252 2780 1839 2858">
     <span class='ocr_line' id='line_1_44' title="bbox 252 2780 1839 2858; baseline 0.009 -27"><span class='ocrx_word' id='word_1_315' title='bbox 252 2780 385 2832; x_wconf 90' lang='lat' dir='ltr'><strong>mini</strong></span> <span class='ocrx_word' id='word_1_316' title='bbox 421 2791 746 2836; x_wconf 86' lang='lat' dir='ltr'><strong>reservetur.</strong></span> <span class='ocrx_word' id='word_1_317' title='bbox 775 2784 1034 2854; x_wconf 78' lang='lat' dir='ltr'><strong>Agricolw</strong></span> <span class='ocrx_word' id='word_1_318' title='bbox 1058 2796 1232 2840; x_wconf 88' lang='lat' dir='ltr'><strong>autem</strong></span> <span class='ocrx_word' id='word_1_319' title='bbox 1278 2788 1505 2843; x_wconf 78' lang='lat' dir='ltr'><strong>videntes</strong></span> <span class='ocrx_word' id='word_1_320' title='bbox 1543 2790 1714 2858; x_wconf 77' lang='lat' dir='ltr'><strong>ﬁlium</strong></span> <span class='ocrx_word' id='word_1_321' title='bbox 1753 2793 1839 2845; x_wconf 89' lang='lat' dir='ltr'><strong>di-</strong></span> 
     </span>
    </p>
   </div>
   <div class='ocr_carea' id='block_1_45' title="bbox 247 2866 1840 2947">
    <p class='ocr_par' dir='ltr' id='par_1_45' title="bbox 247 2866 1840 2947">
     <span class='ocr_line' id='line_1_45' title="bbox 247 2866 1840 2947; baseline 0.009 -28"><span class='ocrx_word' id='word_1_322' title='bbox 247 2877 443 2919; x_wconf 77' lang='lat' dir='ltr'><strong>:terunt</strong></span> <span class='ocrx_word' id='word_1_323' title='bbox 465 2883 482 2918; x_wconf 88' lang='lat'><strong><em>:</em></strong></span> <span class='ocrx_word' id='word_1_324' title='bbox 516 2866 619 2920; x_wconf 88' lang='lat' dir='ltr'><strong>Hic</strong></span> <span class='ocrx_word' id='word_1_325' title='bbox 665 2880 738 2922; x_wconf 91' lang='lat' dir='ltr'><strong>est</strong></span> <span class='ocrx_word' id='word_1_326' title='bbox 787 2872 972 2934; x_wconf 74' lang='lat' dir='ltr'><strong>turres,</strong></span> <span class='ocrx_word' id='word_1_327' title='bbox 1026 2874 1191 2927; x_wconf 68' lang='lat' dir='ltr'><strong>uenite</strong></span> <span class='ocrx_word' id='word_1_328' title='bbox 1216 2876 1516 2931; x_wconf 86' lang='lat' dir='ltr'><strong>occidamus</strong></span> <span class='ocrx_word' id='word_1_329' title='bbox 1541 2895 1680 2932; x_wconf 90' lang='lat' dir='ltr'><strong>eum.</strong></span> <span class='ocrx_word' id='word_1_330' title='bbox 1711 2879 1840 2947; x_wconf 66' lang='lat' dir='ltr'><strong>Quae</strong></span> 
     </span>
    </p>
   </div>
   <div class='ocr_carea' id='block_1_46' title="bbox 246 2955 1841 3034">
    <p class='ocr_par' dir='ltr' id='par_1_46' title="bbox 246 2955 1841 3034">
     <span class='ocr_line' id='line_1_46' title="bbox 246 2955 1841 3034; baseline 0.007 -24"><span class='ocrx_word' id='word_1_331' title='bbox 246 2955 326 3010; x_wconf 91' lang='lat' dir='ltr'><strong>illi</strong></span> <span class='ocrx_word' id='word_1_332' title='bbox 364 2955 788 3011; x_wconf 88' lang='lat' dir='ltr'><strong>eonsiliabantur</strong></span> <span class='ocrx_word' id='word_1_333' title='bbox 815 2958 869 3012; x_wconf 92' lang='lat' dir='ltr'><strong>in</strong></span> <span class='ocrx_word' id='word_1_334' title='bbox 897 2960 1008 3014; x_wconf 82' lang='lat' dir='ltr'><strong>suis</strong></span> <span class='ocrx_word' id='word_1_335' title='bbox 1046 2960 1302 3028; x_wconf 88' lang='lat' dir='ltr'><strong>latibulis,</strong></span> <span class='ocrx_word' id='word_1_336' title='bbox 1341 2963 1407 3018; x_wconf 91' lang='lat' dir='ltr'><strong>de</strong></span> <span class='ocrx_word' id='word_1_337' title='bbox 1433 2979 1540 3034; x_wconf 90' lang='lat' dir='ltr'><strong>quo</strong></span> <span class='ocrx_word' id='word_1_338' title='bbox 1580 2965 1841 3022; x_wconf 89' lang='lat' dir='ltr'><strong>Dominus</strong></span> 
     </span>
    </p>
   </div>
   <div class='ocr_carea' id='block_1_47' title="bbox 244 3045 1841 3116">
    <p class='ocr_par' dir='ltr' id='par_1_47' title="bbox 244 3045 1841 3116">
     <span class='ocr_line' id='line_1_47' title="bbox 244 3045 1841 3116; baseline 0.009 -17"><span class='ocrx_word' id='word_1_339' title='bbox 244 3045 426 3115; x_wconf 88' lang='lat' dir='ltr'><strong>palam</strong></span> <span class='ocrx_word' id='word_1_340' title='bbox 454 3046 792 3116; x_wconf 83' lang='lat' dir='ltr'><strong>loquebatur,</strong></span> <span class='ocrx_word' id='word_1_341' title='bbox 826 3059 886 3104; x_wconf 88' lang='lat' dir='ltr'><strong>ut</strong></span> <span class='ocrx_word' id='word_1_342' title='bbox 912 3053 1223 3107; x_wconf 88' lang='lat' dir='ltr'><strong>ostenderet</strong></span> <span class='ocrx_word' id='word_1_343' title='bbox 1253 3069 1311 3108; x_wconf 89' lang='lat' dir='ltr'><strong>se</strong></span> <span class='ocrx_word' id='word_1_344' title='bbox 1332 3056 1513 3110; x_wconf 91' lang='lat' dir='ltr'><strong>omnia</strong></span> <span class='ocrx_word' id='word_1_345' title='bbox 1535 3058 1697 3112; x_wconf 91' lang='lat' dir='ltr'><strong>scire.</strong></span> <span class='ocrx_word' id='word_1_346' title='bbox 1735 3058 1841 3113; x_wconf 83' lang='lat' dir='ltr'><strong>Ma-</strong></span> 
     </span>
    </p>
   </div>
   <div class='ocr_carea' id='block_1_48' title="bbox 1942 1874 3527 1948">
    <p class='ocr_par' dir='ltr' id='par_1_48' title="bbox 1942 1874 3527 1948">
     <span class='ocr_line' id='line_1_48' title="bbox 1942 1874 3527 1948; baseline -0.006 -12"><span class='ocrx_word' id='word_1_347' title='bbox 1942 1883 2086 1936; x_wconf 88' lang='lat' dir='ltr'><strong>estis.</strong></span> <span class='ocrx_word' id='word_1_348' title='bbox 2121 1881 2250 1948; x_wconf 62' lang='lat' dir='ltr'><strong>Quae</strong></span> <span class='ocrx_word' id='word_1_349' title='bbox 2276 1881 2456 1946; x_wconf 87' lang='lat' dir='ltr'><strong>vinea,</strong></span> <span class='ocrx_word' id='word_1_350' title='bbox 2506 1879 2607 1948; x_wconf 89' lang='lat' dir='ltr'><strong>ipsi</strong></span> <span class='ocrx_word' id='word_1_351' title='bbox 2654 1879 2878 1948; x_wconf 87' lang='lat' dir='ltr'><strong>lapides,</strong></span> <span class='ocrx_word' id='word_1_352' title='bbox 2914 1885 2969 1932; x_wconf 88' lang='lat' dir='ltr'><strong>et</strong></span> <span class='ocrx_word' id='word_1_353' title='bbox 2997 1891 3136 1930; x_wconf 91' lang='lat' dir='ltr'><strong>unus</strong></span> <span class='ocrx_word' id='word_1_354' title='bbox 3178 1874 3447 1946; x_wconf 90' lang='lat' dir='ltr'><strong>pretiosus</strong></span> <span class='ocrx_word' id='word_1_355' title='bbox 3473 1874 3527 1927; x_wconf 92' lang='lat' dir='ltr'><strong>in</strong></span> 
     </span>
    </p>
   </div>
   <div class='ocr_carea' id='block_1_49' title="bbox 1941 1965 3526 2035">
    <p class='ocr_par' dir='ltr' id='par_1_49' title="bbox 1941 1965 3526 2035">
     <span class='ocr_line' id='line_1_49' title="bbox 1941 1965 3526 2035; baseline -0.003 -11"><span class='ocrx_word' id='word_1_356' title='bbox 1941 1970 2290 2025; x_wconf 86' lang='lat' dir='ltr'><strong>fundamento</strong></span> <span class='ocrx_word' id='word_1_357' title='bbox 2325 1968 2582 2024; x_wconf 84' lang='lat' dir='ltr'><strong>fundatus</strong></span> <span class='ocrx_word' id='word_1_358' title='bbox 2613 1969 2884 2035; x_wconf 91' lang='lat' dir='ltr'><strong>Christus,</strong></span> <span class='ocrx_word' id='word_1_359' title='bbox 2923 1968 3090 2022; x_wconf 87' lang='lat' dir='ltr'><strong>velint</strong></span> <span class='ocrx_word' id='word_1_360' title='bbox 3131 1967 3305 2021; x_wconf 88' lang='lat' dir='ltr'><strong>nolint</strong></span> <span class='ocrx_word' id='word_1_361' title='bbox 3337 1965 3526 2029; x_wconf 75' lang='lat' dir='ltr'><strong>Judmi,</strong></span> 
     </span>
    </p>
   </div>
   <div class='ocr_carea' id='block_1_50' title="bbox 1941 2058 3530 2132">
    <p class='ocr_par' dir='ltr' id='par_1_50' title="bbox 1941 2058 3530 2132">
     <span class='ocr_line' id='line_1_50' title="bbox 1941 2058 3530 2132; baseline -0.004 -15"><span class='ocrx_word' id='word_1_362' title='bbox 1941 2070 1996 2117; x_wconf 90' lang='lat' dir='ltr'><strong>et</strong></span> <span class='ocrx_word' id='word_1_363' title='bbox 2020 2063 2111 2132; x_wconf 90' lang='lat' dir='ltr'><strong>qui</strong></span> <span class='ocrx_word' id='word_1_364' title='bbox 2137 2061 2374 2132; x_wconf 89' lang='lat' dir='ltr'><strong>agricola</strong></span> <span class='ocrx_word' id='word_1_365' title='bbox 2401 2061 2550 2125; x_wconf 89' lang='lat' dir='ltr'><strong>mali,</strong></span> <span class='ocrx_word' id='word_1_366' title='bbox 2583 2061 2634 2114; x_wconf 90' lang='lat' dir='ltr'><strong>id</strong></span> <span class='ocrx_word' id='word_1_367' title='bbox 2659 2069 2742 2114; x_wconf 89' lang='lat' dir='ltr'><strong>est</strong></span> <span class='ocrx_word' id='word_1_368' title='bbox 2773 2068 2827 2115; x_wconf 93' lang='lat' dir='ltr'><strong>et</strong></span> <span class='ocrx_word' id='word_1_369' title='bbox 2856 2058 3207 2122; x_wconf 73' lang='lat' dir='ltr'><strong>emmentarii,</strong></span> <span class='ocrx_word' id='word_1_370' title='bbox 3241 2073 3269 2111; x_wconf 90' lang='lat' dir='ltr'><strong>a</strong></span> <span class='ocrx_word' id='word_1_371' title='bbox 3302 2058 3530 2112; x_wconf 88' lang='lat' dir='ltr'><strong>Domino</strong></span> 
     </span>
    </p>
   </div>
   <div class='ocr_carea' id='block_1_51' title="bbox 1940 2147 3528 2220">
    <p class='ocr_par' dir='ltr' id='par_1_51' title="bbox 1940 2147 3528 2220">
     <span class='ocr_line' id='line_1_51' title="bbox 1940 2147 3528 2220; baseline -0.003 -14"><span class='ocrx_word' id='word_1_372' title='bbox 1940 2151 2142 2207; x_wconf 87' lang='lat' dir='ltr'><strong>factum</strong></span> <span class='ocrx_word' id='word_1_373' title='bbox 2172 2159 2255 2206; x_wconf 89' lang='lat' dir='ltr'><strong>est</strong></span> <span class='ocrx_word' id='word_1_374' title='bbox 2275 2151 2440 2206; x_wconf 84' lang='lat' dir='ltr'><strong>istud.</strong></span> <span class='ocrx_word' id='word_1_375' title='bbox 2466 2149 2579 2206; x_wconf 88' lang='lat' dir='ltr'><strong>Nisi</strong></span> <span class='ocrx_word' id='word_1_376' title='bbox 2608 2150 2837 2220; x_wconf 88' lang='lat' dir='ltr'><strong>denique</strong></span> <span class='ocrx_word' id='word_1_377' title='bbox 2863 2166 2894 2203; x_wconf 91' lang='lat' dir='ltr'><strong>a</strong></span> <span class='ocrx_word' id='word_1_378' title='bbox 2921 2149 3150 2204; x_wconf 90' lang='lat' dir='ltr'><strong>Domino</strong></span> <span class='ocrx_word' id='word_1_379' title='bbox 3187 2149 3288 2203; x_wconf 92' lang='lat' dir='ltr'><strong>hoc</strong></span> <span class='ocrx_word' id='word_1_380' title='bbox 3328 2147 3528 2202; x_wconf 83' lang='lat' dir='ltr'><strong>factum</strong></span> 
     </span>
    </p>
   </div>
   <div class='ocr_carea' id='block_1_52' title="bbox 1939 2237 3532 2308">
    <p class='ocr_par' dir='ltr' id='par_1_52' title="bbox 1939 2237 3532 2308">
     <span class='ocr_line' id='line_1_52' title="bbox 1939 2237 3532 2308; baseline -0.004 -12"><span class='ocrx_word' id='word_1_381' title='bbox 1939 2249 2102 2308; x_wconf 87' lang='lat' dir='ltr'><strong>esset,</strong></span> <span class='ocrx_word' id='word_1_382' title='bbox 2134 2241 2268 2296; x_wconf 91' lang='lat' dir='ltr'><strong>ﬁdes</strong></span> <span class='ocrx_word' id='word_1_383' title='bbox 2312 2241 2512 2296; x_wconf 86' lang='lat' dir='ltr'><strong>Christi</strong></span> <span class='ocrx_word' id='word_1_384' title='bbox 2561 2248 2616 2295; x_wconf 90' lang='lat' dir='ltr'><strong>et</strong></span> <span class='ocrx_word' id='word_1_385' title='bbox 2667 2239 2908 2294; x_wconf 87' lang='lat' dir='ltr'><strong>Ecclesia</strong></span> <span class='ocrx_word' id='word_1_386' title='bbox 2959 2238 3072 2306; x_wconf 88' lang='lat' dir='ltr'><strong>ejus</strong></span> <span class='ocrx_word' id='word_1_387' title='bbox 3102 2255 3208 2292; x_wconf 91' lang='lat' dir='ltr'><strong>non</strong></span> <span class='ocrx_word' id='word_1_388' title='bbox 3255 2237 3532 2307; x_wconf 87' lang='lat' dir='ltr'><strong>implesset</strong></span> 
     </span>
    </p>
   </div>
   <div class='ocr_carea' id='block_1_53' title="bbox 1940 2325 3532 2398">
    <p class='ocr_par' dir='ltr' id='par_1_53' title="bbox 1940 2325 3532 2398">
     <span class='ocr_line' id='line_1_53' title="bbox 1940 2325 3532 2398; baseline -0.006 -11"><span class='ocrx_word' id='word_1_389' title='bbox 1940 2340 2113 2387; x_wconf 86' lang='lat' dir='ltr'><strong>totum</strong></span> <span class='ocrx_word' id='word_1_390' title='bbox 2136 2331 2395 2385; x_wconf 90' lang='lat' dir='ltr'><strong>mundum</strong></span> <span class='ocrx_word' id='word_1_391' title='bbox 2427 2345 2589 2398; x_wconf 89' lang='lat' dir='ltr'><strong>quam</strong></span> <span class='ocrx_word' id='word_1_392' title='bbox 2638 2343 2826 2384; x_wconf 91' lang='lat' dir='ltr'><strong>omnes</strong></span> <span class='ocrx_word' id='word_1_393' title='bbox 2869 2327 3141 2398; x_wconf 91' lang='lat' dir='ltr'><strong>principes</strong></span> <span class='ocrx_word' id='word_1_394' title='bbox 3186 2325 3532 2395; x_wconf 80' lang='lat' dir='ltr'><strong>exstinguere</strong></span> 
     </span>
    </p>
   </div>
   <div class='ocr_carea' id='block_1_54' title="bbox 1939 2415 3531 2479">
    <p class='ocr_par' dir='ltr' id='par_1_54' title="bbox 1939 2415 3531 2479">
     <span class='ocr_line' id='line_1_54' title="bbox 1939 2415 3531 2479; baseline -0.006 -2"><span class='ocrx_word' id='word_1_395' title='bbox 1939 2422 2244 2479; x_wconf 87' lang='lat' dir='ltr'><strong>voluerunt.</strong></span> <span class='ocrx_word' id='word_1_396' title='bbox 2276 2421 2344 2475; x_wconf 88' lang='lat' dir='ltr'><strong>Et</strong></span> <span class='ocrx_word' id='word_1_397' title='bbox 2375 2419 2621 2475; x_wconf 89' lang='lat' dir='ltr'><strong>mirabile</strong></span> <span class='ocrx_word' id='word_1_398' title='bbox 2645 2420 2701 2473; x_wconf 94' lang='lat' dir='ltr'><strong>in</strong></span> <span class='ocrx_word' id='word_1_399' title='bbox 2728 2419 2898 2473; x_wconf 91' lang='lat' dir='ltr'><strong>oculis</strong></span> <span class='ocrx_word' id='word_1_400' title='bbox 2921 2418 3123 2472; x_wconf 90' lang='lat' dir='ltr'><strong>nostris</strong></span> <span class='ocrx_word' id='word_1_401' title='bbox 3147 2435 3160 2470; x_wconf 91' lang='lat'>:</span> <span class='ocrx_word' id='word_1_402' title='bbox 3209 2416 3393 2470; x_wconf 89' lang='lat' dir='ltr'><strong>Omnis</strong></span> <span class='ocrx_word' id='word_1_403' title='bbox 3421 2415 3531 2468; x_wconf 88' lang='lat' dir='ltr'><strong>Do-</strong></span> 
     </span>
    </p>
   </div>
   <div class='ocr_carea' id='block_1_55' title="bbox 1939 2506 3532 2579">
    <p class='ocr_par' dir='ltr' id='par_1_55' title="bbox 1939 2506 3532 2579">
     <span class='ocr_line' id='line_1_55' title="bbox 1939 2506 3532 2579; baseline -0.005 -11"><span class='ocrx_word' id='word_1_404' title='bbox 1939 2513 2069 2568; x_wconf 87' lang='lat' dir='ltr'><strong>mini</strong></span> <span class='ocrx_word' id='word_1_405' title='bbox 2093 2513 2416 2578; x_wconf 89' lang='lat' dir='ltr'><strong>incarnatio,</strong></span> <span class='ocrx_word' id='word_1_406' title='bbox 2453 2510 2711 2564; x_wconf 89' lang='lat' dir='ltr'><strong>mirabilis</strong></span> <span class='ocrx_word' id='word_1_407' title='bbox 2739 2511 2883 2579; x_wconf 91' lang='lat' dir='ltr'><strong>facta</strong></span> <span class='ocrx_word' id='word_1_408' title='bbox 2912 2517 3007 2563; x_wconf 89' lang='lat' dir='ltr'><strong>est.</strong></span> <span class='ocrx_word' id='word_1_409' title='bbox 3034 2508 3141 2563; x_wconf 90' lang='lat' dir='ltr'><strong>Sed</strong></span> <span class='ocrx_word' id='word_1_410' title='bbox 3180 2515 3236 2563; x_wconf 90' lang='lat' dir='ltr'><strong>et</strong></span> <span class='ocrx_word' id='word_1_411' title='bbox 3263 2508 3365 2562; x_wconf 91' lang='lat' dir='ltr'><strong>hoc</strong></span> <span class='ocrx_word' id='word_1_412' title='bbox 3397 2506 3532 2561; x_wconf 85' lang='lat' dir='ltr'><strong>satis</strong></span> 
     </span>
    </p>
   </div>
   <div class='ocr_carea' id='block_1_56' title="bbox 1939 2597 3532 2672">
    <p class='ocr_par' dir='ltr' id='par_1_56' title="bbox 1939 2597 3532 2672">
     <span class='ocr_line' id='line_1_56' title="bbox 1939 2597 3532 2672; baseline -0.007 -13"><span class='ocrx_word' id='word_1_413' title='bbox 1939 2605 2187 2660; x_wconf 91' lang='lat' dir='ltr'><strong>mirabile</strong></span> <span class='ocrx_word' id='word_1_414' title='bbox 2239 2603 2382 2672; x_wconf 91' lang='lat' dir='ltr'><strong>quod</strong></span> <span class='ocrx_word' id='word_1_415' title='bbox 2425 2617 2616 2657; x_wconf 90' lang='lat' dir='ltr'><strong>omnes</strong></span> <span class='ocrx_word' id='word_1_416' title='bbox 2669 2608 2858 2672; x_wconf 88' lang='lat' dir='ltr'><strong>gentes</strong></span> <span class='ocrx_word' id='word_1_417' title='bbox 2893 2613 3054 2668; x_wconf 90' lang='lat' dir='ltr'><strong>super</strong></span> <span class='ocrx_word' id='word_1_418' title='bbox 3103 2598 3276 2669; x_wconf 85' lang='lat' dir='ltr'><strong>ipsum</strong></span> <span class='ocrx_word' id='word_1_419' title='bbox 3330 2597 3532 2650; x_wconf 81' lang='lat' dir='ltr'><strong>habent</strong></span> 
     </span>
    </p>
   </div>
   <div class='ocr_carea' id='block_1_57' title="bbox 1939 2689 3528 2762">
    <p class='ocr_par' dir='ltr' id='par_1_57' title="bbox 1939 2689 3528 2762">
     <span class='ocr_line' id='line_1_57' title="bbox 1939 2689 3528 2762; baseline -0.006 -11"><span class='ocrx_word' id='word_1_420' title='bbox 1939 2697 2350 2752; x_wconf 84' lang='lat' dir='ltr'><strong>fundamentum</strong></span> <span class='ocrx_word' id='word_1_421' title='bbox 2375 2694 2716 2757; x_wconf 88' lang='lat' dir='ltr'><strong>collocatum,</strong></span> <span class='ocrx_word' id='word_1_422' title='bbox 2737 2701 2793 2747; x_wconf 90' lang='lat' dir='ltr'><strong>et</strong></span> <span class='ocrx_word' id='word_1_423' title='bbox 2823 2691 3004 2754; x_wconf 85' lang='lat' dir='ltr'><strong>ﬁdem,</strong></span> <span class='ocrx_word' id='word_1_424' title='bbox 3038 2706 3188 2762; x_wconf 89' lang='lat' dir='ltr'><strong>spem</strong></span> <span class='ocrx_word' id='word_1_425' title='bbox 3220 2689 3432 2748; x_wconf 85' lang='lat' dir='ltr'><strong>ﬁrmam</strong></span> <span class='ocrx_word' id='word_1_426' title='bbox 3475 2689 3528 2742; x_wconf 92' lang='lat' dir='ltr'><strong>in</strong></span> 
     </span>
    </p>
   </div>
   <div class='ocr_carea' id='block_1_58' title="bbox 1941 2784 3521 2862">
    <p class='ocr_par' dir='ltr' id='par_1_58' title="bbox 1941 2784 3521 2862">
     <span class='ocr_line' id='line_1_58' title="bbox 1941 2784 3521 2862; baseline -0.007 -16"><span class='ocrx_word' id='word_1_427' title='bbox 1941 2793 2058 2861; x_wconf 90' lang='lat' dir='ltr'><strong>ipso</strong></span> <span class='ocrx_word' id='word_1_428' title='bbox 2084 2798 2269 2846; x_wconf 89' lang='lat' dir='ltr'><strong>tenere</strong></span> <span class='ocrx_word' id='word_1_429' title='bbox 2293 2791 2550 2862; x_wconf 85' lang='lat' dir='ltr'><strong>gestiunt.</strong></span> <span class='ocrx_word' id='word_1_430' title='bbox 2577 2788 2708 2842; x_wconf 88' lang='lat' dir='ltr'><strong>Ideo</strong></span> <span class='ocrx_word' id='word_1_431' title='bbox 2734 2788 2851 2840; x_wconf 84' lang='lat' dir='ltr'><strong>dico</strong></span> <span class='ocrx_word' id='word_1_432' title='bbox 2873 2787 3036 2850; x_wconf 76' lang='lat' dir='ltr'><strong>vobis,</strong></span> <span class='ocrx_word' id='word_1_433' title='bbox 3075 2784 3346 2853; x_wconf 78' lang='lat' dir='ltr'><strong>auferetur</strong></span> <span class='ocrx_word' id='word_1_434' title='bbox 3375 2800 3407 2836; x_wconf 89' lang='lat' dir='ltr'><strong>a</strong></span> <span class='ocrx_word' id='word_1_435' title='bbox 3431 2799 3521 2836; x_wconf 65' lang='grc' dir='ltr'><strong>νος</strong></span> 
     </span>
    </p>
   </div>
   <div class='ocr_carea' id='block_1_59' title="bbox 1941 2873 3524 2950">
    <p class='ocr_par' dir='ltr' id='par_1_59' title="bbox 1941 2873 3524 2950">
     <span class='ocr_line' id='line_1_59' title="bbox 1941 2873 3524 2950; baseline -0.005 -16"><span class='ocrx_word' id='word_1_436' title='bbox 1941 2882 2018 2936; x_wconf 91' lang='lat' dir='ltr'><strong>bis</strong></span> <span class='ocrx_word' id='word_1_437' title='bbox 2047 2897 2263 2950; x_wconf 86' lang='lat' dir='ltr'><strong>regnum</strong></span> <span class='ocrx_word' id='word_1_438' title='bbox 2288 2879 2407 2944; x_wconf 89' lang='lat' dir='ltr'><strong>Dei,</strong></span> <span class='ocrx_word' id='word_1_439' title='bbox 2431 2889 2480 2933; x_wconf 88' lang='lat' dir='ltr'><strong>et</strong></span> <span class='ocrx_word' id='word_1_440' title='bbox 2515 2878 2728 2932; x_wconf 80' lang='lat' dir='ltr'><strong>dabitur</strong></span> <span class='ocrx_word' id='word_1_441' title='bbox 2747 2876 2888 2948; x_wconf 89' lang='lat' dir='ltr'><strong>genti</strong></span> <span class='ocrx_word' id='word_1_442' title='bbox 2914 2876 3131 2944; x_wconf 79' lang='lat' dir='ltr'><strong>facienti</strong></span> <span class='ocrx_word' id='word_1_443' title='bbox 3158 2873 3362 2942; x_wconf 90' lang='lat' dir='ltr'><strong>fructus</strong></span> <span class='ocrx_word' id='word_1_444' title='bbox 3390 2874 3524 2942; x_wconf 88' lang='lat' dir='ltr'><strong>ejus.</strong></span> 
     </span>
    </p>
   </div>
   <div class='ocr_carea' id='block_1_60' title="bbox 1938 2967 3528 3044">
    <p class='ocr_par' dir='ltr' id='par_1_60' title="bbox 1938 2967 3528 3044">
     <span class='ocr_line' id='line_1_60' title="bbox 1938 2967 3528 3044; baseline -0.006 -15"><span class='ocrx_word' id='word_1_445' title='bbox 1938 2975 2124 3030; x_wconf 77' lang='lat' dir='ltr'><strong>Ambae</strong></span> <span class='ocrx_word' id='word_1_446' title='bbox 2154 2976 2270 3031; x_wconf 72' lang='lat' dir='ltr'><strong>ista:</strong></span> <span class='ocrx_word' id='word_1_447' title='bbox 2313 2973 2602 3044; x_wconf 63' lang='lat' dir='ltr'><strong>parabolae,</strong></span> <span class='ocrx_word' id='word_1_448' title='bbox 2637 2981 2693 3028; x_wconf 92' lang='lat' dir='ltr'><strong>et</strong></span> <span class='ocrx_word' id='word_1_449' title='bbox 2725 2972 2790 3028; x_wconf 90' lang='lat' dir='ltr'><strong>de</strong></span> <span class='ocrx_word' id='word_1_450' title='bbox 2819 2971 2976 3025; x_wconf 86' lang='lat' dir='ltr'><strong>vinea</strong></span> <span class='ocrx_word' id='word_1_451' title='bbox 3028 2977 3084 3024; x_wconf 93' lang='lat' dir='ltr'><strong>et</strong></span> <span class='ocrx_word' id='word_1_452' title='bbox 3123 2968 3190 3023; x_wconf 90' lang='lat' dir='ltr'><strong>de</strong></span> <span class='ocrx_word' id='word_1_453' title='bbox 3232 2967 3428 3038; x_wconf 87' lang='lat' dir='ltr'><strong>lapide,</strong></span> <span class='ocrx_word' id='word_1_454' title='bbox 3474 2967 3528 3020; x_wconf 93' lang='lat' dir='ltr'><strong>in</strong></span> 
     </span>
    </p>
   </div>
   <div class='ocr_carea' id='block_1_61' title="bbox 1941 3056 3528 3136">
    <p class='ocr_par' dir='ltr' id='par_1_61' title="bbox 1941 3056 3528 3136">
     <span class='ocr_line' id='line_1_61' title="bbox 1941 3056 3528 3136; baseline -0.005 -16"><span class='ocrx_word' id='word_1_455' title='bbox 1941 3065 2045 3121; x_wconf 89' lang='lat' dir='ltr'><strong>hoc</strong></span> <span class='ocrx_word' id='word_1_456' title='bbox 2073 3081 2230 3120; x_wconf 87' lang='lat' dir='ltr'><strong>versu</strong></span> <span class='ocrx_word' id='word_1_457' title='bbox 2262 3065 2582 3136; x_wconf 90' lang='lat' dir='ltr'><strong>aperiuntur</strong></span> <span class='ocrx_word' id='word_1_458' title='bbox 2607 3082 2622 3118; x_wconf 89' lang='lat'><strong>:</strong></span> <span class='ocrx_word' id='word_1_459' title='bbox 2654 3062 2780 3132; x_wconf 91' lang='lat' dir='ltr'><strong>quia</strong></span> <span class='ocrx_word' id='word_1_460' title='bbox 2809 3059 3059 3132; x_wconf 84' lang='lat' dir='ltr'><strong>agricolae</strong></span> <span class='ocrx_word' id='word_1_461' title='bbox 3078 3058 3294 3113; x_wconf 88' lang='lat' dir='ltr'><strong>vineam</strong></span> <span class='ocrx_word' id='word_1_462' title='bbox 3317 3056 3528 3112; x_wconf 85' lang='lat' dir='ltr'><strong>Domini</strong></span> 
     </span>
    </p>
   </div>
   <div class='ocr_carea' id='block_1_62' title="bbox 246 3117 1834 3227">
    <p class='ocr_par' dir='ltr' id='par_1_62' title="bbox 246 3133 1834 3216">
     <span class='ocr_line' id='line_1_62' title="bbox 246 3133 1834 3216; baseline 0.009 -29"><span class='ocrx_word' id='word_1_463' title='bbox 246 3133 442 3188; x_wconf 80' lang='lat' dir='ltr'><strong>nifeste</strong></span> <span class='ocrx_word' id='word_1_464' title='bbox 469 3137 612 3190; x_wconf 91' lang='lat' dir='ltr'><strong>enim</strong></span> <span class='ocrx_word' id='word_1_465' title='bbox 661 3139 820 3192; x_wconf 91' lang='lat' dir='ltr'><strong>modo</strong></span> <span class='ocrx_word' id='word_1_466' title='bbox 847 3139 978 3193; x_wconf 89' lang='lat' dir='ltr'><strong>dicit</strong></span> <span class='ocrx_word' id='word_1_467' title='bbox 1018 3160 1029 3193; x_wconf 91' lang='lat'>:</span> <span class='ocrx_word' id='word_1_468' title='bbox 1063 3142 1206 3210; x_wconf 91' lang='lat' dir='ltr'><strong>quod</strong></span> <span class='ocrx_word' id='word_1_469' title='bbox 1250 3143 1521 3214; x_wconf 89' lang='lat' dir='ltr'><strong>principes</strong></span> <span class='ocrx_word' id='word_1_470' title='bbox 1570 3161 1668 3216; x_wconf 90' lang='lat' dir='ltr'><strong>per</strong></span> <span class='ocrx_word' id='word_1_471' title='bbox 1705 3147 1834 3202; x_wconf 86' lang='lat' dir='ltr'><strong>invi-</strong></span> 
     </span>
    </p>
   </div>
   <div class='ocr_carea' id='block_1_63' title="bbox 1938 3117 3528 3227">
    <p class='ocr_par' dir='ltr' id='par_1_63' title="bbox 1939 3117 3528 3227">
     <span class='ocr_line' id='line_1_63' title="bbox 1939 3117 3528 3227; baseline -0.005 -16"><span class='ocrx_word' id='word_1_472' title='bbox 1939 3165 2000 3211; x_wconf 90' lang='lat' dir='ltr'><strong>ut</strong></span> <span class='ocrx_word' id='word_1_473' title='bbox 2025 3157 2243 3227; x_wconf 84' lang='lat' dir='ltr'><strong>dignum</strong></span> <span class='ocrx_word' id='word_1_474' title='bbox 2266 3117 2367 3211; x_wconf 65' lang='lat' dir='ltr'><strong>fdit</strong></span> <span class='ocrx_word' id='word_1_475' title='bbox 2390 3170 2497 3210; x_wconf 92' lang='lat' dir='ltr'><strong>non</strong></span> <span class='ocrx_word' id='word_1_476' title='bbox 2518 3117 2877 3209; x_wconf 50' lang='lat' dir='ltr'><strong>excoluerunt’</strong></span> <span class='ocrx_word' id='word_1_477' title='bbox 2889 3158 2944 3207; x_wconf 91' lang='lat' dir='ltr'><strong>et</strong></span> <span class='ocrx_word' id='word_1_478' title='bbox 2960 3149 3191 3219; x_wconf 86' lang='lat' dir='ltr'><strong>lapidem</strong></span> <span class='ocrx_word' id='word_1_479' title='bbox 3215 3148 3528 3218; x_wconf 85' lang='lat' dir='ltr'><strong>angularem</strong></span> 
     </span>
    </p>
   </div>
   <div class='ocr_carea' id='block_1_64' title="bbox 247 3223 1834 3296">
    <p class='ocr_par' dir='ltr' id='par_1_64' title="bbox 247 3223 1834 3296">
     <span class='ocr_line' id='line_1_64' title="bbox 247 3223 1834 3296; baseline 0.011 -21"><span class='ocrx_word' id='word_1_480' title='bbox 247 3223 413 3288; x_wconf 89' lang='lat' dir='ltr'><strong>diam,</strong></span> <span class='ocrx_word' id='word_1_481' title='bbox 442 3238 546 3277; x_wconf 92' lang='lat' dir='ltr'><strong>non</strong></span> <span class='ocrx_word' id='word_1_482' title='bbox 566 3239 665 3293; x_wconf 88' lang='lat' dir='ltr'><strong>per</strong></span> <span class='ocrx_word' id='word_1_483' title='bbox 693 3226 1075 3296; x_wconf 89' lang='lat' dir='ltr'><strong>ignorantiam,</strong></span> <span class='ocrx_word' id='word_1_484' title='bbox 1105 3229 1390 3286; x_wconf 89' lang='lat' dir='ltr'><strong>Dominum</strong></span> <span class='ocrx_word' id='word_1_485' title='bbox 1421 3236 1834 3294; x_wconf 80' lang='lat' dir='ltr'><strong>cruciﬁxissent.</strong></span> 
     </span>
    </p>
   </div>
   <div class='ocr_carea' id='block_1_65' title="bbox 247 3311 1835 3384">
    <p class='ocr_par' dir='ltr' id='par_1_65' title="bbox 247 3311 1835 3384">
     <span class='ocr_line' id='line_1_65' title="bbox 247 3311 1835 3384; baseline 0.009 -17"><span class='ocrx_word' id='word_1_486' title='bbox 247 3311 508 3367; x_wconf 86' lang='lat' dir='ltr'><strong>Dicebant</strong></span> <span class='ocrx_word' id='word_1_487' title='bbox 527 3315 704 3368; x_wconf 87' lang='lat' dir='ltr'><strong>enim:</strong></span> <span class='ocrx_word' id='word_1_488' title='bbox 738 3314 796 3370; x_wconf 90' lang='lat' dir='ltr'><strong>Si</strong></span> <span class='ocrx_word' id='word_1_489' title='bbox 825 3317 1134 3374; x_wconf 82' lang='lat' dir='ltr'><strong>dimittimus</strong></span> <span class='ocrx_word' id='word_1_490' title='bbox 1153 3336 1270 3374; x_wconf 89' lang='lat' dir='ltr'><strong>eum</strong></span> <span class='ocrx_word' id='word_1_491' title='bbox 1313 3322 1595 3384; x_wconf 81' lang='lat' dir='ltr'><strong>sic,omnes</strong></span> <span class='ocrx_word' id='word_1_492' title='bbox 1624 3326 1835 3382; x_wconf 88' lang='lat' dir='ltr'><strong>credent</strong></span> 
     </span>
    </p>
   </div>
   <div class='ocr_carea' id='block_1_66' title="bbox 249 3403 1838 3487">
    <p class='ocr_par' dir='ltr' id='par_1_66' title="bbox 249 3403 1838 3487">
     <span class='ocr_line' id='line_1_66' title="bbox 249 3403 1838 3487; baseline 0.01 -30"><span class='ocrx_word' id='word_1_493' title='bbox 249 3405 305 3458; x_wconf 90' lang='lat' dir='ltr'><strong>in</strong></span> <span class='ocrx_word' id='word_1_494' title='bbox 333 3421 469 3458; x_wconf 85' lang='lat' dir='ltr'><strong>eum.</strong></span> <span class='ocrx_word' id='word_1_495' title='bbox 503 3403 800 3461; x_wconf 73' lang='lat' dir='ltr'><strong>Hmreditas</strong></span> <span class='ocrx_word' id='word_1_496' title='bbox 855 3408 970 3475; x_wconf 80' lang='lat' dir='ltr'><strong>lilii,</strong></span> <span class='ocrx_word' id='word_1_497' title='bbox 1017 3409 1259 3466; x_wconf 88' lang='lat' dir='ltr'><strong>Ecclesia</strong></span> <span class='ocrx_word' id='word_1_498' title='bbox 1307 3421 1412 3479; x_wconf 91' lang='lat' dir='ltr'><strong>est,</strong></span> <span class='ocrx_word' id='word_1_499' title='bbox 1456 3430 1619 3484; x_wconf 89' lang='lat' dir='ltr'><strong>quam</strong></span> <span class='ocrx_word' id='word_1_500' title='bbox 1648 3419 1838 3487; x_wconf 88' lang='lat' dir='ltr'><strong>acqui-</strong></span> 
     </span>
    </p>
   </div>
   <div class='ocr_carea' id='block_1_67' title="bbox 250 3493 1834 3566">
    <p class='ocr_par' dir='ltr' id='par_1_67' title="bbox 250 3493 1834 3566">
     <span class='ocr_line' id='line_1_67' title="bbox 250 3493 1834 3566; baseline 0.008 -18"><span class='ocrx_word' id='word_1_501' title='bbox 250 3493 376 3548; x_wconf 89' lang='lat' dir='ltr'><strong>sivit</strong></span> <span class='ocrx_word' id='word_1_502' title='bbox 403 3496 664 3566; x_wconf 84' lang='lat' dir='ltr'><strong>sanguine</strong></span> <span class='ocrx_word' id='word_1_503' title='bbox 687 3511 805 3550; x_wconf 91' lang='lat' dir='ltr'><strong>suo.</strong></span> <span class='ocrx_word' id='word_1_504' title='bbox 840 3497 992 3552; x_wconf 85' lang='lat' dir='ltr'><strong>Hane</strong></span> <span class='ocrx_word' id='word_1_505' title='bbox 1020 3500 1378 3555; x_wconf 88' lang='lat' dir='ltr'><strong>moliebantur</strong></span> <span class='ocrx_word' id='word_1_506' title='bbox 1399 3501 1566 3558; x_wconf 79' lang='lat' dir='ltr'><strong>Judaei</strong></span> <span class='ocrx_word' id='word_1_507' title='bbox 1604 3506 1834 3561; x_wconf 79' lang='lat' dir='ltr'><strong>haeredi-</strong></span> 
     </span>
    </p>
   </div>
   <div class='ocr_carea' id='block_1_68' title="bbox 252 3586 1838 3663">
    <p class='ocr_par' dir='ltr' id='par_1_68' title="bbox 252 3586 1838 3663">
     <span class='ocr_line' id='line_1_68' title="bbox 252 3586 1838 3663; baseline 0.009 -27"><span class='ocrx_word' id='word_1_508' title='bbox 252 3592 365 3639; x_wconf 85' lang='lat' dir='ltr'><strong>tare</strong></span> <span class='ocrx_word' id='word_1_509' title='bbox 396 3601 518 3639; x_wconf 90' lang='lat' dir='ltr'><strong>cum</strong></span> <span class='ocrx_word' id='word_1_510' title='bbox 566 3586 944 3655; x_wconf 86' lang='lat' dir='ltr'><strong>crueiﬁgentes</strong></span> <span class='ocrx_word' id='word_1_511' title='bbox 980 3604 1128 3655; x_wconf 92' lang='lat' dir='ltr'><strong>eum,</strong></span> <span class='ocrx_word' id='word_1_512' title='bbox 1181 3599 1237 3644; x_wconf 91' lang='lat' dir='ltr'><strong>et</strong></span> <span class='ocrx_word' id='word_1_513' title='bbox 1288 3591 1447 3646; x_wconf 89' lang='lat' dir='ltr'><strong>ﬁdem</strong></span> <span class='ocrx_word' id='word_1_514' title='bbox 1496 3610 1655 3663; x_wconf 88' lang='lat' dir='ltr'><strong>quam</strong></span> <span class='ocrx_word' id='word_1_515' title='bbox 1687 3596 1838 3650; x_wconf 91' lang='lat' dir='ltr'><strong>ineo</strong></span> 
     </span>
    </p>
   </div>
   <div class='ocr_carea' id='block_1_69' title="bbox 248 3674 1838 3753">
    <p class='ocr_par' dir='ltr' id='par_1_69' title="bbox 248 3674 1838 3753">
     <span class='ocr_line' id='line_1_69' title="bbox 248 3674 1838 3753; baseline 0.006 -25"><span class='ocrx_word' id='word_1_516' title='bbox 248 3674 488 3730; x_wconf 88' lang='lat' dir='ltr'><strong>Ecclesia</strong></span> <span class='ocrx_word' id='word_1_517' title='bbox 516 3692 614 3730; x_wconf 90' lang='lat' dir='ltr'><strong>sua</strong></span> <span class='ocrx_word' id='word_1_518' title='bbox 651 3677 884 3732; x_wconf 88' lang='lat' dir='ltr'><strong>habebat</strong></span> <span class='ocrx_word' id='word_1_519' title='bbox 910 3679 1223 3748; x_wconf 70' lang='lat' dir='ltr'><strong>quaerebant</strong></span> <span class='ocrx_word' id='word_1_520' title='bbox 1264 3681 1607 3751; x_wconf 88' lang='lat' dir='ltr'><strong>exstinguere</strong></span> <span class='ocrx_word' id='word_1_521' title='bbox 1631 3684 1838 3753; x_wconf 88' lang='lat' dir='ltr'><strong>pariter</strong></span> 
     </span>
    </p>
   </div>
   <div class='ocr_carea' id='block_1_70' title="bbox 247 3767 1836 3844">
    <p class='ocr_par' dir='ltr' id='par_1_70' title="bbox 247 3767 1836 3844">
     <span class='ocr_line' id='line_1_70' title="bbox 247 3767 1836 3844; baseline 0.006 -24"><span class='ocrx_word' id='word_1_522' title='bbox 247 3781 371 3820; x_wconf 89' lang='lat' dir='ltr'><strong>cum</strong></span> <span class='ocrx_word' id='word_1_523' title='bbox 416 3767 655 3822; x_wconf 85' lang='lat' dir='ltr'><strong>Ecclesia</strong></span> <span class='ocrx_word' id='word_1_524' title='bbox 699 3778 759 3823; x_wconf 89' lang='lat' dir='ltr'><strong>ut</strong></span> <span class='ocrx_word' id='word_1_525' title='bbox 787 3771 1087 3839; x_wconf 90' lang='lat' dir='ltr'><strong>potuissent</strong></span> <span class='ocrx_word' id='word_1_526' title='bbox 1111 3786 1264 3826; x_wconf 87' lang='lat' dir='ltr'><strong>suam</strong></span> <span class='ocrx_word' id='word_1_527' title='bbox 1300 3771 1568 3840; x_wconf 85' lang='lat' dir='ltr'><strong>justitiam</strong></span> <span class='ocrx_word' id='word_1_528' title='bbox 1612 3789 1679 3828; x_wconf 86' lang='lat' dir='ltr'><strong>ex</strong></span> <span class='ocrx_word' id='word_1_529' title='bbox 1721 3774 1836 3844; x_wconf 86' lang='lat' dir='ltr'><strong>lege</strong></span> 
     </span>
    </p>
   </div>
   <div class='ocr_carea' id='block_1_71' title="bbox 247 3857 1832 3932">
    <p class='ocr_par' dir='ltr' id='par_1_71' title="bbox 247 3857 1832 3932">
     <span class='ocr_line' id='line_1_71' title="bbox 247 3857 1832 3932; baseline 0.002 -20"><span class='ocrx_word' id='word_1_530' title='bbox 247 3857 467 3912; x_wconf 90' lang='lat' dir='ltr'><strong>ﬁrmare</strong></span> <span class='ocrx_word' id='word_1_531' title='bbox 492 3874 613 3912; x_wconf 92' lang='lat' dir='ltr'><strong>cum</strong></span> <span class='ocrx_word' id='word_1_532' title='bbox 643 3874 738 3913; x_wconf 87' lang='lat' dir='ltr'><strong>sua</strong></span> <span class='ocrx_word' id='word_1_533' title='bbox 766 3875 1054 3930; x_wconf 83' lang='lat' dir='ltr'><strong>synagoga.</strong></span> <span class='ocrx_word' id='word_1_534' title='bbox 1080 3859 1149 3914; x_wconf 87' lang='lat' dir='ltr'><strong>Et</strong></span> <span class='ocrx_word' id='word_1_535' title='bbox 1189 3862 1565 3930; x_wconf 85' lang='lat' dir='ltr'><strong>apprehensum</strong></span> <span class='ocrx_word' id='word_1_536' title='bbox 1585 3879 1702 3915; x_wconf 88' lang='lat' dir='ltr'><strong>eum</strong></span> <span class='ocrx_word' id='word_1_537' title='bbox 1726 3863 1832 3932; x_wconf 84' lang='lat' dir='ltr'><strong>eje-</strong></span> 
     </span>
    </p>
   </div>
   <div class='ocr_carea' id='block_1_72' title="bbox 247 3949 1834 4011">
    <p class='ocr_par' dir='ltr' id='par_1_72' title="bbox 247 3949 1834 4011">
     <span class='ocr_line' id='line_1_72' title="bbox 247 3949 1834 4011; baseline 0.003 -11"><span class='ocrx_word' id='word_1_538' title='bbox 247 3957 428 4000; x_wconf 87' lang='lat' dir='ltr'><strong>cerunt</strong></span> <span class='ocrx_word' id='word_1_539' title='bbox 470 3959 617 4002; x_wconf 77' lang='lat' dir='ltr'><strong>extra</strong></span> <span class='ocrx_word' id='word_1_540' title='bbox 645 3950 862 4011; x_wconf 73' lang='lat' dir='ltr'><strong>vineam,</strong></span> <span class='ocrx_word' id='word_1_541' title='bbox 895 3960 942 4002; x_wconf 90' lang='lat' dir='ltr'><strong>et</strong></span> <span class='ocrx_word' id='word_1_542' title='bbox 971 3949 1292 4003; x_wconf 88' lang='lat' dir='ltr'><strong>occiderunt.</strong></span> <span class='ocrx_word' id='word_1_543' title='bbox 1344 3949 1457 4004; x_wconf 90' lang='lat' dir='ltr'><strong>lloc</strong></span> <span class='ocrx_word' id='word_1_544' title='bbox 1493 3959 1648 4005; x_wconf 87' lang='lat' dir='ltr'><strong>erant</strong></span> <span class='ocrx_word' id='word_1_545' title='bbox 1676 3952 1834 4005; x_wconf 89' lang='lat' dir='ltr'><strong>tertia</strong></span> 
     </span>
    </p>
   </div>
   <div class='ocr_carea' id='block_1_73' title="bbox 252 4037 1834 4111">
    <p class='ocr_par' dir='ltr' id='par_1_73' title="bbox 252 4037 1834 4111">
     <span class='ocr_line' id='line_1_73' title="bbox 252 4037 1834 4111; baseline 0.001 -18"><span class='ocrx_word' id='word_1_546' title='bbox 252 4039 335 4093; x_wconf 91' lang='lat' dir='ltr'><strong>die</strong></span> <span class='ocrx_word' id='word_1_547' title='bbox 365 4037 560 4092; x_wconf 80' lang='lat' dir='ltr'><strong>facturi</strong></span> <span class='ocrx_word' id='word_1_548' title='bbox 587 4054 694 4108; x_wconf 93' lang='lat' dir='ltr'><strong>quo</strong></span> <span class='ocrx_word' id='word_1_549' title='bbox 722 4040 836 4094; x_wconf 69' lang='lat' dir='ltr'><strong>haec</strong></span> <span class='ocrx_word' id='word_1_550' title='bbox 864 4039 1206 4109; x_wconf 87' lang='lat' dir='ltr'><strong>loquebatur.</strong></span> <span class='ocrx_word' id='word_1_551' title='bbox 1254 4040 1320 4093; x_wconf 89' lang='lat' dir='ltr'><strong>Et</strong></span> <span class='ocrx_word' id='word_1_552' title='bbox 1345 4040 1423 4094; x_wconf 92' lang='lat' dir='ltr'><strong>sic</strong></span> <span class='ocrx_word' id='word_1_553' title='bbox 1465 4039 1644 4094; x_wconf 86' lang='lat' dir='ltr'><strong>futura</strong></span> <span class='ocrx_word' id='word_1_554' title='bbox 1677 4041 1834 4111; x_wconf 86' lang='lat' dir='ltr'><strong>quasi</strong></span> 
     </span>
    </p>
   </div>
   <div class='ocr_carea' id='block_1_74' title="bbox 241 4128 1830 4198">
    <p class='ocr_par' dir='ltr' id='par_1_74' title="bbox 241 4128 1830 4198">
     <span class='ocr_line' id='line_1_74' title="bbox 241 4128 1830 4198; baseline 0.004 -18"><span class='ocrx_word' id='word_1_555' title='bbox 241 4128 520 4198; x_wconf 70' lang='lat' dir='ltr'><strong>praeterita</strong></span> <span class='ocrx_word' id='word_1_556' title='bbox 546 4129 802 4198; x_wconf 90' lang='lat' dir='ltr'><strong>loquitur,</strong></span> <span class='ocrx_word' id='word_1_557' title='bbox 842 4130 967 4198; x_wconf 89' lang='lat' dir='ltr'><strong>quia</strong></span> <span class='ocrx_word' id='word_1_558' title='bbox 1015 4131 1315 4185; x_wconf 87' lang='lat' dir='ltr'><strong>certissime</strong></span> <span class='ocrx_word' id='word_1_559' title='bbox 1360 4140 1585 4185; x_wconf 88' lang='lat' dir='ltr'><strong>noverat</strong></span> <span class='ocrx_word' id='word_1_560' title='bbox 1631 4130 1830 4198; x_wconf 81' lang='lat' dir='ltr'><strong>futura,</strong></span> 
     </span>
    </p>
   </div>
   <div class='ocr_carea' id='block_1_75' title="bbox 241 4218 1834 4291">
    <p class='ocr_par' dir='ltr' id='par_1_75' title="bbox 241 4218 1834 4291">
     <span class='ocr_line' id='line_1_75' title="bbox 241 4218 1834 4291; baseline 0.003 -19"><span class='ocrx_word' id='word_1_561' title='bbox 241 4227 300 4272; x_wconf 91' lang='lat' dir='ltr'><strong>et</strong></span> <span class='ocrx_word' id='word_1_562' title='bbox 327 4219 371 4272; x_wconf 90' lang='lat' dir='ltr'><strong>si</strong></span> <span class='ocrx_word' id='word_1_563' title='bbox 417 4218 676 4273; x_wconf 88' lang='lat' dir='ltr'><strong>voluisset</strong></span> <span class='ocrx_word' id='word_1_564' title='bbox 726 4219 989 4290; x_wconf 89' lang='lat' dir='ltr'><strong>potuisset</strong></span> <span class='ocrx_word' id='word_1_565' title='bbox 1039 4221 1311 4275; x_wconf 89' lang='lat' dir='ltr'><strong>declinare</strong></span> <span class='ocrx_word' id='word_1_566' title='bbox 1357 4222 1682 4291; x_wconf 88' lang='lat' dir='ltr'><strong>passionem.</strong></span> <span class='ocrx_word' id='word_1_567' title='bbox 1713 4221 1834 4291; x_wconf 90' lang='lat' dir='ltr'><strong>Eje-</strong></span> 
     </span>
    </p>
   </div>
   <div class='ocr_carea' id='block_1_76' title="bbox 241 4313 1831 4384">
    <p class='ocr_par' dir='ltr' id='par_1_76' title="bbox 241 4313 1831 4384">
     <span class='ocr_line' id='line_1_76' title="bbox 241 4313 1831 4384; baseline 0.002 -17"><span class='ocrx_word' id='word_1_568' title='bbox 241 4321 436 4368; x_wconf 89' lang='lat' dir='ltr'><strong>cerunt</strong></span> <span class='ocrx_word' id='word_1_569' title='bbox 460 4324 614 4368; x_wconf 84' lang='lat' dir='ltr'><strong>extra</strong></span> <span class='ocrx_word' id='word_1_570' title='bbox 636 4313 871 4379; x_wconf 90' lang='lat' dir='ltr'><strong>vineam,</strong></span> <span class='ocrx_word' id='word_1_571' title='bbox 907 4315 1033 4384; x_wconf 90' lang='lat' dir='ltr'><strong>quia</strong></span> <span class='ocrx_word' id='word_1_572' title='bbox 1057 4322 1210 4369; x_wconf 85' lang='lat' dir='ltr'><strong>extra</strong></span> <span class='ocrx_word' id='word_1_573' title='bbox 1235 4323 1448 4383; x_wconf 90' lang='lat' dir='ltr'><strong>portam</strong></span> <span class='ocrx_word' id='word_1_574' title='bbox 1494 4314 1831 4371; x_wconf 83' lang='lat' dir='ltr'><strong>Hierusalem</strong></span> 
     </span>
    </p>
   </div>
   <div class='ocr_carea' id='block_1_77' title="bbox 239 4403 1832 4475">
    <p class='ocr_par' dir='ltr' id='par_1_77' title="bbox 239 4403 1832 4475">
     <span class='ocr_line' id='line_1_77' title="bbox 239 4403 1832 4475; baseline 0.001 -17"><span class='ocrx_word' id='word_1_575' title='bbox 239 4403 517 4458; x_wconf 80' lang='lat' dir='ltr'><strong>duxerunt</strong></span> <span class='ocrx_word' id='word_1_576' title='bbox 561 4405 627 4459; x_wconf 92' lang='lat' dir='ltr'><strong>ad</strong></span> <span class='ocrx_word' id='word_1_577' title='bbox 675 4405 1120 4475; x_wconf 88' lang='lat' dir='ltr'><strong>eruciﬁgendum.</strong></span> <span class='ocrx_word' id='word_1_578' title='bbox 1173 4403 1306 4458; x_wconf 88' lang='lat' dir='ltr'><strong>Cum</strong></span> <span class='ocrx_word' id='word_1_579' title='bbox 1353 4421 1473 4474; x_wconf 87' lang='lat' dir='ltr'><strong>ergo</strong></span> <span class='ocrx_word' id='word_1_580' title='bbox 1504 4407 1694 4460; x_wconf 74' lang='lat' dir='ltr'><strong>venerit</strong></span> <span class='ocrx_word' id='word_1_581' title='bbox 1738 4405 1832 4460; x_wconf 81' lang='lat' dir='ltr'><strong>do-</strong></span> 
     </span>
    </p>
   </div>
   <div class='ocr_carea' id='block_1_78' title="bbox 240 4495 1828 4568">
    <p class='ocr_par' dir='ltr' id='par_1_78' title="bbox 240 4495 1828 4568">
     <span class='ocr_line' id='line_1_78' title="bbox 240 4495 1828 4568; baseline 0.003 -20"><span class='ocrx_word' id='word_1_582' title='bbox 240 4497 416 4550; x_wconf 87' lang='lat' dir='ltr'><strong>minus</strong></span> <span class='ocrx_word' id='word_1_583' title='bbox 446 4497 628 4562; x_wconf 66' lang='lat' dir='ltr'><strong>vincte,</strong></span> <span class='ocrx_word' id='word_1_584' title='bbox 658 4498 783 4568; x_wconf 89' lang='lat' dir='ltr'><strong>quid</strong></span> <span class='ocrx_word' id='word_1_585' title='bbox 812 4496 969 4566; x_wconf 81' lang='lat' dir='ltr'><strong>faciet</strong></span> <span class='ocrx_word' id='word_1_586' title='bbox 1016 4495 1262 4566; x_wconf 85' lang='lat' dir='ltr'><strong>agricolis</strong></span> <span class='ocrx_word' id='word_1_587' title='bbox 1311 4497 1418 4550; x_wconf 85' lang='lat' dir='ltr'><strong>illis</strong></span> <span class='ocrx_word' id='word_1_588' title='bbox 1441 4498 1466 4550; x_wconf 85' lang='lat'><strong><em>?</em></strong></span> <span class='ocrx_word' id='word_1_589' title='bbox 1499 4499 1658 4551; x_wconf 84' lang='lat' dir='ltr'><strong>Aiunt</strong></span> <span class='ocrx_word' id='word_1_590' title='bbox 1702 4498 1781 4552; x_wconf 86' lang='lat' dir='ltr'><strong>illi</strong></span> <span class='ocrx_word' id='word_1_591' title='bbox 1809 4516 1828 4553; x_wconf 91' lang='lat'><em>:</em></span> 
     </span>
    </p>
   </div>
   <div class='ocr_carea' id='block_1_79' title="bbox 241 4587 1831 4660">
    <p class='ocr_par' dir='ltr' id='par_1_79' title="bbox 241 4587 1831 4660">
     <span class='ocr_line' id='line_1_79' title="bbox 241 4587 1831 4660; baseline 0.001 -18"><span class='ocrx_word' id='word_1_592' title='bbox 241 4587 417 4642; x_wconf 80' lang='lat' dir='ltr'><strong>Malos</strong></span> <span class='ocrx_word' id='word_1_593' title='bbox 439 4587 576 4642; x_wconf 89' lang='lat' dir='ltr'><strong>male</strong></span> <span class='ocrx_word' id='word_1_594' title='bbox 601 4588 801 4658; x_wconf 86' lang='lat' dir='ltr'><strong>perdet,</strong></span> <span class='ocrx_word' id='word_1_595' title='bbox 835 4599 883 4642; x_wconf 90' lang='lat' dir='ltr'><strong>et</strong></span> <span class='ocrx_word' id='word_1_596' title='bbox 914 4590 1118 4643; x_wconf 76' lang='lat' dir='ltr'><strong>vineam</strong></span> <span class='ocrx_word' id='word_1_597' title='bbox 1142 4605 1294 4643; x_wconf 87' lang='lat' dir='ltr'><strong>suam</strong></span> <span class='ocrx_word' id='word_1_598' title='bbox 1325 4588 1516 4642; x_wconf 85' lang='lat' dir='ltr'><strong>locabit</strong></span> <span class='ocrx_word' id='word_1_599' title='bbox 1547 4587 1668 4642; x_wconf 88' lang='lat' dir='ltr'><strong>aliis</strong></span> <span class='ocrx_word' id='word_1_600' title='bbox 1694 4591 1831 4660; x_wconf 89' lang='lat' dir='ltr'><strong>agri-</strong></span> 
     </span>
    </p>
   </div>
   <div class='ocr_carea' id='block_1_80' title="bbox 239 4678 1828 4752">
    <p class='ocr_par' dir='ltr' id='par_1_80' title="bbox 239 4678 1828 4752">
     <span class='ocr_line' id='line_1_80' title="bbox 239 4678 1828 4752; baseline 0.003 -20"><span class='ocrx_word' id='word_1_601' title='bbox 239 4678 388 4732; x_wconf 82' lang='lat' dir='ltr'><strong>colis.</strong></span> <span class='ocrx_word' id='word_1_602' title='bbox 427 4679 684 4746; x_wconf 81' lang='lat' dir='ltr'><strong>Quamvis</strong></span> <span class='ocrx_word' id='word_1_603' title='bbox 707 4680 834 4734; x_wconf 89' lang='lat' dir='ltr'><strong>mali</strong></span> <span class='ocrx_word' id='word_1_604' title='bbox 871 4689 1074 4746; x_wconf 88' lang='lat' dir='ltr'><strong>essent,</strong></span> <span class='ocrx_word' id='word_1_605' title='bbox 1117 4681 1183 4735; x_wconf 87' lang='lat' dir='ltr'><strong>de</strong></span> <span class='ocrx_word' id='word_1_606' title='bbox 1210 4681 1471 4752; x_wconf 86' lang='lat' dir='ltr'><strong>progenie</strong></span> <span class='ocrx_word' id='word_1_607' title='bbox 1513 4689 1693 4736; x_wconf 87' lang='lat' dir='ltr'><strong>tamen</strong></span> <span class='ocrx_word' id='word_1_608' title='bbox 1737 4698 1828 4736; x_wconf 91' lang='lat' dir='ltr'><strong>sa-</strong></span> 
     </span>
    </p>
   </div>
   <div class='ocr_carea' id='block_1_81' title="bbox 236 4769 1829 4840">
    <p class='ocr_par' dir='ltr' id='par_1_81' title="bbox 236 4769 1829 4840">
     <span class='ocr_line' id='line_1_81' title="bbox 236 4769 1829 4840; baseline 0.003 -18"><span class='ocrx_word' id='word_1_609' title='bbox 236 4769 517 4822; x_wconf 90' lang='lat' dir='ltr'><strong>cerdotum</strong></span> <span class='ocrx_word' id='word_1_610' title='bbox 579 4770 967 4840; x_wconf 82' lang='lat' dir='ltr'><strong>prephetarunt</strong></span> <span class='ocrx_word' id='word_1_611' title='bbox 1037 4770 1339 4826; x_wconf 90' lang='lat' dir='ltr'><strong>veritatem.</strong></span> <span class='ocrx_word' id='word_1_612' title='bbox 1417 4770 1657 4826; x_wconf 91' lang='lat' dir='ltr'><strong>Perdidit</strong></span> <span class='ocrx_word' id='word_1_613' title='bbox 1710 4771 1829 4826; x_wconf 91' lang='lat' dir='ltr'><strong>illos</strong></span> 
     </span>
    </p>
   </div>
   <div class='ocr_carea' id='block_1_82' title="bbox 237 4859 1830 4933">
    <p class='ocr_par' dir='ltr' id='par_1_82' title="bbox 237 4859 1830 4933">
     <span class='ocr_line' id='line_1_82' title="bbox 237 4859 1830 4933; baseline 0.003 -21"><span class='ocrx_word' id='word_1_614' title='bbox 237 4859 400 4924; x_wconf 86' lang='lat' dir='ltr'><strong>male,</strong></span> <span class='ocrx_word' id='word_1_615' title='bbox 429 4861 554 4928; x_wconf 88' lang='lat' dir='ltr'><strong>quia</strong></span> <span class='ocrx_word' id='word_1_616' title='bbox 585 4860 726 4916; x_wconf 73' lang='lat' dir='ltr'><strong>fante</strong></span> <span class='ocrx_word' id='word_1_617' title='bbox 753 4877 857 4930; x_wconf 91' lang='lat' dir='ltr'><strong>qua</strong></span> <span class='ocrx_word' id='word_1_618' title='bbox 900 4861 1034 4916; x_wconf 89' lang='lat' dir='ltr'><strong>nihil</strong></span> <span class='ocrx_word' id='word_1_619' title='bbox 1082 4863 1308 4918; x_wconf 90' lang='lat' dir='ltr'><strong>durius:</strong></span> <span class='ocrx_word' id='word_1_620' title='bbox 1358 4878 1478 4933; x_wconf 67' lang='lat' dir='ltr'><strong>quae</strong></span> <span class='ocrx_word' id='word_1_621' title='bbox 1525 4863 1690 4917; x_wconf 89' lang='lat' dir='ltr'><strong>etiam</strong></span> <span class='ocrx_word' id='word_1_622' title='bbox 1733 4863 1830 4917; x_wconf 89' lang='lat' dir='ltr'><strong>ob-</strong></span> 
     </span>
    </p>
   </div>
   <div class='ocr_carea' id='block_1_83' title="bbox 236 4951 1828 5024">
    <p class='ocr_par' dir='ltr' id='par_1_83' title="bbox 236 4951 1828 5024">
     <span class='ocr_line' id='line_1_83' title="bbox 236 4951 1828 5024; baseline 0.003 -22"><span class='ocrx_word' id='word_1_623' title='bbox 236 4964 417 5004; x_wconf 67' lang='lat' dir='ltr'><strong>s~ssos</strong></span> <span class='ocrx_word' id='word_1_624' title='bbox 443 4951 700 5021; x_wconf 89' lang='lat' dir='ltr'><strong>compulit</strong></span> <span class='ocrx_word' id='word_1_625' title='bbox 740 4953 989 5007; x_wconf 89' lang='lat' dir='ltr'><strong>humanis</strong></span> <span class='ocrx_word' id='word_1_626' title='bbox 1013 4953 1270 5008; x_wconf 85' lang='lat' dir='ltr'><strong>carnibus</strong></span> <span class='ocrx_word' id='word_1_627' title='bbox 1298 4955 1463 5008; x_wconf 87' lang='lat' dir='ltr'><strong>vesci.</strong></span> <span class='ocrx_word' id='word_1_628' title='bbox 1495 4954 1620 5008; x_wconf 88' lang='lat' dir='ltr'><strong>Illos</strong></span> <span class='ocrx_word' id='word_1_629' title='bbox 1648 4954 1828 5024; x_wconf 87' lang='lat' dir='ltr'><strong>pcrdi-</strong></span> 
     </span>
    </p>
   </div>
   <div class='ocr_carea' id='block_1_84' title="bbox 236 5043 1825 5108">
    <p class='ocr_par' dir='ltr' id='par_1_84' title="bbox 236 5043 1825 5108">
     <span class='ocr_line' id='line_1_84' title="bbox 236 5043 1825 5108; baseline 0.002 -11"><span class='ocrx_word' id='word_1_630' title='bbox 236 5043 341 5108; x_wconf 91' lang='lat' dir='ltr'><strong>dit,</strong></span> <span class='ocrx_word' id='word_1_631' title='bbox 361 5056 413 5097; x_wconf 83' lang='lat' dir='ltr'><strong>et</strong></span> <span class='ocrx_word' id='word_1_632' title='bbox 435 5045 830 5099; x_wconf 87' lang='lat' dir='ltr'><strong>commendavit</strong></span> <span class='ocrx_word' id='word_1_633' title='bbox 853 5045 1174 5100; x_wconf 88' lang='lat' dir='ltr'><strong>Christianis</strong></span> <span class='ocrx_word' id='word_1_634' title='bbox 1194 5045 1505 5101; x_wconf 86' lang='lat' dir='ltr'><strong>doctoribus</strong></span> <span class='ocrx_word' id='word_1_635' title='bbox 1529 5047 1825 5101; x_wconf 86' lang='lat' dir='ltr'><strong>Ecclesiam</strong></span> 
     </span>
    </p>
   </div>
   <div class='ocr_carea' id='block_1_85' title="bbox 235 5135 1826 5206">
    <p class='ocr_par' dir='ltr' id='par_1_85' title="bbox 235 5135 1826 5206">
     <span class='ocr_line' id='line_1_85' title="bbox 235 5135 1826 5206; baseline 0.002 -18"><span class='ocrx_word' id='word_1_636' title='bbox 235 5148 413 5188; x_wconf 80' lang='lat' dir='ltr'><strong>suam.</strong></span> <span class='ocrx_word' id='word_1_637' title='bbox 449 5135 687 5190; x_wconf 86' lang='lat' dir='ltr'><strong>Caveant</strong></span> <span class='ocrx_word' id='word_1_638' title='bbox 719 5151 848 5205; x_wconf 89' lang='lat' dir='ltr'><strong>ergo</strong></span> <span class='ocrx_word' id='word_1_639' title='bbox 877 5150 1030 5206; x_wconf 88' lang='lat' dir='ltr'><strong>reges</strong></span> <span class='ocrx_word' id='word_1_640' title='bbox 1057 5146 1112 5190; x_wconf 92' lang='lat' dir='ltr'><strong>et</strong></span> <span class='ocrx_word' id='word_1_641' title='bbox 1140 5137 1375 5206; x_wconf 90' lang='lat' dir='ltr'><strong>episcopi</strong></span> <span class='ocrx_word' id='word_1_642' title='bbox 1415 5138 1574 5191; x_wconf 88' lang='lat' dir='ltr'><strong>istam</strong></span> <span class='ocrx_word' id='word_1_643' title='bbox 1603 5138 1826 5192; x_wconf 86' lang='lat' dir='ltr'><strong>damna-</strong></span> 
     </span>
    </p>
   </div>
   <div class='ocr_carea' id='block_1_86' title="bbox 234 5224 1822 5298">
    <p class='ocr_par' dir='ltr' id='par_1_86' title="bbox 234 5224 1822 5298">
     <span class='ocr_line' id='line_1_86' title="bbox 234 5224 1822 5298; baseline 0.003 -20"><span class='ocrx_word' id='word_1_644' title='bbox 234 5224 439 5278; x_wconf 89' lang='lat' dir='ltr'><strong>tionem</strong></span> <span class='ocrx_word' id='word_1_645' title='bbox 464 5225 844 5294; x_wconf 88' lang='lat' dir='ltr'><strong>agricolarum,</strong></span> <span class='ocrx_word' id='word_1_646' title='bbox 874 5241 942 5280; x_wconf 90' lang='lat' dir='ltr'><strong>ne</strong></span> <span class='ocrx_word' id='word_1_647' title='bbox 970 5225 1109 5281; x_wconf 80' lang='lat' dir='ltr'><strong>forte</strong></span> <span class='ocrx_word' id='word_1_648' title='bbox 1145 5235 1200 5281; x_wconf 86' lang='lat' dir='ltr'><strong>et</strong></span> <span class='ocrx_word' id='word_1_649' title='bbox 1234 5228 1335 5297; x_wconf 90' lang='lat' dir='ltr'><strong>ipsi</strong></span> <span class='ocrx_word' id='word_1_650' title='bbox 1381 5228 1578 5282; x_wconf 89' lang='lat' dir='ltr'><strong>similia</strong></span> <span class='ocrx_word' id='word_1_651' title='bbox 1607 5229 1822 5298; x_wconf 88' lang='lat' dir='ltr'><strong>patian-</strong></span> 
     </span>
    </p>
   </div>
   <div class='ocr_carea' id='block_1_87' title="bbox 233 5320 1820 5386">
    <p class='ocr_par' dir='ltr' id='par_1_87' title="bbox 233 5320 1820 5386">
     <span class='ocr_line' id='line_1_87' title="bbox 233 5320 1820 5386; baseline 0.001 -12"><span class='ocrx_word' id='word_1_652' title='bbox 233 5329 346 5384; x_wconf 87' lang='lat' dir='ltr'><strong>tur,</strong></span> <span class='ocrx_word' id='word_1_653' title='bbox 375 5321 419 5374; x_wconf 91' lang='lat' dir='ltr'><strong>si</strong></span> <span class='ocrx_word' id='word_1_654' title='bbox 445 5321 582 5376; x_wconf 90' lang='lat' dir='ltr'><strong>bene</strong></span> <span class='ocrx_word' id='word_1_655' title='bbox 613 5337 718 5376; x_wconf 93' lang='lat' dir='ltr'><strong>non</strong></span> <span class='ocrx_word' id='word_1_656' title='bbox 745 5320 1079 5375; x_wconf 83' lang='lat' dir='ltr'><strong>excoluerint</strong></span> <span class='ocrx_word' id='word_1_657' title='bbox 1105 5322 1316 5376; x_wconf 89' lang='lat' dir='ltr'><strong>vineam</strong></span> <span class='ocrx_word' id='word_1_658' title='bbox 1343 5321 1578 5386; x_wconf 90' lang='lat' dir='ltr'><strong>Domini,</strong></span> <span class='ocrx_word' id='word_1_659' title='bbox 1605 5337 1820 5376; x_wconf 89' lang='lat' dir='ltr'><strong>omnem</strong></span> 
     </span>
    </p>
   </div>
   <div class='ocr_carea' id='block_1_88' title="bbox 232 5409 1821 5482">
    <p class='ocr_par' dir='ltr' id='par_1_88' title="bbox 232 5409 1821 5482">
     <span class='ocr_line' id='line_1_88' title="bbox 232 5409 1821 5482; baseline 0.003 -21"><span class='ocrx_word' id='word_1_660' title='bbox 232 5411 451 5464; x_wconf 91' lang='lat' dir='ltr'><strong>turbam</strong></span> <span class='ocrx_word' id='word_1_661' title='bbox 479 5410 930 5466; x_wconf 86' lang='lat' dir='ltr'><strong>Christianorum.</strong></span> <span class='ocrx_word' id='word_1_662' title='bbox 962 5409 1101 5464; x_wconf 89' lang='lat' dir='ltr'><strong>Dicit</strong></span> <span class='ocrx_word' id='word_1_663' title='bbox 1148 5411 1252 5465; x_wconf 88' lang='lat' dir='ltr'><strong>illis</strong></span> <span class='ocrx_word' id='word_1_664' title='bbox 1292 5411 1447 5466; x_wconf 72' lang='lat' dir='ltr'><strong>Iesus</strong></span> <span class='ocrx_word' id='word_1_665' title='bbox 1468 5425 1486 5462; x_wconf 92' lang='lat'><strong><em>:</em></strong></span> <span class='ocrx_word' id='word_1_666' title='bbox 1532 5411 1821 5482; x_wconf 81' lang='lat' dir='ltr'><strong>Nunquam</strong></span> 
     </span>
    </p>
   </div>
   <div class='ocr_carea' id='block_1_89' title="bbox 234 5500 1819 5577">
    <p class='ocr_par' dir='ltr' id='par_1_89' title="bbox 234 5500 1819 5577">
     <span class='ocr_line' id='line_1_89' title="bbox 234 5500 1819 5577; baseline 0.003 -24"><span class='ocrx_word' id='word_1_667' title='bbox 234 5500 435 5571; x_wconf 82' lang='lat' dir='ltr'><strong>legistis</strong></span> <span class='ocrx_word' id='word_1_668' title='bbox 461 5503 516 5577; x_wconf 81' lang='lat' dir='ltr'><strong>in</strong></span> <span class='ocrx_word' id='word_1_669' title='bbox 556 5501 840 5573; x_wconf 88' lang='lat' dir='ltr'><strong>Scripturis</strong></span> <span class='ocrx_word' id='word_1_670' title='bbox 865 5518 884 5555; x_wconf 89' lang='lat'><em>:</em></span> <span class='ocrx_word' id='word_1_671' title='bbox 925 5502 1177 5573; x_wconf 89' lang='lat' dir='ltr'><strong>Lapidem</strong></span> <span class='ocrx_word' id='word_1_672' title='bbox 1220 5521 1372 5574; x_wconf 82' lang='lat' dir='ltr'><strong>quem</strong></span> <span class='ocrx_word' id='word_1_673' title='bbox 1420 5503 1819 5574; x_wconf 86' lang='lat' dir='ltr'><strong>reprobaverunt</strong></span> 
     </span>
    </p>
   </div>
   <div class='ocr_carea' id='block_1_90' title="bbox 235 5594 1820 5667">
    <p class='ocr_par' dir='ltr' id='par_1_90' title="bbox 235 5594 1820 5667">
     <span class='ocr_line' id='line_1_90' title="bbox 235 5594 1820 5667; baseline 0.001 -19"><span class='ocrx_word' id='word_1_674' title='bbox 235 5594 562 5663; x_wconf 70' lang='lat' dir='ltr'><strong>adificantes</strong></span> <span class='ocrx_word' id='word_1_675' title='bbox 575 5595 601 5649; x_wconf 72' lang='grc'><em>2</em></span> <span class='ocrx_word' id='word_1_676' title='bbox 620 5595 811 5651; x_wconf 85' lang='lat' dir='ltr'><strong>Adhuc</strong></span> <span class='ocrx_word' id='word_1_677' title='bbox 827 5604 1141 5667; x_wconf 85' lang='lat' dir='ltr'><strong>perseverat</strong></span> <span class='ocrx_word' id='word_1_678' title='bbox 1162 5595 1500 5666; x_wconf 66' lang='lat' dir='ltr'><strong>praidicendo</strong></span> <span class='ocrx_word' id='word_1_679' title='bbox 1515 5596 1820 5664; x_wconf 88' lang='lat' dir='ltr'><strong>passionem</strong></span> 
     </span>
    </p>
   </div>
   <div class='ocr_carea' id='block_1_91' title="bbox 237 5690 1820 5762">
    <p class='ocr_par' dir='ltr' id='par_1_91' title="bbox 237 5690 1820 5762">
     <span class='ocr_line' id='line_1_91' title="bbox 237 5690 1820 5762; baseline 0.003 -20"><span class='ocrx_word' id='word_1_680' title='bbox 237 5699 417 5751; x_wconf 69' lang='lat' dir='ltr'><strong>suam.</strong></span> <span class='ocrx_word' id='word_1_681' title='bbox 454 5697 511 5745; x_wconf 90' lang='lat' dir='ltr'><strong>et</strong></span> <span class='ocrx_word' id='word_1_682' title='bbox 551 5690 818 5748; x_wconf 89' lang='lat' dir='ltr'><strong>actionem</strong></span> <span class='ocrx_word' id='word_1_683' title='bbox 860 5690 1167 5749; x_wconf 68' lang='lat' dir='ltr'><strong>indecorum</strong></span> <span class='ocrx_word' id='word_1_684' title='bbox 1209 5706 1302 5762; x_wconf 89' lang='lat' dir='ltr'><strong>per</strong></span> <span class='ocrx_word' id='word_1_685' title='bbox 1337 5690 1723 5757; x_wconf 86' lang='lat' dir='ltr'><strong>metaphoram,</strong></span> <span class='ocrx_word' id='word_1_686' title='bbox 1754 5691 1820 5748; x_wconf 88' lang='lat' dir='ltr'><strong>de</strong></span> 
     </span>
    </p>
   </div>
   <div class='ocr_carea' id='block_1_92' title="bbox 1937 3239 3528 3318">
    <p class='ocr_par' dir='ltr' id='par_1_92' title="bbox 1937 3239 3528 3318">
     <span class='ocr_line' id='line_1_92' title="bbox 1937 3239 3528 3318; baseline -0.006 -16"><span class='ocrx_word' id='word_1_687' title='bbox 1937 3249 2385 3318; x_wconf 88' lang='lat' dir='ltr'><strong>reprobaverunt,</strong></span> <span class='ocrx_word' id='word_1_688' title='bbox 2419 3247 2536 3302; x_wconf 88' lang='lat' dir='ltr'><strong>ideo</strong></span> <span class='ocrx_word' id='word_1_689' title='bbox 2563 3245 2803 3300; x_wconf 88' lang='lat' dir='ltr'><strong>ablatum</strong></span> <span class='ocrx_word' id='word_1_690' title='bbox 2829 3249 2914 3299; x_wconf 82' lang='lat' dir='ltr'><strong>est</strong></span> <span class='ocrx_word' id='word_1_691' title='bbox 2938 3243 3006 3296; x_wconf 86' lang='lat' dir='ltr'><strong>ab</strong></span> <span class='ocrx_word' id='word_1_692' title='bbox 3044 3241 3124 3296; x_wconf 89' lang='lat' dir='ltr'><strong>eis</strong></span> <span class='ocrx_word' id='word_1_693' title='bbox 3163 3256 3384 3310; x_wconf 86' lang='lat' dir='ltr'><strong>regnum</strong></span> <span class='ocrx_word' id='word_1_694' title='bbox 3412 3239 3528 3304; x_wconf 89' lang='lat' dir='ltr'><strong>Dei,</strong></span> 
     </span>
    </p>
   </div>
   <div class='ocr_carea' id='block_1_93' title="bbox 1937 3330 3526 3406">
    <p class='ocr_par' dir='ltr' id='par_1_93' title="bbox 1937 3330 3526 3406">
     <span class='ocr_line' id='line_1_93' title="bbox 1937 3330 3526 3406; baseline -0.006 -12"><span class='ocrx_word' id='word_1_695' title='bbox 1937 3338 2159 3394; x_wconf 90' lang='lat' dir='ltr'><strong>scientia</strong></span> <span class='ocrx_word' id='word_1_696' title='bbox 2191 3338 2399 3393; x_wconf 88' lang='lat' dir='ltr'><strong>scilicet</strong></span> <span class='ocrx_word' id='word_1_697' title='bbox 2423 3333 2848 3406; x_wconf 90' lang='lat' dir='ltr'><strong>Scripturarum,</strong></span> <span class='ocrx_word' id='word_1_698' title='bbox 2873 3339 2929 3388; x_wconf 91' lang='lat' dir='ltr'><strong>et</strong></span> <span class='ocrx_word' id='word_1_699' title='bbox 2951 3333 3136 3385; x_wconf 89' lang='lat' dir='ltr'><strong>datum</strong></span> <span class='ocrx_word' id='word_1_700' title='bbox 3151 3339 3234 3385; x_wconf 91' lang='lat' dir='ltr'><strong>est</strong></span> <span class='ocrx_word' id='word_1_701' title='bbox 3255 3330 3526 3401; x_wconf 86' lang='lat' dir='ltr'><strong>gentibus,</strong></span> 
     </span>
    </p>
   </div>
   <div class='ocr_carea' id='block_1_94' title="bbox 1937 3421 3526 3498">
    <p class='ocr_par' dir='ltr' id='par_1_94' title="bbox 1937 3421 3526 3498">
     <span class='ocr_line' id='line_1_94' title="bbox 1937 3421 3526 3498; baseline -0.004 -16"><span class='ocrx_word' id='word_1_702' title='bbox 1937 3431 2030 3498; x_wconf 90' lang='lat' dir='ltr'><strong>qui</strong></span> <span class='ocrx_word' id='word_1_703' title='bbox 2057 3429 2243 3484; x_wconf 87' lang='lat' dir='ltr'><strong>volunt</strong></span> <span class='ocrx_word' id='word_1_704' title='bbox 2289 3442 2546 3483; x_wconf 87' lang='lat' dir='ltr'><strong>exercere</strong></span> <span class='ocrx_word' id='word_1_705' title='bbox 2592 3425 2735 3495; x_wconf 85' lang='lat' dir='ltr'><strong>quod</strong></span> <span class='ocrx_word' id='word_1_706' title='bbox 2788 3425 2991 3494; x_wconf 87' lang='lat' dir='ltr'><strong>legunt.</strong></span> <span class='ocrx_word' id='word_1_707' title='bbox 3029 3423 3096 3476; x_wconf 87' lang='lat' dir='ltr'><strong>Et</strong></span> <span class='ocrx_word' id='word_1_708' title='bbox 3150 3422 3240 3492; x_wconf 90' lang='lat' dir='ltr'><strong>qui</strong></span> <span class='ocrx_word' id='word_1_709' title='bbox 3286 3421 3526 3476; x_wconf 87' lang='lat' dir='ltr'><strong>ceciderit</strong></span> 
     </span>
    </p>
   </div>
   <div class='ocr_carea' id='block_1_95' title="bbox 1935 3514 3526 3589">
    <p class='ocr_par' dir='ltr' id='par_1_95' title="bbox 1935 3514 3526 3589">
     <span class='ocr_line' id='line_1_95' title="bbox 1935 3514 3526 3589; baseline -0.006 -17"><span class='ocrx_word' id='word_1_710' title='bbox 1935 3535 2091 3589; x_wconf 88' lang='lat' dir='ltr'><strong>super</strong></span> <span class='ocrx_word' id='word_1_711' title='bbox 2123 3518 2349 3586; x_wconf 89' lang='lat' dir='ltr'><strong>lapidem</strong></span> <span class='ocrx_word' id='word_1_712' title='bbox 2376 3519 2534 3570; x_wconf 87' lang='lat' dir='ltr'><strong>istum</strong></span> <span class='ocrx_word' id='word_1_713' title='bbox 2581 3514 2980 3584; x_wconf 88' lang='lat' dir='ltr'><strong>confringetur;</strong></span> <span class='ocrx_word' id='word_1_714' title='bbox 3031 3528 3190 3582; x_wconf 85' lang='lat' dir='ltr'><strong>super</strong></span> <span class='ocrx_word' id='word_1_715' title='bbox 3221 3527 3373 3581; x_wconf 86' lang='lat' dir='ltr'><strong>quem</strong></span> <span class='ocrx_word' id='word_1_716' title='bbox 3408 3527 3526 3565; x_wconf 72' lang='lat' dir='ltr'><strong>vero</strong></span> 
     </span>
    </p>
   </div>
   <div class='ocr_carea' id='block_1_96' title="bbox 1935 3601 3526 3672">
    <p class='ocr_par' dir='ltr' id='par_1_96' title="bbox 1935 3601 3526 3672">
     <span class='ocr_line' id='line_1_96' title="bbox 1935 3601 3526 3672; baseline -0.004 -10"><span class='ocrx_word' id='word_1_717' title='bbox 1935 3608 2196 3671; x_wconf 88' lang='lat' dir='ltr'><strong>ceciderit,</strong></span> <span class='ocrx_word' id='word_1_718' title='bbox 2247 3614 2475 3660; x_wconf 88' lang='lat' dir='ltr'><strong>conteret</strong></span> <span class='ocrx_word' id='word_1_719' title='bbox 2526 3621 2661 3658; x_wconf 89' lang='lat' dir='ltr'><strong>eum.</strong></span> <span class='ocrx_word' id='word_1_720' title='bbox 2697 3602 2857 3657; x_wconf 89' lang='lat' dir='ltr'><strong>Cadit</strong></span> <span class='ocrx_word' id='word_1_721' title='bbox 2904 3617 3066 3672; x_wconf 90' lang='lat' dir='ltr'><strong>super</strong></span> <span class='ocrx_word' id='word_1_722' title='bbox 3119 3601 3402 3656; x_wconf 90' lang='lat' dir='ltr'><strong>Dominum</strong></span> <span class='ocrx_word' id='word_1_723' title='bbox 3433 3601 3526 3671; x_wconf 88' lang='lat' dir='ltr'><strong>qui</strong></span> 
     </span>
    </p>
   </div>
   <div class='ocr_carea' id='block_1_97' title="bbox 1935 3691 3527 3766">
    <p class='ocr_par' dir='ltr' id='par_1_97' title="bbox 1935 3691 3527 3766">
     <span class='ocr_line' id='line_1_97' title="bbox 1935 3691 3527 3766; baseline -0.006 -15"><span class='ocrx_word' id='word_1_724' title='bbox 1935 3704 2160 3766; x_wconf 87' lang='lat' dir='ltr'><strong>peccat;</strong></span> <span class='ocrx_word' id='word_1_725' title='bbox 2203 3704 2380 3749; x_wconf 89' lang='lat' dir='ltr'><strong>tamen</strong></span> <span class='ocrx_word' id='word_1_726' title='bbox 2416 3694 2580 3749; x_wconf 88' lang='lat' dir='ltr'><strong>habet</strong></span> <span class='ocrx_word' id='word_1_727' title='bbox 2619 3707 2768 3762; x_wconf 91' lang='lat' dir='ltr'><strong>spem</strong></span> <span class='ocrx_word' id='word_1_728' title='bbox 2797 3708 2894 3762; x_wconf 89' lang='lat' dir='ltr'><strong>per</strong></span> <span class='ocrx_word' id='word_1_729' title='bbox 2937 3691 3312 3762; x_wconf 70' lang='lat' dir='ltr'><strong>pmnitentiam</strong></span> <span class='ocrx_word' id='word_1_730' title='bbox 3344 3705 3527 3744; x_wconf 81' lang='lat' dir='ltr'><strong>resur-</strong></span> 
     </span>
    </p>
   </div>
   <div class='ocr_carea' id='block_1_98' title="bbox 1935 3778 3527 3857">
    <p class='ocr_par' dir='ltr' id='par_1_98' title="bbox 1935 3778 3527 3857">
     <span class='ocr_line' id='line_1_98' title="bbox 1935 3778 3527 3857; baseline -0.006 -15"><span class='ocrx_word' id='word_1_731' title='bbox 1935 3788 2114 3857; x_wconf 85' lang='lat' dir='ltr'><strong>gendi,</strong></span> <span class='ocrx_word' id='word_1_732' title='bbox 2144 3787 2270 3856; x_wconf 88' lang='lat' dir='ltr'><strong>quia</strong></span> <span class='ocrx_word' id='word_1_733' title='bbox 2320 3786 2516 3856; x_wconf 87' lang='lat' dir='ltr'><strong>septies</strong></span> <span class='ocrx_word' id='word_1_734' title='bbox 2564 3783 2708 3839; x_wconf 88' lang='lat' dir='ltr'><strong>cadit</strong></span> <span class='ocrx_word' id='word_1_735' title='bbox 2754 3783 2932 3854; x_wconf 90' lang='lat' dir='ltr'><strong>justus</strong></span> <span class='ocrx_word' id='word_1_736' title='bbox 2977 3790 3031 3836; x_wconf 89' lang='lat' dir='ltr'><strong>et</strong></span> <span class='ocrx_word' id='word_1_737' title='bbox 3065 3780 3316 3852; x_wconf 86' lang='lat' dir='ltr'><strong>resurgit.</strong></span> <span class='ocrx_word' id='word_1_738' title='bbox 3368 3778 3527 3833; x_wconf 91' lang='lat' dir='ltr'><strong>Cadit</strong></span> 
     </span>
    </p>
   </div>
   <div class='ocr_carea' id='block_1_99' title="bbox 1934 3859 3524 3946">
    <p class='ocr_par' dir='ltr' id='par_1_99' title="bbox 1934 3859 3524 3946">
     <span class='ocr_line' id='line_1_99' title="bbox 1934 3859 3524 3946; baseline -0.003 -17"><span class='ocrx_word' id='word_1_739' title='bbox 1934 3893 2064 3934; x_wconf 83' lang='lat' dir='ltr'><strong>vero</strong></span> <span class='ocrx_word' id='word_1_740' title='bbox 2094 3859 2352 3932; x_wconf 84' lang='lat' dir='ltr'><strong>Dominus</strong></span> <span class='ocrx_word' id='word_1_741' title='bbox 2401 3891 2563 3946; x_wconf 91' lang='lat' dir='ltr'><strong>super</strong></span> <span class='ocrx_word' id='word_1_742' title='bbox 2602 3873 2927 3937; x_wconf 88' lang='lat' dir='ltr'><strong>incredulos,</strong></span> <span class='ocrx_word' id='word_1_743' title='bbox 2955 3873 3044 3942; x_wconf 92' lang='lat' dir='ltr'><strong>qni</strong></span> <span class='ocrx_word' id='word_1_744' title='bbox 3095 3871 3284 3926; x_wconf 88' lang='lat' dir='ltr'><strong>nolunt</strong></span> <span class='ocrx_word' id='word_1_745' title='bbox 3327 3885 3524 3940; x_wconf 84' lang='lat' dir='ltr'><strong>cogno-</strong></span> 
     </span>
    </p>
   </div>
   <div class='ocr_carea' id='block_1_100' title="bbox 1935 3965 3524 4036">
    <p class='ocr_par' dir='ltr' id='par_1_100' title="bbox 1935 3965 3524 4036">
     <span class='ocr_line' id='line_1_100' title="bbox 1935 3965 3524 4036; baseline -0.006 -10"><span class='ocrx_word' id='word_1_746' title='bbox 1935 3987 2090 4026; x_wconf 89' lang='lat' dir='ltr'><strong>scere</strong></span> <span class='ocrx_word' id='word_1_747' title='bbox 2114 3978 2436 4024; x_wconf 88' lang='lat' dir='ltr'><strong>creatorem.</strong></span> <span class='ocrx_word' id='word_1_748' title='bbox 2483 3967 2584 4034; x_wconf 86' lang='lat' dir='ltr'><strong>Qui</strong></span> <span class='ocrx_word' id='word_1_749' title='bbox 2609 3975 2797 4036; x_wconf 88' lang='lat' dir='ltr'><strong>peccat</strong></span> <span class='ocrx_word' id='word_1_750' title='bbox 2825 3965 2988 4028; x_wconf 89' lang='lat' dir='ltr'><strong>cadit,</strong></span> <span class='ocrx_word' id='word_1_751' title='bbox 3014 3965 3106 4020; x_wconf 86' lang='lat' dir='ltr'><strong>sed</strong></span> <span class='ocrx_word' id='word_1_752' title='bbox 3129 3972 3310 4034; x_wconf 90' lang='lat' dir='ltr'><strong>potest</strong></span> <span class='ocrx_word' id='word_1_753' title='bbox 3343 3979 3524 4018; x_wconf 89' lang='lat' dir='ltr'><strong>resur-</strong></span> 
     </span>
    </p>
   </div>
   <div class='ocr_carea' id='block_1_101' title="bbox 1935 4055 3527 4131">
    <p class='ocr_par' dir='ltr' id='par_1_101' title="bbox 1935 4055 3527 4131">
     <span class='ocr_line' id='line_1_101' title="bbox 1935 4055 3527 4131; baseline -0.003 -17"><span class='ocrx_word' id='word_1_754' title='bbox 1935 4075 2082 4131; x_wconf 89' lang='lat' dir='ltr'><strong>gere.</strong></span> <span class='ocrx_word' id='word_1_755' title='bbox 2112 4059 2212 4126; x_wconf 86' lang='lat' dir='ltr'><strong>Qui</strong></span> <span class='ocrx_word' id='word_1_756' title='bbox 2247 4074 2350 4113; x_wconf 90' lang='lat' dir='ltr'><strong>non</strong></span> <span class='ocrx_word' id='word_1_757' title='bbox 2382 4057 2576 4123; x_wconf 90' lang='lat' dir='ltr'><strong>credit,</strong></span> <span class='ocrx_word' id='word_1_758' title='bbox 2617 4055 2733 4126; x_wconf 91' lang='lat' dir='ltr'><strong>jam</strong></span> <span class='ocrx_word' id='word_1_759' title='bbox 2777 4055 3050 4125; x_wconf 89' lang='lat' dir='ltr'><strong>judicatus</strong></span> <span class='ocrx_word' id='word_1_760' title='bbox 3098 4065 3201 4120; x_wconf 91' lang='lat' dir='ltr'><strong>est,</strong></span> <span class='ocrx_word' id='word_1_761' title='bbox 3255 4067 3308 4110; x_wconf 89' lang='lat' dir='ltr'><strong>et</strong></span> <span class='ocrx_word' id='word_1_762' title='bbox 3345 4055 3527 4110; x_wconf 77' lang='lat' dir='ltr'><strong>veniet</strong></span> 
     </span>
    </p>
   </div>
   <div class='ocr_carea' id='block_1_102' title="bbox 1935 4145 3521 4220">
    <p class='ocr_par' dir='ltr' id='par_1_102' title="bbox 1935 4145 3521 4220">
     <span class='ocr_line' id='line_1_102' title="bbox 1935 4145 3521 4220; baseline -0.004 -14"><span class='ocrx_word' id='word_1_763' title='bbox 1935 4166 2099 4220; x_wconf 82' lang='lat' dir='ltr'><strong>Super</strong></span> <span class='ocrx_word' id='word_1_764' title='bbox 2128 4167 2251 4206; x_wconf 91' lang='lat' dir='ltr'><strong>eum</strong></span> <span class='ocrx_word' id='word_1_765' title='bbox 2292 4159 2492 4204; x_wconf 61' lang='lat' dir='ltr'><strong>aeterna</strong></span> <span class='ocrx_word' id='word_1_766' title='bbox 2539 4148 2793 4219; x_wconf 88' lang='lat' dir='ltr'><strong>perditio,</strong></span> <span class='ocrx_word' id='word_1_767' title='bbox 2843 4163 2963 4218; x_wconf 72' lang='lat' dir='ltr'><strong>qua:</strong></span> <span class='ocrx_word' id='word_1_768' title='bbox 3003 4162 3124 4201; x_wconf 88' lang='lat' dir='ltr'><strong>eum</strong></span> <span class='ocrx_word' id='word_1_769' title='bbox 3159 4145 3400 4201; x_wconf 83' lang='lat' dir='ltr'><strong>funditus</strong></span> <span class='ocrx_word' id='word_1_770' title='bbox 3429 4163 3521 4215; x_wconf 90' lang='lat' dir='ltr'><strong>op-</strong></span> 
     </span>
    </p>
   </div>
   <div class='ocr_carea' id='block_1_103' title="bbox 1933 4238 3524 4310">
    <p class='ocr_par' dir='ltr' id='par_1_103' title="bbox 1933 4238 3524 4310">
     <span class='ocr_line' id='line_1_103' title="bbox 1933 4238 3524 4310; baseline -0.001 -16"><span class='ocrx_word' id='word_1_771' title='bbox 1933 4241 2148 4310; x_wconf 82' lang='lat' dir='ltr'><strong>primet.</strong></span> <span class='ocrx_word' id='word_1_772' title='bbox 2191 4239 2257 4293; x_wconf 89' lang='lat' dir='ltr'><strong>Et</strong></span> <span class='ocrx_word' id='word_1_773' title='bbox 2295 4254 2418 4293; x_wconf 92' lang='lat' dir='ltr'><strong>cum</strong></span> <span class='ocrx_word' id='word_1_774' title='bbox 2449 4238 2724 4293; x_wconf 88' lang='lat' dir='ltr'><strong>audissent</strong></span> <span class='ocrx_word' id='word_1_775' title='bbox 2771 4238 3044 4308; x_wconf 90' lang='lat' dir='ltr'><strong>principes</strong></span> <span class='ocrx_word' id='word_1_776' title='bbox 3091 4239 3426 4292; x_wconf 89' lang='lat' dir='ltr'><strong>sacerdotum</strong></span> <span class='ocrx_word' id='word_1_777' title='bbox 3468 4247 3524 4292; x_wconf 91' lang='lat' dir='ltr'><strong>et</strong></span> 
     </span>
    </p>
   </div>
   <div class='ocr_carea' id='block_1_104' title="bbox 1933 4326 3521 4400">
    <p class='ocr_par' dir='ltr' id='par_1_104' title="bbox 1933 4326 3521 4400">
     <span class='ocr_line' id='line_1_104' title="bbox 1933 4326 3521 4400; baseline -0.001 -16"><span class='ocrx_word' id='word_1_778' title='bbox 1933 4330 2188 4386; x_wconf 74' lang='lat' dir='ltr'><strong>Phariszei</strong></span> <span class='ocrx_word' id='word_1_779' title='bbox 2219 4329 2504 4400; x_wconf 87' lang='lat' dir='ltr'><strong>parabolas</strong></span> <span class='ocrx_word' id='word_1_780' title='bbox 2545 4326 2685 4397; x_wconf 89' lang='lat' dir='ltr'><strong>ejus,</strong></span> <span class='ocrx_word' id='word_1_781' title='bbox 2725 4336 3094 4399; x_wconf 85' lang='lat' dir='ltr'><strong>cognoverunt</strong></span> <span class='ocrx_word' id='word_1_782' title='bbox 3129 4326 3271 4397; x_wconf 89' lang='lat' dir='ltr'><strong>quod</strong></span> <span class='ocrx_word' id='word_1_783' title='bbox 3298 4327 3363 4381; x_wconf 90' lang='lat' dir='ltr'><strong>dc</strong></span> <span class='ocrx_word' id='word_1_784' title='bbox 3391 4327 3521 4396; x_wconf 88' lang='lat' dir='ltr'><strong>ipsis</strong></span> 
     </span>
    </p>
   </div>
   <div class='ocr_carea' id='block_1_105' title="bbox 1935 4421 3520 4491">
    <p class='ocr_par' dir='ltr' id='par_1_105' title="bbox 1935 4421 3520 4491">
     <span class='ocr_line' id='line_1_105' title="bbox 1935 4421 3520 4491; baseline -0.004 -12"><span class='ocrx_word' id='word_1_785' title='bbox 1935 4425 2156 4479; x_wconf 90' lang='lat' dir='ltr'><strong>diceret.</strong></span> <span class='ocrx_word' id='word_1_786' title='bbox 2185 4423 2319 4490; x_wconf 87' lang='lat' dir='ltr'><strong>Quia</strong></span> <span class='ocrx_word' id='word_1_787' title='bbox 2361 4423 2606 4478; x_wconf 88' lang='lat' dir='ltr'><strong>sciebant</strong></span> <span class='ocrx_word' id='word_1_788' title='bbox 2640 4421 2784 4491; x_wconf 89' lang='lat' dir='ltr'><strong>quod</strong></span> <span class='ocrx_word' id='word_1_789' title='bbox 2815 4421 2914 4491; x_wconf 90' lang='lat' dir='ltr'><strong>ipsi</strong></span> <span class='ocrx_word' id='word_1_790' title='bbox 2946 4421 3368 4485; x_wconf 88' lang='lat' dir='ltr'><strong>meditabantur,</strong></span> <span class='ocrx_word' id='word_1_791' title='bbox 3396 4435 3520 4489; x_wconf 87' lang='lat' dir='ltr'><strong>pro-</strong></span> 
     </span>
    </p>
   </div>
   <div class='ocr_carea' id='block_1_106' title="bbox 1933 4511 3519 4586">
    <p class='ocr_par' dir='ltr' id='par_1_106' title="bbox 1933 4511 3519 4586">
     <span class='ocr_line' id='line_1_106' title="bbox 1933 4511 3519 4586; baseline -0.001 -16"><span class='ocrx_word' id='word_1_792' title='bbox 1933 4524 2117 4585; x_wconf 87' lang='lat' dir='ltr'><strong>pterea</strong></span> <span class='ocrx_word' id='word_1_793' title='bbox 2146 4515 2516 4586; x_wconf 90' lang='lat' dir='ltr'><strong>intelligebant</strong></span> <span class='ocrx_word' id='word_1_794' title='bbox 2541 4513 2922 4570; x_wconf 89' lang='lat' dir='ltr'><strong>similitudines</strong></span> <span class='ocrx_word' id='word_1_795' title='bbox 2951 4515 3016 4568; x_wconf 87' lang='lat' dir='ltr'><strong>de</strong></span> <span class='ocrx_word' id='word_1_796' title='bbox 3045 4528 3102 4567; x_wconf 90' lang='lat' dir='ltr'><strong>se</strong></span> <span class='ocrx_word' id='word_1_797' title='bbox 3125 4513 3316 4568; x_wconf 88' lang='lat' dir='ltr'><strong>dictas.</strong></span> <span class='ocrx_word' id='word_1_798' title='bbox 3366 4511 3519 4568; x_wconf 89' lang='lat' dir='ltr'><strong>Unde</strong></span> 
     </span>
    </p>
   </div>
   <div class='ocr_carea' id='block_1_107' title="bbox 1933 4605 2434 4677">
    <p class='ocr_par' dir='ltr' id='par_1_107' title="bbox 1933 4605 2434 4677">
     <span class='ocr_line' id='line_1_107' title="bbox 1933 4605 2434 4677; baseline -0.002 -18"><span class='ocrx_word' id='word_1_799' title='bbox 1933 4605 2154 4677; x_wconf 91' lang='lat' dir='ltr'><strong>quidam</strong></span> <span class='ocrx_word' id='word_1_800' title='bbox 2181 4605 2396 4675; x_wconf 85' lang='lat' dir='ltr'><strong>sapiens</strong></span> <span class='ocrx_word' id='word_1_801' title='bbox 2421 4623 2434 4658; x_wconf 89' lang='lat'>:</span> 
     </span>
    </p>
   </div>
   <div class='ocr_carea' id='block_1_108' title="bbox 2118 4715 3249 4784">
    <p class='ocr_par' dir='ltr' id='par_1_108' title="bbox 2118 4715 3249 4784">
     <span class='ocr_line' id='line_1_108' title="bbox 2118 4715 3249 4784; baseline -0.005 -14"><span class='ocrx_word' id='word_1_802' title='bbox 2118 4723 2344 4771; x_wconf 81' lang='lat' dir='ltr'><strong>Conscius</strong></span> <span class='ocrx_word' id='word_1_803' title='bbox 2363 4724 2467 4783; x_wconf 83' lang='lat' dir='ltr'><strong>ipse</strong></span> <span class='ocrx_word' id='word_1_804' title='bbox 2484 4722 2598 4780; x_wconf 82' lang='lat' dir='ltr'><strong>sibi,</strong></span> <span class='ocrx_word' id='word_1_805' title='bbox 2620 4721 2685 4771; x_wconf 89' lang='lat' dir='ltr'><strong>de</strong></span> <span class='ocrx_word' id='word_1_806' title='bbox 2706 4733 2764 4771; x_wconf 82' lang='lat' dir='ltr'><strong>se</strong></span> <span class='ocrx_word' id='word_1_807' title='bbox 2788 4727 2924 4784; x_wconf 84' lang='lat' dir='ltr'><strong>putat</strong></span> <span class='ocrx_word' id='word_1_808' title='bbox 2941 4723 3102 4771; x_wconf 80' lang='lat' dir='ltr'><strong>omnia</strong></span> <span class='ocrx_word' id='word_1_809' title='bbox 3134 4715 3249 4769; x_wconf 87' lang='lat' dir='ltr'><strong>dici.</strong></span> 
     </span>
    </p>
   </div>
   <div class='ocr_carea' id='block_1_109' title="bbox 1932 4815 3515 4884">
    <p class='ocr_par' dir='ltr' id='par_1_109' title="bbox 1932 4815 3515 4884">
     <span class='ocr_line' id='line_1_109' title="bbox 1932 4815 3515 4884; baseline -0.001 -15"><span class='ocrx_word' id='word_1_810' title='bbox 1932 4815 2001 4870; x_wconf 90' lang='lat' dir='ltr'><strong>Et</strong></span> <span class='ocrx_word' id='word_1_811' title='bbox 2025 4824 2329 4884; x_wconf 71' lang='lat' dir='ltr'><strong>quaerentes</strong></span> <span class='ocrx_word' id='word_1_812' title='bbox 2379 4831 2502 4870; x_wconf 90' lang='lat' dir='ltr'><strong>eum</strong></span> <span class='ocrx_word' id='word_1_813' title='bbox 2557 4823 2760 4880; x_wconf 77' lang='lat' dir='ltr'><strong>tenere,</strong></span> <span class='ocrx_word' id='word_1_814' title='bbox 2812 4816 3110 4870; x_wconf 87' lang='lat' dir='ltr'><strong>timuerunt</strong></span> <span class='ocrx_word' id='word_1_815' title='bbox 3142 4817 3349 4879; x_wconf 86' lang='lat' dir='ltr'><strong>turbas,</strong></span> <span class='ocrx_word' id='word_1_816' title='bbox 3391 4815 3515 4884; x_wconf 81' lang='lat' dir='ltr'><strong>quia</strong></span> 
     </span>
    </p>
   </div>
   <div class='ocr_carea' id='block_1_110' title="bbox 1931 4905 3514 4976">
    <p class='ocr_par' dir='ltr' id='par_1_110' title="bbox 1931 4905 3514 4976">
     <span class='ocr_line' id='line_1_110' title="bbox 1931 4905 3514 4976; baseline -0.001 -16"><span class='ocrx_word' id='word_1_817' title='bbox 1931 4906 2072 4960; x_wconf 89' lang='lat' dir='ltr'><strong>sicut</strong></span> <span class='ocrx_word' id='word_1_818' title='bbox 2119 4907 2435 4976; x_wconf 86' lang='lat' dir='ltr'><strong>prophetam</strong></span> <span class='ocrx_word' id='word_1_819' title='bbox 2483 4919 2606 4958; x_wconf 89' lang='lat' dir='ltr'><strong>eum</strong></span> <span class='ocrx_word' id='word_1_820' title='bbox 2653 4905 2944 4958; x_wconf 89' lang='lat' dir='ltr'><strong>habebant.</strong></span> <span class='ocrx_word' id='word_1_821' title='bbox 2998 4906 3174 4959; x_wconf 86' lang='lat' dir='ltr'><strong>Turba</strong></span> <span class='ocrx_word' id='word_1_822' title='bbox 3221 4921 3436 4974; x_wconf 72' lang='lat' dir='ltr'><strong>semper</strong></span> <span class='ocrx_word' id='word_1_823' title='bbox 3462 4908 3514 4960; x_wconf 91' lang='lat' dir='ltr'><strong>in</strong></span> 
     </span>
    </p>
   </div>
   <div class='ocr_carea' id='block_1_111' title="bbox 1927 4995 3515 5057">
    <p class='ocr_par' dir='ltr' id='par_1_111' title="bbox 1927 4995 3515 5057">
     <span class='ocr_line' id='line_1_111' title="bbox 1927 4995 3515 5057; baseline -0.003 -4"><span class='ocrx_word' id='word_1_824' title='bbox 1927 5006 2074 5053; x_wconf 88' lang='lat' dir='ltr'><strong>motu</strong></span> <span class='ocrx_word' id='word_1_825' title='bbox 2108 5006 2227 5052; x_wconf 88' lang='lat' dir='ltr'><strong>est:</strong></span> <span class='ocrx_word' id='word_1_826' title='bbox 2275 5006 2330 5052; x_wconf 89' lang='lat' dir='ltr'><strong>et</strong></span> <span class='ocrx_word' id='word_1_827' title='bbox 2357 4997 2496 5051; x_wconf 89' lang='lat' dir='ltr'><strong>sicut</strong></span> <span class='ocrx_word' id='word_1_828' title='bbox 2525 4995 2592 5047; x_wconf 88' lang='lat' dir='ltr'><strong>ad</strong></span> <span class='ocrx_word' id='word_1_829' title='bbox 2631 4996 3050 5049; x_wconf 80' lang='lat' dir='ltr'><strong>convertendum</strong></span> <span class='ocrx_word' id='word_1_830' title='bbox 3102 4995 3297 5057; x_wconf 80' lang='lat' dir='ltr'><strong>facilis,</strong></span> <span class='ocrx_word' id='word_1_831' title='bbox 3344 4995 3423 5048; x_wconf 90' lang='lat' dir='ltr'><strong>sic</strong></span> <span class='ocrx_word' id='word_1_832' title='bbox 3449 4995 3515 5048; x_wconf 86' lang='lat' dir='ltr'><strong>ad</strong></span> 
     </span>
    </p>
   </div>
   <div class='ocr_carea' id='block_1_112' title="bbox 1927 5084 3513 5158">
    <p class='ocr_par' dir='ltr' id='par_1_112' title="bbox 1927 5084 3513 5158">
     <span class='ocr_line' id='line_1_112' title="bbox 1927 5084 3513 5158; baseline -0.003 -16"><span class='ocrx_word' id='word_1_833' title='bbox 1927 5089 2320 5158; x_wconf 89' lang='lat' dir='ltr'><strong>desperandum</strong></span> <span class='ocrx_word' id='word_1_834' title='bbox 2368 5086 2642 5156; x_wconf 87' lang='lat' dir='ltr'><strong>proclivis.</strong></span> <span class='ocrx_word' id='word_1_835' title='bbox 2675 5085 2845 5152; x_wconf 87' lang='lat' dir='ltr'><strong>Quem</strong></span> <span class='ocrx_word' id='word_1_836' title='bbox 2879 5087 3021 5140; x_wconf 88' lang='lat' dir='ltr'><strong>enim</strong></span> <span class='ocrx_word' id='word_1_837' title='bbox 3057 5100 3160 5138; x_wconf 87' lang='lat' dir='ltr'><strong>una</strong></span> <span class='ocrx_word' id='word_1_838' title='bbox 3200 5085 3287 5136; x_wconf 90' lang='lat' dir='ltr'><strong>die</strong></span> <span class='ocrx_word' id='word_1_839' title='bbox 3314 5084 3513 5137; x_wconf 81' lang='lat' dir='ltr'><strong>debitis</strong></span> 
     </span>
    </p>
   </div>
   <div class='ocr_carea' id='block_1_113' title="bbox 1927 5173 3511 5239">
    <p class='ocr_par' dir='ltr' id='par_1_113' title="bbox 1927 5173 3511 5239">
     <span class='ocr_line' id='line_1_113' title="bbox 1927 5173 3511 5239; baseline -0.003 -7"><span class='ocrx_word' id='word_1_840' title='bbox 1927 5178 2174 5233; x_wconf 89' lang='lat' dir='ltr'><strong>laudibus</strong></span> <span class='ocrx_word' id='word_1_841' title='bbox 2193 5186 2250 5230; x_wconf 91' lang='lat' dir='ltr'><strong>ut</strong></span> <span class='ocrx_word' id='word_1_842' title='bbox 2273 5177 2440 5230; x_wconf 91' lang='lat' dir='ltr'><strong>Deum</strong></span> <span class='ocrx_word' id='word_1_843' title='bbox 2463 5175 2794 5239; x_wconf 90' lang='lat' dir='ltr'><strong>extulerunt,</strong></span> <span class='ocrx_word' id='word_1_844' title='bbox 2819 5183 2967 5230; x_wconf 82' lang='lat' dir='ltr'><strong>sexta</strong></span> <span class='ocrx_word' id='word_1_845' title='bbox 2993 5175 3078 5229; x_wconf 88' lang='lat' dir='ltr'><strong>die</strong></span> <span class='ocrx_word' id='word_1_846' title='bbox 3103 5183 3162 5228; x_wconf 90' lang='lat' dir='ltr'><strong>ut</strong></span> <span class='ocrx_word' id='word_1_847' title='bbox 3186 5173 3511 5228; x_wconf 87' lang='lat' dir='ltr'><strong>homicidam</strong></span> 
     </span>
    </p>
   </div>
   <div class='ocr_carea' id='block_1_114' title="bbox 1926 5267 2482 5338">
    <p class='ocr_par' dir='ltr' id='par_1_114' title="bbox 1926 5267 2482 5338">
     <span class='ocr_line' id='line_1_114' title="bbox 1926 5267 2482 5338; baseline -0.009 -14"><span class='ocrx_word' id='word_1_848' title='bbox 1926 5269 2072 5324; x_wconf 90' lang='lat' dir='ltr'><strong>cruci</strong></span> <span class='ocrx_word' id='word_1_849' title='bbox 2083 5269 2167 5338; x_wconf 85' lang='lat' dir='ltr'><strong>ﬁgi</strong></span> <span class='ocrx_word' id='word_1_850' title='bbox 2193 5267 2482 5335; x_wconf 89' lang='lat' dir='ltr'><strong>petierunt.</strong></span> 
     </span>
    </p>
   </div>
   <div class='ocr_carea' id='block_1_115' title="bbox 2538 5377 2908 5435">
    <p class='ocr_par' dir='ltr' id='par_1_115' title="bbox 2538 5377 2908 5435">
     <span class='ocr_line' id='line_1_115' title="bbox 2538 5377 2908 5435; baseline -0.005 -2"><span class='ocrx_word' id='word_1_851' title='bbox 2538 5379 2765 5435; x_wconf 84' lang='lat' dir='ltr'><strong>CAPUT</strong></span> <span class='ocrx_word' id='word_1_852' title='bbox 2803 5377 2908 5432; x_wconf 89' lang='lat' dir='ltr'><strong>Lll.</strong></span> 
     </span>
    </p>
   </div>
   <div class='ocr_carea' id='block_1_116' title="bbox 2418 5490 3020 5562">
    <p class='ocr_par' dir='ltr' id='par_1_116' title="bbox 2418 5490 3020 5562">
     <span class='ocr_line' id='line_1_116' title="bbox 2418 5490 3020 5562; baseline -0.008 -16"><span class='ocrx_word' id='word_1_853' title='bbox 2418 5497 2491 5546; x_wconf 86' lang='lat' dir='ltr'><strong>De</strong></span> <span class='ocrx_word' id='word_1_854' title='bbox 2524 5491 2621 5562; x_wconf 83' lang='lat' dir='ltr'><strong>ﬁlii</strong></span> <span class='ocrx_word' id='word_1_855' title='bbox 2646 5492 2778 5561; x_wconf 87' lang='lat' dir='ltr'><strong>regis</strong></span> <span class='ocrx_word' id='word_1_856' title='bbox 2808 5490 3020 5559; x_wconf 88' lang='lat' dir='ltr'><strong>nuptiis.</strong></span> 
     </span>
    </p>
   </div>
   <div class='ocr_carea' id='block_1_117' title="bbox 1998 5599 3511 5674">
    <p class='ocr_par' dir='ltr' id='par_1_117' title="bbox 1998 5599 3511 5674">
     <span class='ocr_line' id='line_1_117' title="bbox 1998 5599 3511 5674; baseline -0.001 -19"><span class='ocrx_word' id='word_1_857' title='bbox 1998 5601 2066 5656; x_wconf 90' lang='lat' dir='ltr'><strong>Et</strong></span> <span class='ocrx_word' id='word_1_858' title='bbox 2097 5605 2405 5674; x_wconf 83' lang='lat' dir='ltr'><strong>respondens</strong></span> <span class='ocrx_word' id='word_1_859' title='bbox 2437 5603 2592 5656; x_wconf 83' lang='lat' dir='ltr'><strong>Jesus</strong></span> <span class='ocrx_word' id='word_1_860' title='bbox 2639 5603 2770 5656; x_wconf 73' lang='lat' dir='ltr'><strong>dixit</strong></span> <span class='ocrx_word' id='word_1_861' title='bbox 2817 5604 3005 5655; x_wconf 86' lang='lat' dir='ltr'><strong>iterum</strong></span> <span class='ocrx_word' id='word_1_862' title='bbox 3048 5601 3102 5655; x_wconf 87' lang='lat' dir='ltr'><strong>in</strong></span> <span class='ocrx_word' id='word_1_863' title='bbox 3144 5599 3405 5670; x_wconf 74' lang='lat' dir='ltr'><strong>parabolis</strong></span> <span class='ocrx_word' id='word_1_864' title='bbox 3438 5599 3511 5653; x_wconf 75' lang='lat' dir='ltr'><strong>eis</strong></span> 
     </span>
    </p>
   </div>
   <div class='ocr_carea' id='block_1_118' title="bbox 1927 5689 3512 5761">
    <p class='ocr_par' dir='ltr' id='par_1_118' title="bbox 1927 5689 3512 5761">
     <span class='ocr_line' id='line_1_118' title="bbox 1927 5689 3512 5761; baseline 0.001 -17"><span class='ocrx_word' id='word_1_865' title='bbox 1927 5691 2160 5750; x_wconf 81' lang='lat' dir='ltr'><strong>loquens.</strong></span> <span class='ocrx_word' id='word_1_866' title='bbox 2193 5692 2346 5757; x_wconf 90' lang='lat' dir='ltr'><strong>Quod</strong></span> <span class='ocrx_word' id='word_1_867' title='bbox 2397 5693 2595 5747; x_wconf 90' lang='lat' dir='ltr'><strong>dicitur</strong></span> <span class='ocrx_word' id='word_1_868' title='bbox 2642 5691 2995 5759; x_wconf 85' lang='lat' dir='ltr'><strong>respondens,</strong></span> <span class='ocrx_word' id='word_1_869' title='bbox 3038 5691 3106 5746; x_wconf 93' lang='lat' dir='ltr'><strong>ad</strong></span> <span class='ocrx_word' id='word_1_870' title='bbox 3157 5689 3512 5761; x_wconf 74' lang='lat' dir='ltr'><strong>cogitationes</strong></span> 
     </span>
    </p>
   </div>
  </div>
