3952 6186
425 362 446 415 i
462 364 563 419 «£59

1205 355 1594 414 CHRISTIANI
1637 352 2046 412 DRUTHMARI
2081 350 2528 411 CORBEIENSIS
2563 350 2867 412 MONACHI

3536 347 3685 403 tuo

425 492 611 533 eorum
639 474 837 531 dicitur
858 473 1216 542 respondisse,
1250 474 1374 541 quia
1418 471 1517 541 ipsi
1548 470 1850 541 cogitabant
1887 483 1993 523 non
2022 474 2069 533 Α
2099 469 2208 524 sint
2240 466 2484 533 oll‘ensio,
2515 469 2639 537 quia
2668 467 2865 521 dicitur
2885 464 2999 519 eis:
3035 462 3188 530 Quod
3233 442 3417 517 unica
3443 462 3684 515 minimis

424 571 595 625 solum
627 583 747 623 eum
800 566 1129 636 disperdere,
1177 566 1270 619 sed
1305 572 1359 619 et
1413 578 1601 618 omnes
1644 563 1734 632 qui
1790 562 1843 617 in
1872 574 1996 614 eum

425 660 734 723 credebant,
763 657 886 711 ideo
915 657 1099 711 retulit
1122 656 1200 709 eis
1239 654 1544 725 parabolam
1569 654 1751 707 dicens
1775 667 1790 704 :
1819 649 1999 705 Simile

428 750 621 818 factum
659 756 732 800 est
756 762 967 816 regnum
989 744 1229 799 caelorum
1254 743 1451 797 homini
1484 742 1608 811 regi,
1638 741 1726 811 qui
1757 740 1874 807 fecit
1904 755 2001 792 nu-

2103 560 2231 613 meis
2261 558 2475 627 fecistis,
2503 559 2631 611 mihi
2656 555 2868 627 fecistis.

2170 644 2283 700 Rea:
2331 655 2505 700 autem
2540 662 2657 699 cum
2714 644 2942 698 audisset
2985 643 3153 697 iratus
3200 650 3295 696 est.
3341 641 3399 695 In
3438 640 3600 695 initio
3636 651 3693 694 et

2103 738 2264 792 homo
2289 745 2343 791 et
2366 744 2459 791 rex
2480 743 2701 791 vocatus
2720 741 2823 800 est,
2849 735 2972 804 quia
2998 733 3281 789 clementia
3318 732 3433 800 ejus
3456 733 3532 787 ibi
3563 746 3691 786 nar-

426 840 559 908 ptias
604 835 716 905 ﬁlio
753 852 866 889 suo.
917 834 1132 889 Christo
1186 834 1433 887 Domino.
1483 831 1547 885 Et
1598 829 1841 884 Ecclesia
1884 841 2003 897 qure
2102 827 2274 895 ratur,
2301 844 2404 898 qua
2432 828 2496 883 ad
2517 829 2818 884 convivium
2845 843 2999 882 suum
3027 841 3214 881 omnes
3239 826 3422 880 venire
3446 824 3695 879 volentes

430 937 634 980 tamex
688 925 886 980 Judmis
927 940 1087 994 quam
1136 939 1200 977 ex
1256 923 1503 994 gentibus
1546 928 1866 989 congregata
1896 925 2001 980 est,

429 1016 774 1087 congregatio
794 1014 1083 1084 justorum,
1110 1028 1331 1080 regnum
1359 1012 1617 1065 caelorum
1659 1009 1873 1063 dicitur.
1901 1007 2006 1060 Rc-

430 1122 592 1176 gnum
621 1120 749 1159 vero
771 1105 1047 1167 ctelorum,
1079 1103 1315 1156 Ecclesia
1361 1109 1442 1155 est
1479 1102 1767 1170 iustorum.
1817 1097 1873 1151 ln
1906 1098 2006 1151 hoc

430 1194 593 1248 Pater
620 1209 715 1247 rex
745 1191 881 1246 Filio
902 1192 1114 1260 nuptias
1142 1190 1267 1243 fecit
1288 1204 1396 1258 quo
1420 1188 1466 1242 ci
1500 1202 1597 1256 per
1620 1186 2007 1241 incarnationis

430 1285 745 1356 mysterium
775 1291 1016 1336 sanctam
1054 1280 1348 1334 EccleSiam
1375 1278 1617 1333 sociavit.
1663 1276 1807 1329 Misit
1838 1291 2008 1328 seruos

429 1392 551 1428 suos
578 1372 1021 1427 vocareinvitatos
1065 1370 1132 1423 ad
1169 1370 1400 1436 nuptias,
1450 1377 1499 1421 et
1538 1366 1778 1421 nolebant
1811 1365 2005 1420 venire.

430 1464 587 1519 Servi
621 1464 706 1517 isti
758 1461 1033 1532 prephette
1084 1459 1470 1527 intelliguntur,
1516 1456 1681 1511 David
1729 1470 1849 1509 cum
1903 1470 2008 1508 ca:-

436 1556 571 1609 tcris
599 1571 613 1619 ;
646 1554 774 1607 licet
802 1552 944 1606 enim
975 1560 1029 1603 et
1068 1550 1152 1603 lex
1181 1550 1305 1603 data
1341 1547 1501 1602 fuerit
1526 1555 1580 1601 ct
1603 1562 1700 1616 per
1723 1545 2013 1615 prophetas

436 1644 577 1698 Dens
608 1642 884 1696 nuntiatus
915 1639 1095 1703 fuerit,
1142 1646 1322 1691 tamen
1370 1636 1605 1705 neglexit
1650 1649 1815 1704 prope
1839 1633 2014 1687 omnis

438 1731 670 1785 mundus
699 1729 946 1782 mandata
992 1728 1109 1782 Dei.
1151 1726 1348 1779 lterum
1390 1727 1527 1778 misit
1557 1722 1689 1776 alios
1718 1739 1888 1776 servos
1927 1720 2012 1774 di-

2105 918 2368 973 invitavit.
2405 919 2502 974 Hic
2535 933 2666 972 vero
2708 932 2899 973 nomen
2944 916 3178 971 hominis
3222 915 3433 979 siletur,
3488 923 3545 968 et
3593 931 3686 969 rex

2108 1015 2314 1062 tantum
2342 1009 2670 1072 nominatur,
2718 1007 2812 1061 ubi
2861 1006 3128 1060 vindictas
3174 1004 3414 1063 facturus
3442 1005 3685 1059 dicitur:

2109 1097 2286 1152 Missis
2332 1098 2638 1151 exercitibus
2677 1097 2806 1160 suis,
2854 1094 3079 1165 perdidit
3128 1093 3417 1147 homicidas
3463 1093 3611 1156 illos,
3641 1103 3686 1145 et

2108 1188 2363 1242 civitatem
2390 1187 2535 1241 illam
2562 1187 2846 1241 succendit.
2875 1185 2955 1240 Ad
2988 1185 3220 1239 litteram
3266 1184 3331 1238 de
3380 1182 3587 1237 Iudaeis
3614 1182 3690 1235 fa-

2109 1284 2254 1330 ctum
2305 1284 2403 1330 est.
2453 1274 2586 1329 Nam
2629 1277 2754 1345 quia
2799 1275 3111 1330 occiderunt
3156 1288 3344 1329 servos
3391 1274 3488 1328 Dei
3538 1273 3606 1325 ad
3636 1290 3691 1327 sc

2110 1364 2305 1419 missos
2331 1363 2413 1419 vel
2452 1364 2821 1419 occidentibus
2849 1372 3244 1435 suggessernnt,
3283 1371 3411 1418 tunc
3445 1365 3688 1432 prophe-

2110 1463 2195 1507 tas
2224 1463 2280 1509 et
2328 1450 2471 1509 nunc
2518 1453 2806 1523 apostolos,
2856 1453 3138 1518 Joannem,
3189 1452 3470 1517 Iacobum,
3528 1453 3691 1507 alium

2110 1545 2391 1610 Jacobum,
2450 1545 2802 1614 Stephanum,
2841 1551 2897 1597 et
2940 1544 3253 1597 innumeros
3297 1541 3454 1605 alios,
3496 1543 3696 1595 missus

2112 1645 2195 1691 est
2223 1634 2317 1690 Dei
2349 1636 2637 1690 exercitus.
2666 1633 2732 1687 Et
2753 1632 2897 1702 juste
2938 1632 3055 1697 Dei,
3083 1633 3206 1702 quia
3255 1632 3554 1686 vindictam
3604 1631 3695 1685 Dei

2113 1725 2353 1780 exercuit
2383 1724 2742 1794 Vespasianus
2769 1731 2823 1778 et
2846 1722 3017 1786 Titus,
3054 1731 3111 1775 et
3143 1722 3341 1776 delevit
3372 1721 3695 1783 homicidas,

434 1837 553 1873 cens
578 1833 595 1871 :
642 1819 808 1871 Dicite
857 1818 1102 1878 invitatis,
1149 1815 1282 1869 Ecce
1308 1814 1588 1883 prandium
1616 1829 1785 1866 meum
1810 1811 2007 1881 paravi.
2041 1827 2087 1885 Β
2114 1828 2167 1874 ει
2191 1818 2443 1889 templum
2470 1818 2612 1888 quod
2653 1816 2927 1886 augustius
2952 1821 3070 1870 erat
3114 1813 3369 1875 incendit,
3398 1828 3461 1867 ac
3507 1821 3697 1881 postea

436 1909 530 1963 lsti
563 1908 652 1962 alii
684 1908 823 1963 servi
850 1906 1077 1975 apostoli
1108 1905 1477 1975 intelliguntur
1506 1905 1595 1973 qui
1620 1903 1775 1958 nobis
1800 1919 2012 1957 annun-

438 2003 709 2056 tiavcruut
760 2001 981 2055 delicias
1032 2008 1366 2069 praeparatas
1421 1997 1767 2067 diligentibus
1824 1995 2012 2059 Deum,

435 2110 554 2160 qua:
580 2109 671 2146 nec
697 2091 878 2145 oculus
902 2091 1045 2151 vidi',
1075 2106 1166 2142 nec
1188 2090 1332 2143 auris
1352 2089 1567 2143 audivit.
1594 2089 1634 2141 Ε
1661 2088 1853 2157 quibus
1877 2104 2017 2143 unus

438 2166 503 2236 ex
535 2195 766 2251 persona
821 2180 1032 2234 Domini
1075 2176 1242 2234 dixit:
1293 2176 1483 2239 Venite,
1540 2177 1793 2231 benedicti
1838 2175 2017 2231 Patris

436 2272 559 2335 mei,
592 2271 837 2340 percipite
867 2285 1079 2338 regnum
1108 2269 1248 2339 quod
1279 2267 1416 2322 vobis
1443 2278 1686 2338 paratum
1714 2277 1788 2322 est
1816 2268 1880 2322 ab
1907 2269 2016 2322 ori-

436 2361 556 2431 gt'ne
576 2360 775 2414 mundi.
803 2360 896 2415 Vel
929 2359 1211 2430 prandium
1242 2358 1519 2428 Scriptura
1554 2360 1729 2415 divina
1756 2361 1808 2415 in
1837 2359 2020 2416 Eccle-

442 2452 523 2507 sia
549 2452 780 2507 Domini.
830 2442 995 2505 Tauri
1024 2452 1123 2505 mei
1152 2460 1199 2505 et
1242 2451 1413 2505 altilia
1462 2452 1651 2506 occisa.
1700 2451 1804 2507 Per
1848 2459 2019 2507 meta-

439 2542 664 2613 phoram
694 2556 824 2610 opes
848 2541 1006 2611 regiae
1035 2541 1436 2607 describuntur,
1481 2550 1535 2595 et
1559 2550 1643 2596 est
1665 2542 1871 2612 species
1898 2556 2017 2596 me-

443 2632 685 2702 taphorte
726 2630 1006 2701 allegoria.
1058 2630 1163 2686 Per
1230 2640 1412 2686 tauros
1464 2633 1662 2687 veteris
1713 2632 2019 2688 testamenti

444 2728 714 2791 martyres
744 2718 1131 2791 intelliguntur,
1161 2727 1219 2772 ut
1247 2718 1471 2775 Eleazar
1495 2729 1552 2774 et
1578 2718 2021 2789 Machabaei,qui-

440 2808 543 2864 bus
567 2822 881 2863 concessum
912 2808 1011 2862 fuit
1052 2807 1206 2876 quasi
1254 2822 1422 2863 cornu
1466 2806 1755 2864 defendere
1796 2816 1851 2863 et
1870 2809 2021 2863 odire

443 2900 712 2958 inimicos.
741 2897 845 2954 Per
869 2898 1056 2965 altilia,
1089 2913 1216 2954 aves
1241 2906 1407 2969 pasta:
1432 2898 1815 2970 intelliguntur.
1843 2898 2021 2952 Altilia

442 2992 609 3059 enim,
663 2993 818 3062 quasi
865 2992 1035 3047 altilia
1078 3007 1334 3047 vocamus
1367 2993 1436 3047 ab
1483 2991 1692 3055 alendo,
1741 2999 2021 3060 pastzeque

443 3083 604 3154 vulgo
631 3090 939 3137 vocantur;
993 3082 1271 3151 propheta:
1327 3081 1700 3152 intelliguntur
1746 3082 1837 3149 qui
1881 3079 2021 3148 pasti

2117 1912 2185 1965 ab
2214 1909 2342 1979 ipsis
2371 1909 2629 1963 Romanis
2655 1907 2843 1962 civitas
2868 1906 3163 1969 destructa,
3209 1911 3266 1962 et
3300 1903 3378 1958 sal
3409 1904 3460 1957 in
3501 1903 3693 1958 eadem

2116 2003 2442 2072 dispersum.
2471 1999 2617 2054 Tunc
2645 2000 2716 2052 ait
2740 1996 2900 2052 servis
2920 1997 3031 2050 suis
3053 2010 3072 2047 :
3115 1992 3169 2048 Ν
3174 1993 3329 2064 uptire
3369 1992 3583 2064 quidem
3605 2009 3696 2062 pa-

2116 2103 2245 2147 rata:
2275 2103 2413 2145 sunt.
2465 2091 2674 2160 Nuptiae
2722 2097 2850 2144 tunc
2899 2088 3126 2142 fuissent
3172 2085 3216 2140 si
3247 2079 3698 2153 adiunxissentse

2118 2185 2184 2240 ad
2218 2184 2345 2239 illud
2374 2183 2697 2238 convivium.
2724 2181 2841 2236 Non
2882 2178 3101 2234 fuerunt
3128 2177 3297 2247 digni.
3343 2176 3458 2230 Non
3488 2190 3697 2244 pnepa-

2117 2281 2371 2329 ravernnt
2392 2289 2451 2329 se
2476 2272 2684 2342 dignos.
2710 2270 2789 2325 Ite
2814 2256 2932 2341 ergo
2956 2268 3026 2322 ad
3043 2269 3211 2321 exitus
3233 2266 3453 2321 viarum.
3474 2265 3693 2327 Ε’ωιιεε,

2118 2366 2293 2420 docete
2322 2380 2495 2418 omnes
2517 2371 2706 2433 gentes.
2736 2361 2794 2415 In
2820 2361 3054 2415 exitibus
3091 2367 3269 2413 autem
3302 2358 3510 2410 viarum
3540 2365 3697 2410 erant

2106 2462 2327 2524 gentes,
2355 2453 2481 2523 quia
2510 2467 2614 2508 nec
2639 2446 2813 2524 legem
2852 2450 3143 2513 habebant,
3172 2463 3271 2518 per
3297 2462 3454 2517 quam
3474 2446 3685 2515 potuis-

2119 2546 2543 2615 sentpervenire
2586 2544 2651 2598 ad
2686 2558 2808 2598 eum
2838 2542 2930 2611 qui
2981 2540 3134 2603 dixit,
3176 2539 3290 2608 Ego
3333 2554 3448 2591 sum
3491 2537 3599 2590 ria.
3628 2535 3697 2590 Et

2118 2636 2794 2711 quoscunque‘inveneritis,
2821 2643 2997 2689 vocate
3017 2632 3087 2686 ad
3110 2631 3339 2700 nuptias.
3370 2629 3449 2684 Ita
3476 2628 3537 2682 ﬁt
3558 2644 3692 2698 quo—

2122 2732 2269 2796 tidie,
2308 2730 2500 2785 divites
2537 2737 2591 2784 et
2619 2740 2905 2799 pauperes,
2956 2724 3186 2782 humiles
3224 2730 3278 2779 et
3325 2723 3565 2791 superbi,
3611 2723 3702 2774 do-

2120 2821 2252 2876 mini
2280 2828 2334 2875 et
2376 2821 2539 2882 servi,
2590 2818 2857 2889 publicani
2888 2824 2944 2872 et
2976 2816 3311 2879 meretrices,
3350 2822 3608 2869 vocantur
3647 2814 3696 2866 in

2122 2926 2421 2974 commune,
2450 2919 2505 2965 et
2544 2911 2776 2965 dicitur:
2818 2906 3185 2963 Paenitentiam
3223 2906 3382 2976 agite,
3421 2906 3697 2975 appropin-

2122 3004 2300 3076 quabit
2337 3003 2473 3058 enim
2502 3016 2717 3073 regnum
2748 2999 3012 3055 caelorum.

2196 3095 2265 3150 Et
2296 3094 2486 3166 egressi
2514 3094 2647 3148 servi
2691 3091 2805 3162 ejus
2845 3091 2900 3144 in
2928 3090 3057 3144 uias.
3102 3089 3159 3145 In
3188 3088 3327 3151 vias,
3362 3101 3465 3141 non
3506 3085 3563 3138 in
3590 3085 3696 3138 via.

445 3170 734 3226 afﬂuenter
761 3170 962 3240 Spiritu
991 3179 1180 3226 sancto
1216 3179 1272 3224 et
1315 3172 1480 3225 verbo
1519 3171 1614 3225 Dei
1641 3170 1805 3240 aliqui
1831 3170 2020 3225 elevati
2048 3182 2094 3244 ρ
2127 3188 2255 3254 Qum
2282 3186 2337 3241 in
2361 3186 2557 3241 bona",
2601 3190 2809 3256 partem
2840 3182 3102 3251 accipitur
3143 3194 3370 3234 numero
3419 3175 3701 3245 singulari,

444 3267 574 3315 sunt
592 3275 621 3313 a
650 3266 815 3313 terra.
848 3257 917 3311 Et
957 3260 1134 3311 omnia
1178 3266 1387 3327 parata,
1413 3259 1577 3311 uenite
1605 3258 1673 3311 ad
1701 3259 1927 3328 nuptias.
1959 3258 2027 3312 Et

442 3350 698 3406 similiter
723 3349 868 3418 quod
895 3346 1090 3401 Petrus
1117 3346 1363 3404 dicebat:
1404 3343 1540 3400 Cum
1569 3346 1824 3403 uideritis.
1851 3345 2027 3401 exsul-

441 3438 620 3496 tabitis
639 3436 821 3492 la'titia
841 3435 1183 3491 inenarrabili
1212 3445 1260 3489 et
1291 3435 1602 3506 gloriﬁcata.

517 3555 609 3611 Illi
634 3567 807 3611 autem
838 3553 1167 3627 neglexerunt
1189 3564 1236 3610 et
1262 3554 1524 3621 abierunt,
1576 3553 1713 3609 alius
1749 3538 1805 3608 in
1846 3553 2024 3609 uillam

448 3663 625 3712 suam,
650 3646 788 3701 alius
818 3645 888 3699 ad
931 3646 1333 3716 negotiationem
1370 3662 1541 3699 suam.
1573 3645 1632 3700 In
1663 3645 1846 3701 villam
1871 3660 2023 3701 suam

442 3738 569 3806 quis
598 3736 793 3807 pergit,
826 3742 882 3790 et
919 3735 987 3789 ad
1013 3734 1318 3790 convivium
1361 3743 1621 3788 aeternum
1666 3735 1850 3790 venire
1892 3750 2025 3790 con-

446 3826 641 3882 temnit
664 3840 786 3880 cum
816 3824 1023 3880 habens
1069 3824 1438 3894 possessiones
1492 3830 1733 3879 terrenas
1763 3822 2028 3879 sufficien-

447 3927 552 3983 ter,
578 3918 632 3972 in
655 3923 906 3987 promptu
936 3916 1101 3971 habet
1134 3916 1357 3986 implere
1389 3916 1690 3986 voluptates
1711 3930 1837 3972 suas
1861 3934 1874 3970 :
1900 3916 2029 3970 facit

448 4006 590 4076 quod
614 4020 735 4059 eum
761 4005 1009 4066 delectat,
1056 4012 1111 4060 et
1137 4004 1476 4074 amplectitur
1517 4006 1737 4075 quodin
1777 4005 2030 4076 presenti

449 4097 655 4163 arridet
673 4103 730 4150 et
751 4095 972 4167 negligit
1002 4095 1280 4150 intendere
1329 4111 1436 4165 quo
1477 4093 1702 4152 vocatus
1741 4104 1846 4151 est.
1877 4096 2030 4151 Alius

449 4186 515 4242 ad
542 4186 958 4257 negotiationem
1015 4186 1211 4255 pergit,
1266 4201 1387 4241 cum
1418 4188 1622 4242 habens
1673 4187 2030 4242 ministerium

451 4274 667 4345 aliquod
693 4275 747 4329 in
775 4289 882 4344 quo
921 4282 1099 4344 potest
1140 4288 1431 4347 aggregare
1473 4284 1754 4348 argentum
1784 4277 1868 4332 vel
1900 4278 2034 4334 alias

452 4364 635 4419 mundi
680 4364 917 4429 divitias,
943 4364 1026 4418 vel
1054 4379 1150 4432 per
1170 4364 1586 4433 negotiationem
1613 4366 1828 4421 divitias
1850 4367 2034 4437 acqui-

2125 3276 2317 3346 plnrali
2370 3275 2695 3346 voluptates,
2751 3271 2837 3327 vel
2888 3278 3051 3327 sectae
3100 3270 3330 3325 diversa:
3374 3267 3700 3323 sentiuntur.

2124 3365 2578 3435 Congregaverunt
2627 3363 2786 3416 bonos
2816 3371 2864 3415 et
2913 3359 3099 3414 malos.
3149 3357 3548 3429 Requirendum
3573 3370 3704 3425 quo-

2124 3455 2284 3510 modo
2307 3455 2433 3510 boni
2476 3454 2677 3508 inventi
2721 3452 2921 3508 fuerint
2974 3453 3116 3508 inter
3145 3460 3354 3523 gentes.
3385 3451 3489 3507 Sed
3528 3451 3704 3505 scien-

2124 3546 2251 3601 dum
2274 3546 2444 3600 bonos
2480 3542 2585 3599 dici
2615 3544 2681 3599 ad
2705 3543 3157 3613 comparationem
3182 3542 3445 3598 malorum
3470 3559 3484 3606 ;
3516 3551 3701 3596 tamen

2124 3634 2276 3690 multi
2302 3634 2428 3691 boni
2454 3635 2655 3691 inventi
2683 3643 2809 3690 sunt
2837 3635 2980 3689 inter
3005 3642 3218 3706 gentes,
3247 3644 3309 3689 ut
3337 3633 3438 3690 fuit
3461 3632 3585 3695 Job,
3612 3634 3701 3689 Je-

2114 3729 2268 3792 ‘thro,
2300 3727 2517 3786 Achior.
2548 3735 2605 3781 et
2625 3727 2786 3782 etiam
2812 3726 2957 3781 inter
2976 3726 3121 3795 ipsos
3139 3741 3378 3796 paganos
3397 3735 3514 3781 erat
3541 3725 3702 3779 multa

2126 3817 2404 3880 discretio,
2436 3817 2564 3886 quia
2594 3815 2746 3870 multi
2791 3823 2948 3871 erant
2991 3815 3083 3886 qui
3117 3814 3246 3869 vitia
3277 3815 3704 3875 detestabantur,

2126 3915 2180 3961 et
2203 3905 2419 3962 divitias
2446 3905 2791 3976 reSpuchant,
2832 3913 2888 3960 et
2923 3896 3090 3959 Deum
3135 3904 3258 3959 caeli
3288 3904 3607 3959 adorabant.
3644 3902 3706 3957 Et

2124 3994 2346 4067 impleta:
2373 4004 2493 4050 sunt
2522 3996 2715 4067 nuptiae
2753 3994 3203 4049 discumbentium.
3232 3993 3443 4064 Nuptiae
3469 3994 3561 4048 hic
3587 4003 3712 4047 sunt

2128 4088 2182 4142 in
2209 4086 2460 4157 praesenti
2483 4085 2744 4140 Ecclesia.
2792 4085 2859 4140 Et
2886 4085 3088 4140 scimus
3112 4084 3239 4154 quia
3267 4083 3507 4139 Ecclesia
3532 4085 3706 4138 mixta

2128 4184 2210 4233 est
2235 4177 2300 4232 de
2323 4176 2481 4231 bonis
2502 4182 2557 4230 et
2584 4173 2756 4229 malis.
2788 4173 2847 4229 In
2876 4174 3017 4230 caelo
3046 4173 3145 4229 soli
3187 4174 3315 4229 boni
3342 4215 3359 4235 ,
3402 4175 3457 4228 in
3499 4174 3712 4229 infemo

2130 4267 2230 4324 soli
2254 4266 2399 4321 mali.
2423 4267 2555 4322 Boni
2578 4274 2631 4321 et
2660 4266 2789 4320 mali
2815 4268 2868 4321 in
2905 4265 3157 4335 praesenti
3186 4264 3449 4321 Ecclesia.
3489 4264 3711 4319 Intrauit

2131 4372 2224 4410 rea:
2253 4365 2309 4410 ut
2333 4357 2525 4411 videret
2557 4355 2951 4410 discumbentes.
2981 4363 3029 4409 ct
3050 4354 3176 4408 vidit
3217 4355 3288 4408 ibi
3313 4355 3575 4408 hominem
3613 4372 3713 4408 non

453 4469 592 4518 rere,
621 4453 687 4507 de
709 4453 797 4507 his
816 4452 988 4523 magis
1016 4453 1215 4522 cogitat
1239 4469 1401 4523 quam
1430 4454 1496 4509 de
1532 4454 1617 4509 his
1645 4469 1763 4524 quae
1804 4456 2033 4525 spondet
2134 4444 2379 4500 vestitum
2404 4453 2539 4499 veste
2580 4441 2821 4514 nuptiali.
2854 4443 3030 4498 Vestis
3065 4444 3319 4512 nuptialis
3342 4443 3585 4499 charitas
3608 4453 3712 4505 εει,

452 4545 505 4599 in
535 4542 819 4612 baptismo.
845 4541 1122 4611 Recogita
1156 4544 1520 4612 unusquisque
1544 4544 1598 4598 in
1623 4559 1728 4613 quo
1750 4542 1917 4598 Deum
1944 4543 2031 4599 of.
2055 4525 2106 4585 D
2132 4535 2257 4604 quia
2303 4550 2401 4604 per
2428 4534 2767 4595 dilectionem
2814 4532 2957 4588 Dens
2994 4532 3287 4588 Ecclesiam
3316 4534 3418 4587 sibi
3465 4535 3713 4589 sociavit.

450 4632 624 4686 t‘endit
643 4639 701 4684 et
722 4646 820 4699 pro
845 4631 1040 4700 quibus
1072 4632 1165 4686 Dei
1193 4641 1459 4702 prmcepta
1504 4635 1759 4705 negligit;
1795 4645 1851 4690 et
1875 4636 2030 4691 intel-

452 4722 581 4792 liget
609 4721 675 4775 de
699 4734 930 4790 quorum
965 4734 1194 4775 numero
1237 4722 1545 4777 censebitur
1584 4730 1789 4778 etcum
1836 4726 2031 4795 quibus

454 4813 508 4868 in
536 4813 641 4867 alia
668 4813 780 4867 vita
810 4812 1228 4883 computabitur.
1255 4811 1462 4882 Reliqui
1481 4828 1598 4867 vero
1625 4822 1897 4869 tenuerunt
1923 4833 2033 4871 ser-

454 4920 540 4959 uos
562 4903 696 4972 ejus,
720 4910 767 4955 et
790 4901 1103 4955 contumelia
1120 4902 1333 4972 aﬂ‘ectos
1362 4902 1678 4957 occiderunt.
1722 4903 2033 4960 Dill‘ereotia

450 4994 694 5049 estinter
721 5005 814 5047 eos
842 4991 935 5060 qui
964 5005 1063 5060 pro
1098 4980 1459 5061 voluptatibus
1486 4993 1599 5047 suis
1635 4992 1702 5047 ad
1729 4993 2030 5047 convivium

449 5093 714 5139 aeternum
738 5082 924 5137 venire
952 5082 1241 5137 noluerunt
1265 5083 1378 5138 sive
1402 5083 1456 5138 in
1478 5082 1716 5139 Ecclesia
1742 5083 2033 5142 Christiani

452 5172 697 5242 perfecti,
728 5178 784 5225 et
809 5184 906 5226 eos
944 5171 1036 5240 qui
1062 5186 1253 5226 servos
1293 5172 1361 5228 ad
1389 5184 1448 5227 se
1476 5172 1668 5228 missos
1695 5173 2034 5229 contumeliis

452 5262 766 5326 affecerunt,
817 5262 940 5331 quia
992 5262 1082 5317 isti
1128 5262 1289 5331 duplo
1335 5263 1413 5317 rei
1464 5264 1748 5328 habentur,
1795 5264 1889 5333 qui
1924 5280 2029 5319 non

452 5353 623 5407 solum
668 5366 777 5406 non
808 5359 1093 5418 venerunt,
1133 5354 1229 5408 sed
1248 5361 1306 5408 et
1334 5369 1518 5409 servos
1545 5355 1685 5424 regis
1715 5364 1805 5408 aut
1845 5363 2033 5409 contu-

454 5442 824 5508 meliaverunt,
865 5451 959 5498 aut
1002 5445 1332 5500 occiderunt.
1380 5446 1509 5513 Quae
1554 5447 1735 5501 omnia
1768 5446 1937 5501 Judaei
1965 5448 2030 5501 ad

451 5545 588 5600 quos
616 5532 730 5586 haec
756 5532 1096 5600 loquebatur,
1123 5542 1584 5603 perpetraverunt.
1626 5534 1855 5590 Videant
1894 5549 2029 5603 quo-

452 5635 559 5689 que
602 5636 790 5675 omnes
829 5620 1140 5687 Christiani,
1173 5641 1242 5679 ne
1269 5625 1462 5679 similia
1494 5624 1599 5678 illis
1646 5624 1864 5687 faciant,
1892 5639 1960 5677 ne
1983 5624 2027 5678 si

455 5708 626 5779 nolint
652 5710 837 5764 venire
869 5712 933 5767 ad
977 5714 1281 5782 prandium,
1319 5714 1401 5769 vel
1446 5713 1750 5770 volentibus
1797 5713 1875 5767 ire
1923 5728 2026 5767 non

2128 4625 2313 4681 Potest
2356 4640 2572 4695 quoque
2624 4626 2788 4680 vestis
2836 4624 3106 4694 nuptialis,
3164 4624 3333 4679 vestis
3381 4624 3712 4681 innocenti:

2129 4730 2289 4784 quam
2321 4715 2374 4769 in
2420 4715 2690 4783 baptismo
2739 4715 3036 4784 accipimus
3088 4713 3336 4785 intelligi.
3384 4714 3625 4769 Intrabit
3664 4722 3717 4767 et

2130 4819 2227 4859 rex
2256 4803 2442 4858 videre
2463 4810 2661 4867 vestes,
2690 4818 2810 4858 cum
2849 4804 2902 4856 in
2930 4802 3018 4858 die
3038 4790 3225 4872 iudicii
3248 4803 3439 4858 merita
3468 4805 3716 4874 exquiret

2130 4892 2483 4963 singulorum.
2512 4891 2619 4945 Sed
2648 4900 2704 4945 et
2729 4891 2971 4960 quotidie
3017 4906 3139 4945 cum
3186 4890 3381 4959 aliquis
3424 4891 3630 4962 migrat
3651 4892 3716 4945 de

2131 4998 2358 5052 corpore
2398 4980 2802 5049 hoc,jndicium
2845 4997 2967 5036 cum
3015 4980 3106 5035 illo
3146 4982 3342 5051 agitur.
3403 4977 3475 5034 Ut
3522 4983 3712 5035 videret

2130 5077 2524 5131 discumbentes.
2579 5077 2692 5132 Hoc
2755 5085 2839 5131 est
2891 5077 2946 5131 in
2999 5092 3097 5131 sua
3149 5077 3255 5132 ﬁde
3302 5086 3714 5146 cognosaentes.

2136 5166 2307 5221 Unum
2342 5185 2445 5222 non
2490 5170 2744 5222 vestitum.
2786 5169 2890 5223 Per
2921 5168 3082 5223 istum
3126 5184 3313 5224 omnes
3341 5168 3466 5223 mali
3516 5171 3717 5225 intelli-

2133 5266 2352 5328 guntur,
2380 5258 2506 5326 quia
2535 5259 2676 5313 sicut
2719 5274 2907 5313 omnes
2938 5258 3066 5312 boni
3109 5259 3175 5313 de
3205 5275 3309 5313 una
3356 5262 3714 5330 generatione

2132 5362 2252 5402 csse
2276 5348 2548 5412 dicuntur,
2598 5348 2677 5402 sic
2701 5361 2891 5401 omnes
2915 5347 3041 5401 mali
3087 5364 3226 5403 unus
3269 5349 3497 5419 populus
3527 5350 3713 5420 appel-

2132 5439 2292 5503 latur,
2338 5439 2463 5509 quia
2511 5453 2650 5492 unus
2698 5438 2959 5493 Dominus
2999 5439 3258 5508 spiritalis
3283 5440 3444 5506 Deus,
3476 5451 3573 5495 aut
3601 5442 3716 5495 dia-

2132 5530 2308 5591 bolus,
2341 5537 2434 5583 aut
2460 5529 2569 5583 eris
2591 5530 2708 5592 Dei,
2738 5537 2832 5583 aut
2855 5528 3072 5584 diaboli.
3100 5529 3297 5593 Amice,
3324 5530 3588 5599 quomodo
3613 5530 3715 5582 huc

2130 5620 2335 5673 intrasti
2374 5635 2476 5673 non
2507 5619 2698 5673 habens
2729 5628 2913 5673 vestem
2952 5618 3279 5688 nuptialem!
3314 5620 3454 5674 Ecce
3491 5627 3548 5674 et
3576 5618 3712 5672 auti-

2131 5726 2252 5765 cum
2296 5717 2472 5773 vocat,
2526 5717 2580 5764 et
2633 5710 2799 5763 vitam
2852 5706 2968 5775 ejus
3017 5709 3467 5780 reprobat,quasi
3514 5709 3705 5774 dicat:
