3952 6186
321 344 445 398 Mil

1449 340 1811 399 EXPOSlTlO
1852 340 1920 396 1N
1960 339 2267 397 ΜΑΤἸἮᾸΞ
2277 344 2395 400 UM.

3426 351 3569 407 “42

314 453 500 511 Amice
529 467 626 522 per
654 450 834 515 fidem,
865 452 957 505 sed
985 465 1090 505 non
1134 464 1230 521 per
1256 453 1642 522 operationem.
1690 454 1756 507 At
1800 452 1887 507 ille
1914 458 1966 515 Α
1989 451 2393 522 imperatorem,
2426 460 2480 507 ct
2517 454 2695 509 statim
2725 456 3185 525 apprehenderent
3211 472 3334 513 eum
3372 461 3571 518 milites

312 544 584 598 obmutuit.
613 541 672 595 In
703 549 943 610 tempore
967 541 1061 595 illo
1088 556 1193 595 non
1220 541 1324 595 erit
1343 541 1436 595 ulli
1456 543 1735 597 excusatio
1761 558 1886 598 ver—

312 634 521 697 borum,
554 632 679 701 quia
718 629 886 698 judex
915 631 1008 699 qui
1041 629 1174 686 foris
1214 631 1528 701 increpabit,
1561 640 1614 686 et
1662 633 1889 687 interius

310 735 361 780 et
383 724 621 778 exterius
648 722 872 787 videbit,
903 728 957 776 et
986 721 1141 776 testis
1167 731 1350 776 nostra
1385 722 1711 777 conscientia
1743 722 1889 776 aliud

311 817 488 871 dicere
529 829 633 867 non
679 812 913 868 audebit.
964 810 1118 867 Sicut
1157 812 1354 867 Paulus
1402 811 1675 881 apostolus
1719 811 1885 866 dicit:

312 903 722 974 ﬂagitationibus
751 900 885 955 inter
908 918 963 956 se
995 901 1359 955 accusantibus
1388 901 1443 955 in
1468 901 1555 954 die
1597 917 1714 953 cum
1735 900 1888 971 judi-

312 994 447 1048 cabit
477 992 617 1046 Deus
649 990 853 1045 occulta
890 991 1176 1044 hominum.

383 1082 527 1136 Tunc
548 1081 672 1135 dicit
701 1096 795 1134 res:
835 1080 1088 1134 ministris
1110 1096 1129 1134 :
1175 1078 1374 1150 Ligatis
1422 1078 1662 1133 manibus
1684 1079 1800 1149 ejus
1839 1088 1890 1133 et

310 1171 543 1243 pedibus.
573 1169 905 1239 Ligabuntur
933 1184 1123 1222 manus
1149 1178 1204 1223 et
1239 1169 1421 1238 pedes,
1455 1168 1581 1237 quia
1612 1178 1740 1223 tunc
1777 1183 1890 1223 om.

311 1264 396 1317 nis
423 1269 604 1316 nostra
633 1260 773 1315 actio
800 1259 1052 1315 cessabit.
1088 1258 1279 1313 Mittite
1320 1276 1436 1314 eum
1461 1261 1515 1313 in
1538 1260 1773 1314 tenebras
1800 1275 1889 1312 ea:-

313 1352 545 1407 teriores.
601 1350 886 1405 Interiores
939 1349 1174 1404 tenebrae
1223 1360 1348 1404 sunt
1399 1349 1613 1404 csecitas
1664 1349 1882 1410 mentis,

309 1442 606 1496 exteriores
645 1441 881 1495 tenebrae
923 1439 1227 1503 mternales,
1277 1438 1368 1493 ubi
1422 1439 1511 1493 lux
1563 1438 1753 1494 deerit.
1785 1437 1887 1504 Qui

312 1552 440 1608 ergo
468 1537 556 1592 hic
582 1551 687 1590 non
735 1536 949 1591 curavit
988 1534 1100 1604 pati
1149 1533 1438 1589 interiores
1481 1534 1755 1597 tenebras,
1781 1532 1891 1587 illic

312 1630 472 1683 etiam
514 1629 749 1698 patietur
796 1627 1113 1682 exteriores.
1170 1625 1255 1679 Ibi
1306 1626 1404 1679 erit
1444 1626 1596 1694 ﬂetus
1623 1633 1671 1679 et
1693 1622 1887 1677 stridor

311 1721 562 1775 dentium.
595 1718 702 1774 Per
738 1717 918 1772 fletum
943 1716 1221 1771 oculorum
1250 1723 1305 1770 et
1332 1715 1613 1770 stridorem
1643 1713 1881 1767 dentium

1991 538 2238 606 Herodis,
2271 541 2423 610 quasi
2452 543 2901 598 contradictorem
2928 544 3173 600 Cmsaris.
3193 544 3332 601 Licet
3361 566 3571 604 censum

1989 630 2108 684 dari
2138 630 2338 684 Cwsari
2378 648 2448 685 an
2501 633 2642 686 non?
2689 633 2907 703 Cognita
2943 644 3115 688 autem
3153 636 3308 691 Jesus
3337 641 3568 709 nequitia

1989 736 2169 775 eorum
2217 723 2290 774 ait
2334 738 2352 775 :
2399 721 2626 787 Quando
2671 724 3019 793 consiliastis,
3036 727 3281 794 quamvis
3336 744 3367 781 a
3411 731 3565 785 vobis

1986 809 2165 881 longe.
2191 810 2263 864 ibi
2313 811 2410 865 fuit
2438 812 2615 876 Jesus,
2650 812 2812 866 etiam
2843 816 3056 881 quando
3085 815 3379 885 cogitastis.
3426 817 3569 882 Quid

1986 918 2069 956 me
2116 904 2360 967 tentatis,
2402 904 2731 972 hypocrita?
2788 905 2954 969 Quem
2998 920 3105 958 non
3156 907 3432 974 decipiatis
3468 922 3568 976 per

1988 992 2242 1046 astutiam
2264 993 2541 1046 vestram?
2565 992 2747 1047 Prima
2771 993 2944 1047 virtus
2969 1003 3051 1047 est
3090 996 3439 1051 intentionem
3478 999 3566 1052 in-

1987 1083 2309 1154 terrogantis
2346 1099 2667 1154 cognoscere
2710 1101 2724 1138 :
2774 1093 2900 1139 tunc
2941 1085 3094 1154 juxta
3132 1090 3567 1157 consequentiam

1988 1175 2314 1242 respondere
2367 1192 2381 1226 :
2430 1183 2488 1228 ut
2525 1174 2777 1230 Salomon
2822 1189 2838 1229 :
2890 1174 3161 1246 Responde
3204 1179 3366 1233 stulto
3410 1180 3565 1249 iuxta

1987 1265 2264 1320 stultitiam
2290 1281 2462 1328 suam,
2488 1280 2551 1317 ne
2580 1264 2676 1318 sibi
2700 1267 2903 1335 sapiens
2933 1282 3041 1320 esse
3060 1266 3317 1321 videatur.

2060 1354 2328 1409 Ostendite
2348 1354 2474 1407 mihi
2508 1355 2766 1409 numisma
2789 1371 2993 1409 census.
3019 1356 3283 1413 Nummus
3304 1374 3442 1415 unus
3469 1360 3567 1416 de-

1986 1446 2173 1501 narius
2197 1454 2486 1514 argenteus
2510 1444 2592 1500 vel
2620 1460 2792 1500 azreus
2814 1445 3010 1501 dicitur
3033 1457 3088 1502 et
3112 1462 3143 1501 a
3171 1449 3388 1504 nomine
3408 1463 3569 1504 voca-

1985 1545 2096 1602 tur,
2126 1537 2251 1607 quia
2280 1536 2493 1590 nomina
2530 1552 2715 1609 regum
2745 1537 2799 1591 in
2826 1552 2891 1591 eo
2921 1537 3320 1608 imprimuntur.
3353 1539 3478 1595 Sive
3507 1550 3569 1596 ut

1984 1626 2077 1681 alii
2095 1627 2283 1682 volunt
2310 1643 2341 1682 a
2371 1627 2542 1682 Numa
2572 1627 2814 1698 principe
2851 1628 3128 1693 Romano,
3169 1631 3260 1699 qui
3288 1632 3392 1687 hoc
3426 1636 3567 1702 apud

1985 1729 2080 1770 eos
2103 1715 2309 1784 primus
2335 1715 2584 1784 prmcepit
2625 1715 2762 1770 ﬁeri.
2792 1715 3093 1785 Aliquando
3119 1718 3388 1773 invenitur
3404 1737 3565 1775 num-

307 1820 363 1866 et
387 1809 708 1866 resurrectio
730 1821 1012 1877 corporum
1060 1814 1115 1860 et
1157 1806 1466 1876 magnitudo
1493 1812 1883 1859 tormentorum
1912 1793 1960 1851 Β
1986 1823 2107 1862 mus
2148 1822 2246 1877 pro
2277 1807 2446 1862 solido
2480 1808 2627 1877 poni.
2662 1805 2940 1863 Numisma
2961 1808 3177 1875 Graece,
3220 1809 3412 1865 Latine
3434 1808 3570 1867 dici-

312 1900 652 1971 exprimitur,
680 1906 740 1952 ut
764 1896 872 1951 illic
895 1895 1036 1951 oculi
1058 1893 1312 1959 deﬂeant,
1334 1893 1459 1964 quia
1480 1893 1568 1947 hic
1591 1907 1688 1962 per
1712 1890 1885 1946 diver-

310 2007 367 2047 sa
391 1989 738 2053 oberrabant,
765 1988 953 2043 dentes
998 1985 1281 2049 strideant,
1330 1984 1455 2054 quia
1483 1983 1572 2038 hic
1613 1982 1680 2037 de
1705 1981 1884 2037 edaci-

312 2090 420 2136 tate
463 2079 782 2152 gaudebant,
835 2085 1101 2148 quatenus
1141 2076 1349 2146 singula
1388 2074 1628 2130 membra
1658 2089 1884 2145 quaeque

311 2171 572 2241 supplicio
620 2169 932 2240 subiaceant
994 2182 1114 2238 qua:
1164 2167 1253 2222 hic
1315 2166 1540 2235 singulis
1586 2165 1884 2236 quibusque

311 2262 459 2316 vitiis
495 2258 737 2328 subjecta
782 2258 1110 2313 serviebant.
1153 2256 1313 2311 Multi
1348 2258 1487 2311 enim
1525 2265 1645 2311 sunt
1695 2255 1883 2319 vocati,

307 2353 459 2424 pauci
486 2367 603 2406 vero
627 2349 791 2406 electi.
828 2349 903 2404 De
930 2348 1250 2404 Christianis
1271 2348 1473 2403 dictum
1513 2354 1617 2412 est,
1656 2345 1748 2416 qui
1788 2360 1886 2414 per

311 2443 468 2498 (idem
501 2449 557 2496 et
590 2428 913 2510 baptismum
958 2438 1133 2493 vocati
1180 2446 1326 2502 sunt,
1370 2437 1495 2507 quia
1526 2438 1668 2491 intra
1696 2435 1886 2490 Eccle-

310 2532 444 2587 siam
472 2530 757 2594 habentur,
781 2529 875 2584 sed
897 2527 1151 2598 operibus
1193 2525 1389 2583 diaboli
1429 2525 1587 2580 fidem
1608 2531 1886 2581 servantes

311 2622 525 2677 mentiri
554 2621 771 2678 Christo
796 2634 894 2690 per
917 2618 1378 2675 Christianitatem
1421 2625 1733 2672 noscuntur.
1760 2615 1886 2671 Ideo

310 2727 530 2768 necesse
572 2720 633 2767 ut
676 2712 1044 2782 unusquisque
1088 2718 1329 2765 nostrum
1379 2709 1433 2763 in
1482 2708 1785 2763 humilitate
1824 2722 1886 2764 se

310 2806 598 2877 deprimat,
624 2804 750 2876 quia
772 2805 819 2859 si
847 2812 931 2858 est
949 2802 1155 2857 electus
1175 2802 1409 2872 ignorat.

900 2916 1125 2973 CAPUT
1148 2916 1275 2970 Llll.

702 2988 779 3043 De
810 2987 1070 3041 reddendo
1094 3003 1210 3057 qua:
1231 2986 1330 3040 Dei
1358 2994 1496 3040 sunt.

383 3077 526 3132 Tunc
564 3077 808 3132 abeuntes
835 3073 1091 3131 Pharisan'
1123 3075 1395 3130 consilium
1425 3075 1651 3129 inierunt
1672 3114 1685 3139 ,
1710 3082 1766 3127 ut
1791 3090 1881 3127 ca-

309 3177 483 3239 perent
519 3184 635 3222 eum
674 3168 728 3221 in
775 3182 1027 3221 sermone.
1070 3165 1235 3229 Tunc,
1271 3164 1586 3220 adverbium
1622 3163 1881 3232 temporis
1909 3137 1953 3200 C

310 3268 409 3320 est,
439 3266 493 3313 et
516 3258 711 3313 dicitur
736 3266 893 3321 tunc,
926 3256 979 3310 id
1005 3265 1088 3311 est
1108 3257 1161 3310 in
1194 3257 1309 3326 ipso
1339 3264 1602 3325 tempore,
1637 3271 1758 3310 cum
1787 3271 1883 3309 au-

313 3347 522 3402 dierunt
562 3346 628 3401 de
665 3346 854 3416 seipsis
882 3359 1072 3415 graves
1110 3359 1299 3399 causas
1323 3359 1420 3416 per
1454 3344 1737 3415 parabolas
1766 3359 1884 3414 pro.

311 3436 550 3505 phetare.
589 3434 863 3490 kdeuntes
909 3435 963 3488 in
1003 3434 1282 3489 consilium
1310 3475 1324 3501 ,
1371 3434 1789 3489 consiliaverunt
1825 3441 1885 3488 ut

313 3535 561 3594 caperent
602 3540 724 3579 eum
753 3525 809 3579 in
852 3540 1100 3580 sermone
1136 3539 1257 3590 suo,
1293 3534 1354 3578 ut
1379 3525 1637 3595 quidquid
1680 3527 1885 3580 diceret

314 3624 517 3684 pateret
555 3614 851 3680 calumniae,
897 3615 1036 3668 sicut
1087 3615 1310 3667 audistis
1340 3629 1435 3682 per
1460 3613 1617 3667 Lucae
1638 3613 1882 3681 Evange-

314 3705 464 3771 linm,
510 3721 631 3761 cum
672 3705 727 3759 in
768 3704 979 3759 diverso
1011 3705 1141 3759 orbe
1186 3712 1450 3759 terrarum
1481 3711 1537 3757 et
1581 3702 1763 3758 Judzea
1795 3705 1887 3758 de-

313 3797 510 3866 scripta
552 3805 634 3852 est
674 3797 741 3851 ad
771 3796 1004 3851 dandum
1040 3796 1298 3850 tributum
1328 3785 1582 3849 Romanis
1602 3802 1656 3848 et
1683 3795 1885 3863 stipen-

313 3888 398 3940 dia
429 3888 528 3942 sub
557 3886 869 3943 Octaviano.
914 3884 1143 3941 Proinde
1190 3894 1307 3939 erat
1338 3899 1531 3954 magna
1566 3884 1800 3938 turbatio
1828 3883 1883 3937 in

313 3974 525 4045 populo,
558 3976 685 4046 quia
714 3974 803 4029 alii
833 3974 1081 4029 dicebant
1103 3989 1206 4028 non
1236 3987 1354 4028 esse
1377 3988 1606 4043 mquam,
1633 3980 1693 4026 ut
1718 3987 1887 4042 popu—

315 4066 396 4120 lus
426 4067 516 4135 qui
539 4066 699 4121 dabat
724 4065 978 4130 decimas,
1006 4065 1270 4134 primitias
1296 4072 1351 4119 et
1380 4064 1585 4133 reliqua
1615 4063 1731 4134 lege
1762 4080 1885 4118 san-

316 4159 442 4222 cita,
472 4158 624 4212 daret
652 4157 907 4212 Romanis
932 4156 1191 4211 tributum
1213 4166 1267 4211 et
1292 4157 1576 4225 stipendia.
1601 4155 1774 4211 Etmlii
1804 4154 1886 4209 di-

317 4250 509 4304 cebant
526 4249 669 4318 quod
695 4249 841 4303 nullo
868 4249 1025 4304 modo
1049 4257 1267 4318 possent
1291 4249 1561 4303 dimittere
1579 4256 1640 4302 ut
1668 4263 1770 4302 non
1798 4248 1888 4301 da-

319 4349 439 4395 rent
467 4339 722 4395 Romanis
754 4340 1012 4395 tributum
1050 4341 1140 4409 qui
1170 4348 1225 4394 et
1257 4350 1423 4395 totum
1453 4340 1708 4394 mundum
1737 4348 1884 4393 tene-

316 4438 436 4484 rent
481 4446 496 4482 :
546 4429 707 4484 etiam
754 4439 807 4483 et
835 4428 1030 4484 milites
1070 4444 1255 4484 eorum
1300 4430 1469 4484 sicubi
1520 4430 1881 4484 necessarium

315 4527 433 4572 erat
468 4531 568 4588 pro
612 4518 813 4573 eisdem
855 4514 1053 4573 Judaeis
1097 4520 1420 4589 pugnabant.
1467 4517 1678 4571 Mittam
1719 4518 1881 4588 igitur

314 4624 436 4662 suos
470 4609 653 4662 missos
673 4625 790 4663 cum
814 4609 983 4662 missis
1014 4606 1240 4662 Herodis
1268 4609 1400 4678 regis
1423 4607 1691 4661 tetrarchae
1717 4617 1770 4659 ut
1805 4608 1885 4660 inp

316 4707 633 4768 terrogarent
658 4715 794 4754 eum.
817 4699 885 4753 Et
906 4700 950 4755 si
979 4700 1194 4768 quidem
1221 4699 1334 4769 ipse
1366 4699 1567 4753 diceret
1593 4712 1701 4752 non
1722 4696 1882 4752 debe-

318 4804 376 4843 re
406 4788 661 4844 Romanis
708 4790 907 4844 tributa
938 4790 1092 4853 solvi,
1136 4790 1597 4859 apprehenderent
1629 4804 1750 4842 eum
1776 4788 1881 4841 mi-

316 4880 436 4934 lites
475 4878 718 4934 llerodis.
754 4879 813 4933 Si
841 4889 1018 4934 autem
1059 4880 1262 4934 diceret
1291 4879 1547 4934 Romanis
1574 4879 1803 4934 dandum
1830 4888 1886 4933 et

318 4985 421 5022 non
442 4967 856 5031 Deo,eonlestim
901 4969 974 5023 illi
1000 4977 1243 5023 tenerent
1262 4969 1410 5036 quasi
1432 4968 1883 5024 contradictorem

318 5055 467 5126 legis.
502 5055 880 5112 Verumtamen:
933 5056 1057 5110 fecit
1100 5056 1238 5111 sicut
1284 5056 1505 5123 solebat,
1555 5058 1767 5112 transiit
1811 5056 1888 5111 la-

316 5161 512 5216 queum
546 5155 812 5215 paratum.
852 5145 1121 5216 Magister,
1152 5148 1344 5201 scimus
1389 5148 1513 5218 quia
1537 5164 1696 5202 verax
1726 5165 1800 5213 es,
1836 5158 1884 5203 et

316 5237 452 5289 riam
476 5230 588 5289 °Dei
630 5236 684 5289 in
726 5236 939 5288 ueritate
967 5235 1118 5289 doces
1146 5276 1160 5300 ,
1203 5245 1249 5289 et
1300 5254 1403 5291 non
1446 5247 1519 5291 est
1549 5237 1641 5291 tibi
1667 5254 1793 5291 cura
1821 5237 1886 5292 de

316 5325 511 5397 aliqua.
536 5326 654 5383 Non
682 5327 817 5382 enim
844 5327 1052 5397 respicis
1077 5344 1347 5397 personam
1376 5329 1662 5383 hominum.
1693 5329 1885 5385 Omnia

317 5417 422 5471 ista
464 5433 589 5474 vera
634 5427 777 5473 sunt.
831 5416 936 5473 Sed
980 5418 1137 5483 bona,
1185 5419 1328 5473 mala
1352 5420 1626 5475 voluntate
1650 5421 1881 5490 prolata.

318 5507 445 5565 Haec
478 5509 614 5583 ideo.
639 5509 1018 5582 ingerebantur
1062 5519 1119 5565 ut
1158 5526 1263 5565 non
1306 5520 1522 5567 curaret
1565 5513 1632 5567 de
1661 5513 1885 5583 imperio

321 5592 542 5666 Tiberii,
576 5610 632 5656 et
660 5601 863 5657 diceret
884 5618 988 5659 non
1011 5602 1240 5660 dandum
1268 5602 1543 5665 tributum,
1572 5604 1696 5672 quia
1725 5605 1888 5660 haben

321 5698 406 5745 nt
442 5700 786 5765 perspectum
806 5694 959 5764 quod
1000 5693 1119 5764 plus
1156 5703 1363 5751 amaret
1386 5694 1479 5751 Dei
1498 5694 1699 5751 cultum
1724 5710 1886 5751 uuam
1932 5700 1938 5706 ‘

1985 1906 2073 1953 tur
2099 1899 2333 1969 inﬂexio.
2382 1899 2449 1953 Et
2494 1900 2597 1954 hoc
2639 1900 2963 1968 ostenditur,
2991 1902 3115 1971 quia
3150 1917 3270 1957 cum
3306 1903 3570 1958 Dominus

1981 1990 2237 2059 praecepit
2266 1989 2366 2044 sibi
2396 1988 2640 2044 exhiberi
2660 1990 2951 2057 numisma,
2982 1991 3058 2046 illi
3085 1992 3443 2064 intelligentes
3469 1995 3569 2050 ob-

1985 2079 2223 2134 tulerunt
2244 2078 2543 2133 denarium.
2575 2080 2839 2135 Denarius
2862 2087 2946 2141 est
2967 2096 3137 2153 genus
3163 2083 3393 2150 nummi,
3421 2084 3565 2153 quod

1981 2184 2082 2239 pro
2109 2170 2292 2225 decem
2324 2169 2559 2224 nummis
2583 2170 2740 2225 aereis
2768 2170 3132 2240 imputabatur
3157 2212 3173 2239 ,
3203 2181 3258 2227 et
3292 2173 3563 2229 habebant

1982 2258 2049 2313 de
2076 2265 2300 2330 argento
2323 2266 2379 2312 et
2400 2256 2467 2312 de
2490 2271 2598 2312 aere
2638 2258 2930 2329 imaginem
2959 2258 3207 2316 Caesaris.
3238 2262 3420 2318 Valuit
3445 2264 3564 2319 sine

1982 2347 2291 2402 ostensione
2329 2347 2532 2401 nummi
2570 2346 2750 2403 dicere
2787 2349 2930 2418 quod
2962 2349 3205 2417 volebat;
3245 2352 3567 2408 convenien-

1983 2437 2092 2492 tius
2115 2445 2293 2491 tamen
2328 2451 2424 2507 per
2464 2437 2639 2506 ipsum
2683 2451 2777 2493 eos
2809 2438 3075 2510 cogvinci.
3107 2437 3271 2509 Cujus
3292 2449 3367 2494 est
3387 2441 3568 2511 imago

1982 2528 2093 2583 lucc
2121 2537 2169 2582 et
2192 2528 2557 2599 superscriptio
2575 2528 2600 2580 φ
2635 2525 2894 2583 Similiter
2922 2529 3062 2585 sicut
3086 2544 3229 2585 nunc
3261 2530 3566 2585 inscribun-

1984 2629 2073 2675 tur
2092 2620 2159 2675 de
2182 2619 2490 2675 nominibus
2521 2619 2906 2689 imperatorum
2925 2660 2940 2686 ,
2970 2628 3024 2676 et
3050 2619 3218 2691 ﬁgura
3253 2621 3370 2692 ejus
3390 2621 3565 2690 expri-

1983 2712 2231 2766 mebatur
2256 2717 2316 2765 ut
2345 2709 2525 2765 nullus
2552 2710 2841 2765 mixturam
2887 2711 3087 2766 metalli
3118 2713 3341 2767 auderet
3370 2713 3563 2768 misce-

1983 2814 2065 2866 re,
2093 2814 2266 2869 neque
2286 2798 2480 2869 aliquis
2499 2798 2776 2869 deSpicere
2799 2800 2893 2855 ubi
2919 2801 3128 2855 videret
3145 2801 3430 2871 imaginem
3452 2801 3566 2857 Ciﬁ-

1983 2892 2122 2947 saris
2159 2908 2173 2945 :
2216 2890 2269 2945 in
2296 2890 2442 2946 nullo
2479 2907 2714 2963 unquam
2761 2893 2876 2947 loco
2915 2908 3224 2964 expressam
3271 2895 3560 2966 imaginem

1983 2982 2211 3038 Ctesaris
2234 2983 2503 3039 audebant
2528 2984 2833 3054 despiceret
2849 2983 3040 3039 Dicunt
3067 2986 3114 3039 ei
3140 3001 3160 3040 :
3196 2984 3441 3040 Caesaris.
3473 2986 3563 3041 Ti-

1984 3074 2121 3130 berii
2142 3074 2369 3140 scilicet,
2392 3075 2517 3144 quia
2543 3077 2610 3130 ab
2635 3074 2724 3130 illo
2752 3076 2926 3145 primo
2946 3073 3087 3131 Julio
3115 3077 3191 3133 ita
3210 3084 3434 3132 vocatus
3453 3086 3560 3143 est,

1984 3183 2172 3223 omnes
2195 3176 2381 3236 postea
2403 3168 2755 3238 imperatores
2786 3167 3149 3223 Romanorum
3177 3168 3417 3224 Caesares
3437 3179 3564 3224 sunt

1982 3259 2256 3329 appellati.
2326 3258 2472 3313 Tunc
2508 3260 2582 3313 ait
2612 3259 2717 3313 illis
2745 3273 2763 3311 :
2790 3259 3007 3314 Reddite
3034 3276 3151 3330 quia
3186 3269 3305 3314 sunt
3337 3260 3563 3315 Caesaris

1983 3348 2199 3404 σιωπή.
2227 3350 2284 3404 Si
2313 3349 2492 3419 imago
2518 3347 2634 3417 eius
2678 3357 2761 3404 est
2796 3350 2851 3404 in
2895 3348 3133 3416 denario,
3181 3358 3393 3405 constat
3434 3351 3562 3420 quia

1982 3453 2136 3492 suum
2187 3447 2306 3493 erat
2340 3438 2431 3507 qui
2486 3453 2638 3493 suam
2683 3438 2970 3506 imaginem
3017 3437 3090 3491 ibi
3137 3439 3391 3507 prmcepit
3421 3437 3560 3492 fieri.

1983 3528 2133 3594 Quod
2176 3543 2272 3581 vos
2308 3526 2422 3594 jam
2453 3542 2550 3595 per
2591 3527 2806 3595 triginta
2854 3541 3023 3581 annos
3055 3526 3279 3591 solvitis,
3305 3526 3467 3581 vultis
3500 3537 3559 3580 ut

1980 3631 2082 3686 ego
2105 3616 2416 3684 przecipiam
2439 3615 2733 3679 dimittere,
2768 3630 2889 3669 cum
2922 3630 3042 3684 ego,
3070 3615 3161 3682 qui
3195 3614 3329 3668 nihil
3356 3614 3561 3670 telluris

1983 3706 2188 3766 habeo,
2227 3719 2325 3773 pro
2358 3719 2444 3757 me
2481 3713 2535 3758 et
2570 3702 2729 3758 Petro
2768 3702 3016 3758 solverim
3044 3705 3325 3769 tributum,
3361 3715 3415 3758 et
3451 3704 3561 3759 Deo

1983 3793 2306 3849 reddiderim
2330 3808 2450 3862 quae
2477 3793 2568 3848 Dei
2591 3802 2745 3847 erant
2762 3792 2936 3846 Patris
2965 3793 3167 3848 faciens
3195 3794 3564 3849 voluntatem?

1984 3883 2152 3953 Magis
2172 3891 2540 3953 praecepturus
2580 3899 2697 3938 sum
2737 3882 2890 3937 vobis
2928 3891 2987 3937 ut
3026 3884 3140 3937 sitis
3177 3884 3287 3952 regi
3320 3884 3560 3950 subditi,

1983 3976 2133 4044 quasi
2171 3975 2515 4044 praecellenti.
2544 3974 2762 4028 Reddite
2790 3991 2907 4045 qua:
2941 3984 3061 4028 sunt
3088 3974 3313 4029 Ctrsaris
3336 3975 3555 4031 Ca'sari.

1984 4065 2266 4119 Tlibutum
2300 4065 2539 4129 scilicet,
2571 4079 2845 4118 nummum
2868 4072 2920 4118 et
2948 4063 3153 4134 reliqua
3185 4079 3303 4133 qua:
3329 4080 3561 4134 spopon-

1984 4155 2139 4209 distis
2165 4155 2382 4223 quando
2406 4154 2633 4225 professi
2669 4153 2846 4208 fuistis
2881 4154 2935 4207 in
2965 4153 3167 4219 diebus
3188 4154 3559 4222 professionis.

1987 4244 2051 4297 Et
2078 4244 2272 4298 reddite
2297 4244 2403 4297 Deo
2426 4259 2543 4314 qua:
2567 4243 2663 4296 Dei
2696 4252 2837 4296 sunt.
2865 4242 3114 4298 Decimas
3137 4283 3150 4307 ,
3183 4243 3471 4312 primitias,
3507 4252 3563 4297 et

1984 4351 2102 4405 quae
2132 4336 2184 4389 in
2208 4335 2323 4405 lege
2352 4343 2619 4405 prmccpta
2653 4342 2795 4388 sunt.
2829 4331 2981 4388 Sicut
3002 4331 3184 4387 Caesar
3202 4348 3233 4387 a
3258 4332 3413 4387 vobis
3441 4333 3563 4387 exi-

1984 4427 2058 4496 git
2096 4426 2382 4494 imagincm
2407 4440 2582 4492 suam,
2623 4425 2703 4479 sic
2726 4423 2845 4477 vult
2872 4424 3015 4477 Deus
3053 4424 3251 4477 habere
3295 4436 3447 4476 suam
3480 4422 3562 4474 in-

1982 4516 2400 4572 contaminatam
2424 4554 2441 4580 ,
2472 4530 2631 4585 quam
2655 4515 2709 4569 in
2735 4515 2887 4569 vobis
2911 4514 3163 4569 condidit.
3199 4513 3269 4567 Et
3293 4513 3562 4567 audientes

1981 4606 2159 4659 mirati
2176 4614 2314 4658 sunt.
2332 4604 2430 4672 Qui
2446 4606 2665 4660 credere
2685 4604 2919 4660 debuere
2933 4604 3113 4659 mirati
3126 4612 3268 4667 sunt,
3292 4604 3416 4673 quia
3431 4618 3563 4658 conv

1981 4702 2065 4748 tra
2107 4694 2452 4773 calliditatem
2499 4709 2684 4749 eorum
2724 4696 3006 4751 consilium
3035 4696 3254 4765 reperit.
3280 4694 3349 4748 Et
3383 4693 3565 4747 relicto

1982 4802 2042 4840 eo
2063 4786 2322 4840 abierunt.
2347 4786 2706 4841 Recesserunt
2735 4786 2995 4841 increduli
3022 4802 3052 4841 a
3072 4787 3185 4855 pio,
3213 4786 3337 4856 quia
3361 4784 3560 4840 diversi

1982 4895 2162 4935 mores
2205 4880 2397 4934 nolunt
2435 4880 2735 4943 unitatem;
2782 4880 2912 4947 quia
2952 4894 3073 4934 cum
3111 4887 3294 4933 essent
3318 4876 3562 4947 perversi

1986 4969 2239 5024 nolebant
2284 4969 2351 5023 ad
2376 4968 2520 5023 illius
2552 4968 2929 5024 rectitudinem
2970 4967 3234 5032 converti,
3275 4974 3563 5037 propterea

1986 5061 2104 5115 sine
2129 5059 2306 5117 fructu
2331 5060 2597 5113 abierunt.

2564 5148 2789 5205 CAPUT
2819 5133 2949 5204 Liv:

2290 5240 2370 5295 De
2396 5239 2612 5295 muliere
2630 5257 2746 5322 gum
2767 5242 2951 5312 septies
2974 5251 3134 5312 nupta
3153 5249 3254 5295 est.
3466 5256 3485 5281 ο

2056 5331 2123 5385 In
2144 5331 2235 5385 illo
2268 5341 2493 5401 tempore
2535 5340 2859 5405 accesserunt
2884 5329 2953 5384 ad
2974 5346 3091 5384 eum
3132 5327 3441 5394 Sadductei,
3472 5331 3566 5400 qui

1984 5425 2162 5478 dicunt
2193 5441 2295 5477 non
2324 5440 2432 5477 esse
2467 5424 2912 5477 resurrectionem.
2957 5422 3086 5477 Duae
3123 5431 3285 5478 sectae
3320 5432 3477 5477 erant
3506 5422 3559 5476 in

1983 5511 2190 5578 Iudaea,
2219 5512 2613 5568 Pharisaeorum
2641 5520 2696 5567 et
2720 5511 3123 5577 Saducmorum,
3156 5517 3214 5566 et
3240 5517 3417 5564 tamen
3446 5524 3560 5562 our-

1986 5620 2082 5660 nes
2126 5613 2283 5660 erant
2330 5604 2516 5660 Judaei.
2554 5603 2777 5659 Diverso
2804 5611 2985 5658 tamen
3034 5616 3182 5658 more
3233 5601 3480 5656 vivebant
3506 5609 3561 5653 et

1989 5693 2302 5750 credebant.
2363 5692 2621 5750 Pharisaei
2674 5689 2919 5747 vivebant
2974 5686 3364 5749 communiter.
3421 5688 3561 5746 sicut
