3988 6186
457 423 594 481 1143

1237 404 1625 465 CHRISTIANI
1666 397 2071 456 DRUTHMARl
2112 391 2572 454 CORBEIENSIS
2609 390 2911 448 MONACHI

3595 388 3618 440 l
3632 387 3725 443 H5

448 535 680 610 apostoli
713 539 897 603 postea
923 529 1209 590 vixerunt;
1239 534 1295 578 et
1330 521 1660 591 recipiebant
1694 514 2032 586 septuaginta
2061 516 2110 576 Α
2137 509 2261 563 licet
2314 516 2597 576 postquam
2645 504 3043 560 resurrexerint
3089 517 3199 558 non
3245 499 3608 570 subjacebunt
3651 503 3733 555 his

451 601 585 684 ditus
624 601 820 685 libros;
861 627 916 673 et
962 618 1280 672 dicebantur
1314 610 1602 674 Pharisaei,
1630 624 1661 660 a
1691 606 1894 660 Phares
1924 601 2032 656 ﬁlio

451 720 618 781 Iudas,
653 724 706 769 et
728 716 1150 780 interpretantur
1176 707 1350 760 divisi.
1380 700 1622 757 Saducazi
1647 698 1900 752 vivebant
1930 694 2034 748 sic-

453 817 513 862 ut
555 805 830 876 propheta:
863 800 1140 861 vixerant;
1183 809 1288 847 non
1328 802 1506 845 tamen
1539 785 1870 856 recipiebant
1909 797 2036 852 pro-

447 875 640 967 phetas
665 907 838 961 neque
865 888 1194 949 credebant,
1225 899 1325 938 nec
1357 882 1490 936 alios
1515 879 1680 932 libros
1703 877 1805 930 nisi
1834 875 2034 928 Penta-

454 964 728 1047 teuchum,
754 989 809 1034 et
834 994 939 1033 non
966 975 1262 1031 credebant
1295 969 1744 1027 resurrectionem
1771 964 2031 1026 futuram,

449 1088 628 1144 neque
657 1069 926 1141 angelum,
970 1077 1144 1133 neque
1179 1062 1424 1132 spiritum
1445 1099 1460 1124 ,
1492 1057 1596 1112 nisi
1625 1055 1796 1110 solum
1827 1053 1991 1106 Deum
2017 1067 2032 1117 ;

451 1176 509 1221 et
525 1167 664 1220 sicut
686 1162 826 1216 inter
856 1172 954 1212 nos
985 1162 1109 1209 sunt
1131 1151 1381 1207 monachi
1408 1157 1464 1204 et
1489 1145 1754 1210 canonici,
1778 1151 1833 1198 et
1856 1151 2036 1196 tamen

453 1255 521 1308 de
555 1267 660 1306 una
687 1255 844 1320 gente
878 1245 1210 1299 Francorum
1247 1248 1392 1304 sunt,
1436 1236 1683 1292 similiter
1711 1241 1868 1288 erant
1895 1231 2036 1303 apud

455 1345 620 1414 ipsos.
655 1339 823 1393 Erant
848 1346 1020 1390 autem
1045 1335 1180 1387 inter
1212 1349 1266 1385 se
1291 1329 1673 1384 discordantes.
1699 1324 1804 1380 Sed
1833 1332 1959 1378 tunc
1981 1323 2037 1376 in

454 1437 668 1494 Domini
702 1433 996 1490 tentatione
1035 1426 1464 1489 concordarunt,
1511 1422 1652 1478 sicut
1699 1418 1939 1475 Herodes
1985 1424 2040 1471 et

457 1528 660 1582 Pilatus
694 1540 749 1578 tn
788 1520 997 1575 Domini
1031 1532 1280 1588 passrone
1323 1513 1484 1568 amici
1512 1511 1642 1566 facti
1671 1518 1816 1566 sunt.
1857 1507 2037 1578 Usque

457 1627 583 1672 tunc
628 1616 1097 1682 interrogaverunt
1145 1606 1403 1661 Pharisaei
1445 1604 1592 1676 (quia
1641 1603 1742 1672 ipsi
1784 1600 2038 1656 fortiores

454 1717 610 1763 erant
655 1716 710 1761 et
749 1701 963 1774 plures)
1007 1701 1311 1764 Dominum,
1339 1705 1665 1769 putaverunt
1701 1710 1760 1750 se
1795 1706 2038 1762 compre-

455 1797 688 1852 hendere
705 1799 917 1860 eum,et
933 1807 1038 1846 non
1058 1797 1366 1860 potuerunt.
1400 1787 1735 1840 Accesserant
1766 1781 2034 1845 Saduca'i,

2133 597 2476 667 passionibus
2502 596 2779 665 corporeis
2803 635 2819 660 ,
2864 611 2969 649 non
2999 594 3403 648 manducabunt
3438 607 3623 660 neque
3652 593 3730 645 hi-

2133 687 2278 751 bent,
2305 701 2480 756 ncque
2504 687 2726 750 nubent,
2753 695 2807 740 et
2833 697 3008 738 tamen
3033 684 3307 738 habebunt
3330 695 3567 752 corpora
3598 682 3734 735 sicut

2135 780 2393 834 Dominus
2419 778 2605 832 habuit
2628 792 2822 846 corpus
2851 776 2995 845 quod
3021 776 3200 846 potuit
3234 774 3572 827 manducare
3591 812 3606 836 ,
3642 774 3733 825 sed

2134 884 2241 924 non
2264 867 2490 940 indiguit
2517 881 2690 936 neque
2719 865 3036 930 delectavit,
3070 865 3164 919 sed
3192 872 3416 933 propter
3445 863 3732 916 veritatem

2136 957 2550 1013 resurrectionis
2577 955 3009 1011 demonstrandae
3030 954 3393 1008 manducavit.
3421 954 3596 1006 Erunt
3625 955 3733 1007 sic-

2135 1055 2196 1100 ut
2228 1047 2403 1119 angeli
2453 1047 2546 1101 Dei
2579 1047 2632 1100 in
2672 1047 2810 1102 cmlo
2849 1061 2970 1100 cum
3002 1045 3169 1116 gloria
3198 1045 3618 1100 resurrectionis
3655 1045 3734 1097 in-

2135 1138 2316 1192 novati
2337 1179 2352 1204 ,
2393 1137 2597 1206 absque
2620 1137 2725 1190 ulla
2756 1136 2874 1198 labe
2895 1135 3254 1205 corruptionis
3285 1144 3548 1206 perpetua
3579 1134 3736 1190 visio-

2136 1245 2205 1285 ne
2229 1231 2323 1286 Dei
2364 1229 2630 1285 fruentur.
2664 1229 2741 1282 De
2769 1227 3142 1282 resurrectione
3186 1237 3359 1280 autem
3404 1238 3728 1281 mortuorum

2137 1340 2241 1378 non
2279 1323 2473 1394 legistis
2504 1323 2640 1394 quod
2664 1323 2860 1375 dictant
2883 1331 2959 1376 est
2986 1339 3018 1374 a
3049 1320 3157 1374 Deo
3181 1320 3382 1374 dicente
3413 1321 3559 1374 vobis
3579 1337 3599 1374 :
3625 1317 3730 1390 Ego

2135 1432 2252 1469 sum
2285 1414 2427 1469 Deus
2476 1414 2743 1468 Abraham
2773 1422 2820 1466 et
2871 1412 3012 1466 Deus
3045 1411 3223 1476 Isaac,
3267 1421 3315 1464 et
3337 1411 3483 1465 Deus
3524 1410 3733 1464 Iacob?

2137 1507 2424 1578 Legerant,
2452 1507 2699 1570 Domine,
2733 1505 2826 1559 sed
2851 1520 2958 1558 non
2985 1501 3403 1565 intellexissent,
3432 1501 3542 1555 nisi
3570 1515 3733 1570 expo-

2136 1597 2362 1651 suisses.
2406 1595 2587 1649 Potuit
2622 1609 2854 1662 namque
2885 1593 3153 1647 'Dominus
3200 1591 3333 1645 satis
3360 1591 3734 1645 manifestiora

2138 1687 2444 1742 testimonia
2470 1680 2714 1756 proferfe
2737 1684 2803 1739 de
2826 1682 3242 1748 resurrectione,
3268 1681 3334 1734 de
3351 1680 3636 1750 prophetis
3664 1699 3678 1734 :
3704 1699 3734 1734 e

2137 1776 2332 1846 quibus
2363 1791 2528 1830 unum
2554 1783 2638 1830 est
2665 1791 2679 1827 :
2714 1773 3122 1829 Suscitabuntur
3151 1772 3366 1836 mortui,
3397 1781 3446 1824 et
3470 1780 3734 1842 resurgent

450 1889 546 1957 qui
579 1887 1000 1955 interpretantur
1013 1859 1168 1952 justi,
1197 1896 1227 1934 a
1255 1879 1488 1950 quodam
1528 1877 1713 1931 Iudaao
1749 1876 1838 1944 qui
1864 1873 2036 1928 Sadu-
2065 1886 2111 1944 Β
2138 1867 2330 1920 mortui
2371 1866 2436 1920 de
2477 1863 2750 1937 sepulcris.
2784 1863 2851 1917 Et
2880 1862 3011 1916 illud
3041 1879 3054 1913 :
3085 1859 3243 1914 Multi
3269 1859 3646 1952 dormientium
3675 1859 3736 1912 de

453 1994 596 2033 canus
628 1977 802 2033 dictus
835 1984 936 2039 est,
966 1973 1056 2043 qui
1104 1981 1293 2026 auctor
1327 1968 1486 2037 hujus
1525 1976 1686 2022 secta:
1720 1964 1919 2029 fuerat,
1949 1964 2038 2034 qui

453 2070 634 2122 dicunt
667 2081 769 2119 non
791 2081 898 2119 esse
928 2063 1373 2116 resurrectionem.
1405 2058 1663 2112 Dicebant
1689 2057 1834 2111 enim
1864 2074 1876 2108 :
1904 2055 2042 2121 Qua-

452 2176 512 2212 .re
541 2158 783 2210 debemus
806 2153 1010 2208 credere
1049 2150 1496 2212 resurrectionem,
1527 2163 1645 2199 cum
1673 2145 1929 2199 Dominus
1952 2161 2043 2214 per

456 2247 672 2316 Moysen
695 2243 824 2298 nihil
851 2243 1126 2305 indixerit,
1173 2256 1290 2292 cum
1315 2237 1424 2290 alia
1449 2237 1626 2291 omnia
1677 2236 1809 2289 bona
1839 2251 1932 2305 per
1959 2235 2040 2302 ip-

454 2353 571 2392 sum
611 2333 976 2388 mandaverit?
1022 2330 1274 2401 Magister
1321 2327 1526 2398 Moyses
1567 2326 1698 2380 dixit
1748 2342 1766 2379 .'
1815 2323 1873 2379 Si
1925 2325 2042 2394 quis

451 2435 689 2480 mortuus
723 2424 878 2482 fuerit
925 2439 1028 2475 non
1069 2421 1263 2473 habens
1308 2417 1478 2487 ﬁlium
1499 2457 1514 2483 ,
1544 2416 1702 2470 ducat
1734 2415 1901 2485 frater
1927 2415 2043 2484 ejus

455 2531 670 2571 uxorem
695 2513 856 2577 illius,
887 2521 935 2566 et
969 2511 1177 2566 suscitet
1203 2525 1376 2563 semen
1403 2507 1558 2577 fratri
1586 2523 1702 2560 suo.
1737 2505 1862 2559 Haec
1884 2504 2045 2559 idcir-

451 2621 522 2662 co
561 2604 818 2674 przecepit
851 2602 994 2655 Deus
1015 2641 1031 2665 ,
1072 2608 1131 2653 ut
1166 2597 1615 2669 multiplicaretur
1647 2595 1874 2666 populus
1905 2596 2040 2663 ipse,

454 2711 616 2766 quem
651 2695 765 2764 ipse
799 2700 1018 2764 propter
1049 2690 1389 2761 patriarchas
1427 2688 1664 2752 amabat,
1702 2695 1763 2740 ut
1799 2685 2047 2754 impleret

456 2797 688 2849 terram,
725 2784 852 2854 quia
879 2791 1006 2837 tunc
1033 2798 1099 2837 ex
1136 2781 1368 2835 maxima
1400 2787 1551 2850 parte
1592 2779 1708 2835 sine
1737 2777 2046 2833 hominibus

455 2864 594 2932 erat.
637 2874 805 2928 Erant
834 2871 974 2943 apud
1005 2889 1096 2927 nos
1125 2881 1315 2941 septem
1343 2870 1555 2940 fratres,
1587 2879 1636 2924 et
1661 2869 1860 2940 primus
1883 2884 2047 2922 uxore

456 2970 616 3024 ducta
655 2966 930 3036 defunctus
963 2975 1059 3019 est.
1102 2963 1283 3018 Potuit
1319 2965 1392 3018 ita
1428 2978 1548 3019 esse
1575 2963 1631 3016 in
1655 2969 1816 3034 gente
1836 2975 2043 3017 eorum.

455 3060 592 3116 Nam
617 3059 847 3131 legimus
873 3058 1082 3127 aliquos
1109 3057 1161 3110 in
1194 3064 1353 3126 gente
1381 3071 1568 3111 eorum
1599 3053 1882 3110 duodecim
1922 3067 2044 3106 mu-

456 3151 616 3207 lieres
641 3149 894 3204 babuisse
919 3189 934 3215 ,
978 3155 1034 3201 et
1072 3147 1336 3216 quasdam
1383 3148 1572 3201 decem
1598 3145 1746 3199 viros
1771 3143 2046 3208 habuisse,

2137 1965 2290 2011 terra:
2317 1955 2526 2027 pulvere
2557 1962 2867 2024 consurgent
2895 1993 2910 2018 ,
2940 1950 3033 2005 alii
3055 1950 3125 2003 ~in
3147 1949 3303 2003 vitam
3330 1935 3607 2009 arternizm,
3645 1949 3736 2001 alii

2139 2047 2194 2099 in
2244 2045 2578 2116 opprobrium
2630 2052 2677 2096 et
2710 2041 3072 2110 confusionem
3117 2047 3390 2093 (uernam.
3445 2037 3734 2092 Verumtao

2139 2151 2283 2200 men,
2315 2135 2455 2190 sicut
2479 2133 2614 2197 dixi,
2644 2148 2750 2186 non
2778 2131 3045 2185 curabunt
3073 2128 3139 2182 de
3168 2126 3328 2181 dictis
3347 2127 3738 2197 prephetarum

2140 2228 2244 2282 nisi
2270 2226 2326 2280 in
2364 2225 2534 2296 Moysi
2576 2224 2719 2279 dicto
2745 2223 2825 2276 eis
2850 2221 3270 2275 demonstretur.
3298 2217 3534 2272 Proinde
3555 2217 3621 2272 de
3651 2216 3738 2272 illo

2141 2319 2278 2375 libro
2315 2334 2476 2389 quem
2503 2318 2604 2388 ipsi
2631 2314 2983 2384 recipiebant,
3015 2312 3140 2368 inde
3171 2311 3410 2365 dandum
3437 2321 3555 2365 erat
3584 2313 3737 2365 testi-

2143 2410 2402 2464 monium.
2438 2407 2563 2462 Non
2608 2415 2683 2460 est
2723 2406 2864 2460 Deus
2908 2412 3260 2467 mortuorum,
3304 2400 3394 2455 sed
3439 2401 3736 2454 viventium.

2144 2501 2369 2569 Quando
2395 2502 2536 2556 Deus
2558 2501 2661 2554 ista
2685 2496 3131 2568 loquebaturjam
3153 2503 3307 2549 erant
3333 2494 3557 2548 trecenti
3600 2494 3736 2548 anni

2143 2593 2287 2662 quod
2311 2593 2583 2647 Abraham
2610 2631 2626 2654 ,
2656 2589 2808 2643 Isaac
2829 2598 2885 2643 et
2908 2587 3076 2643 Jacob
3099 2586 3360 2641 obierant.
3386 2583 3458 2638 Et
3479 2584 3526 2639 si
3549 2585 3734 2638 anima

2146 2683 2442 2738 interiisset
2482 2696 2604 2736 cum
2651 2694 2853 2744 carne,
2894 2694 3004 2733 non
3054 2679 3259 2733 diceret
3293 2695 3307 2729 :
3357 2675 3614 2730 Dominus
3648 2693 3738 2746 ego

2147 2790 2286 2839 sum,
2312 2772 2354 2826 si
2386 2787 2493 2826 non
2519 2779 2703 2824 essent
2733 2769 2910 2822 adhuc
2937 2768 2990 2821 in
3018 2768 3199 2820 anima
3224 2766 3471 2820 viventes
3497 2781 3513 2819 :
3537 2766 3633 2821 sed
3663 2765 3736 2818 di-

2150 2872 2302 2922 ceret
2331 2882 2344 2916 :
2379 2864 2488 2934 Ego
2511 2861 2587 2916 fui
2615 2861 2826 2916 illorum
2853 2861 2994 2915 Deus
3023 2861 3237 2930 quando
3269 2859 3345 2912 illi
3373 2859 3612 2913 fuerunt.
3641 2859 3736 2913 Ne-

2147 2972 2236 3012 mo
2261 2956 2404 3010 enim
2447 2954 2580 3008 dicit
2616 2953 2683 3008 de
2713 2953 2802 3008 illo
2823 2954 2912 3022 qui
2943 2967 3046 3007 non
3072 2961 3155 3007 est
3187 2972 3200 3006 :
3239 2953 3352 3023 Ego
3382 2953 3640 3008 Dominus
3675 2953 3736 3006 il-

2147 3046 2272 3112 lius,
2302 3046 2428 3117 quia
2457 3045 2533 3099 illi
2559 3045 2798 3098 animam
2821 3057 2941 3097 esse
2960 3052 3084 3112 post
3110 3051 3337 3097 mortem
3367 3043 3614 3112 corporis
3643 3043 3734 3098 dc-

2148 3133 2436 3203 negabant,
2470 3132 2705 3186 ostendit
2736 3129 2816 3183 eis
2849 3130 3106 3184 Dominus
3132 3131 3315 3185 vivere
3340 3131 3490 3196 illos,
3525 3131 3595 3185 de
3623 3131 3734 3201 qui-

456 3241 547 3312 qui
578 3238 1026 3295 resurrectionem
1052 3251 1339 3305 corporum
1380 3250 1486 3289 non
1521 3231 1837 3290 credebant.
1882 3234 2048 3288 Recte
2075 3234 2119 3296 ρ
2150 3223 2250 3278 bus
2268 3222 2492 3291 dicebat
2521 3238 2536 3275 :
2570 3219 2683 3290 Ego
2711 3235 2829 3273 sum
2857 3218 2992 3273 Deus
3021 3218 3253 3272 illorum.
3291 3220 3357 3273 Et
3381 3219 3505 3290 quia
3542 3221 3736 3273 anima:

456 3331 760 3388 istiusmodi
809 3327 1042 3384 fabulam
1083 3327 1393 3399 contingunt
1430 3343 1537 3397 qua
1581 3326 1922 3381 deliramenti
1964 3342 2052 3381 ar-

458 3430 624 3494 guant
670 3436 764 3476 eos
812 3419 903 3490 qui
947 3419 1399 3474 resurrectionem
1442 3426 1694 3473 asserunt
1740 3433 2048 3488 corporum.

462 3513 719 3568 Similiter
743 3512 848 3566 duo
873 3521 920 3566 et
953 3521 1054 3566 tres
1091 3528 1252 3582 usque
1282 3510 1349 3564 ad
1373 3519 1566 3580 septem
1592 3526 1610 3565 :
1641 3510 1916 3565 novissime
1937 3527 2050 3564 om-

460 3605 604 3658 nium
627 3613 676 3658 et
703 3602 892 3656 mulier
905 3602 1153 3672 defuncta
1175 3612 1269 3656 est.
1299 3601 1710 3670 Turpitudinem
1737 3599 1932 3655 fabula:
1959 3615 2054 3670 op-

463 3701 675 3765 ponunt
693 3701 755 3747 ut
780 3691 1195 3747 resurrectionis
1218 3691 1483 3761 denegem
1501 3691 1802 3744 veritatem.
1826 3689 2055 3760 Respon-

461 3784 590 3838 deas
621 3791 793 3836 autem
815 3780 972 3836 Iesus
993 3783 1065 3834 ait
1094 3781 1199 3834 illis
1228 3798 1244 3834 :
1273 3780 1478 3833 Erratis
1507 3781 1787 3835 nescientes
1814 3777 2052 3847 Scriptu-

465 3889 592 3936 ras,
652 3888 812 3942 neque
855 3871 1100 3925 virtutem
1151 3869 1270 3924 Dei.
1317 3868 1602 3937 Nunquam
1659 3876 1766 3922 tam
1818 3869 2056 3939 graviter

463 3962 743 4031 respondit
783 3961 1068 4016 Pharisazis
1093 4000 1108 4024 ,
1136 3960 1262 4030 quia
1297 3958 1374 4012 illi
1414 3959 1640 4014 rationis
1670 3959 1870 4028 aliquid
1895 3961 2057 4014 habe-

463 4050 613 4114 bant,
665 4049 757 4104 isti
795 4057 976 4105 autem
1013 4049 1169 4102 nihil.
1204 4049 1408 4103 Erratis
1436 4049 1489 4102 in
1535 4056 1682 4103 secta
1724 4057 1926 4114 vestra,
1958 4063 2055 4104 ne-

465 4142 698 4196 scientes
719 4139 1042 4209 Scripturas,
1069 4153 1242 4208 neque
1269 4139 1520 4193 virtutem
1557 4138 1676 4205 Dei,
1706 4139 1830 4208 quia
1852 4139 2059 4208 respui-

465 4234 565 4288 stis
586 4233 880 4302 pr0phetas
899 4239 954 4286 et
977 4246 1086 4286 non
1113 4229 1413 4299 intelligitis
1432 4230 1860 4285 Pentateuchum
1883 4244 2058 4298 neque

468 4329 725 4382 virtutem
755 4323 872 4387 Dei,
909 4323 964 4377 id
990 4331 1075 4377 est
1099 4336 1184 4376 me
1214 4321 1307 4391 qui
1329 4336 1450 4375 sum
1473 4321 1644 4375 virtus
1673 4319 1869 4386 Patris,
1892 4327 1946 4374 et
1970 4335 2058 4375 sa-

467 4419 671 4488 pientia
699 4415 896 4470 Patris.
931 4414 1055 4469 Ideo
1093 4412 1288 4467 erratis
1307 4452 1322 4479 ,
1350 4411 1479 4481 quia
1509 4410 1817 4480 Scripturas
1840 4410 2056 4481 ignora-

469 4507 563 4573 tis,
589 4507 815 4573 ideoque
841 4504 1003 4558 etiam
1030 4502 1284 4568 virtutem
1307 4503 1423 4566 Dei,
1444 4502 1497 4556 id
1523 4508 1606 4556 est
1626 4500 1919 4565 Christum,
1949 4514 2056 4552 non

2154 3331 2342 3372 eorum
2380 3314 2633 3370 vivebant
2674 3321 2884 3368 constat
2903 3313 3045 3382 quod
3081 3321 3135 3368 et
3171 3328 3394 3382 corpora
3430 3320 3735 3382 resurgent.

2153 3413 2208 3459 et
2237 3403 2503 3475 recipient
2523 3402 2665 3457 bona
2689 3402 2802 3456 sive
2828 3401 2966 3456 mala
2991 3417 3111 3470 qua:
3133 3410 3413 3470 gesserunt
3437 3401 3596 3454 simul
3620 3418 3738 3456 eum

2153 3497 2420 3552 viverent.
2458 3494 2525 3547 Et
2551 3494 2819 3547 audientes
2848 3493 3035 3557 turbw,
3067 3493 3394 3546 mirabantur
3423 3494 3477 3545 in
3503 3493 3737 3545 doctrina

2155 3587 2291 3657 ejus.
2329 3584 2667 3639 Mirabantur
2692 3583 2892 3648 turbze,
2923 3582 3050 3650 quia
3079 3581 3234 3634 multi
3274 3581 3396 3634 anni
3437 3580 3737 3640 ﬂuxerunt,

2154 3675 2296 3746 quod
2319 3675 2390 3729 ibi
2420 3688 2524 3728 non
2551 3671 2928 3726 intellexerant
2951 3686 3048 3725 nec
3072 3670 3351 3733 Pharismi,
3377 3686 3471 3723 nec
3492 3668 3735 3724 Saduca-i

2159 3765 2454 3834 quidquam
2493 3762 2559 3815 de
2581 3761 3005 3825 resurrectione;
3032 3773 3128 3813 nec
3149 3768 3397 3830 poterant
3421 3773 3517 3828 per
3544 3759 3736 3812 multos

2157 3870 2329 3909 annos
2359 3853 2477 3908 illos
2509 3851 2831 3906 convincere
2859 3850 3116 3904 Pharisaei
3145 3865 3242 3920 per
3272 3850 3391 3903 illos
3419 3850 3651 3919 quinque
3676 3848 3736 3901 li-

2154 3945 2304 4010 bros,
2320 3945 2462 4014 quod
2483 3944 2661 3997 anima
2680 3951 2799 4012 post
2820 3953 3048 4018 mortem
3070 3943 3293 3997 viveret.
3313 3943 3418 3997 Sed
3441 3943 3528 3996 ille
3541 3943 3732 3996 SCiC‘bnl

2157 4037 2250 4107 qui
2283 4036 2491 4090 locutus
2527 4033 2696 4106 Moysi
2733 4034 2929 4098 fuerat,
2973 4048 3078 4104 quo
3119 4049 3279 4088 sensu
3317 4034 3492 4102 ipsum
3518 4033 3735 4086 verbum

2157 4127 2401 4183 dixisset.

2749 4232 2976 4288 CAPUT
3015 4233 3126 4286 LV.

2253 4325 2524 4392 Quomodo
2555 4321 2817 4379 Pltariswi
2849 4326 3168 4445 intzrrogant
3197 4321 3364 4375 Deum
3385 4321 3453 4375 de
3476 4322 3643 4391 primo

2798 4411 2919 4445 man
2961 4404 3067 4445 ato.

2798 4404 3067 4446 nttmdato.

2228 4503 2487 4558 Phariswi
2516 4512 2689 4556 autent
2715 4503 2982 4556 audientes
3010 4503 3148 4574 quod
3176 4501 3440 4555 silentium
3465 4503 3735 4573 imposuis-

471 4595 775 4668 agnosciliS-
810 4593 926 4646 Νοη
963 4591 1134 4646 801υηὶ
1171 4592 1315 4645 enim
1348 4592 1412 4646 de
1443 4592 1552 4644 D90
1581 4605 1689 4644 non
1729 4597 1905 4658 Ροῑθεῐ
1937 4602 2054 4642 esse
2081 4578 2131 4638 D
2154 4604 2226 4650 set
2252 4592 2405 4647 Iesus
2439 4591 2708 4646 Saducuzis
2747 4602 3088 4644 convenerunt
3126 4593 3182 4644 in
3221 4607 3401 4643 unum.
3440 4592 3508 4646 Et
3545 4593 3735 4646 iterum

467 4685 688 4756 sapiens
717 4683 809 4752 qui
836 4682 1143 4750 Scripturas
1172 4680 1366 4745 nescit,
1402 4680 1498 4735 sed
1544 4695 1644 4733 nec
1679 4680 1745 4733 de
1767 4679 2053 4733 mundana

471 4781 688 4851 sapiens
707 4792 829 4836 esse
858 4786 1032 4849 potest
1058 4776 1295 4848 perfecte
1314 4777 1516 4845 absque
1539 4776 1728 4830 notitia
1751 4775 2057 4845 Scriptura-

475 4887 618 4928 rum.
658 4869 725 4924 In
751 4870 1123 4924 resurrectione
1152 4870 1339 4923 etenim
1367 4881 1526 4938 neque
1563 4866 1751 4920 nubent
1775 4883 1935 4937 neque
1961 4883 2058 4920 nu-

473 4963 693 5025 bentur;
732 4960 822 5014 sed
865 4967 983 5014 sunt
1009 4959 1140 5012 sicut
1182 4957 1351 5029 angeli
1380 4957 1478 5012 Dei
1521 4958 1577 5011 in
1614 4955 1760 5011 ctelo.
1787 4957 2057 5027 Interpres

476 5053 635 5122 hujus
656 5050 930 5121 Evangelii
958 5049 1160 5104 invenit
1189 5049 1243 5102 in
1270 5047 1459 5102 Graeco
1484 5048 1711 5102 verbum
1733 5047 1966 5100 activum
1996 5056 2052 5102 et

475 5143 749 5214 passivum
781 5155 905 5196 cum
932 5137 1174 5194 neutrale
1200 5139 1424 5192 verbum
1466 5137 1536 5191 sit
1561 5145 1617 5191 et
1640 5137 1708 5190 ad
1734 5136 1875 5191 solas
1898 5135 2055 5190 femi-

477 5249 576 5288 nas
605 5232 888 5302 pertineat.
917 5230 1011 5285 Est
1033 5237 1211 5287 autem
1237 5237 1419 5284 rectus
1444 5243 1622 5283 sermo
1644 5228 2052 5290 locutionisme-

476 5338 583 5392 que
613 5323 850 5386 nubent,
890 5335 1064 5389 neque
1110 5319 1307 5374 ducent
1351 5333 1567 5373 uxores.
1602 5317 1945 5371 Feminarum
1970 5326 2054 5372 est

477 5411 622 5464 enim
652 5411 872 5474 nubere,
903 5409 957 5463 id
983 5418 1067 5463 est
1099 5416 1260 5477 caput
1281 5408 1479 5463 velare.
1513 5407 1611 5462 Hic
1640 5415 1818 5462 autem
1855 5407 2056 5463 nubere

480 5499 683 5553 dictum
719 5509 823 5565 est,
859 5499 988 5554 nubi
1017 5500 1082 5554 de
1121 5498 1353 5554 feminis.
1384 5499 1622 5569 Apparet
1651 5508 1828 5555 autem
1867 5501 1922 5554 in
1953 5501 2056 5555 hoc

483 5585 649 5649 dicto,
674 5601 833 5652 neque
861 5588 1074 5653 nubent,
1105 5604 1266 5658 neque
1289 5588 1565 5654 nubentur,
1605 5589 1747 5657 quod
1777 5598 2058 5661 resurgent

481 5681 709 5733 corpora
741 5687 861 5739 qum
889 5675 1092 5729 nubere
1116 5684 1340 5744 possunt
1364 5694 1376 5729 :
1406 5677 1499 5731 sed
1523 5685 1605 5732 est
1625 5678 1730 5730 alia
1769 5694 1931 5734 causa
1961 5696 2058 5749 pro

487 5765 594 5822 qua
618 5767 726 5810 non
770 5760 986 5815 faciant.
1017 5762 1122 5818 Sed
1145 5775 1266 5820 sunt
1294 5767 1424 5821 sicut
1448 5767 1618 5838 angeli
1640 5767 1694 5822 in
1724 5768 1868 5824 coelo.
1902 5764 2090 5846 Videi

2155 4690 2519 4741 convenerunt
2551 4683 2604 4735 in
2631 4697 2792 4735 unum
2820 4721 2834 4745 ,
2872 4690 2926 4734 et
2961 4681 3237 4751 elegerunt
3284 4682 3733 4750 sapientissimum

2155 4775 2222 4830 de
2263 4773 2394 4828 suis.
2428 4771 2495 4823 Et
2534 4771 2864 4840 interrogavit
2889 4788 3006 4823 eum
3043 4788 3178 4824 unus
3201 4787 3267 4825 ea:
3301 4773 3376 4826 eis
3398 4772 3525 4842 legis
3562 4774 3736 4825 doctor

2152 4872 2358 4917 tentans
2379 4876 2496 4914 eum
2520 4869 2567 4912 et
2590 4860 2765 4912 dicens
2799 4876 2816 4913 :
2845 4859 3098 4929 Magister
3117 4900 3132 4924 ,
3160 4861 3299 4931 quod
3323 4861 3398 4916 est
3431 4859 3735 4915 mandatum

2155 4966 2400 5021 magnum
2438 4950 2492 5002 in
2520 4948 2666 5018 lege?
2701 4949 2835 5016 Quia
2866 4950 3076 5005 discere
3101 4951 3357 5015 volebat,
3393 4953 3463 5006 ob
3499 4953 3599 5006 hoc
3627 4967 3737 5005 ma-

2154 5043 2378 5112 gistrum
2401 5041 2656 5105 vocabat;
2705 5041 2830 5108 quia
2852 5039 2930 5094 sic
2953 5050 3036 5096 est
3080 5043 3411 5097 consuetudo
3451 5043 3736 5112 discipulo-

2156 5148 2295 5186 rum.
2322 5129 2473 5196 Quod
2494 5139 2565 5183 est
2580 5129 2884 5183 mandatum
2898 5147 3144 5201 magnum
3159 5133 3213 5186 in
3230 5133 3340 5202 lege
3355 5133 3379 5186 ?
3397 5134 3575 5190 Dicam
3602 5135 3738 5188 unde

2155 5235 2210 5280 et
2223 5225 2324 5279 iste
2339 5224 2440 5277 hoc
2451 5222 2680 5276 voluerit
2693 5223 3178 5294 interrogare.Erat
3193 5236 3369 5279 autem
3384 5224 3553 5278 inter)
3563 5226 3736 5280 uda‘os

2157 5315 2404 5386 quaestio,
2428 5314 2553 5384 quia
2570 5315 2875 5369 sacerdotes
2893 5315 2983 5384 qui
2998 5316 3247 5370 volebant
3273 5317 3583 5372 holocausta
3606 5316 3735 5370 reci—

2159 5422 2285 5478 pere
2305 5406 2612 5474 l‘requenter
2626 5405 2874 5460 dicebant
2885 5406 3025 5475 quod
3043 5407 3186 5460 nulla
3208 5409 3349 5462 actio
3363 5418 3471 5462 tam
3487 5415 3639 5476 grata
3653 5420 3740 5458 es-

2160 5508 2242 5553 set
2255 5500 2366 5552 Deo
2389 5511 2548 5565 quam
2566 5495 2890 5550 sacriﬁcium
2906 5496 2954 5549 ei
2970 5495 3266 5555 oﬂ‘erreJlli
3279 5513 3410 5554 vero
3423 5498 3513 5568 qui
3529 5495 3734 5563 sapienv

2163 5597 2424 5652 teserant,
2441 5589 2857 5645 considerabant
2871 5590 3014 5659 quod
3029 5591 3145 5644 sine
3156 5590 3518 5645 oblationibus
3532 5587 3736 5643 hostia-

2164 5695 2282 5734 rum
2307 5679 2461 5734 multi
2484 5679 2808 5749 patriarcha:
2835 5679 3149 5750 placuerunt
3177 5680 3318 5746 Deo;
3348 5691 3405 5735 et
3426 5695 3460 5733 a
3478 5679 3734 5749 propheta

2120 5840 2129 5848 ,
2159 5771 2357 5840 edocti,
2389 5771 2550 5829 malle
2583 5773 2750 5829 Deum
2771 5773 3051 5828 scientiam
3077 5773 3160 5830 sui
3182 5784 3616 5844 unumquemque
3639 5769 3734 5824 ha-
