3952 6186
245 367 379 423 ιιι-ιδ

1375 357 1737 418 EXPOSITIO
1776 361 1844 415 l.\'
1884 357 2322 416 MA'l'TlLEUM.

3395 370 3531 428 “£6

233 487 384 549 bere,
407 492 570 554 quam
596 481 927 536 holocausta.
957 480 1126 536 Nemo
1151 489 1330 534 autem
1353 494 1591 548 unquam
1622 479 1827 547 absque
1859 482 1904 540 Α
1933 491 2093 546 quam
2126 485 2251 529 ante
2291 477 2481 530 habuit
2509 492 2603 545 per
2632 478 2970 533 divinitatem
3007 479 3208 536 habere
3241 485 3408 553 coepit
3437 503 3534 557 pm-

238 579 340 628 tlde
367 582 423 629 ct
456 572 744 627 dilectione
781 586 877 640 per
912 571 1228 626 holocausta
1266 570 1374 624 sola
1424 569 1535 624 Deo
1560 569 1828 639 placuisse

239 665 528 719 invenitur.
557 662 614 717 ln
646 678 750 732 qua
783 662 1050 716 sententia
1077 678 1134 716 se
1169 660 1336 715 fuisse
1367 660 1683 715 declaravit.
1716 659 1828 714 Hac

235 757 299 810 de
322 771 380 811 re
404 756 503 810 istc
530 753 982 822 interrogatquod
1008 753 1079 807 sit
1100 752 1394 805 maximum
1417 759 1471 803 et
1496 750 1826 820 prxcipuum

236 847 572 903 mandatum.
599 845 741 915 quod
766 845 908 898 Deus
935 843 1053 914 plus
1076 842 1390 898 delectetur.
1414 841 1500 894 Ait
1525 840 1603 894 illi
1624 839 1781 894 Jesus
1805 854 1823 891 :

236 938 431 1008 Diliges
455 937 733 991 Dominum
761 937 928 990 Deum
969 946 1116 989 tuum
1147 951 1212 988 ex
1233 943 1338 988 toto
1360 933 1514 987 corde
1542 944 1631 986 tuo
1654 973 1668 998 ,
1699 945 1746 986 et
1770 933 1823 985 in

233 1037 341 1080 tota
372 1028 551 1080 animo
579 1037 702 1090 tua,
738 1036 785 1079 et
824 1025 879 1078 in
905 1034 1014 1078 tota
1055 1034 1223 1078 mente
1255 1033 1366 1077 tua.
1408 1023 1649 1076 Primum
1695 1038 1825 1092 ergo

231 1117 473 1170 eximium
503 1125 557 1171 et
594 1117 890 1170 maximum
933 1117 1246 1171 mandatmn
1286 1123 1372 1171 est
1398 1115 1632 1185 cognitio
1661 1126 1824 1185 atque

231 1207 500 1262 confessio
544 1207 742 1262 divime
783 1207 1027 1272 unitatis,
1084 1223 1208 1262 cum
1267 1207 1613 1262 exsecutione
1669 1207 1823 1262 bona:

231 1296 578 1365 operationis.
598 1295 707 1352 Nec
732 1297 888 1352 nobis
905 1298 1121 1367 ponitur
1143 1297 1334 1353 modus
1360 1306 1453 1352 aut
1484 1312 1734 1352 mensura
1767 1301 1821 1354 in

232 1389 324 1442 Dei
341 1388 648 1453 dilectione,
669 1389 759 1442 sed
777 1404 844 1443 ex
860 1397 970 1443 toto
987 1390 1150 1444 corde
1161 1399 1422 1459 quantmn
1437 1405 1630 1460 capere
1643 1399 1822 1460 potest

229 1479 409 1533 anima
442 1488 498 1534 et
527 1488 789 1549 quantum
820 1479 1060 1550 cogitare
1098 1495 1212 1545 cor,
1255 1489 1417 1550 atque
1449 1497 1605 1536 mens
1631 1497 1823 1552 sugge—

229 1585 371 1634 rere,
401 1571 452 1623 in
482 1571 810 1641 cogitatione
833 1610 848 1634 ,
888 1569 941 1623 in
972 1569 1241 1625 locutione
1265 1610 1279 1635 ,
1321 1586 1482 1641 opere
1507 1572 1710 1640 absque
1735 1571 1818 1624 ul-

229 1659 331 1714 lius
376 1660 782 1729 comparatione
821 1659 991 1713 Deum
1030 1659 1336 1731 diligamus.
1384 1659 1498 1714 Hoc
1539 1671 1613 1715 est
1649 1661 1819 1716 maxi-

225 1766 367 1803 mum
389 1760 436 1804 et
461 1751 689 1821 primum
721 1749 1051 1804 mandatum.
1085 1749 1237 1805 Nunc
1271 1751 1512 1820 apertius
1543 1751 1812 1818 ostendit,

1935 565 2354 620 humanitatem.
2394 566 2461 619 Et
2497 569 2622 636 quia
2652 567 2821 623 Judaei
2851 571 3284 641 dcdignabantur
3305 578 3531 632 credere

1929 655 2205 710 Christum
2256 655 2421 710 Deum
2465 666 2520 710 et
2567 659 2864 723 hominem,
2905 671 3192 729 propterea
3229 663 3532 736 intelligere

1928 746 2244 815 nequibant.
2269 745 2420 812 Quod
2452 754 2633 801 autem
2654 763 2684 801 a
2709 748 2868 804 Patre
2900 751 3101 806 inimici
3142 753 3530 824 subjiciuntur,

1929 852 2036 890 non
2064 837 2355 892 iutirmitas
2381 838 2500 891 Filii
2528 840 2848 906 ostenditur,
2875 843 2968 896 sed
2990 844 3171 898 unitas
3196 854 3404 901 naturae
3430 848 3526 902 de-

1929 934 2282 980 monstratur.
2313 927 2446 980 Nam
2471 936 2524 982 et
2548 928 2714 983 Filius
2737 931 2953 1000 subjicit
2977 931 3124 988 Patri
3151 935 3526 1008 inimicos,qui

1928 1015 2144 1068 Patrem
2169 1015 2429 1070 clariﬁcat
2461 1032 2623 1086 super
2654 1027 2876 1073 terram.
2933 1019 3070 1075 Sede
3093 1041 3124 1076 a
3152 1024 3351 1080 dextris
3374 1029 3522 1082 meis.

1925 1105 2166 1160 Gloriam
2195 1116 2248 1161 et
2273 1109 2620 1164 stabilitatem
2644 1110 2905 1166 debemus
2933 1115 3182 1184 accipere
3207 1118 3259 1170 in
3284 1119 3388 1173 ista
3411 1136 3528 1175 ses—

1924 1198 2095 1252 sione.
2129 1196 2266 1264 Quia
2290 1199 2435 1253 enim
2470 1199 2642 1254 Filius
2669 1213 2979 1272 assumptus
3025 1203 3094 1259 de
3135 1216 3322 1261 sancta
3353 1208 3525 1266 Maria

1921 1287 2100 1342 Patris
2127 1288 2254 1343 fecit
2278 1289 2631 1356 voluntatem,
2681 1302 2830 1348 recte
2864 1295 2918 1347 in
2951 1296 3268 1352 ascensione
3293 1313 3326 1352 a
3363 1298 3528 1356 Patre

1920 1379 2120 1433 dicitur
2145 1397 2157 1432 :
2187 1378 2320 1433 Sede
2345 1397 2377 1432 a
2404 1379 2604 1434 dextris
2629 1384 2776 1436 meis.
2810 1385 2998 1438 Victor
3025 1385 3078 1438 in
3111 1385 3304 1456 gloria.
3331 1389 3375 1440 Α
3398 1391 3526 1444 dex-

1920 1469 2016 1523 tris
2056 1484 2164 1522 non
2204 1469 2382 1524 locum
2419 1471 2724 1541 signiﬁcat,
2767 1475 2862 1528 sed
2895 1475 3285 1545 aequalitatem.
3325 1478 3524 1547 Donec,

1919 1558 2007 1613 hic
2031 1575 2131 1629 pro
2165 1575 2381 1630 semper
2408 1561 2626 1629 ponitur
2645 1602 2660 1627 ,
2703 1571 2762 1616 ut
2792 1563 2921 1618 illud
2954 1582 2966 1617 :
2997 1565 3174 1619 Donec
3195 1575 3482 1624 senescatis
3501 1611 3518 1636 ,

1918 1664 2011 1718 ego
2041 1666 2156 1702 sum
2185 1649 2348 1703 Deus.
2388 1649 2553 1716 Quasi
2595 1653 2802 1708 diceret
2848 1672 2861 1706 :
2894 1653 3034 1709 Sede
3069 1657 3192 1724 quia
3229 1657 3526 1725 subjiciun-

1920 1750 2008 1796 tur
2031 1743 2233 1797 inimici
2253 1743 2354 1798 sub
2378 1745 2604 1814 pedibus
2631 1745 2755 1800 tuis.
2799 1744 2969 1801 Pedes
2990 1747 3135 1800 enim
3183 1747 3396 1804 Domini
3430 1752 3516 1806 vel

224 1839 353 1908 quid
383 1838 473 1894 ille
495 1839 932 1909 interrogaverit,
969 1838 1073 1893 hoc
1105 1847 1188 1893 est
1215 1848 1342 1895 ante
1365 1841 1550 1895 omnia
1573 1849 1628 1895 et
1656 1856 1818 1911 super
1845 1837 1892 1896 B
1921 1833 2249 1901 incarnatio,
2275 1836 2360 1890 vel
2387 1837 2612 1906 apostoli
2635 1837 3025 1909 intelliguntur.
3061 1839 3126 1892 Et
3151 1857 3299 1894 nemo
3319 1853 3522 1912 poterat

223 1932 405 1986 omnia
453 1932 706 1986 mandata
734 1973 748 1997 ,
803 1931 944 1987 istud
985 1933 1357 1988 collocandum
1405 1934 1814 1992 fundamentum

224 2022 458 2092 pietatis.
520 2022 817 2077 Secundum
863 2033 1039 2078 autem
1088 2023 1257 2079 simile
1298 2036 1374 2080 est
1417 2027 1540 2080 huic
1571 2043 1589 2081 :
1617 2027 1815 2098 Diliges

221 2114 518 2182 proximum
549 2122 698 2166 tuum
735 2115 868 2168 sicut
901 2115 1142 2186 teipsum.
1173 2114 1240 2169 In
1266 2116 1346 2169 his
1368 2115 1571 2170 duobus
1595 2119 1816 2172 manda-

222 2205 288 2258 tis
314 2215 422 2259 tota
443 2204 526 2258 lex
553 2205 738 2275 pendet
774 2214 822 2258 et
852 2206 1134 2276 praphetx.
1163 2190 1420 2278 Adiungit
1461 2208 1719 2264 Dominus
1748 2211 1813 2265 ad

222 2297 330 2352 hoc
350 2297 492 2366 quod
518 2297 882 2368 interrogatus
907 2298 1106 2366 fuerat,
1140 2301 1266 2369 quia
1290 2301 1417 2355 illud
1444 2302 1679 2370 primum
1706 2319 1813 2358 non

220 2395 400 2456 potest
421 2386 536 2442 ﬁeri
561 2388 678 2442 sine
708 2387 829 2455 isto,
862 2389 989 2459 quia
1024 2389 1138 2460 ipse
1173 2391 1313 2444 Deus
1340 2392 1595 2461 praecepit
1622 2393 1812 2466 dilige-

221 2491 282 2531 re
306 2479 610 2546 proximum
641 2480 779 2534 sicut
807 2481 1064 2549 seipsum.
1091 2480 1226 2535 Illud
1265 2483 1562 2538 maximum
1588 2494 1645 2540 et
1674 2500 1815 2554 pra:-

221 2571 435 2640 cipuum
478 2581 582 2637 est,
619 2573 765 2628 istud
804 2580 984 2630 tamen
1015 2575 1187 2644 prius,
1218 2576 1343 2645 quia
1386 2577 1476 2644 qui
1506 2593 1612 2644 non
1643 2577 1815 2648 diligit

220 2662 523 2729 proximum
555 2679 717 2734 quem
757 2664 924 2729 videt,
961 2665 1130 2720 Deum
1167 2681 1327 2735 quem
1372 2682 1478 2721 non
1505 2667 1650 2720 videt
1680 2683 1814 2736 quo-

216 2751 379 2806 modo
402 2762 581 2822 potest
619 2753 876 2824 diligere?
903 2757 1008 2810 Per
1044 2756 1386 2810 dilectionem
1416 2758 1647 2827 proximi
1684 2773 1810 2826 per-

215 2843 434 2897 venitur
462 2843 530 2897 ad
555 2844 894 2899 dilectionem
925 2845 1040 2900 Dei.
1069 2846 1136 2899 Et
1163 2847 1254 2914 qui
1285 2847 1386 2901 ista
1412 2849 1517 2901 duo
1542 2857 1810 2917 praecepta

211 2934 496 3003 adimplet,
521 2934 704 2988 omnia
727 2951 846 3004 qua:
889 2935 976 2991 lex
1014 2945 1069 2990 et
1099 2938 1373 3006 prophetae
1420 2939 1813 2994 mandaverunt

212 3025 496 3095 adimplet.
526 3025 627 3092 Qui
651 3026 793 3080 enim
825 3027 996 3097 diligit
1033 3027 1198 3082 Deum
1219 3069 1232 3093 ,
1276 3044 1383 3082 non
1412 3030 1601 3083 adorat
1639 3030 1768 3084 deos
1792 3071 1806 3096 ,

213 3134 321 3172 non
348 3119 576 3172 assumit
605 3133 799 3173 nomen
827 3118 1038 3173 Domini
1062 3120 1116 3173 in
1143 3136 1342 3174 vanum
1367 3129 1422 3175 et
1452 3121 1658 3191 reliqua
1688 3138 1808 3192 (tua:

1921 1927 2230 1999 respondere
2268 1929 2316 1981 ei
2353 1929 2582 1982 verbum.
2625 1929 2777 1985 Tunc
2824 1932 3074 2001 nequiter
3108 1933 3319 1988 confusi
3360 1943 3519 1999 sunt,

1920 2021 2047 2088 quia
2077 2033 2179 2073 nec
2214 2019 2409 2089 psalmi
2443 2021 2668 2074 verbum
2711 2021 3006 2076 dissolvere
3032 2024 3342 2091 quiverunt.
3392 2025 3522 2080 Post

1917 2110 2134 2164 Domini
2186 2124 2316 2165 vero
2361 2126 2647 2166 ascensum
2693 2127 2818 2167 cum
2861 2113 3114 2168 similiter
3162 2114 3253 2168 alii
3291 2114 3358 2169 de
3404 2115 3521 2185 ipso

1915 2203 2082 2257 verbo
2105 2203 2534 2270 confutarentur,
2565 2205 2908 2272 invenerunt,
2939 2207 3082 2276 quod
3113 2205 3510 2262 Melchisedech

1918 2290 2148 2345 dixisset
2175 2292 2278 2346 hoc
2299 2292 2366 2346 ad
2393 2293 2672 2349 Abraham
2696 2309 2972 2350 reversum
2983 2294 3215 2356 debello.
3232 2295 3385 2363 Quod
3410 2314 3518 2352 non

1915 2391 2095 2452 potest
2141 2383 2214 2437 ita
2246 2384 2500 2456 intelligi,
2534 2386 2659 2456 quia
2705 2402 2938 2456 sequens
2968 2388 3267 2444 versiculus
3301 2399 3514 2444 contra-

1915 2473 2076 2530 dicit:
2099 2474 2289 2530 Tecum
2321 2477 2637 2546 principium
2654 2478 2710 2531 in
2731 2477 2816 2530 die
2829 2478 3033 2533 virtutis
3053 2487 3180 2545 tux,
3211 2486 3265 2534 et
3288 2478 3515 2548 reliqua.

1989 2585 2171 2656 Neque
2197 2603 2357 2641 ausus
2384 2587 2485 2656 fuit
2513 2587 2791 2660 quislﬂtam
2831 2607 2895 2644 ex
2919 2589 3013 2645 illa
3041 2591 3126 2646 die
3151 2591 3377 2662 amplius
3398 2609 3516 2646 eum

1913 2676 2259 2746 interrogare.
2289 2677 2445 2732 Nunc
2484 2695 2582 2749 pro
2609 2689 2759 2734 certo
2790 2690 3129 2751 agnoverunt
3153 2680 3344 2746 Judaei,
3372 2684 3518 2752 quod

1913 2765 2096 2820 verbis
2126 2765 2304 2820 nullus
2331 2776 2513 2836 posset
2535 2783 2657 2822 eum
2688 2785 2882 2839 capere
2909 2810 2924 2836 ,
2955 2771 3082 2838 quia
3113 2772 3252 2826 sicut
3279 2772 3398 2825 foris
3427 2788 3513 2826 sa-

1911 2858 2130 2925 pientiae
2154 2857 2492 2928 loquebatur,
2529 2869 2584 2914 et
2612 2861 3102 2929 comprehendebat
3135 2863 3408 2932 sapientes
3459 2863 3514 2918 in

1914 2950 2114 3003 astutia
2153 2965 2361 3006 eorum.
2388 2950 2506 3005 Jam
2542 2953 2596 3006 in
2640 2953 2848 3022 reliquo
2883 2965 3244 3025 corruperunt
3271 2957 3512 3027 discipu-

1911 3043 2022 3097 lum
2071 3044 2213 3099 illius
2241 3045 2486 3114 pecunia,
2519 3053 2580 3099 ut
2616 3046 2871 3116 proderet
2905 3059 3030 3100 eum
3076 3045 3194 3100 sine
3235 3047 3426 3113 turbis,
3459 3056 3516 3102 et

1913 3135 2434 3203 comprehendentes
2458 3151 2581 3189 eum
2609 3151 2730 3190 cum
2751 3136 2805 3189 vi
2837 3134 3114 3189 traderent
3137 3135 3396 3191 Romana:
3417 3154 3513 3207 po-

213 3207 283 3261 ad
304 3207 507 3262 cultum
530 3208 622 3262 Dei
641 3207 931 3277 pertinent.
949 3208 1050 3275 Qui
1066 3210 1238 3278 diligit
1252 3189 1584 3280 proximum,
1600 3189 1809 3268 non'oc-

1921 3228 2128 3282 testati.
2157 3228 2237 3282 Ex
2266 3243 2374 3298 quo
2402 3229 2717 3299 intelligitur
2751 3244 2957 3284 venena
2996 3229 3209 3284 invidia:
3228 3246 3386 3300 posse
3419 3247 3513 3285 su-

214 3296 346 3351 cidit
358 3311 456 3352 nec
477 3298 800 3362 moechatur,
816 3313 922 3351 non
935 3296 958 3350 l‘
959 3306 1169 3363 uratur,
1187 3314 1292 3354 non
1309 3298 1440 3354 dicit
1461 3299 1653 3355 falsum
1670 3303 1814 3356 testi-

216 3386 476 3447 monium,
502 3401 609 3441 non
634 3387 970 3455 concupiscit
997 3403 1111 3442 rem
1139 3389 1371 3458 proximi
1398 3391 1479 3444 sui
1502 3431 1516 3455 ,
1549 3393 1673 3461 quia
1695 3407 1811 3446 om-

216 3475 307 3528 nia
333 3476 433 3531 ista
462 3476 515 3530 in
545 3476 807 3546 proximis
837 3478 1280 3544 committuntur,
1303 3488 1358 3534 et
1386 3480 1476 3534 tali
1501 3483 1660 3537 modo
1693 3499 1809 3538 ser-

218 3574 375 3620 vatur
399 3566 659 3621 charitas.
708 3565 776 3620 Et
815 3569 881 3622 de
922 3567 1024 3623 hoc
1069 3568 1274 3624 dictum
1311 3581 1396 3626 est
1437 3587 1534 3640 per
1576 3575 1808 3643 prophe-

218 3664 327 3708 tam
375 3673 387 3708 :
429 3653 650 3710 Verbum
693 3655 978 3711 breviatum
1020 3659 1177 3728 faciet
1226 3659 1482 3716 Dominus
1517 3679 1674 3733 super
1701 3674 1808 3717 ter-

221 3760 354 3797 ram.

823 3814 1052 3872 CAPUT
1079 3817 1214 3872 LVI.

553 3903 808 3958 Dominus
837 3906 1124 3977 interrogat
1152 3909 1470 3965 Pharisaeos.

288 4012 626 4084 Congregatis
655 4027 830 4069 autem
853 4009 1144 4073 Pharisteis
1167 4021 1503 4091 interrogavit
1530 4040 1617 4078 eos
1645 4024 1804 4080 Iesus

215 4105 394 4158 dicens
417 4121 434 4159 :
454 4104 594 4172 Quid
619 4109 758 4163 vobis
782 4110 989 4164 videtur
1005 4110 1069 4163 de
1091 4111 1295 4165 Christo
1310 4113 1334 4166 ?
1351 4113 1518 4184 Cujus
1529 4115 1672 4185 ﬁlius
1693 4119 1805 4173 est?

213 4195 352 4262 Quia
376 4195 631 4252 Phariszei
659 4213 872 4270 semper
894 4201 1068 4269 parati
1102 4210 1257 4256 erant
1282 4203 1351 4257 ad
1386 4208 1800 4264 commovendas

213 4290 572 4358 quaestiones,
609 4302 974 4361 cognoverunt
1012 4294 1301 4364 aliquando
1329 4297 1471 4365 quod
1511 4306 1566 4352 et
1594 4299 1802 4356 solvere

211 4381 395 4436 omnia
417 4390 648 4452 poterat,
679 4391 735 4438 et
757 4385 919 4440 etiam
955 4401 1257 4457 proponere
1295 4405 1413 4458 qua:
1450 4390 1552 4459 ipsi
1591 4391 1801 4446 solvere

213 4472 519 4541 nequirent.
573 4473 873 4545 lnterrogat
927 4476 1072 4546 ipsos
1107 4477 1364 4534 Dominus
1406 4481 1472 4535 de
1519 4480 1608 4536 illo
1637 4497 1796 4551 quem

1913 3321 2117 3390 perari,
2161 3321 2259 3377 sed
2297 3320 2517 3377 difﬁcile
2560 3323 2964 3392 conquiescere.
2999 3321 3367 3390 Reprehendit
3409 3325 3513 3378 Do-

1912 3411 2092 3466 minus
2120 3412 2286 3466 multa
2315 3413 2368 3466 in
2394 3413 2699 3467 Pharisaeis.
2729 3412 2873 3466 Tunc
2898 3412 3055 3467 Jesus
3095 3413 3302 3468 locutus
3341 3425 3416 3469 est
3440 3417 3510 3469 ad

1911 3502 2113 3566 turbas,
2139 3511 2186 3554 et
2211 3502 2279 3554 ad
2300 3501 2584 3570 discipulos
2619 3519 2760 3565 suos,
2783 3504 2958 3556 dicens
2975 3519 2993 3556 :
3017 3500 3184 3572 Super
3206 3505 3509 3560 cathedram

1912 3590 2086 3659 Moysi
2123 3592 2366 3644 sederunt
2403 3591 2602 3646 Scriba:
2647 3603 2694 3646 et
2733 3591 3015 3647 Pharisaei.
3064 3593 3388 3650 Cathedram
3418 3597 3508 3651 hic

1910 3683 2281 3750 magisterium
2317 3690 2370 3736 et
2407 3683 2706 3738 doctrinam
2755 3685 3008 3754 appellat.
3053 3686 3166 3742 lloc
3205 3695 3308 3752 est,
3353 3689 3502 3744 illum

1911 3768 2084 3825 locum
2109 3780 2161 3824 et
2192 3771 2321 3825 illud
2348 3773 2717 3842 magisterium
2741 3776 2843 3830 sibi
2866 3777 3158 3842 vindicant,
3187 3781 3329 3848 quod
3359 3781 3507 3853 Moy-

1907 3875 1995 3916 ses
2021 3864 2289 3932 quondam
2323 3863 2509 3919 habuit
2551 3881 2714 3936 super
2743 3867 2999 3937 pepulum
3047 3871 3101 3923 in
3144 3872 3378 3927 deserto.
3422 3874 3507 3929 Si-

1907 3952 2111 4007 militer
2151 3968 2439 4022 possumus
2481 3965 2537 4010 et
2579 3957 2649 4010 ibi
2677 3958 2975 4013 doctrinam
3009 3962 3258 4031 accipere
3297 3965 3386 4018 ubi
3417 3965 3501 4018 di-

1905 4043 1979 4098 cit
2005 4083 2018 4107 ,
2051 4053 2099 4096 et
2131 4045 2184 4098 in
2221 4046 2472 4098 cathedra
2517 4048 2844 4116 pestilentite.
2881 4050 2945 4104 Et
2973 4051 3250 4106 cathedras
3277 4055 3500 4108 venden-

1904 4133 2034 4186 tium
2065 4132 2330 4188 columbas
2355 4138 2552 4190 evertit.

1976 4222 2167 4279 Omnia
2191 4243 2310 4296 ergo
2330 4244 2653 4300 quircunque
2677 4231 2906 4286 dixerint
2929 4234 3088 4301 vobis,
3119 4235 3277 4304 facite
3306 4247 3354 4292 et
3388 4256 3500 4292 ser-

1903 4326 2037 4370 vate.
2067 4316 2199 4370 Mira
2228 4319 2488 4388 patientia
2524 4321 2639 4386 Dei,
2688 4325 2812 4393 quia
2847 4325 2920 4378 illi
2953 4327 3186 4396 agebant
3211 4344 3337 4398 erga
3373 4346 3498 4384 eum

1903 4414 1962 4460 ut
1986 4407 2216 4474 nequius
2251 4417 2520 4477 poterant,
2549 4419 2603 4465 et
2627 4420 2804 4466 tamen
2833 4414 2920 4468 ille
2950 4423 3174 4487 propter
3205 4420 3495 4475 sacerdotii

1903 4495 2225 4564 dignitatem
2265 4496 2585 4552 hortabatur
2611 4501 2864 4570 populum
2893 4514 2952 4557 ut
3003 4505 3141 4560 bona
3166 4524 3286 4577 qua:
3312 4509 3379 4563 ab
3415 4511 3496 4566 eis

213 4561 466 4618 dicebant
491 4571 776 4618 venturum
805 4565 963 4636 (quia
993 4576 1312 4636 praesentem
1336 4568 1590 4624 nolebant
1614 4573 1800 4627 crede-
1825 4556 1879 4616 Ῐ)
1905 4585 2197 4639 audiebant
2229 4594 2494 4652 tenerent,
2531 4604 2561 4642 a
2612 4590 2767 4646 malis
2800 4607 2930 4648 vero
2965 4610 3152 4650 eorum
3184 4556 3397 4654 actibus
3437 4618 3495 4656 se

215 4652 296 4721 re)
329 4652 483 4722 cujus
521 4653 665 4709 ﬁlius
697 4670 817 4710 esse
853 4657 1062 4712 debeat.
1111 4658 1167 4713 Si
1200 4660 1498 4730 potuissent
1539 4663 1680 4718 scire
1709 4679 1798 4718 se-

211 4743 456 4810 quentia.
487 4743 750 4801 dixissent
795 4748 936 4802 sicut
985 4749 1238 4803 dixerunt
1281 4750 1347 4805 de
1392 4749 1617 4819 Joanne,
1657 4755 1800 4823 quod

213 4833 503 4888 nescirent.
535 4833 736 4890 Dicunt
758 4837 807 4890 ei
843 4851 862 4889 :
889 4837 1079 4892 David.
1125 4839 1259 4906 Quia
1301 4841 1498 4896 habent
1535 4845 1798 4915 scriptum

212 4921 416 4977 dictum
455 4925 666 4980 Domini
713 4928 780 4981 ad
828 4942 950 4982 eum
990 4929 1110 4983 :De
1145 4931 1322 5001 fruetu
1359 4935 1547 4989 ventris
1583 4938 1661 4989 tui
1707 4953 1800 5006 po-

216 5029 339 5067 nam
367 5032 523 5084 super
548 5016 722 5070 sedem
765 5031 910 5072 tuam
940 5033 959 5071 .°
987 5020 1188 5076 idcirco
1225 5035 1504 5079 noverant.
1561 5026 1796 5092 Quatuo-

213 5103 283 5156 do
307 5120 426 5174 ergo
455 5104 626 5159 David
642 5107 695 5160 in
719 5108 903 5178 spiritu
934 5120 1076 5163 vocat
1097 5128 1214 5164 eum
1246 5113 1527 5170 Dominum
1543 5118 1569 5171 ?
1589 5118 1648 5172 ln
1676 5119 1798 5190 Spi-

214 5193 323 5246 ritu
355 5204 563 5262 sancto,
599 5211 706 5250 non
745 5199 948 5253 erroris
978 5199 1188 5256 incerto
1229 5218 1330 5258 nec
1359 5208 1570 5274 propria
1607 5209 1794 5264 volun-

217 5293 352 5350 tate,
393 5287 486 5341 sed
531 5288 584 5341 in
618 5287 823 5357 Spiritu
855 5301 1043 5344 sancto
1081 5296 1453 5363 prophetando
1479 5309 1638 5354 vocat
1669 5316 1790 5355 eum

215 5375 501 5430 Dominum
524 5394 678 5432 suum
701 5379 884 5434 dicens
913 5399 924 5433 :
952 5381 1096 5437 Dixit
1126 5385 1383 5442 Dominus
1414 5389 1636 5444 Domino
1660 5409 1792 5458 meo,

217 5467 354 5522 Sede
381 5486 413 5521 a
441 5469 635 5524 dextris
661 5472 805 5526 meis.
829 5471 1171 5544 Prophetavit
1195 5478 1360 5533 David
1387 5480 1453 5534 de
1480 5485 1794 5541 ascensione

215 5561 427 5616 Domini
456 5561 654 5617 Christi
678 5567 818 5634 quod
845 5567 892 5621 is
921 5567 1014 5637 qui
1036 5569 1101 5623 de
1125 5579 1311 5626 sancta
1341 5571 1507 5627 Maria
1535 5585 1690 5631 natus
1710 5585 1793 5633 est

215 5667 378 5722 supra
408 5656 626 5725 angelos
645 5667 698 5714 et
723 5675 938 5716 omnem
958 5671 1263 5718 creaturam
1287 5665 1546 5730 elevatus,
1573 5671 1640 5723 ad
1663 5671 1792 5725 dex-

217 5751 391 5798 teram
448 5742 626 5801 Patris
673 5748 966 5808 collocatus
1015 5762 1098 5809 est
1149 5765 1201 5810 et
1270 5755 1484 5812 deitatis
1533 5759 1788 5817 honorem

1904 4674 2258 4728 custodirent.
2296 4674 2510 4743 Omnia,
2541 4681 2879 4748 subauditur,
2910 4685 3070 4751 bona,
3113 4689 3239 4758 quia
3267 4705 3390 4745 cum
3417 4691 3494 4748 lc-

1905 4763 2168 4834 gebantur
2182 4765 2498 4835 Scripturze,
2529 4785 2634 4823 non
2655 4771 2926 4827 audebant
2947 4775 3091 4830 aliud
3122 4778 3302 4835 dicere
3329 4797 3490 4851 quam

1909 4853 2074 4919 bona,
2118 4864 2338 4925 propter
2362 4857 2635 4927 populum,
2674 4861 2800 4928 quia
2847 4878 3037 4921 omnes
3065 4867 3262 4924 litteris
3287 4872 3487 4927 eruditi

1904 4953 2080 4997 erant.
2121 4945 2299 5001 Multis
2329 4947 2512 5016 itaque
2554 4961 2782 5017 prosunt
2809 4951 3038 5010 dicendo
3065 4960 3208 5028 quod
3256 4977 3363 5015 non
3411 4961 3490 5016 l'a-

1903 5035 2074 5101 ciunt,
2109 5038 2202 5091 sed
2233 5037 2402 5093 multo
2431 5038 2621 5092 melius
2650 5042 2970 5109 prodessent
2999 5047 3044 5101 si
3085 5047 3325 5104 facerent
3367 5067 3486 5120 quae

1900 5127 2104 5182 dicunt.
2137 5130 2367 5200 Alligant
2402 5141 2575 5184 autem
2612 5151 2771 5188 onera
2796 5140 2976 5205 gravia
3015 5150 3061 5193 et
3109 5142 3483 5212 importabilia,

1897 5222 2168 5291 imponunt
2196 5224 2250 5277 in
2270 5224 2512 5278 humeros
2536 5225 2827 5294 hominum,
2857 5233 3020 5302 digito
3052 5247 3224 5290 autem
3258 5255 3354 5294 suo
3391 5259 3485 5295 no-

1899 5310 2010 5365 lunt
2038 5329 2098 5366 ea
2127 5329 2347 5367 morere.
2380 5314 2556 5369 Oncra
2581 5316 2670 5371 hic
2694 5333 2959 5390 praecepta
2989 5332 3044 5378 et
3069 5331 3483 5386 consuetudines

1897 5416 2082 5456 eorum
2112 5418 2232 5472 qua
2269 5413 2324 5458 et
2363 5405 2610 5461 doctrina
2667 5424 2763 5464 sua
2813 5414 3168 5472 extrahebant
3207 5419 3477 5478 dicuntur.

1897 5490 1978 5547 Oh
2020 5494 2122 5548 hoc
2149 5495 2408 5550 debemus
2446 5497 2593 5552 illam
2636 5502 3070 5561 subauditionem
3105 5511 3353 5579 superius
3395 5515 3478 5570 di-

1899 5594 2039 5640 ctam
2067 5602 2308 5652 servare,
2355 5591 2537 5646 omnia
2574 5593 2712 5649 bona
2743 5612 2863 5666 qua:
2883 5599 3088 5666 dicunt,
3121 5603 3262 5660 sicut
3307 5617 3360 5662 et
3389 5608 3480 5665 illo

1896 5677 2065 5730 verbo
2110 5676 2382 5746 Apostuli:
2419 5680 2610 5736 Omnia
2657 5686 2887 5754 probate,
2940 5690 2986 5742 si
3015 5691 3309 5751 inveneritis
3344 5697 3478 5753 bona

1895 5785 2025 5836 esse,
2054 5779 2237 5824 tenete.
2289 5771 2427 5828 Ecce
2455 5773 2542 5829 hic
2569 5775 2806 5832 dicitur:
2835 5779 3068 5854 Alligant
3098 5802 3257 5843 onera
3291 5791 3473 5861 gravia
