3952 6186
412 332 551 394 ii“

1187 311 1580 374 CHRISTIANI
1616 300 2034 364 DRUTIIMARI
2074 293 2530 356 CORBEIENSIS
2564 285 2870 346 MO‘NAClll

3571 277 3711 332 ηδε

409 458 457 500 et
482 437 859 515 importabilia.
877 431 1017 499 Quia
1038 425 1399 499 importabilia
1421 420 1601 479 omnia
1620 416 1864 472 facienda
1886 419 2013 467 sunt
2041 418 2092 476 Α
2118 409 2195 464 ris
2218 405 2462 469 humani,
2512 400 2887 469 unusquisque
2908 393 3318 467 agnosceret,ad
3347 393 3598 446 animum
3636 386 3717 444 di-

1596 512 1650 515 ---
2146 502 2156 513 .
2294 506 2307 515 .
2363 497 2492 515 ιιτκᾼΔ
2529 495 2568 515 -2
2600 506 2854 515 _--_-.......
2880 504 2976 515 ..λη
3017 487 3248 515 ηιμ-...νυ
3275 493 3488 515 ηαιωηι
3544 484 3717 515 Ιιηιιιι-

341 562 356 570 -
414 540 459 596 si
494 512 598 607 ipsi
646 530 957 600 alligantur.
1008 522 1239 592 Alligant
1268 516 1506 578 dicitur;
1562 512 1788 582 alligare
1817 520 2011 563 unum-

416 601 689 701 que-mque
713 620 926 693 jubent.
956 615 1061 670 Per
1087 611 1464 680 metaphoram
1493 613 1550 661 et
1574 601 1911 701 allegoriam.
1958 603 2014 651 et

419 690 617 781 onera,
654 690 728 768 et-
758 707 1022 779 alligatio,
1070 712 1125 759 et
1169 698 1403 763 humeri,
1446 705 1503 752 et
1536 691 1692 764 digiti
1735 690 2012 781 dicuntur,

422 776 572 868 more
593 776 820 868 oneris;
854 776 996 870 quod
1029 795 1170 850 sicut
1199 790 1330 846 illud
1357 787 1611 855 alligatur
1639 790 1695 838 et
1723 776 2019 870 imponitur

423 900 480 955 in
515 899 743 954 humero
772 892 839 949 ad
868 869 1211 960 portandum,
1244 888 1300 936 et
1328 879 1467 935 solet
1489 877 1538 932 is
1557 874 1649 944 qui
1672 886 1826 935 ,onus
1850 869 2021 937 impo-

426 990 509 1045 nit
558 986 815 1057 adjuvare
860 975 1182 1049 imponenti,
1229 973 1305 1027 ita
1352 969 1440 1024 isti
1471 974 1529 1022 et
1565 961 1799 1019 credulis
1851 960 2025 1027 impo-

428 1087 567 1137 nunt
609 1054 677 1134 ex
708 1090 805 1129 sua
855 1070 1165 1127 inventione
1192 1070 1485 1135 praecepta,
1516 1071 1638 1127 quae
1668 1054 1771 1124 ipsi
1801 1066 1902 1106 nec
1930 1062 2025 1103 ore

430 1187 532 1229 nec
555 1173 835 1227 momento
855 1161 1188 1223 custodiunt,
1217 1153 1315 1211 sed
1339 1152 1460 1207 aliis
1484 1147 1808 1219 praecipiunt
1834 1142 2024 1197 obser—

432 1260 632 1324 vanda,
679 1257 746 1312 de
767 1250 1134 1311 oblationibus
1159 1256 1216 1302 et
1241 1239 1714 1301 observationibus
1758 1232 1892 1290 suis.
1925 1229 2030 1296 Qui

366 1402 369 1407 .
437 1361 618 1407 rector
641 1355 724 1404 est
766 1347 820 1400 in
872 1340 1115 1399 Ecclesia
1154 1337 1393 1409 primum
1440 1330 1603 1388 debet
1644 1325 1871 1397 implere
1909 1335 2031 1392 quas

438 1438 710 1510 implenda
736 1434 999 1507 prmcipit.
1033 1429 1226 1485 Omnia
1250 1441 1372 1481 vero
1401 1436 1560 1495 apere
1582 1435 1679 1475 sua
1714 1416 1943 1510 faciunt,
1976 1420 2032 1510 ut

438 1502 717 1588 videantur
737 1502 820 1583 ob
847 1502 1166 1581 hominibus.
1218 1516 1339 1573 Non
1379 1521 1633 1586 quaerunt
1663 1525 1696 1564 a
1730 1509 1842 1563 Deo
1872 1502 2037 1560 retri-

2113 502 2332 571 rigeret.
2363 497 2498 551 Nam
2526 495 2571 551 si
2600 506 2858 547 vocamus
2880 504 2980 544 nos
3016 487 3251 558 aliquem
3275 493 3510 554 patrem.
3544 484 3722 536 hono—

2116 608 2230 648 rem
2258 590 2406 645 tetati
2442 586 2760 649 deferimus,
2788 597 2895 636 non
2923 590 3106 635 tamen
3133 588 3416 633 auctorem
3452 577 3581 631 vita:
3615 590 3719 628 no—

2115 694 2243 742 strae
2263 684 2608 754 deputamus,
2639 679 2733 734 sed
2763 677 2952 731 Deum.
2986 673 3250 729 Similiter
3263 672 3328 727 de
3350 670 3618 740 magistro
3641 666 3729 721 vel

2118 779 2183 833 de
2212 776 2321 830 filio
2347 770 2689 842 appellantur
2709 766 2952 830 abusive,
2995 764 3141 819 Deus
3162 771 3343 817 autem
3373 760 3727 815 naturaliter.

2122 869 2226 936 Qui
2258 867 2433 937 major
2470 874 2547 919 est
2579 872 2828 926 vestrum,
2871 861 2969 913 erit
3013 857 3249 913 minister
3269 867 3455 911 vester.
3490 855 3585 909 Vel
3612 856 3736 923 ipse

2122 962 2385 1017 Dominus
2410 958 2505 1029 qui
2528 954 2701 1024 major
2719 961 2862 1017 erat,
2888 952 3015 1022 quia
3046 951 3190 1005 Deus
3221 964 3325 1003 non
3363 958 3593 1002 venerat
3635 947 3738 999 mi-

2124 1052 2375 1116 nistrari,
2425 1049 2519 1104 sed
2563 1046 2927 1110 ministrare;
2981 1058 3079 1098 seu
3118 1041 3289 1111 ipsius
3338 1050 3644 1109 pacet-pio,
3678 1047 3737 1089 ut

2125 1142 2357 1214 quivult
2400 1138 2575 1208 major
2601 1138 2738 1202 fieri,
2794 1135 3001 1191 serviat
3043 1133 3280 1188 caeteris.
3332 1131 3439 1195 Qui
3468 1140 3650 1182 autem
3682 1145 3738 1181 se

2127 1236 2436 1294 excitaverit
2482 1235 2538 1289 in
2566 1234 2671 1289 hoc
2698 1229 2933 1295 szeculo,
2985 1225 3355 1281 humiliabitur
3404 1223 3461 1277 in
3509 1222 3735 1285 fultura;

2131 1337 2179 1384 et
2204 1328 2295 1394 qui
2328 1342 2384 1381 se
2431 1321 2794 1379 humiliarerit
2825 1326 3045 1389 propter
3075 1317 3247 1371 Deum
3276 1315 3330 1371 in
3363 1314 3473 1367 hoc
3512 1311 3737 1373 mulo.

2131 1417 2451 1475 exaltabitur
2474 1415 2529 1469 in
2574 1413 2775 1468 futuro.
2814 1410 2964 1479 Quos
3010 1408 3156 1464 Deus
3179 1408 3532 1476 omnipotens
3566 1413 3743 1468 amat,

2134 1512 2180 1568 si
2205 1508 2403 1567 viderit
2425 1522 2520 1562 eos
2547 1503 2775 1561 exaltari
2799 1499 3253 1557 irrationabiliter
3276 1512 3375 1567 per
3394 1494 3749 1566 superbiam,

441 1621 720 1678 butionem
740 1658 755 1682 ,
805 1615 900 1671 sed
926 1614 994 1669 ab
1034 1610 1344 1669 hominibus
1371 1604 1756 1661 laudationem.
1800 1596 2038 1665 Quicun—
2136 1601 2389 1661 humilial
2417 1615 2511 1656 eos
2539 1613 2639 1670 per
2656 1597 2896 1666 aliquam
2934 1591 3369 1655 tribulationem,
3394 1597 3458 1644 ιιι
3486 1588 3625 1644 fecit
3643 1588 3756 1642 υ.-

447 1726 552 1782 que
579 1711 652 1764 ita
672 1679 877 1777 aliquid
910 1704 1035 1760 boni
1067 1700 1199 1757 facit
1234 1707 1298 1755 ut
1338 1698 1450 1761 isti,
1503 1704 1678 1751 totum
1710 1689 1911 1763 perdit.
1939 1687 2040 1741 Di-
2073 1775 2114 1782 _
2138 1694 2250 1759 vid,
2290 1707 2453 1763 quem
2480 1690 2549 1746 de
2572 1702 2741 1760 regno
2767 1684 2968 1756 expelli
3000 1682 3274 1755 permisit,
3324 1688 3383 1736 et
3425 1679 3754 1742 humiliab,

450 1769 620 1856 ι’(ιιαηε
652 1769 791 1856 enim
840 1794 1167 1868 pliytacteria
1216 1809 1336 1847 sua.
1384 1789 1520 1846 Cum
1548 1789 1693 1842 Deus
1726 1785 1900 1855 legem
1947 1794 2047 1851 per
2073 1775 2122 1836 B
2149 1787 2205 1842 in
2246 1797 2412 1855 regno
2462 1780 2705 1837 residere
2738 1776 2890 1833 fecit.
2944 1774 3012 1829 Et
3046 1772 3335 1829 Ezechiam
3384 1782 3628 1840 quoque,
3663 1769 3757 1824 cui

451 1892 671 1962 Moysen
701 1889 868 1952 dedit,
915 1886 1054 1943 dixit
1080 1885 1148 1939 ad
1172 1892 1357 1952 patres
1379 1895 1606 1936 eorum:
1646 1877 1815 1932 Erunt
1852 1874 1964 1929 lucc
1991 1873 2048 1927 in

453 1996 615 2036 manu
646 1988 738 2033 tua
759 1986 807 2032 et
833 1985 955 2032 ante
979 1972 1158 2028 oculos
1184 1983 1325 2037 tuos,
1352 1968 1607 2025 videlicet
1626 1966 1682 2020 in
1710 1962 1974 2020 memoria
1994 1968 2051 2017 et

453 2067 790 2139 operatione.
842 2064 910 2119 Et
932 2063 1009 2118 illi
1036 2101 1052 2130 ,
1077 2071 1182 2118 hoc
1206 2059 1347 2116 male
1373 2056 1760 2127 intelligentes,
1808 2050 2054 2108 fecerunt

454 2159 563 2216 sibi
611 2157 667 2212 in
707 2153 1041 2211 membranis
1071 2152 1260 2209 decem
1302 2147 1472 2205 verba
1506 2145 1643 2216 legis
1661 2153 1718 2200 et
1748 2140 2056 2198 circumda.

456 2251 591 2308 bant
612 2248 791 2320 capita
819 2261 919 2305 sua
945 2245 1015 2301 de
1039 2243 1145 2309 eis,
1175 2252 1232 2299 et
1244 2241 1515 2298 vocabant
1546 2238 1602 2291 in
1619 2235 1811 2293 Graeco
1837 2232 2058 2289 nomine

459 2340 818 2416 phylacteria,
846 2338 904 2394 id
927 2345 1015 2393 est
1031 2334 1330 2400 custodias,
1355 2332 1482 2403 quia
1506 2331 1731 2402 phylaxe
1759 2326 1816 2383 in
1845 2324 2056 2416 Grmce,

464 2435 657 2491 Latine
685 2431 951 2490 custodire
981 2429 1202 2485 dicitur.
1235 2425 1304 2483 Et
1350 2433 1482 2481 tunc
1507 2422 1602 2493 qui
1646 2419 1768 2491 plus
1795 2415 2060 2489 gestiebat

464 2525 694 2591 laudari,
741 2522 917 2593 majus
952 2519 1188 2576 faciebat
1215 2519 1394 2589 iputm
1421 2512 1815 2586 pbylacterium
1844 2525 1859 2576 ;
1918 2507 2063 2563 unde

465 2618 599 2676 dicit
653 2617 916 2672 Dominus
952 2629 967 2671 :
1031 2613 1275 2670 Diiatant
1320 2611 1460 2667 enim
1499 2605 1828 2681 phylacteria
1869 2620 1971 2659 sua
2014 2610 2063 2658 et

467 2709 810 2782 magnificam
864 2705 1124 2777 ﬁmbrias.
1198 2702 1464 2759 Similiter
1505 2701 1746 2770 jusserat
1805 2693 2066 2750 Dominus

474 2802 590 2857 fieri
618 2799 863 2856 fimbrias
900 2796 1283 2871 hyacinthinus
1308 2795 1363 2850 in
1394 2800 1629 2864 quatuor
1653 2788 1941 2860 palliorum
1970 2800 2068 2841 an-

469 2892 631 2964 gulis,
659 2899 721 2946 ut
740 2897 886 2946 esset
917 2888 1173 2945 discretio
1224 2886 1367 2940 inter
1387 2881 1615 2954 populos
1639 2877 1806 2935 lsrael
1844 2884 1900 2933 et
1939 2875 2070 2931 alie-

473 2986 721 3056 nigenas,
763 2990 818 3039 et
853 2983 909 3037 in
947 2979 1268 3050 corporibus
1313 2974 1689 3039 circumcisio,
1737 2979 1794 3028 et
1827 2970 1882 3026 in
1908 2968 2071 3025 vesti—

476 3076 675 3133 mentis
714 3073 962 3138 fimbriae,
1009 3080 1071 3129 ut
1118 3070 1164 3126 si
1192 3068 1408 3138 quando
1458 3067 1512 3123 in
1547 3065 1746 3123 bellum
1794 3063 2066 3126 venirent,

473 3165 721 3221 videntes
763 3160 1009 3217 fimbrias
1053 3173 1113 3214 se
1159 3165 1555 3228 cognoscerent
1584 3164 1643 3211 et
1677 3154 1882 3209 scirent
1908 3166 2070 3222 quem

477 3252 751 3308 debellare
781 3250 1080 3314 deberent;
1113 3255 1359 3302 mortuos
1403 3253 1585 3300 autem
1609 3285 1623 3309 ,
1659 3259 1729 3298 ex
1777 3241 2069 3299 circumci-

480 3345 633 3401 sione
658 3342 865 3398 scirent
889 3353 1065 3419 quem’
1100 3336 1335 3408 spoliare
1364 3335 1644 3399 deberent,
1675 3335 1801 3404 quia
1828 3335 1884 3388 in
1934 3332 2075 3387 bello

481 3438 797 3506 frequenter
836 3432 1040 3488 amittit
1096 3437 1258 3501 caput
1297 3436 1563 3492 mortuus,
1602 3425 1732 3479 illud
1772 3425 2077 3479 membrum

485 3541 778 3598 nunquam.
809 3525 1056 3580 Fuerunt
1076 3538 1205 3594 ergo
1234 3520 1340 3576 illa:
1366 3519 1591 3574 fimbrim
1613 3518 1995 3573 convenientes
2024 3516 2079 3570 in

485 3618 647 3684 belio,
676 3617 803 3688 quia
831 3623 888 3671 et
911 3615 1103 3670 leviter
1131 3614 1294 3669 homo
1341 3626 1434 3666 eas
1475 3611 1719 3666 invenire
1742 3617 1989 3680 poterat,
2026 3615 2081 3663 et

486 3724 595 3763 non
622 3705 947 3762 decidebant
970 3705 1113 3760 sicut
1138 3701 1429 3758 ramusculi
1483 3715 1620 3770 quos
1647 3699 1822 3754 solent
1863 3706 2083 3767 portare

487 3799 542 3853 in
570 3797 738 3863 bello,
780 3796 923 3866 quod
969 3796 1038 3851 ob
1065 3796 1279 3866 signum
1311 3794 1377 3848 de
1422 3790 1893 3868 nostrisfaciunt.
1940 3789 2084 3860 Ergo

488 3888 659 3946 Iudici
689 3890 1081 3945 adinvenerunt
1110 3887 1212 3942 sibi
1244 3887 1299 3940 in
1342 3885 1447 3940 illis
1476 3884 1704 3939 fimbriis
1724 3892 1782 3937 ut
1808 3883 2088 3937 mitterent

490 3980 565 4037 ibi
595 3981 800 4050 spinas,
843 3978 1000 4050 quasi
1045 3992 1168 4032 cum
1198 3983 1693 4047 compungerentur
1750 3987 2085 4028 rememora-

493 4069 938 4125 reutcustoﬁam
984 4067 1119 4138 legis
1166 4066 1278 4120 Dei.
1311 4065 1697 4120 Verumtamen
1745 4062 1939 4117 mulier
1960 4074 2088 4132 quae

495 4161 673 4231 tetigit
701 4159 943 4215 fimbrias
974 4158 1219 4224 Domini,
1252 4172 1359 4211 non
1401 4155 1608 4210 invenit
1645 4154 1721 4207 ibi
1761 4153 1964 4222 spinas.
2004 4151 2089 4207 Si-

496 4250 698 4304 militer
724 4248 997 4304 faciebant
1046 4247 1165 4301 illas
1206 4247 1478 4317 majores,
1530 4244 1622 4314 qui
1663 4243 1835 4314 magis
1877 4242 2089 4297 laudari

496 4341 804 4411 cupiebant.
851 4338 1044 4393 Amant
1086 4348 1261 4393 autem
1292 4338 1488 4408 primos
1520 4335 1780 4390 recubitus
1815 4336 1869 4388 in
1908 4336 2085 4388 omnis.

499 4433 794 4490 Recubitus
826 4432 991 4487 fiebat
1015 4432 1155 4502 apud
1177 4430 1426 4499 antiquos
1454 4429 1729 4499 principes
1758 4429 1811 4480 in
1843 4428 2012 4482 omnis
2037 4428 2088 4480 in

501 4525 676 4580 tribus
699 4524 965 4594 partibus,
995 4523 1240 4587 dextera,
1267 4527 1323 4575 et
1343 4519 1586 4583 siniStra,
1610 4527 1667 4572 ct
1695 4527 1863 4582 retro,
1886 4526 1946 4571 ut
1970 4532 2091 4572 cum

501 4624 778 4672 saturatus
804 4621 967 4679 esset,
991 4612 1338 4666 accumberet
1366 4612 1421 4664 in
1449 4625 1555 4680 qua
1584 4619 1737 4679 parte
1758 4609 1873 4679 ipse
1900 4609 2090 4674 vellet;

501 4714 558 4759 ct
586 4702 884 4757 triclinium
906 4702 1224 4755 vocabatur.
1250 4698 1670 4768 Redarguuntur
1699 4699 1789 4767 qui
1831 4707 2017 4752 amant
2040 4705 2096 4752 et.

502 4801 755 4866 qnmrunt
777 4808 875 4864 per
910 4790 1223 4865 hypocrisin
1252 4790 1398 4861 ipsas
1441 4790 1746 4845 cathedras.
1786 4789 1853 4843 Et
1886 4787 2091 4842 saluta-

504 4886 671 4939 tiones
702 4885 757 4937 :‘n
787 4882 924 4953 foro.
957 4882 1013 4937 ld
1039 4890 1144 4949 est,
1174 4883 1229 4936 in
1260 4880 1499 4951 publico.
1555 4878 1671 4934 Non
1713 4878 1852 4933 dixit
1876 4879 1965 4947 qui
1993 4878 2094 4932 ha-

504 4978 640 5032 bent
692 4977 825 5032 istos
852 4977 1087 5033 honores
1103 4975 1272 5045 juste,
1302 4975 1397 5030 sed
1424 4973 1673 5029 voluntas
1699 4981 1755 5028 et
1792 4971 2094 5042 hypocrisis

508 5072 921 5126 condemnatur.
974 5068 1093 5124 ’νος
1142 5079 1317 5124 autem
1376 5067 1534 5122 nolite
1569 5068 1746 5122 vocari
1798 5065 1962 5119 rabbi.
2018 5064 2095 5119 Eo

512 5164 670 5219 modo
695 5177 802 5233 quo
839 5161 1118 5232 superiora
1168 5159 1541 5230 prohibentur.
1599 5157 1802 5212 Tamen
1841 5157 2099 5212 debemus

510 5269 806 5326 agnoscere
860 5262 915 5308 et
945 5269 1215 5309 summum
1244 5252 1561 5322 Magistrum
1594 5251 1773 5306 omnis
1814 5251 2095 5316 doctrinas,

514 5354 568 5401 et
592 5353 803 5416 patrem
852 5353 1049 5399 nostrae
1093 5344 1466 5407 auctoritatis,
1510 5358 1607 5414 per
1632 5358 1792 5412 quem
1823 5343 1987 5397 creati
2015 5357 2104 5397 su-

516 5450 657 5501 mus,
706 5433 854 5489 illum
883 5433 975 5503 qui
1003 5435 1058 5488 in
1092 5434 1245 5490 caelis
1275 5442 1378 5499 est,
1429 5434 1552 5502 quia
1583 5443 1636 5488 et
1678 5434 1780 5488 ista
1812 5442 1940 5488 tunc
1969 5447 2105 5503 pra:-

514 5525 772 5595 cipiebat.
806 5523 923 5580 Non
955 5526 1098 5579 enim
1119 5524 1398 5594 prohibuit
1424 5524 1526 5579 isto
1557 5524 1716 5578 modo
1761 5531 1971 5594 patrem
2012 5538 2105 5579 vo-

520 5631 648 5670 care
673 5630 781 5685 quo
803 5618 1057 5685 pnecepit
1084 5625 1295 5686 patrem
1332 5626 1387 5670 et
1415 5624 1645 5671 matrem
1687 5617 1978 5681 honorare,
2011 5616 2106 5671 sed

520 5704 737 5763 vilebat
753 5712 816 5759 ut
839 5720 1025 5761 verum
1048 5707 1366 5776 magistrum
1391 5718 1623 5778 patrem,
1646 5691 1921 5765 auctorem
1947 5725 2109 5780 gene-

2150 1877 2293 1934 elato
2331 1888 2513 1946 regem
2537 1868 2884 1942 Assyriorum
2910 1864 3195 1921 dominari.
3222 1861 3512 1932 permisit,
3543 1861 3598 1914 in
3626 1869 3757 1913 tan-

2154 1980 2267 2027 tum
2293 1977 2355 2024 ut
2398 1966 2583 2022 valvas
2612 1962 2799 2033 templi
2838 1958 3051 2016 Domini
3095 1964 3152 2012 et
3178 1956 3415 2011 laminas
3438 1960 3760 2023 argenteas,

2152 2082 2290 2140 quas
2308 2066 2425 2135 ipse
2453 2060 2716 2125 aiiixerat,
2765 2057 2879 2129 regi
2907 2054 3256 2126 Assyriorum
3285 2051 3464 2115 daret,
3518 2057 3579 2105 et
3604 2047 3766 2104 cla-

2154 2160 2232 2215 sis
2260 2157 2315 2213 in
2337 2155 2558 2213 civitate
2581 2150 2787 2207 nuntiis
2808 2147 2947 2218 ejus,
2985 2145 3120 2202 dura
3149 2141 3484 2214 respondere
3521 2153 3634 2194 non
3667 2152 3741 2192 au

2155 2249 2327 2314 deret,
2384 2255 2440 2303 et
2468 2254 2650 2301 tamen
2684 2241 2762 2298 ibi
2807 2249 2928 2296 erat
2977 2243 3201 2294 sanctus
3246 2234 3419 2290 isaias
3462 2232 3761 2303 propheta.

2157 2341 2360 2398 lterum
2386 2337 2671 2395 humiliato
2696 2375 2713 2401 ,
2757 2340 2978 2390 centum
2999 2328 3283 2399 octoginta
3307 2326 3555 2396 quinque
3575 2338 3684 2395 pro
3701 2336 3770 2379 eo

2159 2430 2363 2487 occidit
2403 2428 2471 2483 de
2496 2424 2740 2482 exercitu
2773 2422 2915 2494 ejus,
2970 2426 3028 2476 et
3072 2433 3201 2475 cum
3227 2416 3422 2473 decem
3446 2412 3770 2469 hominibus

2161 2520 2301 2593 fugit
2327 2520 2395 2575 de
2421 2526 2567 2574 terra
2595 2516 2737 2588 ejus,
2759 2513 2898 2570 etin
2926 2526 3024 2569 sua
3049 2518 3199 2567 terra
3218 2507 3441 2565 occisus
3457 2514 3550 2562 est
3576 2520 3612 2560 a
3641 2503 3771 2559 filiis

2163 2611 2297 2667 suis.
2325 2607 2421 2664 Sic
2443 2606 2644 2663 multos
2667 2604 2805 2661 alios
2827 2604 3056 2660 dilectos
3075 2600 3221 2656 Deus
3248 2598 3565 2671 castigavit.
3601 2596 3771 2664 Quos-

2166 2701 2291 2756 dam
2315 2698 2466 2753 videt
2508 2712 2577 2753 ex
2625 2704 2740 2752 toto
2784 2703 3004 2750 terrena
3042 2690 3288 2764 diligere,
3342 2697 3400 2745 et
3446 2702 3774 2760 praeponere

2165 2790 2424 2845 internis:
2470 2786 2741 2857 permittit
2787 2782 3037 2850 exaltari,
3090 2790 3155 2837 ut
3194 2789 3323 2852 post
3346 2780 3473 2835 sine
3503 2778 3622 2835 line
3645 2793 3775 2835 cru-

2168 2881 2404 2945 cientur,
2432 2887 2493 2934 ut
2538 2876 2761 2933 fuerunt
2805 2874 2962 2931 multi
2991 2887 3152 2945 reges
3177 2881 3234 2928 et
3258 2870 3482 2943 tyranni
3517 2868 3775 2941 Assyrio-

2168 2987 2312 3038 rum,
2336 2978 2394 3027 et
2436 2969 2750 3026 Graecorum
2785 2974 2841 3023 et
2867 2966 3260 3021 Romanorum.
3312 2961 3598 3031 Quosdam
3622 2975 3774 3025 vero,

2171 3065 2340 3121 nimia
2361 3062 2616 3135 superbia
2645 3062 2979 3125 incedentes,
3004 3059 3060 3113 in
3085 3059 3192 3114 hoc
3214 3055 3414 3113 smculo
3435 3054 3701 3111 bumiliat
3722 3060 3777 3110 et

2175 3157 2231 3211 in
2260 3154 2489 3211 futuro:
2538 3160 2601 3207 ut
2642 3150 3164 3214 Nabuchodonosor,
3217 3146 3622 3211 Sennacberib,
3671 3144 3777 3198 Va-

2171 3244 2442 3301 lerianum
2493 3244 2898 3312 imperatorem,
2947 3256 3110 3311 quem
3142 3238 3321 3310 Sapor
3348 3253 3449 3294 rex
3475 3237 3774 3293 Persarum

2174 3337 2254 3391 ita
2303 3334 2626 3399 bumiliavit,
2677 3340 2736 3387 ut
2786 3331 3223 3403 quandocunque
3270 3330 3327 3384 iu
3367 3344 3575 3401 equum
3624 3346 3777 3386 suum

2178 3426 2475 3483 ascendere
2526 3424 2711 3489 vellet,
2761 3425 2876 3494 ipse
2920 3423 3139 3479 acclivis
3192 3422 3366 3486 ﬁeret,
3428 3432 3485 3476 et
3524 3422 3777 3478 dedam

2178 3518 2298 3588 ejus
2323 3532 2523 3587 equum
2556 3516 2892 3572 ascenderet.
2949 3514 3193 3570 Herodes
3234 3527 3458 3584 quoque
3485 3514 3620 3583 quia
3668 3530 3779 3584 per—

2182 3613 2330 3667 misit
2367 3626 2428 3667 se
2457 3609 2736 3667 dominum
2783 3609 2968 3666 vocari
2998 3623 3028 3662 a
3062 3607 3298 3678 populis,
3354 3615 3640 3663 comestus
3694 3623 3782 3677 per

2182 3706 2424 3776 quinque
2449 3704 2567 3759 dies
2600 3718 2632 3757 a
2683 3701 2962 3758 vermibus
2990 3701 3306 3771 exspiravit.
3357 3700 3541 3767 Quam
3595 3715 3782 3771 super-

2183 3797 2327 3853 biam
2357 3797 2613 3850 timentes
2640 3794 2847 3864 antiqui
2874 3795 3229 3863 imperatores
3249 3793 3510 3857 Romani,
3541 3794 3671 3850 licet
3697 3810 3787 3864 pa-

2184 3887 2308 3958 gani
2335 3894 2556 3950 essent,
2586 3885 2985 3940 constituerunt
3018 3890 3077 3936 ut
3115 3884 3436 3953 imperator,
3470 3899 3603 3939 cum
3637 3899 3791 3940 orna-

2186 3987 2277 4031 tus
2303 3986 2447 4031 esset
2477 3976 2750 4048 regalibus
2773 3976 3132 4040 ornamentis,
3159 3977 3227 4028 ad
3255 3975 3550 4029 sinistram
3572 3990 3789 4030 manum

2184 4068 2616 4138 apprehenderet
2637 4066 2691 4120 in
2718 4051 2955 4121 folliculo
2981 4065 3256 4135 pulverem
3287 4066 3498 4120 mortui
3530 4065 3791 4129 hominis,

2187 4166 2249 4214 ut
2276 4164 2603 4213 memoraret
2624 4171 2683 4210 se
2711 4156 2948 4210 cinerem
2980 4163 3101 4224 post
3127 4153 3401 4225 paululum
3439 4155 3718 4222 futurum,
3742 4166 3794 4209 et

2188 4265 2296 4304 non
2324 4263 2487 4319 super
2515 4258 2740 4304 caeteros
2763 4263 2821 4303 se
2847 4247 3150 4304 extolleret.

2262 4341 2440 4412 Eligat
2461 4342 2551 4410 qui
2580 4332 2807 4395 voluerit
2838 4355 3006 4394 unum
3032 4356 3099 4395 ex
3135 4339 3253 4394 istis
3276 4339 3476 4395 tribus.
3517 4340 3681 4412 Elige
3702 4356 3794 4411 ego

2119 4484 2170 4544 D
2195 4434 2469 4489 humiliari
2497 4450 2620 4489 cum
2668 4434 2889 4488 mitibus
2916 4433 3095 4499 modo,
3136 4447 3298 4504 quam
3325 4433 3581 4490 dividere
3633 4435 3795 4507 spolia

2196 4540 2318 4579 cum
2349 4524 2616 4594 superbis.

2280 4609 2370 4666 Va:
2414 4622 2587 4666 autem
2615 4611 2779 4677 vobis,
2840 4610 3040 4667 Scribat
3095 4622 3143 4666 et
3173 4609 3442 4666 Pharisa'i
3484 4614 3793 4683 hypocrita.

2195 4702 2321 4773 quia
2345 4701 2588 4755 clauditis
2610 4716 2825 4771 regnum
2856 4700 3101 4773 mulorum
3127 4712 3247 4755 ante
3267 4702 3532 4756 homines.
3600 4702 3696 4758 Vit
3722 4705 3796 4757 in-

2199 4770 2446 4863 terjectio
2491 4800 2575 4846 est
2601 4790 2855 4856 dolentis,
2898 4770 2955 4845 et
2993 4790 3265 4862 significat
3312 4791 3597 4861 ploratum
3649 4802 3797 4849 :eter-

2199 4902 2329 4941 num
2358 4885 2412 4939 in
2458 4885 2561 4939 hoc
2591 4883 2729 4949 loco,
2764 4884 2815 4937 in
2847 4898 2955 4954 quo
3004 4884 3107 4953 ipsi
3134 4891 3261 4938 sunt
3304 4884 3509 4952 quibus
3545 4886 3656 4940 ista
3682 4901 3797 4955 pro-

2204 4977 2462 5049 phetavit.
2492 4977 2551 5032 In
2581 4976 2787 5033 Scribis
2812 4977 3185 5048 intelliguntur
3210 4986 3265 5031 et
3294 4976 3580 5045 Saducaii,
3636 4989 3693 5035 et
3716 4995 3797 5034 sa-

2194 5069 2471 5133 cerdotes,
2502 5076 2558 5125 et
2579 5067 2857 5132 Pharistei,
2889 5076 2943 5122 et
2967 5068 3241 5138 principes
3263 5068 3449 5137 populi
3482 5086 3499 5134 ;
3544 5072 3799 5141 quoniam

2206 5177 2236 5215 a
2265 5161 2471 5216 Phares
2496 5160 2607 5215 lilio
2648 5158 2798 5216 Juda:
2825 5160 3106 5228 Pbarismi,
3135 5161 3497 5217 dicebantur:
3544 5166 3647 5236 qui
3683 5182 3799 5235 pro-

2205 5260 2326 5323 pter
2368 5251 2567 5307 tribum
2617 5250 2811 5306 Judam
2862 5250 3194 5307 vocabantur
3234 5250 3522 5319 Pharisaei,
3554 5256 3802 5325 quamvis

2206 5357 2395 5397 omnes
2418 5340 2510 5411 qui
2547 5339 2792 5394 eamdem
2822 5349 3028 5395 sectam
3068 5340 3321 5395 tenebant
3342 5339 3623 5398 Pharismi
3650 5358 3803 5397 vom~

2204 5435 2423 5498 bantur,
2464 5439 2524 5486 ut
2549 5431 2747 5485 Paulus
2774 5431 2947 5486 dicit:
2992 5431 3100 5485 Viri
3123 5432 3334 5502 fratres,
3360 5448 3457 5502 ego
3490 5430 3801 5488 Pharisn:

2206 5542 2347 5591 sum,
2385 5539 2507 5581 cum
2532 5533 2679 5579 esset
2711 5524 2779 5578 de
2817 5524 2959 5578 tribu
3004 5522 3303 5595 Benjamin.
3362 5522 3684 5595 Hypanim-
3711 5541 3804 5579 vo-

2207 5625 2423 5682 cantur,
2459 5614 2515 5669 id
2542 5622 2628 5669 est
2653 5613 3029 5680 simulatores,
3075 5630 3175 5686 pro
3211 5615 3387 5670 causis
3413 5617 3681 5685 superius
3712 5630 3807 5670 ex-

2207 5704 2499 5778 probratis,
2542 5702 2684 5760 male
2721 5704 3146 5775 interpretando.
3181 5703 3285 5772 Qui
3308 5704 3563 5761 eluditis
3588 5721 3809 5778 regan
