3988 6186
249 295 383 352 1449

1369 285 1727 343 ΕΧΡυδιτιο
1765 284 1831 338 ΙΝ
1870 274 2308 342 ΜᾹΤΪΗᾹΞὈΜ.

3334 272 3470 327 1450

243 409 505 462 caelorum.
541 403 598 456 ld
641 411 726 456 est
751 401 1086 473 Scripturam
1117 401 1348 455 divinam
1398 399 1666 460 clauditis,
1713 402 1796 449 vel
1825 407 1874 462 Α
1900 410 2020 450 rare
2062 397 2176 463 jam
2221 411 2378 464 supra
2434 395 2722 465 prohibuit.
2782 393 2870 448 Va:
2900 394 3056 453 vobis,
3115 391 3371 446 Pharisaei
3421 400 3467 442 et

243 492 463 551 celando
492 491 636 560 quod
656 504 750 546 eos
777 491 982 545 debetis
1010 491 1202 549 docere
1230 497 1284 543 et
1314 503 1411 557 pro
1438 487 1634 540 invidia
1662 485 1802 540 cela-

244 585 330 649 tis,
370 583 611 636 nolentes
637 588 695 634 ut
739 580 791 634 in
837 595 924 634 me
957 579 1200 633 credant.
1241 578 1308 631 Et
1350 576 1526 630 omnis
1557 574 1811 644 magister

245 677 333 747 qui
364 689 486 729 cum
517 672 759 727 doctrina
790 671 929 726 bona
975 669 1175 723 malum
1209 666 1509 737 exemplum
1551 663 1810 734 discipulo

243 765 464 836 praebet,
497 777 717 834 regnum
746 760 1004 816 caelorum
1024 760 1075 814 ei
1098 758 1312 812 claudit.
1347 756 1622 826 Scriptura
1668 754 1810 809 enim

245 854 422 909 divina
460 866 680 921 regnum
718 850 974 905 castorum
1000 849 1216 912 dicitur,
1265 847 1388 916 quia
1420 845 1490 898 ibi
1544 844 1813 898 invenitur

244 944 384 998 unde
401 957 505 1008 ,rex
533 940 786 995 ctelorum
811 940 958 1009 regni
985 939 1344 1008 cognoscitur,
1372 945 1428 991 et
1448 936 1554 990 vita
1582 944 1806 988 arterna.

251 1037 399 1092 Unde
426 1033 668 1103 superius
717 1032 973 1086 Dominus
1023 1031 1203 1086 dixit:
1262 1029 1543 1098 Auferetur
1586 1044 1619 1080 a
1671 1025 1812 1078 vobis

247 1122 461 1197 regnum
490 1124 604 1188 Dei,
638 1134 686 1178 ct
715 1123 926 1177 dabitur
959 1125 1094 1194 genti
1133 1122 1342 1192 facienti
1373 1121 1573 1190 fructus
1608 1120 1743 1188 ejus.

326 1214 426 1268 Vos
449 1215 585 1268 enim
614 1230 718 1267 non
748 1213 977 1266 intratis.
1026 1212 1160 1266 Ecce
1187 1211 1250 1265 de
1291 1209 1687 1278 vobismetipsis
1714 1207 1812 1271 rei,

246 1304 372 1374 quia
414 1303 563 1358 scitis
593 1303 788 1357 bonum
817 1310 872 1355 et
899 1316 1003 1355 non
1029 1299 1223 1364 facitis,
1256 1313 1354 1353 nec
1387 1299 1718 1352 introeuntes
1748 1297 1819 1350 si—

246 1393 649 1460 nitisintroire.
681 1392 924 1448 Ostendit
951 1391 1207 1445 Dominus
1239 1390 1364 1460 quia
1393 1389 1544 1443 multi
1573 1388 1821 1444 volebant

248 1486 396 1541 illum
421 1499 709 1556 agnoscere
748 1499 845 1553 per
879 1482 1206 1553 Scripturas,
1269 1481 1363 1537 sed
1392 1483 1493 1552 ipsi
1523 1481 1775 1536 dicebant
1801 1497 1816 1535 :

246 1577 291 1632 A
313 1576 529 1632 Galilaea
562 1592 666 1630 non
710 1583 964 1644 exsurget
1010 1574 1256 1630 Christus
1286 1591 1300 1640 ;
1349 1583 1403 1628 et
1431 1583 1607 1629 tamen
1634 1574 1819 1629 audie-

247 1669 381 1724 bant
411 1667 605 1721 multos
637 1665 950 1721 invocantes
979 1665 1126 1719 illum
1177 1665 1345 1720 ﬁlium
1374 1664 1560 1730 David,
1591 1664 1682 1735 qui
1713 1679 1820 1718 non

1910 486 2127 551 Scriba',
2155 487 2244 557 qui
2267 487 2532 540 decimatis
2561 486 2835 548 ment/tam,
2860 495 2907 539 et
2934 485 3198 545 anethum.
3230 490 3276 535 et
3309 483 3473 552 cymio

1911 598 2056 645 num,
2101 589 2149 634 et
2178 578 2453 649 reliquistis
2496 594 2612 647 qua:
2642 578 2847 650 majora
2891 585 3010 630 sunt
3046 575 3190 644 legis.
3237 573 3468 643 Apparet

1911 672 2034 742 quia
2057 671 2197 725 Deus
2231 671 2537 741 hypocritas
2565 669 2696 723 satis
2740 668 2890 732 odit,
2921 667 3063 739 quod
3089 668 3248 721 toties
3277 665 3473 721 Judteis

1912 761 2254 830 improperet.
2296 759 2447 826 Quod
2487 759 2614 812 dicit
2645 759 2787 829 :-qui
2828 759 3094 812 decimam
3140 759 3402 812 mentitam
3428 767 3478 812 et

1913 841 2175 912 anethum,
2230 859 2278 902 et
2323 849 2583 918 cyminum
2609 889 2621 912 ,
2679 849 2910 903 ostendit
2955 865 3052 918 per
3082 850 3214 904 istas
3259 849 3477 904 viliores

1913 940 2110 994 herbas
2133 939 2187 992 in
2219 939 2389 994 hortis
2415 939 2557 1011 quod
2598 953 2848 1008 expresse
2866 977 2873 984 -
2892 939 3124 992 decimas
3147 939 3482 1008 accipiebant

1915 1031 1980 1085 de
2007 1031 2254 1087 omnibus
2291 1031 2686 1094 laborantibus,
2728 1030 2987 1100 judicium
3011 1072 3026 1096 ,
3084 1038 3139 1085 ct
3176 1031 3483 1085 misericor-

1917 1123 2080 1190 diam,
2111 1134 2166 1179 et
2195 1123 2353 1178 ﬁdem
2379 1124 2735 1193 negligebant.
2775 1106 2891 1176 Non
2932 1130 3108 1176 autem
3136 1123 3254 1176 ideo
3283 1123 3363 1176 eis
3405 1137 3484 1176 vze

1916 1215 2224 1270 minabatur
2251 1215 2391 1284 quod
2416 1213 2825 1268 decimabantet
2854 1220 2960 1265 tam
2993 1212 3221 1275 minora,
3251 1213 3345 1266 sed
3368 1212 3485 1266 ideo

1918 1303 2044 1373 quia
2077 1303 2449 1370 relinquebant
2493 1315 2610 1369 quae
2638 1300 2731 1354 Dei
2761 1308 2918 1354 erant
2962 1309 3180 1371 propter
3205 1315 3322 1370 quae
3348 1301 3490 1356 deci-

1920 1408 2039 1447 mas
2062 1391 2416 1461 accipiebant,
2464 1391 2514 1444 id
2545 1399 2629 1444 est
2674 1390 2933 1459 judicium
2971 1390 3150 1445 facere
3195 1391 3488 1460 oppressis,

1921 1491 2014 1536 aut
2041 1482 2255 1552 exigere
2281 1481 2348 1535 ab
2370 1481 2455 1535 his
2478 1481 2567 1552 qui
2598 1480 2776 1535 facere
2793 1481 3490 1536 debebantMisericordiam

1921 1572 2170 1629 similiter
2205 1572 2564 1642 negligebant,
2620 1572 2758 1625 sicut
2787 1571 2977 1640 ipsein
3018 1570 3271 1640 parabola
3307 1571 3492 1625 vulne-

1923 1664 2023 1718 rati
2049 1664 2302 1727 ostendit,
2355 1663 2495 1733 quod
2525 1663 2797 1716 transierit
2825 1663 3076 1717 sacerdos
3113 1671 3168 1716 et
3209 1662 3388 1726 levita,
3439 1674 3493 1716 et

247 1758 425 1812 fuerat
455 1756 520 1811 de
547 1755 786 1822 Galilaea,
815 1756 909 1812 sed
945 1757 1012 1810 de
1038 1755 1371 1820 Bethlehem,
1401 1755 1542 1809 unde
1563 1764 1619 1809 et
1640 1762 1825 1808 sancta
1855 1758 1902 1816 B
1930 1755 2176 1809 viderunt
2205 1754 2559 1816 vulneratum,
2589 1763 2644 1808 et
2670 1770 2775 1809 non
2801 1753 2975 1807 solum
2994 1767 3102 1807 non
3123 1753 3490 1808 misericordia

247 1849 436 1904 Maria.
478 1846 568 1900 Vw
596 1847 754 1900 vobis.
801 1845 1152 1910 Subauditur,
1181 1845 1444 1900 imminet.
1481 1843 1582 1909 Qui
1603 1843 1824 1923 circum-

247 1941 334 1995 itis
369 1955 514 1993 mare
535 1947 584 1992 et
610 1937 783 2002 arida,
820 1947 878 1990 ut
901 1937 1108 2007 faciatis
1142 1952 1303 1991 unum
1328 1933 1660 2005 proselytum.
1691 1933 1824 1987 Pro-

245 2028 448 2100 sel-ytus
479 2029 752 2083 dicebatur
791 2025 976 2082 Graece
1018 2027 1240 2089 advena,
1295 2025 1419 2094 quia
1444 2025 1510 2079 de
1538 2024 1641 2079 alia
1669 2032 1827 2095 gente

161 2161 164 2166 .
227 2119 313 2186 ,ad
347 2119 516 2189 legem
564 2119 802 2190 ipsorum
847 2118 1298 2180 convertebatur,
1345 2124 1404 2170 ut
1429 2114 1531 2170 fuit
1559 2114 1747 2171 Jetbro
1773 2124 1828 2168 et

245 2209 454 2265 Achior
486 2217 542 2263 et
570 2203 744 2262 multa
759 2207 922 2263 millia
948 2207 1186 2263 virorum
1215 2205 1451 2271 fuerunt,
1486 2206 1577 2276 qui
1605 2207 1670 2261 de
1701 2221 1829 2276 gen-

246 2302 399 2356 tibus
421 2301 721 2356 circumcisi
763 2299 980 2354 fuerunt
1021 2309 1076 2355 et
1102 2300 1271 2355 Deum
1300 2299 1422 2354 caeli
1466 2299 1826 2354 crediderunt.

242 2391 420 2447 ιιιόωί
450 2405 660 2462 quoque
710 2391 937 2446 abibant
962 2407 1059 2460 per
1085 2391 1289 2451 alienas
1337 2399 1511 2445 terras
1536 2390 1831 2460 praedicare

247 2495 450 2535 nomen
491 2479 723 2544 Domini,
763 2479 904 2533 sicut
939 2478 1092 2533 multi
1118 2477 1545 2533 Christianorum
1588 2477 1834 2532 fecerunt

245 2578 378 2641 post
406 2571 688 2625 adventum
720 2568 949 2646 Domini.
1007 2567 1097 2623 lsti
1150 2577 1329 2636 autem
1379 2568 1496 2622 ideo
1526 2566 1829 2635 culpantur,

243 2658 380 2729 quia
409 2658 538 2714 lucri
575 2674 735 2713 causa
769 2659 871 2714 hoc
913 2657 1203 2723 faciebant,
1250 2673 1356 2713 non
1387 2672 1571 2711 amore
1597 2656 1830 2721 Domini,

242 2759 300 2804 et
342 2751 466 2820 quia
498 2757 619 2819 post
661 2750 1009 2804 destruebant
1056 2749 1254 2804 factum
1298 2761 1452 2802 suum
1495 2763 1593 2818 per
1631 2734 1831 2802 malum

241 2841 578 2911 exemplum.
611 2839 764 2906 Quod
785 2840 917 2895 dicit
944 2857 1105 2903 mare,
1140 2839 1448 2909 insulasque
1469 2839 1601 2893 dicit
1622 2854 1741 2908 quae
1777 2838 1834 2892 in

243 2931 394 2988 mari
433 2938 575 2984 sunt.
609 2928 680 2981 Et
717 2945 834 2982 cum
868 2929 1036 2998 factus
1070 2928 1245 2998 fuerit,
1295 2927 1474 2997 facitis
1507 2944 1622 2981 eum
1664 2927 1833 2997 ﬁlium

243 3024 502 3095 gehennae
523 3020 682 3092 duplo
705 3037 862 3095 quant
884 3038 992 3075 vos.
1027 3020 1162 3086 Quia
1200 3019 1292 3089 qui
1326 3028 1452 3075 ante
1479 3019 1645 3075 semel
1683 3035 1832 3074 erra-

1925 1846 2055 1900 moti
2087 1854 2228 1908 sunt,
2271 1845 2364 1899 sed
2409 1845 2624 1915 gravius
2649 1844 2796 1898 illum
2851 1843 3196 1913 reliquerunt,
3231 1845 3354 1914 quia
3384 1845 3492 1899 noti

1925 1949 2079 1993 erant
2098 1945 2152 1992 et
2178 1952 2283 1992 non
2311 1937 2647 2006 adiuverunt,
2679 1945 2733 1990 et
2753 1935 2954 1990 idcirco
2980 1934 3179 1989 similes
3200 1935 3496 1989 latronibus

1925 2024 2263 2089 exstiterunt,
2294 2029 2418 2098 quia
2445 2027 2536 2098 qui
2569 2029 2812 2098 perituro
2835 2042 2940 2082 non
2962 2027 3208 2081 subvenit
3228 2027 3272 2081 si
3299 2035 3495 2097 potest.

1925 2118 2140 2172 occidit.
2184 2117 2261 2172 De
2297 2116 2399 2171 ﬁde
2419 2117 2599 2188 culpat
2634 2117 2774 2183 illos,
2803 2117 2946 2188 quod
2976 2117 3294 2186 bis-quibus
3338 2118 3496 2173 ﬁdem

1927 2208 2190 2263 debebant
2211 2222 2442 2271 servare,
2471 2222 2576 2262 non
2605 2207 2973 2262 custodirent:
3001 2205 3176 2276 primo
3269 2205 3499 2260 Domino
3578 2223 3586 2232 -

1929 2307 1992 2352 ut
2039 2294 2151 2354 Deo
2206 2309 2261 2353 et
2287 2301 2556 2368 creatori,-
2651 2299 2843 2353 deinde
2873 2298 3011 2368 patri
3036 2306 3092 2352 et
3130 2297 3313 2362 matri,
3356 2308 3502 2366 post-

1929 2389 2146 2444 modum
2175 2389 2424 2445 omnibus
2445 2391 2612 2444 Deum
2634 2389 2951 2455 colentibus,
2999 2390 3251 2461 quoniam
3281 2390 3381 2460 ipsi
3407 2405 3499 2458 ape

1931 2479 2195 2548 pellantur
2215 2479 2465 2549 proximi.
2495 2480 2875 2534 Verumtamen
2905 2493 3010 2534 non
3033 2479 3320 2548 culpantur
3347 2478 3390 2532 si
3417 2493 3500 2532 ac-

1930 2570 2134 2640 cipiunt
2160 2569 2414 2634 decimas,
2461 2569 2599 2624 sicut
2626 2569 2681 2623 in
2705 2569 3054 2638 consequenti
3077 2568 3224 2630 dicit,
3257 2567 3351 2622 sed
3372 2567 3496 2636 quia

1933 2663 2206 2718 dimittunt
2235 2676 2300 2716 ea
2345 2676 2464 2731 quae
2510 2659 2604 2714 Dei
2633 2668 2759 2715 sunt
2784 2667 2839 2714 et
2880 2654 3407 2729 proximijudicium,
3450 2668 3504 2711 et

1933 2754 2356 2809 misericordiam
2376 2794 2390 2818 ,
2419 2761 2474 2807 et
2500 2751 2678 2815 ﬁdem,
2727 2761 2782 2806 et
2801 2767 2917 2822 quae
2941 2765 3183 2820 graviora
3213 2759 3329 2802 sunt
3357 2746 3502 2816 legis.

1933 2843 2036 2898 hoc
2081 2853 2166 2899 est
2200 2844 2486 2912 prtecipua.
2541 2841 2892 2897 Sacerdotum
2929 2846 3015 2894 est
3061 2839 3202 2894 enim
3250 2845 3304 2892 et
3335 2837 3502 2908 legem

1934 2936 2144 2990 Domini
2173 2935 2228 2989 in
2263 2935 2472 3005 populis
2501 2934 2823 2988 annuntiare
2843 2973 2858 2998 ,
2897 2939 2953 2986 et
2977 2946 3070 2986 eos
3101 2930 3191 3000 qui
3223 2937 3409 2984 errant
3437 2931 3507 2982 ad

1933 3025 2105 3097 legem
2133 3025 2404 3080 reducere.
2437 3023 2549 3079 Hoc
2562 3024 2797 3094 oportuit
2820 3021 3018 3085 facere,
3049 3020 3101 3075 id
3123 3028 3205 3076 est
3222 3017 3506 3084 judicium.

246 3113 368 3176 bat,
420 3127 540 3166 cum
567 3111 784 3166 videbat
803 3111 999 3164 malum
1023 3109 1324 3181 exemplum
1351 3127 1560 3176 eorum,
1589 3119 1827 3165 reverte-
1857 3103 1900 3164 C
1932 3124 1987 3170 et
2014 3114 2459 3178 misericordiam,
2505 3125 2559 3169 et
2588 3114 2746 3168 ﬁdem
2764 3153 2780 3177 ,
2818 3120 2873 3166 et
2896 3125 2960 3164 ea
2989 3125 3108 3180 quae
3158 3109 3227 3164 ad
3255 3110 3358 3164 hoc
3383 3124 3504 3178 per-

247 3204 414 3258 batur
442 3201 511 3256 ad
539 3202 796 3256 vomitum
826 3217 1001 3264 suum,
1038 3210 1092 3255 et
1116 3209 1233 3256 erat
1256 3201 1450 3272 dignus
1492 3211 1621 3256 tunc
1663 3201 1833 3271 plagis

250 3291 510 3363 vapulare
536 3291 752 3346 multis:
784 3292 908 3360 quia
951 3306 1136 3346 servus
1179 3290 1357 3346 sciens
1384 3291 1714 3346 voluntatem
1739 3291 1833 3346 do-

253 3381 394 3438 mini
429 3380 530 3444 sui,
559 3389 614 3436 et
637 3395 744 3434 non
771 3379 973 3434 faciens
997 3379 1172 3451 digna,
1204 3380 1475 3450 vapulabit
1499 3379 1670 3452 plagis
1701 3380 1835 3434 mul-

255 3472 354 3528 tis.
398 3470 516 3525 Filii
544 3479 724 3524 autem
768 3470 1026 3540 gehennae
1063 3470 1329 3536 dicuntur,
1367 3472 1503 3526 sicut
1525 3482 1579 3527 et
1609 3473 1702 3529 ﬁlii
1732 3488 1831 3528 sa:-

253 3561 390 3625 culi,
438 3561 562 3630 quia
602 3560 754 3632 cujus
779 3575 943 3631 Opera
986 3559 1115 3615 facit
1143 3561 1284 3630 quis,
1329 3562 1444 3631 ejus
1480 3562 1621 3618 ﬁlius
1657 3572 1712 3617 et
1736 3580 1832 3619 γοα

163 3637 170 3642 ’
254 3651 492 3706 cabitur.
540 3650 631 3706 Va:
687 3649 848 3705 vobis.
910 3648 1282 3714 Subauditur,
1338 3650 1601 3706 imminet.
1665 3651 1832 3705 Duces

225 3745 409 3798 ληνοὶ.
443 3743 743 3798 Secundum
772 3750 1068 3798 terrenam:
1086 3750 1142 3797 et
1182 3757 1494 3813 corpoream
1537 3742 1834 3798 camitatem

256 3834 443 3890 nullus
472 3849 577 3888 non
628 3835 832 3890 habens
879 3833 1058 3889 lumen
1094 3819 1381 3890 (oculorum
1415 3834 1528 3890 vult
1552 3835 1714 3889 alium
1739 3835 1836 3889 du-

256 3941 408 3982 cere.
456 3925 602 3980 Multi
625 3935 802 3980 autem
830 3925 956 3982 caeci
995 3927 1048 3981 in
1070 3926 1268 3994 animo,
1315 3927 1367 3982 id
1389 3937 1472 3982 est
1501 3926 1832 3997 insipientes,

257 4017 452 4072 volunt
477 4019 636 4074 duces
659 4018 794 4083 ﬁeri,
819 4021 910 4089 qui
933 4021 1177 4075 nesciunt
1203 4021 1372 4091 ipsam
1402 4022 1540 4076 viam
1561 4000 1836 4076 ambulare

259 4122 368 4162 nec
393 4108 512 4162 aliis
545 4109 933 4166 demonstrare.
992 4111 1058 4164 Et
1087 4112 1324 4182 suntqui
1355 4113 1549 4176 sciunt,
1596 4111 1688 4166 sed
1734 4110 1834 4178 ipsi

261 4215 374 4252 non
413 4199 704 4266 ambulant,
735 4217 836 4256 nec
862 4201 980 4256 aliis
1017 4203 1307 4257 ostendunt
1327 4212 1385 4256 ut
1408 4201 1701 4256 ambulent.
1731 4201 1836 4266 Qui

259 4287 480 4341 dicitis:
515 4287 817 4360 Quicunque
853 4290 1112 4360 juraverit
1140 4308 1232 4361 per
1257 4290 1520 4361 templum,
1572 4290 1702 4344 nihil
1738 4300 1830 4353 est,

257 4377 356 4446 qui
399 4387 572 4430 autem
627 4378 884 4448 juraverit
921 4381 973 4434 in
1018 4397 1150 4435 auro
1202 4380 1396 4450 templi,
1452 4381 1616 4434 debet.
1659 4381 1832 4434 Etiam

261 4467 320 4522 in
353 4467 454 4521 hoc
480 4467 597 4522 loco
623 4468 887 4522 habebant
910 4467 1075 4525 Judaei
1119 4469 1413 4535 inventum,
1447 4477 1505 4523 ut
1531 4470 1835 4540 quicunque

254 4558 471 4628 juraret
497 4565 680 4611 contra
724 4558 1025 4627 proximum
1065 4574 1218 4613 suum
1252 4573 1350 4628 pro
1382 4559 1556 4630 aliqua
1585 4561 1836 4630 pacifica—

261 4649 415 4702 tione
445 4662 540 4716 per
593 4647 845 4716 templum
872 4687 888 4713 ,
929 4648 1092 4703 etiam
1138 4648 1183 4704 si
1228 4649 1565 4705 mendacium
1601 4650 1830 4720 juraret,

262 4739 467 4794 nullius
493 4740 732 4798 criminis
761 4743 1060 4796 tenebatur.
1115 4742 1172 4796 Si
1210 4752 1389 4798 autem
1416 4745 1469 4798 in
1503 4761 1635 4801 auro
1656 4745 1835 4816 iuras-

263 4837 354 4884 set
383 4829 584 4898 templi,
631 4831 965 4888 mendacium
995 4835 1283 4904 cogebatur
1317 4835 1643 4904 persolvere.
1677 4835 1836 4890 Simi-

262 4919 416 4984 liter,
441 4919 486 4974 si
523 4920 577 4974 in
605 4921 759 4976 altari
781 4921 1039 4990 iurasset,
1081 4925 1214 4978 nihil
1239 4926 1485 4982 debebat.
1535 4925 1590 4982 Si
1631 4943 1760 4982 vero
1786 4928 1838 4982 in

266 5008 414 5063 dono
443 5010 602 5079 quod,
632 5026 793 5081 super
817 5011 986 5068 altare
1005 5022 1124 5068 erat
1141 5015 1488 5086 perjurasset,
1524 5026 1726 5072 tantum
1752 5033 1839 5073 co—

263 5099 496 5169 gebatur
531 5101 808 5156 exsolvere
847 5103 1214 5158 sacerdotibus
1243 5113 1501 5174 quantum
1544 5106 1716 5176 ipsum
1743 5106 1841 5160 do-

264 5209 403 5250 num
428 5203 564 5250 erat.
605 5196 895 5266 Propterea
927 5198 1053 5266 quia
1085 5197 1224 5252 istud
1248 5199 1346 5267 ipsi
1381 5200 1728 5270 recipiebant,
1761 5201 1842 5255 di-

263 5286 468 5340 cubant
490 5287 740 5356 quoniam
764 5295 1038 5357 peceatum
1084 5287 1491 5357 perjuriicssct.
1538 5289 1614 5342 De
1644 5291 1841 5359 templo

266 5388 454 5432 autem
493 5386 548 5432 et
587 5379 772 5434 altaris
809 5379 1064 5450 pcrjurio,
1097 5381 1236 5448 quod
1265 5381 1330 5435 ad
1360 5381 1540 5450 templi
1571 5389 1835 5436 restaura-

271 5466 478 5521 tionem
535 5470 874 5539 pertinebat,
921 5469 1169 5525 dicebant
1215 5486 1318 5524 non
1363 5486 1482 5525 esse
1523 5470 1838 5540 perjnrium.

273 5556 429 5622 Quod
453 5559 712 5628 approbat
734 5557 1008 5626 Dominus,
1041 5559 1165 5629 quia
1187 5576 1281 5628 per
1305 5561 1557 5629 templum
1587 5569 1642 5616 et
1673 5561 1843 5616 altare

272 5649 686 5705 innidiﬁcantur
723 5652 900 5705 omnia
922 5667 1040 5720 qua-
1063 5651 1200 5704 intra
1225 5660 1366 5706 sunt.
1419 5651 1520 5706 Pcz'
1546 5651 1738 5708 coelum
1759 5650 1844 5720 ju-

684 5745 950 5807 Pnaon.
996 5745 1151 5808 CVI.

1861 4443 1913 4501 D

1933 3207 2123 3270 tinent,
2156 3213 2209 3260 et
2235 3204 2319 3258 illa
2361 3220 2466 3259 non
2494 3204 2766 3267 omittere,
2817 3202 3055 3257 decimas
3099 3199 3360 3269 accipere.
3413 3199 3505 3252 Vi—

1931 3297 2090 3351 deant
2114 3296 2357 3366 magistri
2393 3294 2754 3350 Eeclesiarum
2795 3292 2887 3362 qui
2913 3292 3113 3347 habent
3141 3290 3316 3344 simile
3351 3290 3512 3344 mini—

1932 3388 2152 3442 sterium
2187 3387 2240 3441 iu
2268 3385 2497 3456 populis.
2537 3393 2591 3440 et
2616 3392 2802 3440 tenent
2824 3383 3024 3454 praedia
3049 3380 3410 3437 Ecclesiarum
3444 3397 3514 3436 ne

1932 3477 2133 3534 similes
2166 3477 2274 3532 illis
2304 3477 2433 3530 fiant
2461 3476 2506 3530 si
2550 3459 2816 3530 tacuerint
2850 3473 3060 3544 populis
3088 3473 3218 3526 vitia
3243 3487 3355 3526 sua.
3397 3472 3510 3526 Du-

1932 3563 2015 3621 ces
2041 3568 2165 3619 carri
2197 3565 2491 3618 excolantes
2527 3563 2771 3627 culicem,
2806 3561 3059 3615 camelum
3088 3573 3263 3615 autem
3290 3561 3509 3632 glutienr

1933 3667 2028 3713 tes.
2079 3657 2181 3710 Per
2203 3655 2450 3719 culicem,
2480 3670 2598 3724 quae
2619 3663 2703 3711 est
2733 3669 2917 3710 musca
2946 3653 3133 3708 aculeo
3161 3653 3363 3707 munita
3391 3651 3508 3724 (ha-

1932 3746 2061 3802 bent
2088 3747 2232 3812 enim
2262 3747 2317 3800 in
2368 3760 2462 3800 ore
2491 3746 2722 3800 ﬁstulam
2759 3745 2812 3798 in
2860 3745 3076 3799 modum
3125 3744 3347 3807 stimuli,
3397 3761 3502 3815 qua

1934 3854 2154 3895 carnem
2173 3838 2446 3893 terebrant
2463 3847 2522 3892 ut
2538 3837 2856 3908 sanguinem
2877 3835 3108 3906 bibant),
3136 3836 3342 3890 minora
3367 3852 3511 3890 man~

1935 3931 2059 3986 data
2089 3929 2480 4002 intelliguntur.
2511 3930 2615 3984 Per
2649 3928 2948 3993 eamélum,
2974 3927 3174 3982 animal
3205 3936 3505 3983 tortuosum

1935 4029 1990 4077 et
2002 4020 2262 4086 deforme,
2279 4021 2480 4091 majora
2495 4020 2764 4076 mandata.
2791 4019 3070 4084 Exeolare,
3089 4020 3324 4074 humano
3338 4035 3510 4084 more,

1934 4121 2019 4167 est
2042 4112 2113 4166 ita
2159 4112 2226 4166 ad
2255 4111 2512 4180 liquidum
2560 4110 2848 4175 deducere,
2889 4118 2950 4164 ut
2974 4126 3069 4181 per
3108 4119 3254 4166 setas
3278 4112 3508 4167 transire

1936 4203 2125 4274 possit.
2158 4203 2416 4258 Excolare
2444 4202 2693 4266 culicem,
2719 4202 2786 4256 de
2814 4201 3110 4256 minoribus
3136 4203 3404 4260 mandatis
3427 4203 3504 4259 di-

1937 4292 2160 4363 ligenter
2185 4301 2434 4355 tractare,
2463 4291 2515 4346 id
2539 4300 2641 4356 est,
2671 4292 2737 4344 de
2758 4291 2982 4346 decimis
3009 4290 3096 4345 vel
3120 4292 3188 4346 de
3209 4292 3366 4348 malis
3385 4308 3505 4346 ver-

1937 4383 2040 4436 bis.
2065 4381 2338 4436 Camelum
2361 4381 2573 4452 glutire,
2600 4379 2772 4448 majus
2795 4381 3104 4436 mandatum
3120 4423 3135 4447 ,
3158 4382 3437 4453 judicium,
3460 4395 3516 4438 et

1940 4473 2382 4538 misericordiam,
2425 4481 2480 4528 et
2508 4472 2666 4527 ﬁdem
2715 4474 2768 4529 in
2799 4473 3096 4542 neglectum
3145 4473 3230 4529 vel
3282 4474 3337 4528 in
3375 4475 3512 4530 obli-

1943 4565 2152 4619 vionem
2173 4564 2464 4628 dimittere,
2495 4580 2610 4627 seu,
2642 4564 2972 4634 spiritaliter,
3001 4566 3216 4618 culicem
3237 4565 3512 4638 liquantes,

1940 4653 2196 4708 camelum
2234 4653 2542 4725 glutientes,
2576 4654 2869 4714 Barabbam
2909 4656 3507 4727 eligentes,'Christum
3570 4685 3572 4689 -

1941 4752 2120 4800 autem
2141 4744 2466 4800 occidentes.
2503 4743 2593 4799 Va!
2613 4747 2775 4806 vobis,
2805 4744 3003 4800 Scriba:
3042 4757 3090 4799 et
3115 4744 3376 4801 Phariswi
3420 4749 3514 4817 hy-

1939 4834 2172 4904 pocritw,
2212 4835 2338 4904 quia
2363 4834 2626 4888 mundatis
2646 4835 2784 4904 quod
2823 4834 3018 4904 deforis
3044 4844 3117 4889 est
3138 4835 3316 4889 calicis
3347 4847 3394 4889 et
3420 4854 3514 4906 pa-

1945 4925 2185 4994 ropsia’is.
2223 4924 2370 4979 Calix
2401 4939 2495 4977 vas
2515 4924 2688 4994 poculi
2717 4925 2891 4978 dictus
2909 4940 2975 4979 eo
3010 4925 3152 4994 quod
3184 4926 3239 4978 in
3261 4926 3514 4980 eocalida

1945 5018 2174 5074 dabatur
2219 5020 2386 5088 potio,
2427 5018 2509 5073 vel
2554 5019 2654 5072 ἀπὸ
2683 5026 2770 5072 τοῦ
2800 5026 2970 5080 πῶτος
3017 5017 3301 5090 [πώματος]
3341 5019 3516 5074 calino

1947 5107 2193 5182 [animi].
2235 5109 2286 5163 id
2311 5120 2394 5164 est
2419 5126 2447 5162 a
2480 5108 2641 5179 ligno.
2678 5107 2927 5177 Paropsis
2955 5122 3050 5161 vas
3073 5108 3250 5176 poculi
3298 5109 3516 5177 quadri-

1947 5199 2192 5256 laterum.
2249 5199 2353 5252 hoc
2406 5207 2511 5263 est,
2551 5198 2770 5267 paribus
2797 5199 3016 5252 absidis.
3057 5198 3123 5251 Et
3170 5215 3266 5268 per
3295 5199 3396 5254 ista
3423 5216 3514 5253 va-
3597 5231 3600 5234 ~

1946 5289 2090 5345 scula
2135 5291 2372 5358 ipsorum
2418 5288 2809 5344 Pharismorum
2859 5304 3084 5358 corpora
3127 5289 3511 5361 intelliguntur,

1947 5383 2089 5450 quod
2119 5382 2232 5450 ipsa
2255 5395 2480 5450 corpora
2509 5396 2539 5434 a
2563 5380 2694 5436 foris
2739 5381 2906 5435 nitida
2939 5379 3247 5446 reddebant,
3293 5391 3348 5436 et
3369 5383 3516 5439 intus

1947 5472 2091 5541 pleni
2116 5479 2268 5526 erant
2288 5472 2450 5527 vitiis.
2484 5471 2636 5528 Unde
2662 5472 2827 5529 dicit:
2853 5471 3004 5526 Intus
3031 5479 3203 5525 autem
3232 5471 3369 5541 pleni
3395 5485 3515 5530 sunt

1954 5563 2136 5631 rapina
2183 5571 2230 5615 et
2263 5563 2616 5618 immunditia.
2667 5560 2873 5632 Rapina
2901 5570 2982 5615 est
3015 5543 3333 5636 quocunque
3375 5563 3517 5620 malo

1953 5651 2166 5722 ingenio
2214 5666 2244 5706 a
2275 5653 2520 5723 proximo
2565 5666 2679 5708 rem
2709 5667 2858 5708 suam
2887 5650 3119 5708 auferre.
3153 5648 3511 5720 Immunditia,

3001 5746 3088 5811 Ῑιϋ-
