3952 6186
536 263 563 313 ’i
575 260 670 314 -’t.‘iI

1308 259 1692 314 CURISTIANI
1734 261 2134 316 DRUTHMARI
2175 263 2614 322 CORBEIENSIS
2651 269 2947 325 MONACIII

3625 279 3762 333 {.512

540 391 643 445 qua
665 374 889 443 quisque
930 373 1057 426 vitio
1103 387 1198 424 cor
1245 373 1403 426 habet
1448 374 1787 435 maculatum.
1838 374 1937 439 Qui
1965 390 2085 426 con-
2127 382 2168 434 Α
2199 384 2300 428 tate
2330 379 2379 430 in
2408 382 2692 444 civitatem,
2745 393 2798 436 ut
2826 385 2992 436 ueniat
3038 399 3192 452 super
3219 403 3302 439 eos
3325 405 3489 442 omnis
3541 399 3772 460 sanguis

541 467 690 520 trarii
721 474 844 519 sunt
865 465 949 518 his
969 465 1032 519 dc
1059 464 1251 532 quibus
1275 465 1503 518 dicitur:
1537 464 1684 516 Beati
1709 465 1900 516 mundo
1919 465 2090 526 corde,

538 558 779 628 quoniam
822 557 922 626 ipsi
961 556 1124 610 Deum
1149 556 1404 609 videbunt.
1449 557 1512 609 Et
1555 556 1886 609 immutnlitia
1920 555 2095 609 omnis

530 647 820 703 fornicatio
847 647 1123 716 accipitur.
1171 646 1214 700 Ο
1241 662 1380 700 caece
1402 646 1683 710 Pharisaee,
1728 647 1923 700 munda
1947 647 2094 716 prius

537 739 677 807 quod
709 739 852 790 intus
873 745 954 790 est
969 735 1150 790 calicis
1175 744 1228 790 et
1249 737 1566 804 paropsidis,
1597 736 1760 789 uttiat
1785 736 1921 804 quod
1952 734 2094 789 defo—

537 832 611 884 ris
626 839 709 883 est
735 829 1006 882 mundum.
1031 827 1146 896 Ipse
1173 827 1404 881 ostendit
1424 827 1668 895 superius
1689 841 1805 894 qua:
1829 825 2095 880 maculent

532 920 825 981 hominem,
857 918 919 971 de
964 917 1115 970 corde
1141 919 1491 986 procedentes
1538 915 1872 982 cogitationes
1918 912 2091 975 mola’,

535 1009 832 1069 “tomicidia,
860 1006 1167 1078 perjurium,
1201 1014 1254 1059 et
1283 1006 1486 1073 reliqua
1517 1005 1600 1058 his
1633 1003 1845 1057 similia.
1886 1003 2015 1055 Nam
2049 1004 2090 1054 si

517 1101 635 1154 ista
664 1101 946 1162 defuerint,
992 1099 1218 1152 mundus
1246 1097 1349 1151 erit
1374 1099 1531 1150 homo
1571 1096 1621 1148 in
1661 1103 1944 1162 conspectu
1988 1093 2081 1144 Do-

535 1194 682 1247 mini.
731 1192 820 1246 Va:
850 1192 1007 1256 vobis,
1051 1190 1246 1245 Scriba:
1274 1199 1320 1243 et
1359 1187 1611 1242 Phariswi
1638 1189 1941 1259 hypocritm,
1969 1187 2089 1256 quia

513 1288 724 1342 similes
756 1287 874 1340 estis
895 1285 1141 1356 sepulcris
1165 1285 1436 1337 dealbatis.
1469 1282 1784 1351 Sepulcrum
1825 1297 1854 1333 a
1883 1280 2091 1348 sepulto

531 1379 748 1432 dictum.
787 1377 940 1432 Prius
967 1376 1108 1431 enim
1137 1373 1500 1442 unusquisque
1557 1373 1608 1424 in
1635 1372 1791 1425 domo
1820 1385 1914 1424 sua
1943 1385 2092 1437 sepe-

530 1469 778 1533 liebatur,
817 1475 999 1537 postea
1036 1466 1256 1520 vetitum
1287 1473 1370 1519 est
1396 1465 1616 1536 legibus,
1639 1463 1764 1532 quia
1785 1462 1953 1516 fetore
1978 1462 2092 1530 ipso

529 1574 753 1628 corpora
799 1557 1088 1611 viventium
1144 1541 1620 1615 interﬁciebantur.
1673 1553 1776 1606 Pro
1801 1567 1904 1621 qua
1937 1566 1994 1605 re
2037 1551 2088 1604 in

529 1650 834 1704 civitatibus
861 1647 1106 1702 similiter
1131 1646 1456 1715 prohibitum
1482 1653 1564 1699 est
1593 1642 1822 1713 sepeliri.
1857 1640 2088 1695 Diversis

527 1741 706 1794 verbis
746 1740 922 1809 arguit
947 1738 1246 1792 Pharisaios
1272 1752 1368 1806 per
1411 1735 1735 1811 hypocrisin.
1790 1733 1936 1800 Quos
1964 1741 2086 1785 ante
2117 1717 2159 1775 Β

529 1849 626 1902 per
669 1833 914 1896 vascula,
951 1847 1093 1886 nunc
1145 1846 1241 1899 per
1266 1829 1505 1898 sepulcra
1553 1827 1843 1899 redarguit,
1879 1833 1935 1880 et
1961 1824 2091 1878 dicit

526 1924 668 1993 quod
713 1923 914 1978 similes
953 1923 1058 1976 sint
1084 1921 1340 1990 sepulcris
1376 1935 1493 1990 quae
1516 1927 1671 1974 erant
1716 1933 1746 1972 a
1781 1915 1912 1971 foris
1941 1913 2088 1970 deal-

526 2015 652 2069 bata
675 2012 742 2068 de
777 2013 944 2078 calce,
968 2021 1022 2068 et
1048 2013 1404 2070 marmoribus
1425 2018 1634 2075 ornata,
1659 2016 1713 2064 et
1735 2009 1877 2079 picta
1897 2006 2092 2063 colori-

524 2108 644 2169 bus,
686 2106 828 2161 iutus
871 2115 1049 2159 autem
1078 2103 1230 2173 plena
1265 2110 1419 2157 erant
1463 2102 1601 2156 omni
1633 2100 1900 2171 spurcitia,
1931 2098 1984 2152 id
2008 2104 2091 2152 est

524 2197 880 2252 immunditia.
912 2196 1063 2266 Apud
1086 2195 1356 2262 antiquos,
1391 2193 1612 2248 aliarum
1632 2191 1867 2262 gentium
1891 2190 2090 2261 grande

523 2291 759 2346 studium
812 2287 912 2342 fuit
944 2294 1287 2342 monumenta
1334 2294 1546 2356 patrum
1590 2297 1817 2346 ornare,
1869 2283 2009 2352 quod
2037 2290 2090 2337 et

524 2383 577 2436 in
620 2381 979 2443 monumentis
1034 2379 1392 2432 Romanorum
1439 2377 1615 2432 adhuc
1657 2384 1879 2446 apparet
1925 2383 1978 2430 et
2034 2375 2087 2428 in

523 2473 945 2529 Machabmormn
979 2471 1114 2525 libro
1139 2469 1382 2539 legimus.
1436 2467 1540 2524 Sed
1570 2465 1928 2522 Occidentalis
1953 2479 2085 2533 pau-

521 2572 726 2634 pertas,
758 2559 1116 2620 Orientalibus
1167 2557 1370 2612 divitiis
1413 2563 1741 2624 comparata,
1805 2553 1937 2606 nihil
1982 2561 2082 2606 est.

532 2651 620 2706 Vae
640 2652 793 2714 vobis,
839 2649 1036 2706 Scriba:
1061 2658 1109 2702 et
1139 2647 1419 2709 Pharisaei,
1445 2647 1532 2716 qui
1557 2644 1830 2712 a'diﬁcatis
1850 2642 2086 2712 sepulcra

518 2744 902 2815 prophetarum.
934 2741 1002 2796 Et
1035 2740 1154 2795 istis
1189 2744 1266 2795 va:
1307 2739 1547 2798 futurum
1593 2736 1852 2792 Dominus
1879 2737 2083 2791 denun-

520 2837 635 2901 tiat,
667 2850 770 2891 non
810 2833 935 2903 quia
972 2832 1218 2902 sepulcra
1255 2839 1310 2887 et
1341 2830 1683 2885 monumenta
1714 2827 1980 2884 azdiﬁcant
1999 2827 2087 2897 ju-

518 2935 722 2981 storom
744 2933 799 2978 et
818 2925 1220 2995 prophetarum,
1251 2921 1345 2978 sed
1368 2922 1493 2992 quia
1527 2921 1606 2976 sic
1632 2921 1765 2975 certi
1799 2928 1923 2976 sunt
1950 2919 2087 2973 male

517 3019 709 3073 fecisse
737 3027 914 3088 patres
939 3033 1064 3074 suos
1089 3017 1348 3073 occidisse
1371 3017 1561 3082 bonos,
1604 3015 1658 3070 in
1684 3022 1888 3069 tantum
1913 3012 2086 3070 sciant

519 3107 636 3161 illos
671 3108 840 3162 bonos
884 3107 1066 3172 fuisse,
1101 3116 1161 3162 ut
1206 3107 1302 3176 ipsi
1341 3115 1687 3162 monumenta
1729 3120 1913 3160 eorum
1961 3101 2087 3158 tedi-

511 3201 694 3252 -ticent.
726 3199 793 3252 Et
821 3213 938 3252 cum
969 3199 1072 3251 hoc
1112 3213 1211 3265 pro
1242 3206 1392 3252 certo
1423 3197 1618 3261 sciant,
1673 3197 1860 3251 eadem
1901 3195 2091 3248 volun-

517 3297 625 3342 tate
657 3295 926 3353 tenentur,
966 3293 1022 3340 et
1053 3285 1147 3339 ﬁlii
1192 3293 1318 3339 sunt
1347 3285 1754 3347 homicidarum,
1779 3299 1884 3338 non
1915 3283 2087 3339 solum

514 3391 696 3441 carne,
734 3375 830 3430 sed
855 3366 1170 3429 imitatione.
1222 3372 1406 3427 Potest
1434 3379 1489 3426 et
1522 3371 1626 3426 alio
1652 3370 1812 3427 modo
1840 3371 2081 3450 intelligi,

514 3467 654 3536 quod
681 3467 878 3522 idcirco
901 3464 1236 3522 aediﬁcabant
1263 3471 1605 3519 monumenta
1623 3461 1891 3531 iustorum
1915 3471 1973 3516 ut
1996 3479 2087 3518 no-

516 3567 629 3614 tum
648 3557 800 3613 ﬁeret
825 3557 944 3611 aliis
970 3556 1061 3625 qui
1087 3556 1203 3610 illos
1217 3553 1464 3610 occidere
1475 3554 1747 3624 potuerint
1775 3561 1830 3608 et
1840 3562 2086 3622 potentes

513 3650 730 3716 fuerint,
747 3651 873 3720 quia
895 3659 950 3704 et
972 3649 1070 3720 ipsi
1096 3649 1236 3719 quod
1250 3649 1516 3714 dicebant,
1542 3650 1587 3702 si
1612 3649 1822 3719 fuissem
1831 3665 1890 3703 us
1914 3649 1967 3702 in
1981 3647 2086 3702 die.

512 3742 606 3796 bus
625 3750 830 3811 patrum
849 3750 1158 3804 nostrorum,
1178 3756 1282 3794 non
1295 3755 1537 3796 essemus
1551 3741 1946 3796 consentientes
1958 3755 2086 3808 ope-

510 3835 660 3890 ribus
685 3849 894 3899 eoru-m,
920 3834 1176 3903 jactando
1201 3843 1256 3888 et
1283 3833 1658 3890 subsanuando
1683 3835 1952 3889 dicebant.
2013 3833 2082 3887 Et

509 3941 598 3978 vos
627 3923 831 3994 implete
861 3940 1156 3978 mensuram
1178 3934 1384 3994 patrum
1408 3934 1712 3979 vestrorum.
1739 3925 1909 3993 Ipsam
1939 3940 2082 3978 meu-

509 4030 690 4071 suram
719 4030 880 4084 quam
910 4015 983 4070 illi
1011 4031 1117 4070 non
1143 4016 1562 4086 compleverunt,
1593 4018 1686 4072 sed
1715 4018 2074 4086 iuetnperunt,

508 4122 604 4162 vos
629 4106 862 4176 implete.
890 4105 968 4163 Illi
987 4107 1300 4162 occiderunt
1323 4119 1528 4171 servos,
1571 4122 1668 4161 vos
1695 4107 1950 4172 occidetis
1976 4107 2079 4160 Do-

507 4196 756 4261 minum;
806 4195 879 4251 illi
901 4196 1213 4265 prophetas,
1259 4212 1353 4252 vos
1377 4196 1658 4251 Dominum
1698 4196 2076 4266 prophetarum

507 4288 592 4343 vel
642 4287 910 4357 apostolos
961 4289 1096 4356 ejus.
1150 4288 1423 4359 Serpentes
1471 4289 1729 4358 genimina
1760 4290 2071 4359 viperarum.

2184 464 2378 531 justus,
2403 469 2491 537 qui
2515 470 2704 537 effusus
2731 480 2797 524 est
2821 485 3198 540 superterram.
3228 475 3340 529 Non
3367 480 3775 547 omuesjnstns

2191 556 2355 612 Judaei
2402 560 2810 624 interfecerunt,
2854 563 2974 630 quia
3019 580 3117 616 nec
3160 575 3315 618 erant
3356 570 3582 635 quando
3630 572 3778 624 Abel

2190 653 2398 702 occisus
2424 657 2523 702 est.
2555 649 2678 714 Sed,
2710 651 2846 705 sicut
2872 651 2982 719 jam
3015 653 3146 716 dixi,
3178 671 3364 710 omnes
3395 658 3526 711 mali
3559 659 3630 713 de
3659 678 3775 714 una

2190 739 2531 808 generatione
2569 755 2688 794 esse
2721 741 2984 804 dicuntur,
3031 743 3166 796 sicut
3205 754 3256 797 et
3299 761 3489 800 omnes
3526 745 3670 814 justi
3702 751 3776 804 de

2190 828 2312 880 alia.
2361 827 2600 897 Denique
2647 844 2766 884 eum
2815 829 3094 884 Psalmista
3151 835 3343 890 multos
3394 838 3464 890 de
3522 840 3776 894 diversis

2189 916 2434 984 gentibus
2465 917 2791 973 describeret
2829 921 2918 987 qui
2955 934 3186 975 montem
3214 925 3421 978 Domini
3470 934 3771 983 ascensuri

2189 1015 2367 1058 essent
2395 1007 2612 1060 dicens:
2640 1007 2892 1061 lnuocens
2929 1011 3166 1065 manibus
3191 1023 3237 1065 et
3267 1017 3458 1067 mundo
3493 1021 3683 1078 con-le,
3713 1029 3773 1072 et

2190 1094 2410 1162 reliqua,
2439 1097 2547 1149 Iure
2577 1107 2651 1148 est
2675 1099 2934 1166 generatio
2961 1105 3300 1169 quwrentium
3320 1104 3638 1159 Dominum.
3675 1109 3772 1162 Si-

2191 1186 2386 1239 tniliter
2430 1203 2556 1255 ergo
2591 1187 2756 1242 Judaii
2801 1191 2925 1257 quia
2971 1193 3276 1245 occiderunt
3325 1206 3590 1262 parentes
3642 1215 3770 1251 suos

2189 1279 2494 1345 prophetas,
2536 1281 2598 1332 de
2635 1281 2764 1332 Cain
2801 1285 3050 1349 progenie
3085 1300 3201 1338 esse
3246 1286 3516 1351 dicuntur,
3553 1299 3612 1341 et
3642 1307 3768 1343 cum

2191 1369 2303 1435 ipso
2329 1385 2512 1436 prunas
2552 1371 2802 1423 subibunt
2837 1381 3066 1425 internas
3093 1377 3181 1441 qui
3214 1373 3434 1428 fratrem
3480 1395 3650 1431 suum
3685 1381 3769 1432 in-

2191 1463 2419 1516 terfecit.
2461 1463 2501 1514 Α
2538 1481 2786 1532 sanguine
2820 1464 2942 1516 Abel
2963 1466 3115 1534 justi,
3152 1485 3310 1537 usque
3342 1470 3411 1521 ad
3447 1475 3772 1538 sanguineus

2189 1553 2482 1606 Zacharite.
2517 1555 2590 1608 De
2621 1555 2751 1608 AIEGI
2793 1565 2916 1609 uota
2957 1565 3039 1610 est
3069 1558 3290 1612 historia
3338 1561 3626 1614 omnibus.
3663 1563 3769 1614 Za-

2191 1644 2403 1698 charias
2437 1645 2536 1698 fuit
2566 1645 2703 1699 ﬁlius
2730 1645 2927 1700 Joiadte
2967 1648 3260 1702 sacerdotis
3311 1650 3411 1714 Qui
3440 1648 3646 1704 Joiatia
3677 1668 3772 1704 ac-

2189 1737 2326 1804 cepit
2344 1735 2468 1790 Joas
2493 1736 2770 1806 parvulum
2802 1737 3218 1801 infautcm,cum
3247 1741 3769 1795 iutertiwretAtba-

2189 1826 2255 1880 lia
2297 1829 2475 1894 regina
2523 1842 2705 1881 semen
2751 1829 2976 1899 regium,
3024 1841 3082 1883 ut
3126 1841 3372 1898 regnaret
3421 1832 3570 1901 ipsa.
3635 1834 3772 1899 Qui:

2189 1929 2431 1974 mortuus
2474 1929 2590 1974 erat
2633 1921 2720 1973 vir
2763 1919 2876 1988 ejt'ts
2921 1931 2976 1975 et
3022 1921 3160 1977 ﬁlius
3206 1923 3338 1992 ejus,
3365 1934 3428 1978 et
3473 1926 3773 1979 abscondit

2189 2009 2362 2078 ipsum
2383 2008 2506 2064 Joas
2541 2026 2635 2079 per
2666 2026 2833 2064 annos
2863 2021 3087 2088 septem.
3127 2013 3180 2066 In
3210 2015 3435 2082 septimo
3475 2031 3633 2069 anno
3659 2019 3772 2071 ele-

2186 2102 2331 2155 vavit
2355 2116 2476 2156 eum
2507 2116 2708 2172 regem,
2734 2112 2787 2156 et
2812 2103 2975 2172 jussit
3001 2105 3247 2158 occidere
3285 2106 3553 2175 reginam.
3605 2107 3773 2177 Igitur

2187 2193 2401 2262 quando
2424 2191 2607 2247 Joiada
2643 2195 2795 2256 vixit,
2827 2193 2954 2248 fecit
2988 2193 3113 2249 Joas
3147 2211 3263 2264 quae
3293 2196 3400 2250 Deo
3450 2208 3616 2252 erant
3647 2200 3770 2267 pla-

2187 2285 2326 2350 cita;
2359 2301 2481 2340 cum
2506 2296 2682 2339 autem
2709 2284 2894 2340 Joiada
2919 2286 3198 2340 defunctus
3226 2297 3392 2353 esset,
3417 2292 3640 2358 accepit
3670 2308 3767 2345 rs:

2187 2375 2357 2429 malos
2407 2374 2741 2430 consiliarios
2771 2384 2824 2428 et
2868 2375 3153 2444 dereliquit
3180 2377 3368 2439 Deum,
3399 2387 3452 2430 et
3490 2380 3640 2430 misit
3700 2382 3773 2432 ad

2184 2480 2308 2521 eum
2353 2464 2608 2519 Dominus
2647 2459 2932 2533 prophetas
2967 2475 3021 2519 et
3064 2479 3166 2518 non
3209 2466 3407 2518 audivit
3441 2482 3552 2519 eos.
3601 2468 3770 2522 Tune

2184 2558 2332 2612 venit
2378 2559 2444 2612 ad
2477 2573 2598 2611 eum
2639 2557 2777 2615 ﬁlius
2798 2555 2996 2611 Joiada:
3043 2557 3144 2633 iste
3173 2559 3474 2620 Zacharias,
3517 2569 3574 2612 et
3625 2564 3771 2614 dixit

2181 2650 2249 2702 ad
2282 2663 2427 2712 eum,
2464 2649 2601 2701 sicut
2637 2648 2892 2718 scriptum
2922 2659 3006 2702 est
3072 2647 3124 2699 in
3226 2649 3362 2702 libro
3391 2650 3768 2719 I‘aralépmne-

2183 2756 2288 2795 non
2317 2759 2328 2794 :
2359 2739 2484 2793 Htec
2510 2741 2634 2794 dicit
2661 2740 2948 2793 Dominus:
2981 2739 3154 2805 Quare
3180 2743 3604 2809 tronsgredimiui
3633 2763 3769 2813 prir-

2182 2841 2385 2903 ceptum
2414 2830 2621 2884 Domini
2662 2833 2798 2901 quod
2838 2834 2977 2886 vobis
3020 2847 3119 2886 non
3162 2821 3422 2902 prodierit,
3475 2847 3524 2887 et
3565 2839 3762 2888 dareti-

2182 2924 2364 2996 quistis
2390 2923 2685 2988 Dominum,
2703 2924 3139 2995 utderelinqueret
3165 2927 3291 2979 eos?
3321 2925 3417 2991 Qui
3451 2932 3760 2998 congregwti

2189 3015 2445 3070 adversus
2471 3030 2612 3076 eum,
2653 3016 2910 3070 miserunt
2955 3016 3174 3085 lapides,
3201 3018 3354 3086 juxta
3400 3019 3540 3088 regis
3586 3021 3756 3088 impe-

2189 3106 2349 3171 rium,
2378 3107 2429 3159 in
2457 3106 2610 3160 atriis
2636 3105 2825 3159 domus
2854 3108 3078 3160 Domini.
3111 3107 3173 3161 Et
3201 3124 3305 3161 non
3336 3119 3418 3162 est
3442 3113 3760 3163 recordatus

2185 3197 2313 3253 Joas
2358 3214 2448 3252 rex
2492 3199 2870 3254 misericordia-
2905 3215 3064 3268 quam
3113 3200 3316 3253 fecerat
3363 3201 3550 3254 Joiada
3599 3216 3756 3270 pater

2185 3305 2316 3344 suus
2347 3305 2545 3352 secum,
2574 3291 2663 3342 sed
2696 3290 2964 3344 interfecit
2997 3291 3158 3343 lilium
3189 3289 3326 3357 ejus.
3361 3292 3464 3358 Qui
3494 3309 3613 3346 cum
3648 3311 3755 3345 ηπ..

2186 3388 2395 3433 reretur
2424 3382 2497 3434 ait
2522 3399 2533 3434 :
2569 3377 2747 3433 Videat
2768 3381 2904 3434 Deus
2933 3391 2979 3435 et
3003 3382 3247 3449 requirat.
3273 3381 3521 3451 Cumque
3547 3385 3754 3436 revnit:-

2183 3478 2272 3525 tus
2300 3481 2443 3525 esset
2477 3487 2664 3534 annus,
2690 3473 2931 3525 ascendit
2966 3481 3151 3526 contra
3192 3488 3317 3527 cum
3347 3476 3618 3528 exercitus
3654 3477 3752 3543 Sy-

2184 3562 2305 3627 riae;
2341 3565 2587 3632 venitque
2627 3563 2678 3618 in
2707 3562 2940 3618 Judaeum
2970 3571 3023 3637 et
3043 3563 3364 3626 Jerusalem,
3394 3573 3448 3617 et
3486 3565 3649 3618 interi
3682 3571 3752 3618 cit

2184 3665 2405 3710 cunctos
2434 3656 2699 3726 principes
2724 3655 2920 3725 populi.
2956 3654 3019 3707 Et
3047 3671 3166 3708 cum
3201 3657 3543 3723 pervenisset
3577 3658 3748 3709 modi-

2181 3760 2276 3798 cus
2312 3759 2566 3798 numerus
2609 3744 2887 3814 Syrorum,
2939 3742 3436 3796 tradiditDominus
3479 3745 3531 3797 in
3559 3761 3752 3796 manus

2181 3851 2366 3892 eorum
2396 3835 2656 3888 inﬁnitam
2693 3834 3106 3902 multitudinem,
3132 3851 3198 3887 eo
3233 3837 3374 3903 quod
3406 3836 3745 3904 reliquissent

2181 3927 2483 3981 Dominum.
2535 3925 2588 3978 In
2628 3924 2756 3980 Joas
2793 3940 3002 3994 quoque
3056 3925 3407 3995 ignominiosa
3458 3941 3751 3979 exercuere

2171 4015 2397 4085 judicia,
2426 4027 2480 4070 et
2514 4018 2773 4070 abeuntes
2802 4017 3119 4070 dimiserunt
3145 4033 3265 4070 eum
3309 4018 3360 4069 in
3392 4017 3742 4084 languoribus

2176 4112 2378 4167 multis.
2415 4111 2772 4165 Surrcxerunt
2796 4120 2971 4163 autem
3000 4119 3184 4163 contra
3221 4125 3344 4163 eum
3373 4110 3516 4164 serti
3547 4111 3648 4168 sui.
3687 4112 3742 4164 in

2175 4203 2434 4257 ultionem
2463 4201 2734 4270 sanguinis
2761 4201 2852 4254 ﬁlii
2880 4200 3080 4253 Joiatire
3105 4201 3420 4260 sacerdotis.
3453 4209 3506 4254 et
3535 4203 3748 4255 Occide

2175 4306 2304 4348 runt
2329 4310 2450 4350 eum
2487 4294 2538 4346 in
2579 4293 2716 4346 lecto
2746 4307 2861 4345 suo.
2903 4291 3013 4345 Tali
3062 4293 3220 4346 modo
3261 4292 3471 4346 oeeisns
3509 4293 3608 4344 fuit
3647 4293 3749 4346 iste

508 4376 660 4434 Sicut.
701 4379 879 4448 vipera
913 4388 1161 4447 parentes
1204 4396 1329 4435 suos
1353 4380 1576 4444 occidit,
1618 4379 1866 4436 similiter
1888 4379 1960 4432 illi
1999 4378 2075 4430 fe—
2101 4411 2151 4470 Β
2177 4384 2469 4438 Zacharias
2496 4383 2631 4437 inter
2657 4379 2906 4450 templum
2930 4389 2977 4434 et
3005 4379 3192 4443 altare,
3215 4379 3266 4432 id
3287 4388 3370 4432 est
3399 4380 3451 4432 in
3484 4395 3588 4432 una
3621 4396 3746 4432 exe-

506 4476 698 4523 cerunt
748 4475 803 4524 et
843 4483 938 4523 vos
985 4467 1214 4524 facietis.
1258 4468 1527 4535 Quomodo
1557 4469 1762 4539 fugietis
1799 4487 1831 4524 a
1868 4469 2072 4538 judicio

505 4556 767 4624 geltenna’.
794 4556 1068 4622 Quomodo
1092 4557 1332 4626 fugietis,
1376 4559 1428 4613 id
1468 4566 1550 4613 est
1585 4560 1710 4627 quia
1738 4558 1858 4613 talia
1885 4574 2074 4629 cpera-

505 4646 657 4700 mini.
703 4648 741 4698 Α
766 4646 972 4715 judicio
1021 4648 1312 4719 geltennw?
1354 4647 1465 4702 Hoc
1513 4658 1597 4703 est
1642 4651 1784 4718 quod
1837 4648 2076 4705 Joannes

505 4736 642 4790 dixit
671 4753 685 4788 :
721 4736 798 4790 Ab
824 4737 906 4790 ira
943 4750 1176 4802 ventura,
1209 4739 1427 4794 .scilicet
1475 4742 1543 4795 ab
1570 4740 1800 4808 inferno,
1830 4744 1919 4797 ubi
1949 4759 2062 4797 om-

506 4840 602 4880 nes
626 4825 865 4880 mittendi
889 4827 1126 4896 suntqui
1153 4827 1276 4882 talia
1302 4839 1613 4899 operantur.
1668 4832 1796 4887 Ideo
1835 4851 1949 4888 ecce
1975 4850 2066 4904 ego

504 4917 653 4970 mitto
680 4915 749 4969 ad
777 4933 861 4971 vos
897 4917 1152 4986 sapientes
1177 4929 1222 4972 et
1251 4921 1468 4985 scribas,
1497 4931 1544 4976 ct
1564 4939 1628 4976 ex
1665 4923 1769 4977 illis
1803 4925 2062 4978 occidetis.

503 5009 652 5072 Ideo,
701 5008 1036 5076 subauditur,
1085 5012 1208 5068 dico
1243 5015 1394 5070 vobis
1431 5015 1554 5083 quia
1588 5031 1682 5071 vos
1714 5017 1785 5069 ita
1827 5016 1957 5071 estis
1987 5016 2065 5070 fa-

504 5101 662 5156 cturi.
704 5101 908 5158 Mittam
933 5102 1001 5156 ad
1041 5119 1130 5158 vos
1153 5105 1408 5173 sapientes
1449 5116 1493 5159 et
1523 5107 1738 5160 scribas.
1788 5106 1980 5162 Doetos
2011 5109 2062 5161 in

503 5189 621 5258 iege
652 5193 818 5252 veteri
849 5201 902 5246 et
930 5193 983 5246 in
1021 5209 1178 5246 nova.
1209 5194 1277 5246 Et
1317 5211 1380 5248 ea:
1405 5195 1509 5249 illis
1548 5197 1807 5250 occidetis.
1865 5197 1929 5252 Ut
1975 5197 2064 5252 λεια

503 5285 696 5339 cubum
732 5283 954 5339 fratrem
985 5285 1196 5340 Domini
1224 5295 1279 5340 et
1307 5285 1653 5354 Stephanum.
1690 5287 1758 5339 Et
1797 5290 2065 5359 cruci/ige—

503 5375 588 5427 tis.
630 5374 699 5430 Ut
735 5374 1006 5430 Simonem
1056 5376 1220 5432 lilium
1265 5376 1514 5446 Cleophe,
1571 5378 2062 5448 Hierosolymorum

504 5464 832 5533 episcopum.
859 5465 929 5519 Et
949 5482 1014 5520 ea:
1039 5468 1114 5521 eis
1134 5467 1463 5536 ﬂagellabitis
1483 5468 1537 5521 in
1561 5472 1834 5540 synagogis
1862 5472 2058 5525 vestris.

509 5555 578 5610 Ut
617 5571 803 5614 omnes
840 5557 1107 5626 apostolos
1164 5557 1650 5628 fecistis,.quando
1683 5561 1834 5615 ibant
1871 5579 1902 5616 a
1936 5577 2063 5616 con-

506 5659 688 5713 spectu
738 5649 948 5706 concilii
999 5650 1308 5718 gaudentes.
1356 5650 1419 5702 Et
1449 5653 1808 5720 pet-sequimini
1845 5653 1909 5706 de
1942 5655 2062 5707 civi-

2177 4475 2275 4529 dra
2319 4473 2712 4534 thesaurorum,
2740 4470 2852 4524 sive
2893 4469 3043 4538 juxta
3084 4467 3547 4537 gazophylacium.
3593 4467 3748 4532 Quod

2176 4574 2358 4620 autem
2387 4562 2639 4616 Dominus
2667 4561 2836 4629 [ilium
2863 4559 3137 4611 θηται-Μαι
3173 4574 3294 4612 eum
3343 4559 3606 4621 nominat,
3651 4577 3748 4628 pro

2174 4654 2334 4709 laudo.
2356 4652 2521 4720 ipsius
2544 4649 2836 4704 sacerdotis
2860 4648 3004 4709 facit,
3027 4648 3116 4715 qui
3144 4663 3238 4716 per
3256 4648 3435 4701 omnia
3454 4648 3748 4702 Barac-nias

2173 4742 2377 4799 studuit
2422 4755 2562 4802 esse,
2608 4740 2660 4793 id
2709 4747 2790 4793 est
2838 4738 3149 4792 benedictus
3174 4737 3405 4800 Domini,
3455 4737 3564 4791 hoc
3599 4741 3744 4791 enim

2174 4838 2578 4907 interpretatur.
2624 4831 2921 4886 Notandum
2960 4837 3135 4883 autem
3174 4829 3312 4898 quod
3359 4830 3464 4883 iste
3504 4829 3742 4893 Joiadas,

2171 4909 2290 4986 eum
2319 4939 2468 4984 esset
2495 4941 2732 4980 summus
2749 4924 3010 4994 pontifex,
3032 4924 3271 4992 reginam
3289 4921 3449 4990 jussit
3471 4924 3672 4976 occidi.

2240 5022 2400 5074 Amen
2427 5019 2550 5072 dico
2593 5015 2733 5069 vobis
2761 5014 2956 5068 venient
2981 5015 3089 5066 hmo
3126 5014 3302 5066 omnia
3338 5029 3496 5081 super
3531 5030 3750 5081 genera—

2170 5112 2358 5165 tionem
2387 5112 2569 5166 istam.
2618 5107 2694 5159 Ac
2722 5105 2764 5158 si
2793 5107 2952 5162 dicat.
3003 5104 3225 5158 Vcnient
3259 5105 3372 5156 lucc
3403 5105 3588 5156 omnia
3625 5119 3753 5172 qum

2170 5201 2328 5268 digna
2363 5207 2488 5252 sunt
2517 5195 2705 5250 venire
2745 5207 2905 5260 super
2952 5192 3146 5247 talibus
3173 5192 3263 5262 qui
3305 5191 3432 5244 talia
3473 5190 3746 5245 fecerunt.

2167 5290 2481 5354 Jerusalem,
2509 5303 2632 5358 quos
2663 5285 2855 5337 occidis
2895 5283 3186 5353 prophetas,
3223 5291 3272 5335 et
3294 5281 3505 5350 lapides
3541 5299 3630 5334 eos
3659 5284 3752 5351 qui

2168 5383 2235 5436 ad
2263 5391 2311 5435 te
2337 5381 2481 5433 missi
2511 5387 2652 5431 sunt.
2690 5375 3008 5437 JeruSaIcm,
3035 5372 3350 5435 Jerusalem,
3379 5375 3613 5427 vocativi
3651 5390 3748 5424 c.1-

2167 5487 2258 5527 sus
2287 5483 2430 5533 sunt,
2459 5469 2702 5540 quamvis
2753 5465 3172 5520 indeclinabiles.
3214 5465 3278 5518 Et
3314 5479 3421 5516 non
3453 5465 3618 5518 debet
3650 5466 3748 5516 ha-

2126 5631 2130 5635 .
2167 5565 2293 5618 bere
2322 5562 2702 5630 aspirationem
2745 5574 2804 5612 ιιι
2840 5559 3047 5626 capite,
3075 5546 3197 5629 quia
3240 5573 3344 5609 non
3383 5565 3564 5625 potest
3597 5558 3742 5624 aspi-

2167 5654 2272 5706 rari
2310 5654 2449 5721 quod
2487 5653 2538 5705 in
2578 5651 2692 5704 loco
2715 5649 3064 5703 consonantis
3093 5657 3192 5711 est,
3225 5664 3320 5700 nec
3350 5647 3490 5715 apud
3525 5649 3743 5700 (Imma
