  <div class='ocr_page' id='page_1' title='image "/cluster/home/n/w/nwhite01/storage/ocr_20150623/106/hvd.32044054759717/732.png"; bbox 0 0 3988 6186; ppageno 0'>
   <div class='ocr_carea' id='block_1_1' title="bbox 345 323 469 377">
    <p class='ocr_par' dir='ltr' id='par_1_1' title="bbox 345 323 469 377">
     <span class='ocr_line' id='line_1_1' title="bbox 345 323 469 377; baseline -0.008 -1"><span class='ocrx_word' id='word_1_1' title='bbox 345 323 469 377; x_wconf 71' lang='lat' dir='ltr'><strong>H55</strong></span> 
     </span>
    </p>
   </div>
   <div class='ocr_carea' id='block_1_2' title="bbox 1462 295 2404 374">
    <p class='ocr_par' dir='ltr' id='par_1_2' title="bbox 1462 295 2404 374">
     <span class='ocr_line' id='line_1_2' title="bbox 1462 295 2404 374; baseline -0.003 -1"><span class='ocrx_word' id='word_1_2' title='bbox 1462 318 1820 374; x_wconf 72' lang='lat' dir='ltr'><strong>EXPOSITIO</strong></span> <span class='ocrx_word' id='word_1_3' title='bbox 1860 317 1923 371; x_wconf 52' lang='grc' dir='ltr'><strong>ιδ</strong></span> <span class='ocrx_word' id='word_1_4' title='bbox 1965 295 2404 373; x_wconf 64' lang='lat' dir='ltr'><strong>nutrimen.</strong></span> 
     </span>
    </p>
   </div>
   <div class='ocr_carea' id='block_1_3' title="bbox 3418 321 3553 375">
    <p class='ocr_par' dir='ltr' id='par_1_3' title="bbox 3418 321 3553 375">
     <span class='ocr_line' id='line_1_3' title="bbox 3418 321 3553 375; baseline 0.015 -2"><span class='ocrx_word' id='word_1_5' title='bbox 3418 321 3553 375; x_wconf 61' lang='lat' dir='ltr'><strong>“Si</strong></span> 
     </span>
    </p>
   </div>
   <div class='ocr_carea' id='block_1_4' title="bbox 336 418 3645 500">
    <p class='ocr_par' dir='ltr' id='par_1_4' title="bbox 336 418 3645 500">
     <span class='ocr_line' id='line_1_4' title="bbox 336 418 3645 500; baseline -0 -11"><span class='ocrx_word' id='word_1_6' title='bbox 336 435 493 489; x_wconf 79' lang='lat' dir='ltr'><strong>habet</strong></span> <span class='ocrx_word' id='word_1_7' title='bbox 523 431 923 500; x_wconf 67' lang='lat' dir='ltr'><strong>aspirationem.</strong></span> <span class='ocrx_word' id='word_1_8' title='bbox 957 427 1118 496; x_wconf 86' lang='lat' dir='ltr'><strong>Quasi</strong></span> <span class='ocrx_word' id='word_1_9' title='bbox 1150 425 1327 483; x_wconf 79' lang='lat' dir='ltr'><strong>dicat:</strong></span> <span class='ocrx_word' id='word_1_10' title='bbox 1356 427 1398 483; x_wconf 88' lang='grc' dir='ltr'>Ο</span> <span class='ocrx_word' id='word_1_11' title='bbox 1424 428 1746 489; x_wconf 82' lang='lat' dir='ltr'><strong>Jerusalem,</strong></span> <span class='ocrx_word' id='word_1_12' title='bbox 1773 444 1892 498; x_wconf 74' lang='lat' dir='ltr'><strong>qua:</strong></span> <span class='ocrx_word' id='word_1_13' title='bbox 1920 439 1966 496; x_wconf 69' lang='grc' dir='ltr'><strong>Α</strong></span> <span class='ocrx_word' id='word_1_14' title='bbox 1994 427 2072 495; x_wconf 81' lang='lat' dir='ltr'><strong>pis</strong></span> <span class='ocrx_word' id='word_1_15' title='bbox 2100 444 2254 495; x_wconf 78' lang='lat' dir='ltr'><strong>super</strong></span> <span class='ocrx_word' id='word_1_16' title='bbox 2289 418 2537 497; x_wconf 78' lang='lat' dir='ltr'><strong>lapidem,</strong></span> <span class='ocrx_word' id='word_1_17' title='bbox 2572 433 2660 499; x_wconf 81' lang='lat' dir='ltr'><strong>qui</strong></span> <span class='ocrx_word' id='word_1_18' title='bbox 2706 446 2807 484; x_wconf 83' lang='lat' dir='ltr'><strong>non</strong></span> <span class='ocrx_word' id='word_1_19' title='bbox 2850 431 3167 485; x_wconf 75' lang='lat' dir='ltr'><strong>destruatur.</strong></span> <span class='ocrx_word' id='word_1_20' title='bbox 3219 429 3333 484; x_wconf 81' lang='lat' dir='ltr'><strong>Non</strong></span> <span class='ocrx_word' id='word_1_21' title='bbox 3382 434 3557 488; x_wconf 87' lang='lat' dir='ltr'><strong>solum</strong></span> <span class='ocrx_word' id='word_1_22' title='bbox 3636 426 3645 431; x_wconf 73' lang='grc'><strong>’</strong></span> 
     </span>
    </p>
   </div>
   <div class='ocr_carea' id='block_1_5' title="bbox 333 517 3555 590">
    <p class='ocr_par' dir='ltr' id='par_1_5' title="bbox 333 517 3555 590">
     <span class='ocr_line' id='line_1_5' title="bbox 333 517 3555 590; baseline 0 -13"><span class='ocrx_word' id='word_1_23' title='bbox 333 522 531 577; x_wconf 82' lang='lat' dir='ltr'><strong>occidis</strong></span> <span class='ocrx_word' id='word_1_24' title='bbox 562 520 849 590; x_wconf 77' lang='lat' dir='ltr'><strong>prophetas</strong></span> <span class='ocrx_word' id='word_1_25' title='bbox 873 519 941 574; x_wconf 91' lang='lat' dir='ltr'><strong>ad</strong></span> <span class='ocrx_word' id='word_1_26' title='bbox 976 528 1028 573; x_wconf 90' lang='lat' dir='ltr'><strong>te</strong></span> <span class='ocrx_word' id='word_1_27' title='bbox 1063 518 1273 583; x_wconf 89' lang='lat' dir='ltr'><strong>missos,</strong></span> <span class='ocrx_word' id='word_1_28' title='bbox 1302 528 1357 573; x_wconf 91' lang='lat' dir='ltr'><strong>et</strong></span> <span class='ocrx_word' id='word_1_29' title='bbox 1386 519 1608 587; x_wconf 86' lang='lat' dir='ltr'><strong>lapidas,</strong></span> <span class='ocrx_word' id='word_1_30' title='bbox 1641 519 1764 588; x_wconf 84' lang='lat' dir='ltr'><strong>quia</strong></span> <span class='ocrx_word' id='word_1_31' title='bbox 1794 534 1892 588; x_wconf 79' lang='lat' dir='ltr'><strong>ego</strong></span> <span class='ocrx_word' id='word_1_32' title='bbox 1992 518 2058 571; x_wconf 87' lang='lat' dir='ltr'><strong>de</strong></span> <span class='ocrx_word' id='word_1_33' title='bbox 2089 517 2287 585; x_wconf 88' lang='lat' dir='ltr'><strong>templo</strong></span> <span class='ocrx_word' id='word_1_34' title='bbox 2316 518 2388 572; x_wconf 83' lang='lat' dir='ltr'><strong>ita</strong></span> <span class='ocrx_word' id='word_1_35' title='bbox 2417 518 2615 573; x_wconf 80' lang='lat' dir='ltr'><strong>factum</strong></span> <span class='ocrx_word' id='word_1_36' title='bbox 2651 528 2751 584; x_wconf 89' lang='lat' dir='ltr'><strong>est,</strong></span> <span class='ocrx_word' id='word_1_37' title='bbox 2785 522 2879 575; x_wconf 80' lang='lat' dir='ltr'><strong>sed</strong></span> <span class='ocrx_word' id='word_1_38' title='bbox 2903 528 2958 574; x_wconf 89' lang='lat' dir='ltr'><strong>et</strong></span> <span class='ocrx_word' id='word_1_39' title='bbox 2984 522 3049 575; x_wconf 85' lang='lat' dir='ltr'><strong>de</strong></span> <span class='ocrx_word' id='word_1_40' title='bbox 3079 521 3314 585; x_wconf 74' lang='lat' dir='ltr'><strong>civitate,</strong></span> <span class='ocrx_word' id='word_1_41' title='bbox 3343 523 3468 590; x_wconf 84' lang='lat' dir='ltr'><strong>quia</strong></span> <span class='ocrx_word' id='word_1_42' title='bbox 3503 524 3555 576; x_wconf 92' lang='lat' dir='ltr'><strong>in</strong></span> 
     </span>
    </p>
   </div>
   <div class='ocr_carea' id='block_1_6' title="bbox 335 609 1893 681">
    <p class='ocr_par' dir='ltr' id='par_1_6' title="bbox 335 609 1893 681">
     <span class='ocr_line' id='line_1_6' title="bbox 335 609 1893 681; baseline -0.002 -16"><span class='ocrx_word' id='word_1_43' title='bbox 335 612 472 665; x_wconf 84' lang='lat' dir='ltr'><strong>volui</strong></span> <span class='ocrx_word' id='word_1_44' title='bbox 526 610 839 679; x_wconf 86' lang='lat' dir='ltr'><strong>frequenter</strong></span> <span class='ocrx_word' id='word_1_45' title='bbox 891 625 1218 681; x_wconf 82' lang='lat' dir='ltr'><strong>congregare</strong></span> <span class='ocrx_word' id='word_1_46' title='bbox 1264 609 1402 664; x_wconf 76' lang='lat' dir='ltr'><strong>filios</strong></span> <span class='ocrx_word' id='word_1_47' title='bbox 1458 618 1580 664; x_wconf 90' lang='lat' dir='ltr'><strong>tuos</strong></span> <span class='ocrx_word' id='word_1_48' title='bbox 1635 609 1734 664; x_wconf 85' lang='lat' dir='ltr'><strong>sub</strong></span> <span class='ocrx_word' id='word_1_49' title='bbox 1782 610 1893 663; x_wconf 80' lang='lat' dir='ltr'><strong>alas</strong></span> 
     </span>
    </p>
   </div>
   <div class='ocr_carea' id='block_1_7' title="bbox 332 701 1895 772">
    <p class='ocr_par' dir='ltr' id='par_1_7' title="bbox 332 701 1895 772">
     <span class='ocr_line' id='line_1_7' title="bbox 332 701 1895 772; baseline -0.004 -13"><span class='ocrx_word' id='word_1_50' title='bbox 332 720 462 759; x_wconf 76' lang='lat' dir='ltr'><strong>mea:</strong></span> <span class='ocrx_word' id='word_1_51' title='bbox 488 702 834 768; x_wconf 79' lang='lat' dir='ltr'><strong>defensionis,</strong></span> <span class='ocrx_word' id='word_1_52' title='bbox 863 713 924 756; x_wconf 91' lang='lat' dir='ltr'><strong>ut</strong></span> <span class='ocrx_word' id='word_1_53' title='bbox 960 702 1155 772; x_wconf 80' lang='lat' dir='ltr'><strong>gallina</strong></span> <span class='ocrx_word' id='word_1_54' title='bbox 1182 710 1473 772; x_wconf 77' lang='lat' dir='ltr'><strong>congregat</strong></span> <span class='ocrx_word' id='word_1_55' title='bbox 1502 701 1639 756; x_wconf 81' lang='lat' dir='ltr'><strong>ﬁlios</strong></span> <span class='ocrx_word' id='word_1_56' title='bbox 1666 716 1812 764; x_wconf 84' lang='lat' dir='ltr'><strong>suos,</strong></span> <span class='ocrx_word' id='word_1_57' title='bbox 1840 710 1895 753; x_wconf 87' lang='lat' dir='ltr'><strong>et</strong></span> 
     </span>
    </p>
   </div>
   <div class='ocr_carea' id='block_1_8' title="bbox 335 793 1895 871">
    <p class='ocr_par' dir='ltr' id='par_1_8' title="bbox 335 793 1895 871">
     <span class='ocr_line' id='line_1_8' title="bbox 335 793 1895 871; baseline -0.003 -21"><span class='ocrx_word' id='word_1_58' title='bbox 335 796 569 852; x_wconf 75' lang='lat' dir='ltr'><strong>noluisti.</strong></span> <span class='ocrx_word' id='word_1_59' title='bbox 601 794 835 850; x_wconf 89' lang='lat' dir='ltr'><strong>Cessasti</strong></span> <span class='ocrx_word' id='word_1_60' title='bbox 876 809 907 847; x_wconf 91' lang='lat' dir='ltr'><strong>a</strong></span> <span class='ocrx_word' id='word_1_61' title='bbox 949 794 1107 849; x_wconf 90' lang='lat' dir='ltr'><strong>malis</strong></span> <span class='ocrx_word' id='word_1_62' title='bbox 1145 795 1416 871; x_wconf 81' lang='lat' dir='ltr'><strong>operibus,</strong></span> <span class='ocrx_word' id='word_1_63' title='bbox 1452 794 1618 848; x_wconf 89' lang='lat' dir='ltr'><strong>etiam</strong></span> <span class='ocrx_word' id='word_1_64' title='bbox 1667 793 1768 862; x_wconf 86' lang='lat' dir='ltr'><strong>ipsi</strong></span> <span class='ocrx_word' id='word_1_65' title='bbox 1802 793 1895 862; x_wconf 88' lang='lat' dir='ltr'><strong>qui</strong></span> 
     </span>
    </p>
   </div>
   <div class='ocr_carea' id='block_1_9' title="bbox 331 885 1897 958">
    <p class='ocr_par' dir='ltr' id='par_1_9' title="bbox 331 885 1897 958">
     <span class='ocr_line' id='line_1_9' title="bbox 331 885 1897 958; baseline -0.004 -13"><span class='ocrx_word' id='word_1_66' title='bbox 331 891 652 945; x_wconf 84' lang='lat' dir='ltr'><strong>videbantur</strong></span> <span class='ocrx_word' id='word_1_67' title='bbox 688 888 993 958; x_wconf 85' lang='lat' dir='ltr'><strong>congregati</strong></span> <span class='ocrx_word' id='word_1_68' title='bbox 1033 888 1421 957; x_wconf 84' lang='lat' dir='ltr'><strong>dispergentur.</strong></span> <span class='ocrx_word' id='word_1_69' title='bbox 1465 886 1532 940; x_wconf 83' lang='lat' dir='ltr'><strong>Et</strong></span> <span class='ocrx_word' id='word_1_70' title='bbox 1581 885 1897 957; x_wconf 81' lang='lat' dir='ltr'><strong>relinquetur</strong></span> 
     </span>
    </p>
   </div>
   <div class='ocr_carea' id='block_1_10' title="bbox 332 978 1891 1048">
    <p class='ocr_par' dir='ltr' id='par_1_10' title="bbox 332 978 1891 1048">
     <span class='ocr_line' id='line_1_10' title="bbox 332 978 1891 1048; baseline -0.003 -12"><span class='ocrx_word' id='word_1_71' title='bbox 332 982 516 1036; x_wconf 82' lang='lat' dir='ltr'><strong>domus</strong></span> <span class='ocrx_word' id='word_1_72' title='bbox 548 991 738 1045; x_wconf 83' lang='lat' dir='ltr'><strong>vestra,</strong></span> <span class='ocrx_word' id='word_1_73' title='bbox 770 980 823 1033; x_wconf 90' lang='lat' dir='ltr'><strong>in</strong></span> <span class='ocrx_word' id='word_1_74' title='bbox 851 995 954 1048; x_wconf 90' lang='lat' dir='ltr'><strong>qua</strong></span> <span class='ocrx_word' id='word_1_75' title='bbox 989 995 1087 1034; x_wconf 90' lang='lat' dir='ltr'><strong>vos</strong></span> <span class='ocrx_word' id='word_1_76' title='bbox 1125 979 1335 1033; x_wconf 83' lang='lat' dir='ltr'><strong>habetis</strong></span> <span class='ocrx_word' id='word_1_77' title='bbox 1370 978 1639 1043; x_wconf 76' lang='lat' dir='ltr'><strong>fiduciam,</strong></span> <span class='ocrx_word' id='word_1_78' title='bbox 1673 979 1891 1032; x_wconf 79' lang='lat' dir='ltr'><strong>deserta.</strong></span> 
     </span>
    </p>
   </div>
   <div class='ocr_carea' id='block_1_11' title="bbox 332 1068 1897 1139">
    <p class='ocr_par' dir='ltr' id='par_1_11' title="bbox 332 1068 1897 1139">
     <span class='ocr_line' id='line_1_11' title="bbox 332 1068 1897 1139; baseline -0.001 -14"><span class='ocrx_word' id='word_1_79' title='bbox 332 1071 435 1125; x_wconf 86' lang='lat' dir='ltr'><strong>Per</strong></span> <span class='ocrx_word' id='word_1_80' title='bbox 462 1069 760 1125; x_wconf 80' lang='lat' dir='ltr'><strong>Jerusalem</strong></span> <span class='ocrx_word' id='word_1_81' title='bbox 790 1070 1121 1124; x_wconf 84' lang='lat' dir='ltr'><strong>habitatores</strong></span> <span class='ocrx_word' id='word_1_82' title='bbox 1152 1068 1462 1138; x_wconf 85' lang='lat' dir='ltr'><strong>alloquitur,</strong></span> <span class='ocrx_word' id='word_1_83' title='bbox 1498 1078 1553 1123; x_wconf 89' lang='lat' dir='ltr'><strong>et</strong></span> <span class='ocrx_word' id='word_1_84' title='bbox 1580 1078 1662 1122; x_wconf 90' lang='lat' dir='ltr'><strong>est</strong></span> <span class='ocrx_word' id='word_1_85' title='bbox 1690 1070 1897 1139; x_wconf 86' lang='lat' dir='ltr'><strong>species</strong></span> 
     </span>
    </p>
   </div>
   <div class='ocr_carea' id='block_1_12' title="bbox 332 1158 1893 1230">
    <p class='ocr_par' dir='ltr' id='par_1_12' title="bbox 332 1158 1893 1230">
     <span class='ocr_line' id='line_1_12' title="bbox 332 1158 1893 1230; baseline -0.002 -15"><span class='ocrx_word' id='word_1_86' title='bbox 332 1160 680 1230; x_wconf 84' lang='lat' dir='ltr'><strong>metonymia,</strong></span> <span class='ocrx_word' id='word_1_87' title='bbox 729 1174 824 1229; x_wconf 91' lang='lat' dir='ltr'><strong>per</strong></span> <span class='ocrx_word' id='word_1_88' title='bbox 875 1160 988 1212; x_wconf 68' lang='lat' dir='ltr'><strong>btec</strong></span> <span class='ocrx_word' id='word_1_89' title='bbox 1032 1158 1171 1227; x_wconf 89' lang='lat' dir='ltr'><strong>quod</strong></span> <span class='ocrx_word' id='word_1_90' title='bbox 1235 1159 1539 1212; x_wconf 86' lang='lat' dir='ltr'><strong>continetur</strong></span> <span class='ocrx_word' id='word_1_91' title='bbox 1590 1159 1893 1212; x_wconf 87' lang='lat' dir='ltr'><strong>ostendens.</strong></span> 
     </span>
    </p>
   </div>
   <div class='ocr_carea' id='block_1_13' title="bbox 334 1248 1900 1319">
    <p class='ocr_par' dir='ltr' id='par_1_13' title="bbox 334 1248 1900 1319">
     <span class='ocr_line' id='line_1_13' title="bbox 334 1248 1900 1319; baseline -0.001 -15"><span class='ocrx_word' id='word_1_92' title='bbox 334 1252 566 1317; x_wconf 82' lang='lat' dir='ltr'><strong>Quoties.</strong></span> <span class='ocrx_word' id='word_1_93' title='bbox 598 1250 885 1311; x_wconf 84' lang='lat' dir='ltr'><strong>Multoties,</strong></span> <span class='ocrx_word' id='word_1_94' title='bbox 915 1249 1223 1318; x_wconf 86' lang='lat' dir='ltr'><strong>frequenter</strong></span> <span class='ocrx_word' id='word_1_95' title='bbox 1249 1248 1485 1303; x_wconf 84' lang='lat' dir='ltr'><strong>ostendit</strong></span> <span class='ocrx_word' id='word_1_96' title='bbox 1507 1250 1648 1318; x_wconf 91' lang='lat' dir='ltr'><strong>quod</strong></span> <span class='ocrx_word' id='word_1_97' title='bbox 1672 1250 1900 1319; x_wconf 89' lang='lat' dir='ltr'><strong>prophe-</strong></span> 
     </span>
    </p>
   </div>
   <div class='ocr_carea' id='block_1_14' title="bbox 326 1328 1899 1415">
    <p class='ocr_par' dir='ltr' id='par_1_14' title="bbox 326 1328 1899 1415">
     <span class='ocr_line' id='line_1_14' title="bbox 326 1328 1899 1415; baseline -0.003 -15"><span class='ocrx_word' id='word_1_98' title='bbox 326 1328 415 1400; x_wconf 70' lang='lat' dir='ltr'><strong>tas</strong></span> <span class='ocrx_word' id='word_1_99' title='bbox 466 1347 580 1415; x_wconf 88' lang='lat' dir='ltr'><strong>ipse</strong></span> <span class='ocrx_word' id='word_1_100' title='bbox 619 1344 843 1399; x_wconf 86' lang='lat' dir='ltr'><strong>miserit.</strong></span> <span class='ocrx_word' id='word_1_101' title='bbox 898 1343 1347 1409; x_wconf 82' lang='lat' dir='ltr'><strong>Quemadmodum</strong></span> <span class='ocrx_word' id='word_1_102' title='bbox 1395 1342 1611 1412; x_wconf 78' lang='lat' dir='ltr'><strong>gallina.</strong></span> <span class='ocrx_word' id='word_1_103' title='bbox 1655 1342 1899 1413; x_wconf 81' lang='lat' dir='ltr'><strong>Magnam</strong></span> 
     </span>
    </p>
   </div>
   <div class='ocr_carea' id='block_1_15' title="bbox 329 1433 1901 1508">
    <p class='ocr_par' dir='ltr' id='par_1_15' title="bbox 329 1433 1901 1508">
     <span class='ocr_line' id='line_1_15' title="bbox 329 1433 1901 1508; baseline -0.003 -17"><span class='ocrx_word' id='word_1_104' title='bbox 329 1439 586 1508; x_wconf 87' lang='lat' dir='ltr'><strong>pietatem</strong></span> <span class='ocrx_word' id='word_1_105' title='bbox 613 1436 851 1491; x_wconf 87' lang='lat' dir='ltr'><strong>ostendit</strong></span> <span class='ocrx_word' id='word_1_106' title='bbox 879 1450 938 1490; x_wconf 86' lang='lat' dir='ltr'><strong>se</strong></span> <span class='ocrx_word' id='word_1_107' title='bbox 964 1442 1242 1504; x_wconf 84' lang='lat' dir='ltr'><strong>cperatum</strong></span> <span class='ocrx_word' id='word_1_108' title='bbox 1271 1449 1398 1503; x_wconf 81' lang='lat' dir='ltr'><strong>erga</strong></span> <span class='ocrx_word' id='word_1_109' title='bbox 1423 1433 1672 1502; x_wconf 78' lang='lat' dir='ltr'><strong>pupulum</strong></span> <span class='ocrx_word' id='word_1_110' title='bbox 1693 1433 1901 1487; x_wconf 50' lang='lat' dir='ltr'><strong>ludam-</strong></span> 
     </span>
    </p>
   </div>
   <div class='ocr_carea' id='block_1_16' title="bbox 328 1524 1902 1599">
    <p class='ocr_par' dir='ltr' id='par_1_16' title="bbox 328 1524 1902 1599">
     <span class='ocr_line' id='line_1_16' title="bbox 328 1524 1902 1599; baseline -0.003 -15"><span class='ocrx_word' id='word_1_111' title='bbox 328 1538 448 1584; x_wconf 90' lang='lat' dir='ltr'><strong>rum</strong></span> <span class='ocrx_word' id='word_1_112' title='bbox 497 1529 588 1598; x_wconf 89' lang='lat' dir='ltr'><strong>qui</strong></span> <span class='ocrx_word' id='word_1_113' title='bbox 626 1527 834 1599; x_wconf 71' lang='lat' dir='ltr'><strong>gallina:</strong></span> <span class='ocrx_word' id='word_1_114' title='bbox 896 1525 1186 1580; x_wconf 74' lang='lat' dir='ltr'><strong>infirmanti</strong></span> <span class='ocrx_word' id='word_1_115' title='bbox 1233 1539 1360 1594; x_wconf 86' lang='lat' dir='ltr'><strong>erga</strong></span> <span class='ocrx_word' id='word_1_116' title='bbox 1408 1524 1631 1593; x_wconf 87' lang='lat' dir='ltr'><strong>populos</strong></span> <span class='ocrx_word' id='word_1_117' title='bbox 1673 1539 1798 1579; x_wconf 85' lang='lat' dir='ltr'><strong>suos</strong></span> <span class='ocrx_word' id='word_1_118' title='bbox 1843 1539 1902 1579; x_wconf 88' lang='lat' dir='ltr'><strong>se</strong></span> 
     </span>
    </p>
   </div>
   <div class='ocr_carea' id='block_1_17' title="bbox 328 1613 1978 1687">
    <p class='ocr_par' dir='ltr' id='par_1_17' title="bbox 328 1613 1978 1687">
     <span class='ocr_line' id='line_1_17' title="bbox 328 1613 1978 1687; baseline -0.003 -14"><span class='ocrx_word' id='word_1_119' title='bbox 328 1620 625 1683; x_wconf 87' lang='lat' dir='ltr'><strong>assimilat,</strong></span> <span class='ocrx_word' id='word_1_120' title='bbox 657 1619 780 1687; x_wconf 89' lang='lat' dir='ltr'><strong>quia</strong></span> <span class='ocrx_word' id='word_1_121' title='bbox 822 1616 966 1672; x_wconf 90' lang='lat' dir='ltr'><strong>nulla</strong></span> <span class='ocrx_word' id='word_1_122' title='bbox 1006 1616 1121 1670; x_wconf 89' lang='lat' dir='ltr'><strong>avis</strong></span> <span class='ocrx_word' id='word_1_123' title='bbox 1159 1616 1239 1670; x_wconf 91' lang='lat' dir='ltr'><strong>sic</strong></span> <span class='ocrx_word' id='word_1_124' title='bbox 1269 1615 1575 1669; x_wconf 83' lang='lat' dir='ltr'><strong>inﬁrmatur</strong></span> <span class='ocrx_word' id='word_1_125' title='bbox 1607 1630 1735 1684; x_wconf 88' lang='lat' dir='ltr'><strong>erga</strong></span> <span class='ocrx_word' id='word_1_126' title='bbox 1767 1613 1902 1669; x_wconf 83' lang='lat' dir='ltr'><strong>ﬁlios</strong></span> <span class='ocrx_word' id='word_1_127' title='bbox 1974 1627 1978 1630; x_wconf 75' lang='lat'><em>‘</em></span> 
     </span>
    </p>
   </div>
   <div class='ocr_carea' id='block_1_18' title="bbox 329 1705 1901 1779">
    <p class='ocr_par' dir='ltr' id='par_1_18' title="bbox 329 1705 1901 1779">
     <span class='ocr_line' id='line_1_18' title="bbox 329 1705 1901 1779; baseline -0.004 -15"><span class='ocrx_word' id='word_1_128' title='bbox 329 1710 473 1764; x_wconf 87' lang='lat' dir='ltr'><strong>sicut</strong></span> <span class='ocrx_word' id='word_1_129' title='bbox 511 1708 727 1779; x_wconf 81' lang='lat' dir='ltr'><strong>gallina,</strong></span> <span class='ocrx_word' id='word_1_130' title='bbox 766 1708 839 1760; x_wconf 89' lang='lat' dir='ltr'><strong>ita</strong></span> <span class='ocrx_word' id='word_1_131' title='bbox 876 1714 935 1759; x_wconf 91' lang='lat' dir='ltr'><strong>ut</strong></span> <span class='ocrx_word' id='word_1_132' title='bbox 969 1706 1014 1761; x_wconf 89' lang='lat' dir='ltr'><strong>si</strong></span> <span class='ocrx_word' id='word_1_133' title='bbox 1059 1706 1229 1776; x_wconf 90' lang='lat' dir='ltr'><strong>pullos</strong></span> <span class='ocrx_word' id='word_1_134' title='bbox 1275 1720 1381 1760; x_wconf 90' lang='lat' dir='ltr'><strong>non</strong></span> <span class='ocrx_word' id='word_1_135' title='bbox 1426 1705 1627 1768; x_wconf 88' lang='lat' dir='ltr'><strong>videas,</strong></span> <span class='ocrx_word' id='word_1_136' title='bbox 1675 1714 1901 1759; x_wconf 86' lang='lat' dir='ltr'><strong>matrem</strong></span> 
     </span>
    </p>
   </div>
   <div class='ocr_carea' id='block_1_19' title="bbox 330 1797 1973 1870">
    <p class='ocr_par' dir='ltr' id='par_1_19' title="bbox 330 1797 1973 1870">
     <span class='ocr_line' id='line_1_19' title="bbox 330 1797 1973 1870; baseline -0.003 -14"><span class='ocrx_word' id='word_1_137' title='bbox 330 1810 514 1856; x_wconf 89' lang='lat' dir='ltr'><strong>tamen</strong></span> <span class='ocrx_word' id='word_1_138' title='bbox 555 1799 836 1870; x_wconf 81' lang='lat' dir='ltr'><strong>intelligas.</strong></span> <span class='ocrx_word' id='word_1_139' title='bbox 867 1800 933 1853; x_wconf 86' lang='lat' dir='ltr'><strong>Et</strong></span> <span class='ocrx_word' id='word_1_140' title='bbox 960 1799 1133 1855; x_wconf 90' lang='lat' dir='ltr'><strong>nullus</strong></span> <span class='ocrx_word' id='word_1_141' title='bbox 1162 1807 1247 1855; x_wconf 89' lang='lat' dir='ltr'><strong>est</strong></span> <span class='ocrx_word' id='word_1_142' title='bbox 1273 1800 1362 1868; x_wconf 88' lang='lat' dir='ltr'><strong>qui</strong></span> <span class='ocrx_word' id='word_1_143' title='bbox 1393 1799 1562 1869; x_wconf 87' lang='lat' dir='ltr'><strong>possit</strong></span> <span class='ocrx_word' id='word_1_144' title='bbox 1587 1798 1683 1853; x_wconf 90' lang='lat' dir='ltr'><strong>Dei</strong></span> <span class='ocrx_word' id='word_1_145' title='bbox 1712 1797 1894 1870; x_wconf 82' lang='lat' dir='ltr'><strong>pietati</strong></span> <span class='ocrx_word' id='word_1_146' title='bbox 1926 1800 1973 1859; x_wconf 90' lang='lat' dir='ltr'><strong>B</strong></span> 
     </span>
    </p>
   </div>
   <div class='ocr_carea' id='block_1_20' title="bbox 325 1888 1899 1958">
    <p class='ocr_par' dir='ltr' id='par_1_20' title="bbox 325 1888 1899 1958">
     <span class='ocr_line' id='line_1_20' title="bbox 325 1888 1899 1958; baseline -0.004 -12"><span class='ocrx_word' id='word_1_147' title='bbox 325 1889 653 1956; x_wconf 86' lang='lat' dir='ltr'><strong>comparari.</strong></span> <span class='ocrx_word' id='word_1_148' title='bbox 700 1888 819 1958; x_wconf 84' lang='lat' dir='ltr'><strong>ipse</strong></span> <span class='ocrx_word' id='word_1_149' title='bbox 865 1889 1008 1943; x_wconf 85' lang='lat' dir='ltr'><strong>enim</strong></span> <span class='ocrx_word' id='word_1_150' title='bbox 1045 1888 1099 1942; x_wconf 92' lang='lat' dir='ltr'><strong>in</strong></span> <span class='ocrx_word' id='word_1_151' title='bbox 1147 1889 1259 1944; x_wconf 87' lang='lat' dir='ltr'><strong>sola</strong></span> <span class='ocrx_word' id='word_1_152' title='bbox 1301 1889 1502 1957; x_wconf 88' lang='lat' dir='ltr'><strong>pietate</strong></span> <span class='ocrx_word' id='word_1_153' title='bbox 1548 1904 1642 1943; x_wconf 87' lang='lat' dir='ltr'><strong>sua</strong></span> <span class='ocrx_word' id='word_1_154' title='bbox 1678 1889 1899 1958; x_wconf 83' lang='lat' dir='ltr'><strong>seipsum</strong></span> 
     </span>
    </p>
   </div>
   <div class='ocr_carea' id='block_1_21' title="bbox 325 1979 1900 2050">
    <p class='ocr_par' dir='ltr' id='par_1_21' title="bbox 325 1979 1900 2050">
     <span class='ocr_line' id='line_1_21' title="bbox 325 1979 1900 2050; baseline -0.003 -13"><span class='ocrx_word' id='word_1_155' title='bbox 325 1983 619 2037; x_wconf 72' lang='lat' dir='ltr'><strong>exinanivit</strong></span> <span class='ocrx_word' id='word_1_156' title='bbox 664 1981 888 2050; x_wconf 78' lang='lat' dir='ltr'><strong>formam</strong></span> <span class='ocrx_word' id='word_1_157' title='bbox 921 1981 1052 2035; x_wconf 85' lang='lat' dir='ltr'><strong>servi</strong></span> <span class='ocrx_word' id='word_1_158' title='bbox 1093 1981 1383 2050; x_wconf 85' lang='lat' dir='ltr'><strong>accipiens,</strong></span> <span class='ocrx_word' id='word_1_159' title='bbox 1420 1981 1476 2035; x_wconf 88' lang='lat' dir='ltr'><strong>in</strong></span> <span class='ocrx_word' id='word_1_160' title='bbox 1510 1979 1900 2034; x_wconf 77' lang='lat' dir='ltr'><strong>similitudinem</strong></span> 
     </span>
    </p>
   </div>
   <div class='ocr_carea' id='block_1_22' title="bbox 326 2068 1619 2140">
    <p class='ocr_par' dir='ltr' id='par_1_22' title="bbox 326 2068 1619 2140">
     <span class='ocr_line' id='line_1_22' title="bbox 326 2068 1619 2140; baseline -0.002 -16"><span class='ocrx_word' id='word_1_161' title='bbox 326 2072 603 2124; x_wconf 83' lang='lat' dir='ltr'><strong>hominum</strong></span> <span class='ocrx_word' id='word_1_162' title='bbox 629 2071 825 2140; x_wconf 76' lang='lat' dir='ltr'><strong>factus,</strong></span> <span class='ocrx_word' id='word_1_163' title='bbox 846 2079 891 2123; x_wconf 89' lang='lat' dir='ltr'><strong>et</strong></span> <span class='ocrx_word' id='word_1_164' title='bbox 914 2068 1095 2123; x_wconf 85' lang='lat' dir='ltr'><strong>habitu</strong></span> <span class='ocrx_word' id='word_1_165' title='bbox 1114 2070 1347 2125; x_wconf 77' lang='lat' dir='ltr'><strong>inventus</strong></span> <span class='ocrx_word' id='word_1_166' title='bbox 1374 2080 1427 2123; x_wconf 90' lang='lat' dir='ltr'><strong>ut</strong></span> <span class='ocrx_word' id='word_1_167' title='bbox 1448 2070 1619 2124; x_wconf 84' lang='lat' dir='ltr'><strong>homo.</strong></span> 
     </span>
    </p>
   </div>
   <div class='ocr_carea' id='block_1_23' title="bbox 399 2142 1901 2232">
    <p class='ocr_par' dir='ltr' id='par_1_23' title="bbox 399 2142 1901 2232">
     <span class='ocr_line' id='line_1_23' title="bbox 399 2142 1901 2232; baseline -0.002 -17"><span class='ocrx_word' id='word_1_168' title='bbox 399 2159 541 2215; x_wconf 82' lang='lat' dir='ltr'><strong>Ecce</strong></span> <span class='ocrx_word' id='word_1_169' title='bbox 576 2159 895 2232; x_wconf 84' lang='lat' dir='ltr'><strong>relinquetur</strong></span> <span class='ocrx_word' id='word_1_170' title='bbox 928 2160 1066 2214; x_wconf 81' lang='lat' dir='ltr'><strong>vobis</strong></span> <span class='ocrx_word' id='word_1_171' title='bbox 1103 2160 1287 2215; x_wconf 84' lang='lat' dir='ltr'><strong>domus</strong></span> <span class='ocrx_word' id='word_1_172' title='bbox 1328 2170 1492 2214; x_wconf 79' lang='lat' dir='ltr'><strong>vestra</strong></span> <span class='ocrx_word' id='word_1_173' title='bbox 1515 2142 1736 2213; x_wconf 73' lang='lat' dir='ltr'><strong>deserta.</strong></span> <span class='ocrx_word' id='word_1_174' title='bbox 1768 2158 1901 2213; x_wconf 86' lang='lat' dir='ltr'><strong>Ecce</strong></span> 
     </span>
    </p>
   </div>
   <div class='ocr_carea' id='block_1_24' title="bbox 325 2250 1902 2320">
    <p class='ocr_par' dir='ltr' id='par_1_24' title="bbox 325 2250 1902 2320">
     <span class='ocr_line' id='line_1_24' title="bbox 325 2250 1902 2320; baseline 0 -16"><span class='ocrx_word' id='word_1_175' title='bbox 325 2250 652 2306; x_wconf 76' lang='lat' dir='ltr'><strong>adverbium</strong></span> <span class='ocrx_word' id='word_1_176' title='bbox 680 2251 1118 2316; x_wconf 84' lang='lat' dir='ltr'><strong>demonstrantis,</strong></span> <span class='ocrx_word' id='word_1_177' title='bbox 1147 2250 1270 2320; x_wconf 87' lang='lat' dir='ltr'><strong>quia</strong></span> <span class='ocrx_word' id='word_1_178' title='bbox 1293 2251 1405 2320; x_wconf 85' lang='lat' dir='ltr'><strong>jam</strong></span> <span class='ocrx_word' id='word_1_179' title='bbox 1431 2250 1667 2305; x_wconf 88' lang='lat' dir='ltr'><strong>instabat</strong></span> <span class='ocrx_word' id='word_1_180' title='bbox 1692 2259 1902 2319; x_wconf 89' lang='lat' dir='ltr'><strong>tempus</strong></span> 
     </span>
    </p>
   </div>
   <div class='ocr_carea' id='block_1_25' title="bbox 278 2342 1901 2414">
    <p class='ocr_par' dir='ltr' id='par_1_25' title="bbox 278 2342 1901 2414">
     <span class='ocr_line' id='line_1_25' title="bbox 278 2342 1901 2414; baseline 0 -17"><span class='ocrx_word' id='word_1_181' title='bbox 278 2342 281 2345; x_wconf 83' lang='grc'><em>’</em></span> <span class='ocrx_word' id='word_1_182' title='bbox 325 2359 438 2413; x_wconf 84' lang='lat' dir='ltr'><strong>quo</strong></span> <span class='ocrx_word' id='word_1_183' title='bbox 460 2354 618 2399; x_wconf 89' lang='lat' dir='ltr'><strong>erant</strong></span> <span class='ocrx_word' id='word_1_184' title='bbox 643 2345 817 2414; x_wconf 90' lang='lat' dir='ltr'><strong>ipsum</strong></span> <span class='ocrx_word' id='word_1_185' title='bbox 868 2344 1124 2408; x_wconf 88' lang='lat' dir='ltr'><strong>occisuri,</strong></span> <span class='ocrx_word' id='word_1_186' title='bbox 1153 2352 1207 2398; x_wconf 90' lang='lat' dir='ltr'><strong>et</strong></span> <span class='ocrx_word' id='word_1_187' title='bbox 1228 2343 1320 2398; x_wconf 90' lang='lat' dir='ltr'><strong>Dei</strong></span> <span class='ocrx_word' id='word_1_188' title='bbox 1341 2342 1584 2398; x_wconf 87' lang='lat' dir='ltr'><strong>custodia</strong></span> <span class='ocrx_word' id='word_1_189' title='bbox 1606 2344 1674 2397; x_wconf 89' lang='lat' dir='ltr'><strong>ab</strong></span> <span class='ocrx_word' id='word_1_190' title='bbox 1696 2343 1774 2397; x_wconf 87' lang='lat' dir='ltr'><strong>eis</strong></span> <span class='ocrx_word' id='word_1_191' title='bbox 1813 2358 1901 2397; x_wconf 87' lang='lat' dir='ltr'><strong>re-</strong></span> 
     </span>
    </p>
   </div>
   <div class='ocr_carea' id='block_1_26' title="bbox 274 2426 1898 2502">
    <p class='ocr_par' dir='ltr' id='par_1_26' title="bbox 274 2426 1898 2502">
     <span class='ocr_line' id='line_1_26' title="bbox 274 2426 1898 2502; baseline -0.001 -15"><span class='ocrx_word' id='word_1_192' title='bbox 274 2426 279 2431; x_wconf 76' lang='grc'><strong>’</strong></span> <span class='ocrx_word' id='word_1_193' title='bbox 322 2447 555 2487; x_wconf 86' lang='lat' dir='ltr'><strong>cessura</strong></span> <span class='ocrx_word' id='word_1_194' title='bbox 580 2432 776 2487; x_wconf 87' lang='lat' dir='ltr'><strong>etillud</strong></span> <span class='ocrx_word' id='word_1_195' title='bbox 804 2431 1055 2502; x_wconf 87' lang='lat' dir='ltr'><strong>templum</strong></span> <span class='ocrx_word' id='word_1_196' title='bbox 1084 2432 1135 2486; x_wconf 90' lang='lat' dir='ltr'><strong>in</strong></span> <span class='ocrx_word' id='word_1_197' title='bbox 1161 2432 1405 2501; x_wconf 85' lang='lat' dir='ltr'><strong>proximo</strong></span> <span class='ocrx_word' id='word_1_198' title='bbox 1431 2431 1898 2495; x_wconf 76' lang='lat' dir='ltr'><strong>contemnendum,</strong></span> 
     </span>
    </p>
   </div>
   <div class='ocr_carea' id='block_1_27' title="bbox 324 2523 1896 2593">
    <p class='ocr_par' dir='ltr' id='par_1_27' title="bbox 324 2523 1896 2593">
     <span class='ocr_line' id='line_1_27' title="bbox 324 2523 1896 2593; baseline -0.002 -17"><span class='ocrx_word' id='word_1_199' title='bbox 324 2533 383 2578; x_wconf 83' lang='lat' dir='ltr'><strong>et</strong></span> <span class='ocrx_word' id='word_1_200' title='bbox 403 2538 514 2578; x_wconf 90' lang='lat' dir='ltr'><strong>non</strong></span> <span class='ocrx_word' id='word_1_201' title='bbox 538 2531 657 2593; x_wconf 89' lang='lat' dir='ltr'><strong>post</strong></span> <span class='ocrx_word' id='word_1_202' title='bbox 671 2523 894 2579; x_wconf 87' lang='lat' dir='ltr'><strong>multum</strong></span> <span class='ocrx_word' id='word_1_203' title='bbox 924 2524 1331 2593; x_wconf 86' lang='lat' dir='ltr'><strong>incendendum,</strong></span> <span class='ocrx_word' id='word_1_204' title='bbox 1362 2533 1417 2579; x_wconf 90' lang='lat' dir='ltr'><strong>et</strong></span> <span class='ocrx_word' id='word_1_205' title='bbox 1441 2524 1631 2579; x_wconf 79' lang='lat' dir='ltr'><strong>civitas</strong></span> <span class='ocrx_word' id='word_1_206' title='bbox 1657 2523 1896 2578; x_wconf 83' lang='lat' dir='ltr'><strong>delenda.</strong></span> 
     </span>
    </p>
   </div>
   <div class='ocr_carea' id='block_1_28' title="bbox 325 2612 1903 2688">
    <p class='ocr_par' dir='ltr' id='par_1_28' title="bbox 325 2612 1903 2688">
     <span class='ocr_line' id='line_1_28' title="bbox 325 2612 1903 2688; baseline -0.001 -17"><span class='ocrx_word' id='word_1_207' title='bbox 325 2615 487 2683; x_wconf 84' lang='lat' dir='ltr'><strong>Quod</strong></span> <span class='ocrx_word' id='word_1_208' title='bbox 516 2616 714 2670; x_wconf 79' lang='lat' dir='ltr'><strong>iactant</strong></span> <span class='ocrx_word' id='word_1_209' title='bbox 762 2625 847 2673; x_wconf 88' lang='lat' dir='ltr'><strong>est</strong></span> <span class='ocrx_word' id='word_1_210' title='bbox 865 2616 1274 2688; x_wconf 85' lang='lat' dir='ltr'><strong>quadragesimo</strong></span> <span class='ocrx_word' id='word_1_211' title='bbox 1319 2612 1553 2672; x_wconf 81' lang='lat' dir='ltr'><strong>secundo</strong></span> <span class='ocrx_word' id='word_1_212' title='bbox 1603 2631 1743 2671; x_wconf 89' lang='lat' dir='ltr'><strong>anno</strong></span> <span class='ocrx_word' id='word_1_213' title='bbox 1784 2624 1903 2685; x_wconf 82' lang='lat' dir='ltr'><strong>post</strong></span> 
     </span>
    </p>
   </div>
   <div class='ocr_carea' id='block_1_29' title="bbox 323 2706 1898 2778">
    <p class='ocr_par' dir='ltr' id='par_1_29' title="bbox 323 2706 1898 2778">
     <span class='ocr_line' id='line_1_29' title="bbox 323 2706 1898 2778; baseline 0 -18"><span class='ocrx_word' id='word_1_214' title='bbox 323 2706 449 2774; x_wconf 89' lang='lat' dir='ltr'><strong>ejus</strong></span> <span class='ocrx_word' id='word_1_215' title='bbox 494 2706 862 2761; x_wconf 80' lang='lat' dir='ltr'><strong>ascensionem</strong></span> <span class='ocrx_word' id='word_1_216' title='bbox 912 2707 967 2762; x_wconf 83' lang='lat' dir='ltr'><strong>in</strong></span> <span class='ocrx_word' id='word_1_217' title='bbox 993 2709 1205 2763; x_wconf 60' lang='lat' dir='ltr'><strong>coelum.</strong></span> <span class='ocrx_word' id='word_1_218' title='bbox 1257 2707 1324 2762; x_wconf 84' lang='lat' dir='ltr'><strong>Et</strong></span> <span class='ocrx_word' id='word_1_219' title='bbox 1347 2716 1473 2762; x_wconf 92' lang='lat' dir='ltr'><strong>ante</strong></span> <span class='ocrx_word' id='word_1_220' title='bbox 1499 2723 1596 2778; x_wconf 86' lang='lat' dir='ltr'><strong>per</strong></span> <span class='ocrx_word' id='word_1_221' title='bbox 1612 2706 1898 2762; x_wconf 74' lang='lat' dir='ltr'><strong>Jeremiam</strong></span> 
     </span>
    </p>
   </div>
   <div class='ocr_carea' id='block_1_30' title="bbox 323 2796 1901 2869">
    <p class='ocr_par' dir='ltr' id='par_1_30' title="bbox 323 2796 1901 2869">
     <span class='ocr_line' id='line_1_30' title="bbox 323 2796 1901 2869; baseline 0.003 -20"><span class='ocrx_word' id='word_1_222' title='bbox 323 2812 393 2849; x_wconf 77' lang='lat' dir='ltr'><strong>ex</strong></span> <span class='ocrx_word' id='word_1_223' title='bbox 432 2810 666 2865; x_wconf 86' lang='lat' dir='ltr'><strong>persona</strong></span> <span class='ocrx_word' id='word_1_224' title='bbox 712 2796 921 2851; x_wconf 89' lang='lat' dir='ltr'><strong>Domini</strong></span> <span class='ocrx_word' id='word_1_225' title='bbox 953 2798 1155 2852; x_wconf 88' lang='lat' dir='ltr'><strong>dictum</strong></span> <span class='ocrx_word' id='word_1_226' title='bbox 1206 2797 1380 2853; x_wconf 75' lang='lat' dir='ltr'><strong>fuerat</strong></span> <span class='ocrx_word' id='word_1_227' title='bbox 1408 2813 1422 2852; x_wconf 91' lang='lat'><strong>:</strong></span> <span class='ocrx_word' id='word_1_228' title='bbox 1450 2798 1646 2869; x_wconf 82' lang='lat' dir='ltr'><strong>Reliqui</strong></span> <span class='ocrx_word' id='word_1_229' title='bbox 1692 2799 1901 2853; x_wconf 84' lang='lat' dir='ltr'><strong>domum</strong></span> 
     </span>
    </p>
   </div>
   <div class='ocr_carea' id='block_1_31' title="bbox 322 2887 1900 2958">
    <p class='ocr_par' dir='ltr' id='par_1_31' title="bbox 322 2887 1900 2958">
     <span class='ocr_line' id='line_1_31' title="bbox 322 2887 1900 2958; baseline 0.001 -16"><span class='ocrx_word' id='word_1_230' title='bbox 322 2904 533 2951; x_wconf 78' lang='lat' dir='ltr'><strong>meam,</strong></span> <span class='ocrx_word' id='word_1_231' title='bbox 589 2887 765 2941; x_wconf 78' lang='lat' dir='ltr'><strong>dimisi</strong></span> <span class='ocrx_word' id='word_1_232' title='bbox 818 2888 1171 2943; x_wconf 54' lang='lat' dir='ltr'><strong>hereditatem</strong></span> <span class='ocrx_word' id='word_1_233' title='bbox 1216 2906 1418 2954; x_wconf 84' lang='lat' dir='ltr'><strong>meam;</strong></span> <span class='ocrx_word' id='word_1_234' title='bbox 1465 2889 1606 2958; x_wconf 77' lang='lat' dir='ltr'><strong>facta</strong></span> <span class='ocrx_word' id='word_1_235' title='bbox 1656 2900 1730 2943; x_wconf 80' lang='lat' dir='ltr'><strong>est</strong></span> <span class='ocrx_word' id='word_1_236' title='bbox 1773 2890 1900 2944; x_wconf 85' lang='lat' dir='ltr'><strong>mihi</strong></span> 
     </span>
    </p>
   </div>
   <div class='ocr_carea' id='block_1_32' title="bbox 322 2980 1898 3053">
    <p class='ocr_par' dir='ltr' id='par_1_32' title="bbox 322 2980 1898 3053">
     <span class='ocr_line' id='line_1_32' title="bbox 322 2980 1898 3053; baseline 0 -17"><span class='ocrx_word' id='word_1_237' title='bbox 322 2980 619 3036; x_wconf 73' lang='lat' dir='ltr'><strong>htereditas</strong></span> <span class='ocrx_word' id='word_1_238' title='bbox 644 2997 759 3035; x_wconf 83' lang='lat' dir='ltr'><strong>mea</strong></span> <span class='ocrx_word' id='word_1_239' title='bbox 791 2983 942 3053; x_wconf 85' lang='lat' dir='ltr'><strong>quasi</strong></span> <span class='ocrx_word' id='word_1_240' title='bbox 973 2982 1223 3052; x_wconf 85' lang='lat' dir='ltr'><strong>spelunca</strong></span> <span class='ocrx_word' id='word_1_241' title='bbox 1258 2982 1464 3052; x_wconf 78' lang='lat' dir='ltr'><strong>hyeme.</strong></span> <span class='ocrx_word' id='word_1_242' title='bbox 1513 2981 1695 3053; x_wconf 81' lang='lat' dir='ltr'><strong>Hyena</strong></span> <span class='ocrx_word' id='word_1_243' title='bbox 1729 2980 1898 3036; x_wconf 88' lang='lat' dir='ltr'><strong>bestia</strong></span> 
     </span>
    </p>
   </div>
   <div class='ocr_carea' id='block_1_33' title="bbox 320 3066 1899 3142">
    <p class='ocr_par' dir='ltr' id='par_1_33' title="bbox 320 3066 1899 3142">
     <span class='ocr_line' id='line_1_33' title="bbox 320 3066 1899 3142; baseline -0.001 -15"><span class='ocrx_word' id='word_1_244' title='bbox 320 3081 412 3127; x_wconf 88' lang='lat' dir='ltr'><strong>est</strong></span> <span class='ocrx_word' id='word_1_245' title='bbox 452 3066 576 3140; x_wconf 66' lang='lat' dir='ltr'><strong>quia</strong></span> <span class='ocrx_word' id='word_1_246' title='bbox 622 3086 833 3141; x_wconf 86' lang='lat' dir='ltr'><strong>semper</strong></span> <span class='ocrx_word' id='word_1_247' title='bbox 879 3072 933 3126; x_wconf 89' lang='lat' dir='ltr'><strong>in</strong></span> <span class='ocrx_word' id='word_1_248' title='bbox 978 3072 1249 3142; x_wconf 71' lang='lat' dir='ltr'><strong>scpulcris‘</strong></span> <span class='ocrx_word' id='word_1_249' title='bbox 1282 3080 1614 3128; x_wconf 88' lang='lat' dir='ltr'><strong>mortuorum</strong></span> <span class='ocrx_word' id='word_1_250' title='bbox 1654 3071 1899 3128; x_wconf 87' lang='lat' dir='ltr'><strong>habitare</strong></span> 
     </span>
    </p>
   </div>
   <div class='ocr_carea' id='block_1_34' title="bbox 1994 610 3558 681">
    <p class='ocr_par' dir='ltr' id='par_1_34' title="bbox 1994 610 3558 681">
     <span class='ocr_line' id='line_1_34' title="bbox 1994 610 3558 681; baseline 0.004 -19"><span class='ocrx_word' id='word_1_251' title='bbox 1994 610 2156 663; x_wconf 90' lang='lat' dir='ltr'><strong>alium</strong></span> <span class='ocrx_word' id='word_1_252' title='bbox 2211 610 2384 664; x_wconf 85' lang='lat' dir='ltr'><strong>locum</strong></span> <span class='ocrx_word' id='word_1_253' title='bbox 2443 611 2511 664; x_wconf 89' lang='lat' dir='ltr'><strong>ab</strong></span> <span class='ocrx_word' id='word_1_254' title='bbox 2538 610 2683 665; x_wconf 59' lang='lat' dir='ltr'><strong>{Elio</strong></span> <span class='ocrx_word' id='word_1_255' title='bbox 2718 612 2955 666; x_wconf 63' lang='lat' dir='ltr'><strong>Adriano</strong></span> <span class='ocrx_word' id='word_1_256' title='bbox 3005 613 3328 681; x_wconf 76' lang='lat' dir='ltr'><strong>imperatam</strong></span> <span class='ocrx_word' id='word_1_257' title='bbox 3377 616 3558 669; x_wconf 74' lang='lat' dir='ltr'><strong>mania</strong></span> 
     </span>
    </p>
   </div>
   <div class='ocr_carea' id='block_1_35' title="bbox 1997 698 3560 765">
    <p class='ocr_par' dir='ltr' id='par_1_35' title="bbox 1997 698 3560 765">
     <span class='ocr_line' id='line_1_35' title="bbox 1997 698 3560 765; baseline 0.006 -13"><span class='ocrx_word' id='word_1_258' title='bbox 1997 698 2315 755; x_wconf 71' lang='lat' dir='ltr'><strong>remdilicata</strong></span> <span class='ocrx_word' id='word_1_259' title='bbox 2348 710 2494 765; x_wconf 86' lang='lat' dir='ltr'><strong>sunt,</strong></span> <span class='ocrx_word' id='word_1_260' title='bbox 2530 709 2585 755; x_wconf 91' lang='lat' dir='ltr'><strong>et</strong></span> <span class='ocrx_word' id='word_1_261' title='bbox 2625 702 2675 755; x_wconf 86' lang='lat' dir='ltr'><strong>in</strong></span> <span class='ocrx_word' id='word_1_262' title='bbox 2723 702 2868 756; x_wconf 87' lang='lat' dir='ltr'><strong>illum</strong></span> <span class='ocrx_word' id='word_1_263' title='bbox 2913 703 3087 757; x_wconf 85' lang='lat' dir='ltr'><strong>locum</strong></span> <span class='ocrx_word' id='word_1_264' title='bbox 3124 705 3216 759; x_wconf 83' lang='lat' dir='ltr'><strong>ubi</strong></span> <span class='ocrx_word' id='word_1_265' title='bbox 3255 705 3343 760; x_wconf 89' lang='lat' dir='ltr'><strong>illa</strong></span> <span class='ocrx_word' id='word_1_266' title='bbox 3385 705 3560 761; x_wconf 79' lang='lat' dir='ltr'><strong>fuerat</strong></span> 
     </span>
    </p>
   </div>
   <div class='ocr_carea' id='block_1_36' title="bbox 1997 787 3551 862">
    <p class='ocr_par' dir='ltr' id='par_1_36' title="bbox 1997 787 3551 862">
     <span class='ocr_line' id='line_1_36' title="bbox 1997 787 3551 862; baseline 0.005 -21"><span class='ocrx_word' id='word_1_267' title='bbox 1997 787 2075 841; x_wconf 86' lang='lat' dir='ltr'><strong>sal</strong></span> <span class='ocrx_word' id='word_1_268' title='bbox 2115 790 2437 844; x_wconf 88' lang='lat' dir='ltr'><strong>seminatum</strong></span> <span class='ocrx_word' id='word_1_269' title='bbox 2474 800 2576 855; x_wconf 89' lang='lat' dir='ltr'><strong>est,</strong></span> <span class='ocrx_word' id='word_1_270' title='bbox 2606 806 2673 845; x_wconf 88' lang='lat' dir='ltr'><strong>ne</strong></span> <span class='ocrx_word' id='word_1_271' title='bbox 2695 791 2816 860; x_wconf 83' lang='lat' dir='ltr'><strong>quis</strong></span> <span class='ocrx_word' id='word_1_272' title='bbox 2843 792 3092 862; x_wconf 86' lang='lat' dir='ltr'><strong>deinceps</strong></span> <span class='ocrx_word' id='word_1_273' title='bbox 3117 806 3335 848; x_wconf 88' lang='lat' dir='ltr'><strong>manere</strong></span> <span class='ocrx_word' id='word_1_274' title='bbox 3373 796 3551 850; x_wconf 77' lang='lat' dir='ltr'><strong>vellet.</strong></span> 
     </span>
    </p>
   </div>
   <div class='ocr_carea' id='block_1_37' title="bbox 1999 879 3555 949">
    <p class='ocr_par' dir='ltr' id='par_1_37' title="bbox 1999 879 3555 949">
     <span class='ocr_line' id='line_1_37' title="bbox 1999 879 3555 949; baseline 0.004 -15"><span class='ocrx_word' id='word_1_275' title='bbox 1999 879 2056 934; x_wconf 89' lang='lat' dir='ltr'><strong>Si</strong></span> <span class='ocrx_word' id='word_1_276' title='bbox 2086 880 2435 949; x_wconf 88' lang='lat' dir='ltr'><strong>spiritualiter</strong></span> <span class='ocrx_word' id='word_1_277' title='bbox 2467 886 2628 936; x_wconf 89' lang='lat' dir='ltr'><strong>etiam</strong></span> <span class='ocrx_word' id='word_1_278' title='bbox 2674 882 2811 936; x_wconf 80' lang='lat' dir='ltr'><strong>velis</strong></span> <span class='ocrx_word' id='word_1_279' title='bbox 2837 883 3130 949; x_wconf 71' lang='lat' dir='ltr'><strong>advertere,</strong></span> <span class='ocrx_word' id='word_1_280' title='bbox 3163 884 3439 941; x_wconf 73' lang='lat' dir='ltr'><strong>habitatio</strong></span> <span class='ocrx_word' id='word_1_281' title='bbox 3462 886 3555 941; x_wconf 85' lang='lat' dir='ltr'><strong>Dei</strong></span> 
     </span>
    </p>
   </div>
   <div class='ocr_carea' id='block_1_38' title="bbox 1998 970 3560 1047">
    <p class='ocr_par' dir='ltr' id='par_1_38' title="bbox 1998 970 3560 1047">
     <span class='ocr_line' id='line_1_38' title="bbox 1998 970 3560 1047; baseline 0.005 -23"><span class='ocrx_word' id='word_1_282' title='bbox 1998 970 2220 1025; x_wconf 84' lang='lat' dir='ltr'><strong>recessit</strong></span> <span class='ocrx_word' id='word_1_283' title='bbox 2265 986 2295 1024; x_wconf 85' lang='lat' dir='ltr'><strong>a</strong></span> <span class='ocrx_word' id='word_1_284' title='bbox 2344 971 2562 1037; x_wconf 58' lang='lat' dir='ltr'><strong>ludatis,</strong></span> <span class='ocrx_word' id='word_1_285' title='bbox 2608 982 2663 1026; x_wconf 89' lang='lat' dir='ltr'><strong>et</strong></span> <span class='ocrx_word' id='word_1_286' title='bbox 2714 973 2861 1026; x_wconf 82' lang='lat' dir='ltr'><strong>venit</strong></span> <span class='ocrx_word' id='word_1_287' title='bbox 2911 973 2977 1025; x_wconf 87' lang='lat' dir='ltr'><strong>ad</strong></span> <span class='ocrx_word' id='word_1_288' title='bbox 3022 982 3226 1041; x_wconf 82' lang='lat' dir='ltr'><strong>gentes.</strong></span> <span class='ocrx_word' id='word_1_289' title='bbox 3276 976 3343 1030; x_wconf 86' lang='lat' dir='ltr'><strong>Et</strong></span> <span class='ocrx_word' id='word_1_290' title='bbox 3384 977 3560 1047; x_wconf 74' lang='lat' dir='ltr'><strong>capite</strong></span> 
     </span>
    </p>
   </div>
   <div class='ocr_carea' id='block_1_39' title="bbox 1998 1060 3381 1136">
    <p class='ocr_par' dir='ltr' id='par_1_39' title="bbox 1998 1060 3381 1136">
     <span class='ocr_line' id='line_1_39' title="bbox 1998 1060 3381 1136; baseline 0.004 -23"><span class='ocrx_word' id='word_1_291' title='bbox 1998 1060 2226 1123; x_wconf 87' lang='lat' dir='ltr'><strong>sublato,</strong></span> <span class='ocrx_word' id='word_1_292' title='bbox 2266 1061 2445 1115; x_wconf 88' lang='lat' dir='ltr'><strong>omnia</strong></span> <span class='ocrx_word' id='word_1_293' title='bbox 2481 1061 2719 1115; x_wconf 86' lang='lat' dir='ltr'><strong>membra</strong></span> <span class='ocrx_word' id='word_1_294' title='bbox 2768 1062 3381 1136; x_wconf 84' lang='lat' dir='ltr'><strong>intersecompugnant.</strong></span> 
     </span>
    </p>
   </div>
   <div class='ocr_carea' id='block_1_40' title="bbox 2070 1173 3560 1243">
    <p class='ocr_par' dir='ltr' id='par_1_40' title="bbox 2070 1173 3560 1243">
     <span class='ocr_line' id='line_1_40' title="bbox 2070 1173 3560 1243; baseline 0.003 -15"><span class='ocrx_word' id='word_1_295' title='bbox 2070 1173 2290 1228; x_wconf 84' lang='lat' dir='ltr'><strong>Sedente</strong></span> <span class='ocrx_word' id='word_1_296' title='bbox 2325 1185 2496 1227; x_wconf 84' lang='lat' dir='ltr'><strong>autem</strong></span> <span class='ocrx_word' id='word_1_297' title='bbox 2536 1192 2594 1227; x_wconf 87' lang='lat' dir='ltr'><strong>eo</strong></span> <span class='ocrx_word' id='word_1_298' title='bbox 2632 1192 2785 1243; x_wconf 80' lang='lat' dir='ltr'><strong>super</strong></span> <span class='ocrx_word' id='word_1_299' title='bbox 2828 1186 3052 1229; x_wconf 85' lang='lat' dir='ltr'><strong>montem</strong></span> <span class='ocrx_word' id='word_1_300' title='bbox 3088 1174 3294 1243; x_wconf 82' lang='lat' dir='ltr'><strong>Olireti,</strong></span> <span class='ocrx_word' id='word_1_301' title='bbox 3335 1196 3560 1233; x_wconf 78' lang='lat' dir='ltr'><strong>accesse-</strong></span> 
     </span>
    </p>
   </div>
   <div class='ocr_carea' id='block_1_41' title="bbox 1999 1265 3557 1336">
    <p class='ocr_par' dir='ltr' id='par_1_41' title="bbox 1999 1265 3557 1336">
     <span class='ocr_line' id='line_1_41' title="bbox 1999 1265 3557 1336; baseline 0.005 -19"><span class='ocrx_word' id='word_1_302' title='bbox 1999 1275 2117 1317; x_wconf 84' lang='lat' dir='ltr'><strong>runt</strong></span> <span class='ocrx_word' id='word_1_303' title='bbox 2161 1265 2229 1317; x_wconf 85' lang='lat' dir='ltr'><strong>ad</strong></span> <span class='ocrx_word' id='word_1_304' title='bbox 2274 1281 2391 1318; x_wconf 86' lang='lat' dir='ltr'><strong>eum</strong></span> <span class='ocrx_word' id='word_1_305' title='bbox 2432 1265 2675 1334; x_wconf 82' lang='lat' dir='ltr'><strong>discipuli</strong></span> <span class='ocrx_word' id='word_1_306' title='bbox 2722 1267 2835 1335; x_wconf 84' lang='lat' dir='ltr'><strong>ejus</strong></span> <span class='ocrx_word' id='word_1_307' title='bbox 2883 1277 3078 1321; x_wconf 85' lang='lat' dir='ltr'><strong>secreto</strong></span> <span class='ocrx_word' id='word_1_308' title='bbox 3127 1269 3369 1323; x_wconf 84' lang='lat' dir='ltr'><strong>dicentes.</strong></span> <span class='ocrx_word' id='word_1_309' title='bbox 3424 1268 3557 1336; x_wconf 86' lang='lat' dir='ltr'><strong>Quia</strong></span> 
     </span>
    </p>
   </div>
   <div class='ocr_carea' id='block_1_42' title="bbox 2000 1352 3561 1429">
    <p class='ocr_par' dir='ltr' id='par_1_42' title="bbox 2000 1352 3561 1429">
     <span class='ocr_line' id='line_1_42' title="bbox 2000 1352 3561 1429; baseline 0.005 -21"><span class='ocrx_word' id='word_1_310' title='bbox 2000 1352 2288 1410; x_wconf 85' lang='lat' dir='ltr'><strong>secretiora</strong></span> <span class='ocrx_word' id='word_1_311' title='bbox 2345 1364 2498 1410; x_wconf 86' lang='lat' dir='ltr'><strong>erant</strong></span> <span class='ocrx_word' id='word_1_312' title='bbox 2544 1357 2922 1426; x_wconf 80' lang='lat' dir='ltr'><strong>iuterrog‘atnri</strong></span> <span class='ocrx_word' id='word_1_313' title='bbox 2964 1360 3236 1429; x_wconf 84' lang='lat' dir='ltr'><strong>mysteria,</strong></span> <span class='ocrx_word' id='word_1_314' title='bbox 3290 1366 3436 1415; x_wconf 87' lang='lat' dir='ltr'><strong>recte</strong></span> <span class='ocrx_word' id='word_1_315' title='bbox 3470 1377 3561 1416; x_wconf 86' lang='lat' dir='ltr'><strong>ac-</strong></span> 
     </span>
    </p>
   </div>
   <div class='ocr_carea' id='block_1_43' title="bbox 1999 1452 3561 1524">
    <p class='ocr_par' dir='ltr' id='par_1_43' title="bbox 1999 1452 3561 1524">
     <span class='ocr_line' id='line_1_43' title="bbox 1999 1452 3561 1524; baseline 0.003 -20"><span class='ocrx_word' id='word_1_316' title='bbox 1999 1461 2280 1506; x_wconf 88' lang='lat' dir='ltr'><strong>cesserunt</strong></span> <span class='ocrx_word' id='word_1_317' title='bbox 2321 1459 2376 1506; x_wconf 90' lang='lat' dir='ltr'><strong>ct</strong></span> <span class='ocrx_word' id='word_1_318' title='bbox 2414 1466 2639 1521; x_wconf 84' lang='lat' dir='ltr'><strong>corpore</strong></span> <span class='ocrx_word' id='word_1_319' title='bbox 2679 1461 2732 1506; x_wconf 86' lang='lat' dir='ltr'><strong>et</strong></span> <span class='ocrx_word' id='word_1_320' title='bbox 2770 1458 2968 1515; x_wconf 86' lang='lat' dir='ltr'><strong>mente,</strong></span> <span class='ocrx_word' id='word_1_321' title='bbox 3011 1469 3078 1506; x_wconf 87' lang='lat' dir='ltr'><strong>ne</strong></span> <span class='ocrx_word' id='word_1_322' title='bbox 3102 1454 3224 1524; x_wconf 91' lang='lat' dir='ltr'><strong>quis</strong></span> <span class='ocrx_word' id='word_1_323' title='bbox 3268 1452 3561 1508; x_wconf 81' lang='lat' dir='ltr'><strong>infidelium</strong></span> 
     </span>
    </p>
   </div>
   <div class='ocr_carea' id='block_1_44' title="bbox 2000 1541 3562 1605">
    <p class='ocr_par' dir='ltr' id='par_1_44' title="bbox 2000 1541 3562 1605">
     <span class='ocr_line' id='line_1_44' title="bbox 2000 1541 3562 1605; baseline 0.001 -10"><span class='ocrx_word' id='word_1_324' title='bbox 2000 1543 2207 1597; x_wconf 87' lang='lat' dir='ltr'><strong>audiret</strong></span> <span class='ocrx_word' id='word_1_325' title='bbox 2248 1549 2302 1596; x_wconf 91' lang='lat' dir='ltr'><strong>et</strong></span> <span class='ocrx_word' id='word_1_326' title='bbox 2328 1541 2526 1597; x_wconf 73' lang='lat' dir='ltr'><strong>Judmis</strong></span> <span class='ocrx_word' id='word_1_327' title='bbox 2571 1542 2862 1605; x_wconf 88' lang='lat' dir='ltr'><strong>nuutiaret,</strong></span> <span class='ocrx_word' id='word_1_328' title='bbox 2911 1548 2963 1594; x_wconf 86' lang='lat' dir='ltr'><strong>et</strong></span> <span class='ocrx_word' id='word_1_329' title='bbox 2996 1549 3137 1595; x_wconf 87' lang='lat' dir='ltr'><strong>esset</strong></span> <span class='ocrx_word' id='word_1_330' title='bbox 3157 1542 3370 1595; x_wconf 85' lang='lat' dir='ltr'><strong>occasio</strong></span> <span class='ocrx_word' id='word_1_331' title='bbox 3419 1541 3562 1596; x_wconf 85' lang='lat' dir='ltr'><strong>occi-</strong></span> 
     </span>
    </p>
   </div>
   <div class='ocr_carea' id='block_1_45' title="bbox 2000 1632 3560 1706">
    <p class='ocr_par' dir='ltr' id='par_1_45' title="bbox 2000 1632 3560 1706">
     <span class='ocr_line' id='line_1_45' title="bbox 2000 1632 3560 1706; baseline -0.001 -17"><span class='ocrx_word' id='word_1_332' title='bbox 2000 1635 2156 1691; x_wconf 85' lang='lat' dir='ltr'><strong>dendi</strong></span> <span class='ocrx_word' id='word_1_333' title='bbox 2195 1652 2337 1701; x_wconf 89' lang='lat' dir='ltr'><strong>eum,</strong></span> <span class='ocrx_word' id='word_1_334' title='bbox 2371 1636 2595 1706; x_wconf 87' lang='lat' dir='ltr'><strong>qui&#39;pro</strong></span> <span class='ocrx_word' id='word_1_335' title='bbox 2629 1634 2926 1689; x_wconf 84' lang='lat' dir='ltr'><strong>minoribus</strong></span> <span class='ocrx_word' id='word_1_336' title='bbox 2971 1634 3128 1688; x_wconf 87' lang='lat' dir='ltr'><strong>dictis</strong></span> <span class='ocrx_word' id='word_1_337' title='bbox 3167 1633 3359 1688; x_wconf 88' lang='lat' dir='ltr'><strong>lsaiam</strong></span> <span class='ocrx_word' id='word_1_338' title='bbox 3398 1641 3448 1686; x_wconf 88' lang='lat' dir='ltr'><strong>et</strong></span> <span class='ocrx_word' id='word_1_339' title='bbox 3478 1632 3560 1688; x_wconf 80' lang='lat' dir='ltr'><strong>Je-</strong></span> 
     </span>
    </p>
   </div>
   <div class='ocr_carea' id='block_1_46' title="bbox 2006 1721 3557 1796">
    <p class='ocr_par' dir='ltr' id='par_1_46' title="bbox 2006 1721 3557 1796">
     <span class='ocr_line' id='line_1_46' title="bbox 2006 1721 3557 1796; baseline -0.003 -15"><span class='ocrx_word' id='word_1_340' title='bbox 2006 1729 2226 1781; x_wconf 88' lang='lat' dir='ltr'><strong>remiam</strong></span> <span class='ocrx_word' id='word_1_341' title='bbox 2270 1727 2558 1796; x_wconf 86' lang='lat' dir='ltr'><strong>prophetas</strong></span> <span class='ocrx_word' id='word_1_342' title='bbox 2609 1726 2939 1781; x_wconf 85' lang='lat' dir='ltr'><strong>occiderunt.</strong></span> <span class='ocrx_word' id='word_1_343' title='bbox 2978 1721 3234 1778; x_wconf 89' lang='lat' dir='ltr'><strong>Primitus</strong></span> <span class='ocrx_word' id='word_1_344' title='bbox 3285 1738 3405 1777; x_wconf 90' lang='lat' dir='ltr'><strong>cum</strong></span> <span class='ocrx_word' id='word_1_345' title='bbox 3451 1734 3557 1776; x_wconf 89' lang='lat' dir='ltr'><strong>non</strong></span> 
     </span>
    </p>
   </div>
   <div class='ocr_carea' id='block_1_47' title="bbox 2000 1813 3559 1887">
    <p class='ocr_par' dir='ltr' id='par_1_47' title="bbox 2000 1813 3559 1887">
     <span class='ocr_line' id='line_1_47' title="bbox 2000 1813 3559 1887; baseline -0.003 -15"><span class='ocrx_word' id='word_1_346' title='bbox 2000 1818 2370 1873; x_wconf 82' lang='lat' dir='ltr'><strong>intellexerunt</strong></span> <span class='ocrx_word' id='word_1_347' title='bbox 2398 1817 2540 1887; x_wconf 88' lang='lat' dir='ltr'><strong>quod</strong></span> <span class='ocrx_word' id='word_1_348' title='bbox 2564 1817 2799 1870; x_wconf 76' lang='lat' dir='ltr'><strong>dixerat:</strong></span> <span class='ocrx_word' id='word_1_349' title='bbox 2827 1814 3160 1885; x_wconf 82' lang='lat' dir='ltr'><strong>Relinquetur</strong></span> <span class='ocrx_word' id='word_1_350' title='bbox 3183 1813 3368 1868; x_wconf 87' lang='lat' dir='ltr'><strong>domu‘s</strong></span> <span class='ocrx_word' id='word_1_351' title='bbox 3393 1823 3559 1867; x_wconf 77' lang='lat' dir='ltr'><strong>vestra</strong></span> 
     </span>
    </p>
   </div>
   <div class='ocr_carea' id='block_1_48' title="bbox 1998 1902 3562 1975">
    <p class='ocr_par' dir='ltr' id='par_1_48' title="bbox 1998 1902 3562 1975">
     <span class='ocr_line' id='line_1_48' title="bbox 1998 1902 3562 1975; baseline -0.006 -12"><span class='ocrx_word' id='word_1_352' title='bbox 1998 1910 2223 1974; x_wconf 83' lang='lat' dir='ltr'><strong>deserta,</strong></span> <span class='ocrx_word' id='word_1_353' title='bbox 2273 1924 2377 1963; x_wconf 91' lang='lat' dir='ltr'><strong>non</strong></span> <span class='ocrx_word' id='word_1_354' title='bbox 2432 1906 2647 1963; x_wconf 85' lang='lat' dir='ltr'><strong>fuerunt</strong></span> <span class='ocrx_word' id='word_1_355' title='bbox 2695 1905 3189 1975; x_wconf 83' lang='lat' dir='ltr'><strong>ausi&#39;interrogare</strong></span> <span class='ocrx_word' id='word_1_356' title='bbox 3229 1913 3336 1973; x_wconf 87' lang='lat' dir='ltr'><strong>quo</strong></span> <span class='ocrx_word' id='word_1_357' title='bbox 3381 1902 3562 1956; x_wconf 90' lang='lat' dir='ltr'><strong>animo</strong></span> 
     </span>
    </p>
   </div>
   <div class='ocr_carea' id='block_1_49' title="bbox 2000 1994 3556 2063">
    <p class='ocr_par' dir='ltr' id='par_1_49' title="bbox 2000 1994 3556 2063">
     <span class='ocr_line' id='line_1_49' title="bbox 2000 1994 3556 2063; baseline -0.004 -11"><span class='ocrx_word' id='word_1_358' title='bbox 2000 1998 2355 2063; x_wconf 81' lang='lat' dir='ltr'><strong>dixerit,‘sed</strong></span> <span class='ocrx_word' id='word_1_359' title='bbox 2399 1998 2747 2052; x_wconf 85' lang='lat' dir='ltr'><strong>ostenderunt</strong></span> <span class='ocrx_word' id='word_1_360' title='bbox 2790 1995 2839 2049; x_wconf 91' lang='lat' dir='ltr'><strong>ei</strong></span> <span class='ocrx_word' id='word_1_361' title='bbox 2877 1994 3080 2063; x_wconf 85' lang='lat' dir='ltr'><strong>lapides</strong></span> <span class='ocrx_word' id='word_1_362' title='bbox 3118 2000 3173 2048; x_wconf 86' lang='lat' dir='ltr'><strong>et</strong></span> <span class='ocrx_word' id='word_1_363' title='bbox 3214 2001 3556 2053; x_wconf 88' lang='lat' dir='ltr'><strong>structuram,</strong></span> 
     </span>
    </p>
   </div>
   <div class='ocr_carea' id='block_1_50' title="bbox 1998 2082 3559 2157">
    <p class='ocr_par' dir='ltr' id='par_1_50' title="bbox 1998 2082 3559 2157">
     <span class='ocr_line' id='line_1_50' title="bbox 1998 2082 3559 2157; baseline -0.004 -16"><span class='ocrx_word' id='word_1_364' title='bbox 1998 2088 2239 2142; x_wconf 86' lang='lat' dir='ltr'><strong>volentes</strong></span> <span class='ocrx_word' id='word_1_365' title='bbox 2279 2087 2328 2141; x_wconf 89' lang='lat' dir='ltr'><strong>ei</strong></span> <span class='ocrx_word' id='word_1_366' title='bbox 2363 2086 2603 2157; x_wconf 78' lang='lat' dir='ltr'><strong>praebere</strong></span> <span class='ocrx_word' id='word_1_367' title='bbox 2642 2085 2980 2140; x_wconf 83' lang='lat' dir='ltr'><strong>occasionem</strong></span> <span class='ocrx_word' id='word_1_368' title='bbox 3010 2082 3219 2138; x_wconf 86' lang='lat' dir='ltr'><strong>dicendi</strong></span> <span class='ocrx_word' id='word_1_369' title='bbox 3260 2082 3401 2152; x_wconf 89' lang='lat' dir='ltr'><strong>quod</strong></span> <span class='ocrx_word' id='word_1_370' title='bbox 3436 2088 3559 2135; x_wconf 85' lang='lat' dir='ltr'><strong>autc</strong></span> 
     </span>
    </p>
   </div>
   <div class='ocr_carea' id='block_1_51' title="bbox 1997 2170 3560 2244">
    <p class='ocr_par' dir='ltr' id='par_1_51' title="bbox 1997 2170 3560 2244">
     <span class='ocr_line' id='line_1_51' title="bbox 1997 2170 3560 2244; baseline -0.006 -11"><span class='ocrx_word' id='word_1_371' title='bbox 1997 2178 2225 2233; x_wconf 78' lang='lat' dir='ltr'><strong>dixerat.</strong></span> <span class='ocrx_word' id='word_1_372' title='bbox 2262 2176 2394 2232; x_wconf 89' lang='lat' dir='ltr'><strong>Cum</strong></span> <span class='ocrx_word' id='word_1_373' title='bbox 2444 2190 2573 2230; x_wconf 90' lang='lat' dir='ltr'><strong>vero</strong></span> <span class='ocrx_word' id='word_1_374' title='bbox 2618 2176 2731 2244; x_wconf 87' lang='lat' dir='ltr'><strong>ipse</strong></span> <span class='ocrx_word' id='word_1_375' title='bbox 2777 2171 3112 2228; x_wconf 78' lang='lat' dir='ltr'><strong>manifestius</strong></span> <span class='ocrx_word' id='word_1_376' title='bbox 3159 2171 3349 2226; x_wconf 87' lang='lat' dir='ltr'><strong>eadem</strong></span> <span class='ocrx_word' id='word_1_377' title='bbox 3394 2170 3560 2242; x_wconf 77' lang='lat' dir='ltr'><strong>repli-</strong></span> 
     </span>
    </p>
   </div>
   <div class='ocr_carea' id='block_1_52' title="bbox 1997 2252 3562 2342">
    <p class='ocr_par' dir='ltr' id='par_1_52' title="bbox 1997 2252 3562 2342">
     <span class='ocr_line' id='line_1_52' title="bbox 1997 2252 3562 2342; baseline -0.005 -20"><span class='ocrx_word' id='word_1_378' title='bbox 1997 2269 2160 2342; x_wconf 67' lang='lat' dir='ltr'><strong>cavit,</strong></span> <span class='ocrx_word' id='word_1_379' title='bbox 2194 2260 2317 2336; x_wconf 59' lang='lat' dir='ltr'><strong>jam&#39;</strong></span> <span class='ocrx_word' id='word_1_380' title='bbox 2348 2266 2546 2320; x_wconf 85' lang='lat' dir='ltr'><strong>audent</strong></span> <span class='ocrx_word' id='word_1_381' title='bbox 2586 2252 2920 2336; x_wconf 77' lang='lat' dir='ltr'><strong>interrogare</strong></span> <span class='ocrx_word' id='word_1_382' title='bbox 2965 2263 3253 2317; x_wconf 87' lang='lat' dir='ltr'><strong>secretiora</strong></span> <span class='ocrx_word' id='word_1_383' title='bbox 3300 2262 3562 2316; x_wconf 76' lang='lat' dir='ltr'><strong>adventus</strong></span> 
     </span>
    </p>
   </div>
   <div class='ocr_carea' id='block_1_53' title="bbox 1999 2352 3558 2424">
    <p class='ocr_par' dir='ltr' id='par_1_53' title="bbox 1999 2352 3558 2424">
     <span class='ocr_line' id='line_1_53' title="bbox 1999 2352 3558 2424; baseline -0.005 -12"><span class='ocrx_word' id='word_1_384' title='bbox 1999 2360 2100 2420; x_wconf 89' lang='lat' dir='ltr'><strong>sui,</strong></span> <span class='ocrx_word' id='word_1_385' title='bbox 2142 2369 2195 2413; x_wconf 91' lang='lat' dir='ltr'><strong>et</strong></span> <span class='ocrx_word' id='word_1_386' title='bbox 2237 2356 2369 2418; x_wconf 22' lang='lat' dir='ltr'><strong>linis,</strong></span> <span class='ocrx_word' id='word_1_387' title='bbox 2401 2355 2598 2411; x_wconf 69' lang='lat' dir='ltr'><strong>smculi.</strong></span> <span class='ocrx_word' id='word_1_388' title='bbox 2649 2354 2745 2409; x_wconf 82' lang='lat' dir='ltr'><strong>Dic</strong></span> <span class='ocrx_word' id='word_1_389' title='bbox 2790 2352 2945 2409; x_wconf 51' lang='lat' dir='ltr'><strong>nobis”</strong></span> <span class='ocrx_word' id='word_1_390' title='bbox 2979 2353 3187 2424; x_wconf 81' lang='lat' dir='ltr'><strong>quando</strong></span> <span class='ocrx_word' id='word_1_391' title='bbox 3234 2354 3347 2407; x_wconf 72' lang='lat' dir='ltr'><strong>lucc</strong></span> <span class='ocrx_word' id='word_1_392' title='bbox 3387 2361 3558 2415; x_wconf 79' lang='lat' dir='ltr'><strong>erunt,</strong></span> 
     </span>
    </p>
   </div>
   <div class='ocr_carea' id='block_1_54' title="bbox 1998 2442 3564 2520">
    <p class='ocr_par' dir='ltr' id='par_1_54' title="bbox 1998 2442 3564 2520">
     <span class='ocr_line' id='line_1_54' title="bbox 1998 2442 3564 2520; baseline -0.005 -18"><span class='ocrx_word' id='word_1_393' title='bbox 1998 2459 2045 2504; x_wconf 88' lang='lat' dir='ltr'><strong>et</strong></span> <span class='ocrx_word' id='word_1_394' title='bbox 2073 2448 2210 2520; x_wconf 87' lang='lat' dir='ltr'><strong>quod</strong></span> <span class='ocrx_word' id='word_1_395' title='bbox 2242 2448 2446 2519; x_wconf 85' lang='lat' dir='ltr'><strong>signum</strong></span> <span class='ocrx_word' id='word_1_396' title='bbox 2480 2445 2728 2500; x_wconf 83' lang='lat' dir='ltr'><strong>adventus</strong></span> <span class='ocrx_word' id='word_1_397' title='bbox 2757 2446 2856 2510; x_wconf 86' lang='lat' dir='ltr'><strong>tui,</strong></span> <span class='ocrx_word' id='word_1_398' title='bbox 2890 2453 2939 2498; x_wconf 82' lang='lat' dir='ltr'><strong>et</strong></span> <span class='ocrx_word' id='word_1_399' title='bbox 2968 2442 3428 2497; x_wconf 81' lang='lat' dir='ltr'><strong>consummationis</strong></span> <span class='ocrx_word' id='word_1_400' title='bbox 3464 2456 3564 2495; x_wconf 66' lang='lat' dir='ltr'><strong>sa:-</strong></span> 
     </span>
    </p>
   </div>
   <div class='ocr_carea' id='block_1_55' title="bbox 2000 2532 3560 2606">
    <p class='ocr_par' dir='ltr' id='par_1_55' title="bbox 2000 2532 3560 2606">
     <span class='ocr_line' id='line_1_55' title="bbox 2000 2532 3560 2606; baseline -0.006 -14"><span class='ocrx_word' id='word_1_401' title='bbox 2000 2538 2120 2592; x_wconf 83' lang='lat' dir='ltr'><strong>culi.</strong></span> <span class='ocrx_word' id='word_1_402' title='bbox 2162 2538 2215 2593; x_wconf 88' lang='lat' dir='ltr'><strong>In</strong></span> <span class='ocrx_word' id='word_1_403' title='bbox 2244 2537 2438 2606; x_wconf 90' lang='lat' dir='ltr'><strong>quibus</strong></span> <span class='ocrx_word' id='word_1_404' title='bbox 2468 2545 2523 2591; x_wconf 88' lang='lat' dir='ltr'><strong>et</strong></span> <span class='ocrx_word' id='word_1_405' title='bbox 2558 2535 2623 2591; x_wconf 89' lang='lat' dir='ltr'><strong>de</strong></span> <span class='ocrx_word' id='word_1_406' title='bbox 2646 2534 2876 2590; x_wconf 85' lang='lat' dir='ltr'><strong>adventu</strong></span> <span class='ocrx_word' id='word_1_407' title='bbox 2910 2548 3008 2588; x_wconf 85' lang='lat' dir='ltr'><strong>suo</strong></span> <span class='ocrx_word' id='word_1_408' title='bbox 3037 2541 3094 2588; x_wconf 90' lang='lat' dir='ltr'><strong>et</strong></span> <span class='ocrx_word' id='word_1_409' title='bbox 3125 2532 3191 2586; x_wconf 90' lang='lat' dir='ltr'><strong>de</strong></span> <span class='ocrx_word' id='word_1_410' title='bbox 3219 2544 3560 2586; x_wconf 84' lang='lat' dir='ltr'><strong>consumma-</strong></span> 
     </span>
    </p>
   </div>
   <div class='ocr_carea' id='block_1_56' title="bbox 1996 2618 3561 2690">
    <p class='ocr_par' dir='ltr' id='par_1_56' title="bbox 1996 2618 3561 2690">
     <span class='ocr_line' id='line_1_56' title="bbox 1996 2618 3561 2690; baseline -0.006 -8"><span class='ocrx_word' id='word_1_411' title='bbox 1996 2630 2145 2684; x_wconf 83' lang='lat' dir='ltr'><strong>tione</strong></span> <span class='ocrx_word' id='word_1_412' title='bbox 2173 2627 2353 2684; x_wconf 64' lang='grc' dir='ltr'><strong>δευουιί</strong></span> <span class='ocrx_word' id='word_1_413' title='bbox 2383 2628 2523 2683; x_wconf 88' lang='lat' dir='ltr'><strong>scire</strong></span> <span class='ocrx_word' id='word_1_414' title='bbox 2549 2625 2845 2681; x_wconf 75' lang='lat' dir='ltr'><strong>volunt.~Et</strong></span> <span class='ocrx_word' id='word_1_415' title='bbox 2867 2622 3122 2680; x_wconf 85' lang='lat' dir='ltr'><strong>Dominus</strong></span> <span class='ocrx_word' id='word_1_416' title='bbox 3151 2623 3205 2677; x_wconf 92' lang='lat' dir='ltr'><strong>in</strong></span> <span class='ocrx_word' id='word_1_417' title='bbox 3235 2618 3561 2690; x_wconf 86' lang='lat' dir='ltr'><strong>subsequen-</strong></span> 
     </span>
    </p>
   </div>
   <div class='ocr_carea' id='block_1_57' title="bbox 1999 2710 3558 2786">
    <p class='ocr_par' dir='ltr' id='par_1_57' title="bbox 1999 2710 3558 2786">
     <span class='ocr_line' id='line_1_57' title="bbox 1999 2710 3558 2786; baseline -0.006 -13"><span class='ocrx_word' id='word_1_418' title='bbox 1999 2719 2141 2773; x_wconf 89' lang='lat' dir='ltr'><strong>tibus</strong></span> <span class='ocrx_word' id='word_1_419' title='bbox 2166 2720 2226 2773; x_wconf 64' lang='grc' dir='ltr'><strong>«ὴ</strong></span> <span class='ocrx_word' id='word_1_420' title='bbox 2253 2717 2643 2773; x_wconf 70' lang='grc' dir='ltr'><strong>ιειίεοηιηὶὺιιε</strong></span> <span class='ocrx_word' id='word_1_421' title='bbox 2666 2716 2956 2786; x_wconf 86' lang='lat' dir='ltr'><strong>respondit,</strong></span> <span class='ocrx_word' id='word_1_422' title='bbox 2974 2725 3028 2769; x_wconf 84' lang='lat' dir='ltr'><strong>et</strong></span> <span class='ocrx_word' id='word_1_423' title='bbox 3056 2714 3188 2769; x_wconf 76' lang='lat' dir='ltr'><strong>dixit</strong></span> <span class='ocrx_word' id='word_1_424' title='bbox 3211 2714 3289 2768; x_wconf 85' lang='lat' dir='ltr'><strong>eis</strong></span> <span class='ocrx_word' id='word_1_425' title='bbox 3315 2731 3327 2765; x_wconf 90' lang='lat'><strong>:</strong></span> <span class='ocrx_word' id='word_1_426' title='bbox 3361 2710 3558 2773; x_wconf 80' lang='lat' dir='ltr'><strong>Videte,</strong></span> 
     </span>
    </p>
   </div>
   <div class='ocr_carea' id='block_1_58' title="bbox 2000 2796 3564 2881">
    <p class='ocr_par' dir='ltr' id='par_1_58' title="bbox 2000 2796 3564 2881">
     <span class='ocr_line' id='line_1_58' title="bbox 2000 2796 3564 2881; baseline -0.006 -15"><span class='ocrx_word' id='word_1_427' title='bbox 2000 2828 2063 2866; x_wconf 87' lang='lat' dir='ltr'><strong>ne</strong></span> <span class='ocrx_word' id='word_1_428' title='bbox 2081 2811 2196 2881; x_wconf 81' lang='lat' dir='ltr'><strong>quis</strong></span> <span class='ocrx_word' id='word_1_429' title='bbox 2222 2826 2307 2865; x_wconf 80' lang='lat' dir='ltr'><strong>vos</strong></span> <span class='ocrx_word' id='word_1_430' title='bbox 2332 2811 2564 2864; x_wconf 80' lang='lat' dir='ltr'><strong>seducat.</strong></span> <span class='ocrx_word' id='word_1_431' title='bbox 2595 2808 2720 2863; x_wconf 83' lang='lat' dir='ltr'><strong>Pius</strong></span> <span class='ocrx_word' id='word_1_432' title='bbox 2748 2808 3003 2863; x_wconf 88' lang='lat' dir='ltr'><strong>Dominus</strong></span> <span class='ocrx_word' id='word_1_433' title='bbox 3038 2806 3092 2860; x_wconf 90' lang='lat' dir='ltr'><strong>in</strong></span> <span class='ocrx_word' id='word_1_434' title='bbox 3121 2796 3384 2875; x_wconf 87' lang='lat' dir='ltr'><strong>principio</strong></span> <span class='ocrx_word' id='word_1_435' title='bbox 3419 2804 3564 2873; x_wconf 86' lang='lat' dir='ltr'><strong>ipsos</strong></span> 
     </span>
    </p>
   </div>
   <div class='ocr_carea' id='block_1_59' title="bbox 1998 2892 3559 2973">
    <p class='ocr_par' dir='ltr' id='par_1_59' title="bbox 1998 2892 3559 2973">
     <span class='ocr_line' id='line_1_59' title="bbox 1998 2892 3559 2973; baseline -0.006 -16"><span class='ocrx_word' id='word_1_436' title='bbox 1998 2902 2228 2973; x_wconf 77' lang='lat' dir='ltr'><strong>castigat</strong></span> <span class='ocrx_word' id='word_1_437' title='bbox 2255 2910 2315 2954; x_wconf 89' lang='lat' dir='ltr'><strong>ut</strong></span> <span class='ocrx_word' id='word_1_438' title='bbox 2345 2914 2406 2955; x_wconf 90' lang='lat' dir='ltr'><strong>se</strong></span> <span class='ocrx_word' id='word_1_439' title='bbox 2435 2900 2759 2961; x_wconf 84' lang='lat' dir='ltr'><strong>custodiant,</strong></span> <span class='ocrx_word' id='word_1_440' title='bbox 2802 2911 2868 2951; x_wconf 90' lang='lat' dir='ltr'><strong>ne</strong></span> <span class='ocrx_word' id='word_1_441' title='bbox 2896 2897 3220 2951; x_wconf 85' lang='lat' dir='ltr'><strong>seducantur</strong></span> <span class='ocrx_word' id='word_1_442' title='bbox 3267 2894 3334 2949; x_wconf 89' lang='lat' dir='ltr'><strong>ab</strong></span> <span class='ocrx_word' id='word_1_443' title='bbox 3380 2892 3559 2962; x_wconf 84' lang='lat' dir='ltr'><strong>aliquo</strong></span> 
     </span>
    </p>
   </div>
   <div class='ocr_carea' id='block_1_60' title="bbox 1996 2984 3558 3062">
    <p class='ocr_par' dir='ltr' id='par_1_60' title="bbox 1996 2984 3558 3062">
     <span class='ocr_line' id='line_1_60' title="bbox 1996 2984 3558 3062; baseline -0.007 -15"><span class='ocrx_word' id='word_1_444' title='bbox 1996 2991 2478 3062; x_wconf 86' lang='lat' dir='ltr'><strong>pseudopropheta.</strong></span> <span class='ocrx_word' id='word_1_445' title='bbox 2530 2987 2686 3043; x_wconf 78' lang='lat' dir='ltr'><strong>Multi</strong></span> <span class='ocrx_word' id='word_1_446' title='bbox 2714 2987 2937 3043; x_wconf 69' lang='lat' dir='ltr'><strong>‘veniunt</strong></span> <span class='ocrx_word' id='word_1_447' title='bbox 2980 2988 3034 3040; x_wconf 84' lang='lat' dir='ltr'><strong>in</strong></span> <span class='ocrx_word' id='word_1_448' title='bbox 3061 2986 3421 3040; x_wconf 66' lang='lat' dir='ltr'><strong>nomine‘meo</strong></span> <span class='ocrx_word' id='word_1_449' title='bbox 3475 2984 3558 3037; x_wconf 86' lang='lat' dir='ltr'><strong>di-</strong></span> 
     </span>
    </p>
   </div>
   <div class='ocr_carea' id='block_1_61' title="bbox 1999 3072 3558 3152">
    <p class='ocr_par' dir='ltr' id='par_1_61' title="bbox 1999 3072 3558 3152">
     <span class='ocr_line' id='line_1_61' title="bbox 1999 3072 3558 3152; baseline -0.004 -17"><span class='ocrx_word' id='word_1_450' title='bbox 1999 3090 2189 3148; x_wconf 81' lang='lat' dir='ltr'><strong>centes,</strong></span> <span class='ocrx_word' id='word_1_451' title='bbox 2214 3096 2307 3152; x_wconf 89' lang='lat' dir='ltr'><strong>ego</strong></span> <span class='ocrx_word' id='word_1_452' title='bbox 2340 3076 2456 3135; x_wconf 77' lang='lat' dir='ltr'><strong>stim</strong></span> <span class='ocrx_word' id='word_1_453' title='bbox 2481 3078 2737 3143; x_wconf 79' lang='lat' dir='ltr'><strong>Christus,</strong></span> <span class='ocrx_word' id='word_1_454' title='bbox 2762 3087 2810 3132; x_wconf 84' lang='lat' dir='ltr'><strong>et</strong></span> <span class='ocrx_word' id='word_1_455' title='bbox 2838 3072 3027 3131; x_wconf 85' lang='lat' dir='ltr'><strong>multos</strong></span> <span class='ocrx_word' id='word_1_456' title='bbox 3054 3072 3313 3129; x_wconf 85' lang='lat' dir='ltr'><strong>seducenl.</strong></span> <span class='ocrx_word' id='word_1_457' title='bbox 3343 3072 3385 3128; x_wconf 84' lang='lat' dir='ltr'><strong>E</strong></span> <span class='ocrx_word' id='word_1_458' title='bbox 3435 3073 3558 3143; x_wconf 88' lang='lat' dir='ltr'><strong>qui-</strong></span> 
     </span>
    </p>
   </div>
   <div class='ocr_carea' id='block_1_62' title="bbox 323 3145 3560 3239">
    <p class='ocr_par' dir='ltr' id='par_1_62' title="bbox 323 3145 3560 3239">
     <span class='ocr_line' id='line_1_62' title="bbox 323 3145 3560 3239; baseline -0.002 -13"><span class='ocrx_word' id='word_1_459' title='bbox 323 3164 490 3219; x_wconf 81' lang='lat' dir='ltr'><strong>soiet.</strong></span> <span class='ocrx_word' id='word_1_460' title='bbox 525 3163 592 3217; x_wconf 81' lang='lat' dir='ltr'><strong>Et</strong></span> <span class='ocrx_word' id='word_1_461' title='bbox 628 3164 754 3218; x_wconf 84' lang='lat' dir='ltr'><strong>huic</strong></span> <span class='ocrx_word' id='word_1_462' title='bbox 791 3163 975 3219; x_wconf 77' lang='lat' dir='ltr'><strong>bestiae</strong></span> <span class='ocrx_word' id='word_1_463' title='bbox 1001 3172 1376 3233; x_wconf 80' lang='lat' dir='ltr'><strong>comparantur</strong></span> <span class='ocrx_word' id='word_1_464' title='bbox 1416 3171 1558 3218; x_wconf 78' lang='lat' dir='ltr'><strong>recte</strong></span> <span class='ocrx_word' id='word_1_465' title='bbox 1585 3161 1776 3228; x_wconf 68' lang='lat' dir='ltr'><strong>Judaei.</strong></span> <span class='ocrx_word' id='word_1_466' title='bbox 1807 3163 1898 3234; x_wconf 81' lang='lat' dir='ltr'><strong>qui</strong></span> <span class='ocrx_word' id='word_1_467' title='bbox 1926 3145 1969 3206; x_wconf 73' lang='grc' dir='ltr'><strong><em>ε</em></strong></span> <span class='ocrx_word' id='word_1_468' title='bbox 2002 3172 2102 3226; x_wconf 87' lang='lat' dir='ltr'><strong>bus</strong></span> <span class='ocrx_word' id='word_1_469' title='bbox 2128 3145 2410 3226; x_wconf 41' lang='lat' dir='ltr'><strong>fuit&#39;unus</strong></span> <span class='ocrx_word' id='word_1_470' title='bbox 2436 3166 2620 3225; x_wconf 81' lang='lat' dir='ltr'><strong>Simon</strong></span> <span class='ocrx_word' id='word_1_471' title='bbox 2647 3169 2738 3239; x_wconf 88' lang='lat' dir='ltr'><strong>qui</strong></span> <span class='ocrx_word' id='word_1_472' title='bbox 2767 3167 2902 3222; x_wconf 78' lang='lat' dir='ltr'><strong>dixit</strong></span> <span class='ocrx_word' id='word_1_473' title='bbox 2925 3166 3066 3236; x_wconf 84' lang='lat' dir='ltr'><strong>quod</strong></span> <span class='ocrx_word' id='word_1_474' title='bbox 3099 3165 3213 3235; x_wconf 85' lang='lat' dir='ltr'><strong>ipse</strong></span> <span class='ocrx_word' id='word_1_475' title='bbox 3240 3172 3383 3218; x_wconf 89' lang='lat' dir='ltr'><strong>esset</strong></span> <span class='ocrx_word' id='word_1_476' title='bbox 3402 3163 3560 3218; x_wconf 59' lang='lat' dir='ltr'><strong>cari-</strong></span> 
     </span>
    </p>
   </div>
   <div class='ocr_carea' id='block_1_63' title="bbox 323 3251 1900 3321">
    <p class='ocr_par' dir='ltr' id='par_1_63' title="bbox 323 3251 1900 3321">
     <span class='ocr_line' id='line_1_63' title="bbox 323 3251 1900 3321; baseline 0.002 -16"><span class='ocrx_word' id='word_1_477' title='bbox 323 3251 651 3320; x_wconf 76' lang='lat' dir='ltr'><strong>frequenter</strong></span> <span class='ocrx_word' id='word_1_478' title='bbox 695 3251 976 3306; x_wconf 89' lang='lat' dir='ltr'><strong>Dominum</strong></span> <span class='ocrx_word' id='word_1_479' title='bbox 1039 3251 1481 3321; x_wconf 85' lang='lat' dir='ltr'><strong>derelinquebant</strong></span> <span class='ocrx_word' id='word_1_480' title='bbox 1539 3261 1595 3307; x_wconf 91' lang='lat' dir='ltr'><strong>et</strong></span> <span class='ocrx_word' id='word_1_481' title='bbox 1647 3254 1713 3308; x_wconf 89' lang='lat' dir='ltr'><strong>ad</strong></span> <span class='ocrx_word' id='word_1_482' title='bbox 1760 3253 1900 3310; x_wconf 79' lang='lat' dir='ltr'><strong>idola</strong></span> 
     </span>
    </p>
   </div>
   <div class='ocr_carea' id='block_1_64' title="bbox 324 3342 1902 3414">
    <p class='ocr_par' dir='ltr' id='par_1_64' title="bbox 324 3342 1902 3414">
     <span class='ocr_line' id='line_1_64' title="bbox 324 3342 1902 3414; baseline 0 -15"><span class='ocrx_word' id='word_1_483' title='bbox 324 3344 810 3399; x_wconf 80' lang='lat' dir='ltr'><strong>convertebantur.</strong></span> <span class='ocrx_word' id='word_1_484' title='bbox 862 3342 938 3397; x_wconf 87' lang='lat' dir='ltr'><strong>De</strong></span> <span class='ocrx_word' id='word_1_485' title='bbox 962 3343 1156 3413; x_wconf 86' lang='lat' dir='ltr'><strong>quibus</strong></span> <span class='ocrx_word' id='word_1_486' title='bbox 1196 3344 1455 3413; x_wconf 87' lang='lat' dir='ltr'><strong>scriptum</strong></span> <span class='ocrx_word' id='word_1_487' title='bbox 1500 3352 1583 3399; x_wconf 89' lang='lat' dir='ltr'><strong>est</strong></span> <span class='ocrx_word' id='word_1_488' title='bbox 1621 3346 1745 3414; x_wconf 89' lang='lat' dir='ltr'><strong>quia</strong></span> <span class='ocrx_word' id='word_1_489' title='bbox 1793 3359 1902 3401; x_wconf 88' lang='lat' dir='ltr'><strong>non</strong></span> 
     </span>
    </p>
   </div>
   <div class='ocr_carea' id='block_1_65' title="bbox 325 3432 1900 3505">
    <p class='ocr_par' dir='ltr' id='par_1_65' title="bbox 325 3432 1900 3505">
     <span class='ocr_line' id='line_1_65' title="bbox 325 3432 1900 3505; baseline -0.001 -15"><span class='ocrx_word' id='word_1_490' title='bbox 325 3444 416 3490; x_wconf 87' lang='lat' dir='ltr'><strong>e&#39;st</strong></span> <span class='ocrx_word' id='word_1_491' title='bbox 464 3447 592 3503; x_wconf 87' lang='lat' dir='ltr'><strong>spes</strong></span> <span class='ocrx_word' id='word_1_492' title='bbox 635 3433 689 3488; x_wconf 88' lang='lat' dir='ltr'><strong>in</strong></span> <span class='ocrx_word' id='word_1_493' title='bbox 722 3448 820 3489; x_wconf 81' lang='lat' dir='ltr'><strong>ore</strong></span> <span class='ocrx_word' id='word_1_494' title='bbox 845 3448 1031 3489; x_wconf 87' lang='lat' dir='ltr'><strong>eorum</strong></span> <span class='ocrx_word' id='word_1_495' title='bbox 1063 3451 1076 3486; x_wconf 92' lang='lat'><strong>:</strong></span> <span class='ocrx_word' id='word_1_496' title='bbox 1124 3432 1332 3489; x_wconf 81' lang='lat' dir='ltr'><strong>Similes</strong></span> <span class='ocrx_word' id='word_1_497' title='bbox 1371 3434 1478 3489; x_wconf 81' lang='lat' dir='ltr'><strong>illis</strong></span> <span class='ocrx_word' id='word_1_498' title='bbox 1517 3434 1649 3503; x_wconf 78' lang='lat' dir='ltr'><strong>ﬁant</strong></span> <span class='ocrx_word' id='word_1_499' title='bbox 1689 3436 1781 3505; x_wconf 87' lang='lat' dir='ltr'><strong>qui</strong></span> <span class='ocrx_word' id='word_1_500' title='bbox 1819 3433 1900 3504; x_wconf 79' lang='lat' dir='ltr'><strong>fa-</strong></span> 
     </span>
    </p>
   </div>
   <div class='ocr_carea' id='block_1_66' title="bbox 323 3528 589 3581">
    <p class='ocr_par' dir='ltr' id='par_1_66' title="bbox 323 3528 589 3581">
     <span class='ocr_line' id='line_1_66' title="bbox 323 3528 589 3581; baseline -0.004 -1"><span class='ocrx_word' id='word_1_501' title='bbox 323 3528 478 3581; x_wconf 86' lang='lat' dir='ltr'><strong>ciunt</strong></span> <span class='ocrx_word' id='word_1_502' title='bbox 506 3532 589 3580; x_wconf 85' lang='lat' dir='ltr'><strong>ea.</strong></span> 
     </span>
    </p>
   </div>
   <div class='ocr_carea' id='block_1_67' title="bbox 394 3615 1902 3682">
    <p class='ocr_par' dir='ltr' id='par_1_67' title="bbox 394 3615 1902 3682">
     <span class='ocr_line' id='line_1_67' title="bbox 394 3615 1902 3682; baseline -0.002 -11"><span class='ocrx_word' id='word_1_503' title='bbox 394 3618 541 3671; x_wconf 82' lang='lat' dir='ltr'><strong>Dico</strong></span> <span class='ocrx_word' id='word_1_504' title='bbox 581 3618 716 3671; x_wconf 88' lang='lat' dir='ltr'><strong>enim</strong></span> <span class='ocrx_word' id='word_1_505' title='bbox 763 3615 925 3682; x_wconf 82' lang='lat' dir='ltr'><strong>vobis,</strong></span> <span class='ocrx_word' id='word_1_506' title='bbox 958 3632 1060 3670; x_wconf 81' lang='lat' dir='ltr'><strong>non</strong></span> <span class='ocrx_word' id='word_1_507' title='bbox 1100 3633 1179 3670; x_wconf 83' lang='lat' dir='ltr'><strong>me</strong></span> <span class='ocrx_word' id='word_1_508' title='bbox 1223 3616 1451 3670; x_wconf 68' lang='lat' dir='ltr'><strong>videbitis</strong></span> <span class='ocrx_word' id='word_1_509' title='bbox 1487 3629 1696 3678; x_wconf 80' lang='lat' dir='ltr'><strong>amoao,</strong></span> <span class='ocrx_word' id='word_1_510' title='bbox 1741 3615 1902 3668; x_wconf 86' lang='lat' dir='ltr'><strong>donec</strong></span> 
     </span>
    </p>
   </div>
   <div class='ocr_carea' id='block_1_68' title="bbox 324 3704 1903 3776">
    <p class='ocr_par' dir='ltr' id='par_1_68' title="bbox 324 3704 1903 3776">
     <span class='ocr_line' id='line_1_68' title="bbox 324 3704 1903 3776; baseline -0.001 -15"><span class='ocrx_word' id='word_1_511' title='bbox 324 3707 525 3761; x_wconf 68' lang='lat' dir='ltr'><strong>dicatis</strong></span> <span class='ocrx_word' id='word_1_512' title='bbox 550 3720 568 3758; x_wconf 90' lang='lat'><strong><em>:</em></strong></span> <span class='ocrx_word' id='word_1_513' title='bbox 598 3705 903 3760; x_wconf 84' lang='lat' dir='ltr'><strong>Benedictus</strong></span> <span class='ocrx_word' id='word_1_514' title='bbox 934 3706 1022 3776; x_wconf 86' lang='lat' dir='ltr'><strong>qui</strong></span> <span class='ocrx_word' id='word_1_515' title='bbox 1058 3707 1193 3760; x_wconf 82' lang='lat' dir='ltr'><strong>venit</strong></span> <span class='ocrx_word' id='word_1_516' title='bbox 1238 3706 1291 3760; x_wconf 87' lang='lat' dir='ltr'><strong>in</strong></span> <span class='ocrx_word' id='word_1_517' title='bbox 1325 3706 1530 3760; x_wconf 85' lang='lat' dir='ltr'><strong>nomine</strong></span> <span class='ocrx_word' id='word_1_518' title='bbox 1562 3705 1789 3759; x_wconf 89' lang='lat' dir='ltr'><strong>Domini.</strong></span> <span class='ocrx_word' id='word_1_519' title='bbox 1820 3704 1903 3759; x_wconf 85' lang='lat' dir='ltr'><strong>Ad</strong></span> 
     </span>
    </p>
   </div>
   <div class='ocr_carea' id='block_1_69' title="bbox 276 3794 1900 3877">
    <p class='ocr_par' dir='ltr' id='par_1_69' title="bbox 276 3794 1900 3877">
     <span class='ocr_line' id='line_1_69' title="bbox 276 3794 1900 3877; baseline -0.002 -25"><span class='ocrx_word' id='word_1_520' title='bbox 276 3796 294 3859; x_wconf 65' lang='grc' dir='ltr'><strong>ζ</strong></span> <span class='ocrx_word' id='word_1_521' title='bbox 321 3795 434 3852; x_wconf 82' lang='lat' dir='ltr'><strong>hoc</strong></span> <span class='ocrx_word' id='word_1_522' title='bbox 454 3797 606 3877; x_wconf 81' lang='lat' dir='ltr'><strong>quod</strong></span> <span class='ocrx_word' id='word_1_523' title='bbox 622 3796 858 3850; x_wconf 81' lang='lat' dir='ltr'><strong>dixerat:</strong></span> <span class='ocrx_word' id='word_1_524' title='bbox 883 3794 1094 3861; x_wconf 82' lang='lat' dir='ltr'><strong>Quoties</strong></span> <span class='ocrx_word' id='word_1_525' title='bbox 1119 3794 1256 3850; x_wconf 79' lang='lat' dir='ltr'><strong>volui</strong></span> <span class='ocrx_word' id='word_1_526' title='bbox 1277 3811 1587 3867; x_wconf 85' lang='lat' dir='ltr'><strong>congregare</strong></span> <span class='ocrx_word' id='word_1_527' title='bbox 1605 3795 1742 3864; x_wconf 78' lang='lat' dir='ltr'><strong>ﬁlios</strong></span> <span class='ocrx_word' id='word_1_528' title='bbox 1764 3805 1900 3859; x_wconf 84' lang='lat' dir='ltr'><strong>tuos,</strong></span> 
     </span>
    </p>
   </div>
   <div class='ocr_carea' id='block_1_70' title="bbox 321 3886 1902 3958">
    <p class='ocr_par' dir='ltr' id='par_1_70' title="bbox 321 3886 1902 3958">
     <span class='ocr_line' id='line_1_70' title="bbox 321 3886 1902 3958; baseline -0.002 -16"><span class='ocrx_word' id='word_1_529' title='bbox 321 3890 396 3943; x_wconf 88' lang='lat' dir='ltr'><strong>ad</strong></span> <span class='ocrx_word' id='word_1_530' title='bbox 447 3890 562 3943; x_wconf 88' lang='lat' dir='ltr'><strong>hoc</strong></span> <span class='ocrx_word' id='word_1_531' title='bbox 593 3889 849 3958; x_wconf 85' lang='lat' dir='ltr'><strong>respicit:</strong></span> <span class='ocrx_word' id='word_1_532' title='bbox 885 3888 1009 3942; x_wconf 87' lang='lat' dir='ltr'><strong>Non</strong></span> <span class='ocrx_word' id='word_1_533' title='bbox 1037 3905 1117 3943; x_wconf 89' lang='lat' dir='ltr'><strong>me</strong></span> <span class='ocrx_word' id='word_1_534' title='bbox 1144 3887 1374 3942; x_wconf 84' lang='lat' dir='ltr'><strong>videbitis</strong></span> <span class='ocrx_word' id='word_1_535' title='bbox 1421 3902 1550 3958; x_wconf 89' lang='lat' dir='ltr'><strong>erga</strong></span> <span class='ocrx_word' id='word_1_536' title='bbox 1584 3902 1682 3942; x_wconf 89' lang='lat' dir='ltr'><strong>vos</strong></span> <span class='ocrx_word' id='word_1_537' title='bbox 1711 3887 1763 3941; x_wconf 90' lang='lat' dir='ltr'><strong>in</strong></span> <span class='ocrx_word' id='word_1_538' title='bbox 1811 3886 1902 3940; x_wconf 91' lang='lat' dir='ltr'><strong>tali</strong></span> 
     </span>
    </p>
   </div>
   <div class='ocr_carea' id='block_1_71' title="bbox 319 3977 1902 4048">
    <p class='ocr_par' dir='ltr' id='par_1_71' title="bbox 319 3977 1902 4048">
     <span class='ocr_line' id='line_1_71' title="bbox 319 3977 1902 4048; baseline -0.001 -16"><span class='ocrx_word' id='word_1_539' title='bbox 319 3977 639 4043; x_wconf 78' lang='lat' dir='ltr'><strong>voluntate,</strong></span> <span class='ocrx_word' id='word_1_540' title='bbox 667 3986 725 4031; x_wconf 91' lang='lat' dir='ltr'><strong>ut</strong></span> <span class='ocrx_word' id='word_1_541' title='bbox 753 3977 911 4032; x_wconf 88' lang='lat' dir='ltr'><strong>velim</strong></span> <span class='ocrx_word' id='word_1_542' title='bbox 944 3993 1271 4048; x_wconf 76' lang='lat' dir='ltr'><strong>congregare</strong></span> <span class='ocrx_word' id='word_1_543' title='bbox 1300 3977 1439 4033; x_wconf 85' lang='lat' dir='ltr'><strong>ﬁlios</strong></span> <span class='ocrx_word' id='word_1_544' title='bbox 1475 3986 1703 4042; x_wconf 87' lang='lat' dir='ltr'><strong>vestros,</strong></span> <span class='ocrx_word' id='word_1_545' title='bbox 1734 3978 1902 4032; x_wconf 79' lang='lat' dir='ltr'><strong>donec</strong></span> 
     </span>
    </p>
   </div>
   <div class='ocr_carea' id='block_1_72' title="bbox 318 4068 1902 4140">
    <p class='ocr_par' dir='ltr' id='par_1_72' title="bbox 318 4068 1902 4140">
     <span class='ocr_line' id='line_1_72' title="bbox 318 4068 1902 4140; baseline 0 -17"><span class='ocrx_word' id='word_1_546' title='bbox 318 4070 507 4140; x_wconf 81' lang='lat' dir='ltr'><strong>agatis</strong></span> <span class='ocrx_word' id='word_1_547' title='bbox 544 4069 933 4138; x_wconf 71' lang='lat' dir='ltr'><strong>pmnitentiam,</strong></span> <span class='ocrx_word' id='word_1_548' title='bbox 960 4077 1018 4123; x_wconf 86' lang='lat' dir='ltr'><strong>et</strong></span> <span class='ocrx_word' id='word_1_549' title='bbox 1043 4069 1379 4139; x_wconf 77' lang='lat' dir='ltr'><strong>cognoscatis</strong></span> <span class='ocrx_word' id='word_1_550' title='bbox 1408 4069 1532 4138; x_wconf 89' lang='lat' dir='ltr'><strong>quia</strong></span> <span class='ocrx_word' id='word_1_551' title='bbox 1563 4083 1662 4140; x_wconf 89' lang='lat' dir='ltr'><strong>ego</strong></span> <span class='ocrx_word' id='word_1_552' title='bbox 1695 4084 1813 4123; x_wconf 86' lang='lat' dir='ltr'><strong>sum</strong></span> <span class='ocrx_word' id='word_1_553' title='bbox 1839 4068 1902 4123; x_wconf 86' lang='lat' dir='ltr'><strong>de</strong></span> 
     </span>
    </p>
   </div>
   <div class='ocr_carea' id='block_1_73' title="bbox 316 4157 1899 4231">
    <p class='ocr_par' dir='ltr' id='par_1_73' title="bbox 316 4157 1899 4231">
     <span class='ocr_line' id='line_1_73' title="bbox 316 4157 1899 4231; baseline -0.003 -16"><span class='ocrx_word' id='word_1_554' title='bbox 316 4175 437 4231; x_wconf 83' lang='lat' dir='ltr'><strong>quo</strong></span> <span class='ocrx_word' id='word_1_555' title='bbox 486 4159 694 4214; x_wconf 87' lang='lat' dir='ltr'><strong>dictum</strong></span> <span class='ocrx_word' id='word_1_556' title='bbox 740 4166 823 4214; x_wconf 89' lang='lat' dir='ltr'><strong>est</strong></span> <span class='ocrx_word' id='word_1_557' title='bbox 873 4158 928 4212; x_wconf 88' lang='lat' dir='ltr'><strong>in</strong></span> <span class='ocrx_word' id='word_1_558' title='bbox 968 4158 1178 4228; x_wconf 86' lang='lat' dir='ltr'><strong>psalmo</strong></span> <span class='ocrx_word' id='word_1_559' title='bbox 1216 4177 1228 4213; x_wconf 92' lang='lat'><strong>:</strong></span> <span class='ocrx_word' id='word_1_560' title='bbox 1269 4157 1577 4213; x_wconf 82' lang='lat' dir='ltr'><strong>Benedictus</strong></span> <span class='ocrx_word' id='word_1_561' title='bbox 1617 4159 1705 4230; x_wconf 87' lang='lat' dir='ltr'><strong>qui</strong></span> <span class='ocrx_word' id='word_1_562' title='bbox 1747 4158 1899 4212; x_wconf 81' lang='lat' dir='ltr'><strong>venit.</strong></span> 
     </span>
    </p>
   </div>
   <div class='ocr_carea' id='block_1_74' title="bbox 317 4248 1901 4314">
    <p class='ocr_par' dir='ltr' id='par_1_74' title="bbox 317 4248 1901 4314">
     <span class='ocr_line' id='line_1_74' title="bbox 317 4248 1901 4314; baseline -0.001 -7"><span class='ocrx_word' id='word_1_563' title='bbox 317 4253 530 4308; x_wconf 80' lang='lat' dir='ltr'><strong>Adhuc</strong></span> <span class='ocrx_word' id='word_1_564' title='bbox 568 4259 693 4306; x_wconf 86' lang='lat' dir='ltr'><strong>sunt</strong></span> <span class='ocrx_word' id='word_1_565' title='bbox 728 4250 783 4306; x_wconf 90' lang='lat' dir='ltr'><strong>in</strong></span> <span class='ocrx_word' id='word_1_566' title='bbox 822 4250 914 4306; x_wconf 86' lang='lat' dir='ltr'><strong>tali</strong></span> <span class='ocrx_word' id='word_1_567' title='bbox 952 4258 1158 4305; x_wconf 87' lang='lat' dir='ltr'><strong>tenore.</strong></span> <span class='ocrx_word' id='word_1_568' title='bbox 1208 4250 1396 4305; x_wconf 80' lang='lat' dir='ltr'><strong>Veniet</strong></span> <span class='ocrx_word' id='word_1_569' title='bbox 1437 4250 1618 4305; x_wconf 84' lang='lat' dir='ltr'><strong>Enoch</strong></span> <span class='ocrx_word' id='word_1_570' title='bbox 1655 4258 1710 4304; x_wconf 91' lang='lat' dir='ltr'><strong>et</strong></span> <span class='ocrx_word' id='word_1_571' title='bbox 1734 4248 1901 4314; x_wconf 86' lang='lat' dir='ltr'><strong>Elias,</strong></span> 
     </span>
    </p>
   </div>
   <div class='ocr_carea' id='block_1_75' title="bbox 316 4340 1905 4425">
    <p class='ocr_par' dir='ltr' id='par_1_75' title="bbox 316 4340 1905 4425">
     <span class='ocr_line' id='line_1_75' title="bbox 316 4340 1905 4425; baseline -0.003 -26"><span class='ocrx_word' id='word_1_572' title='bbox 316 4353 379 4399; x_wconf 87' lang='lat' dir='ltr'><strong>et</strong></span> <span class='ocrx_word' id='word_1_573' title='bbox 407 4349 765 4414; x_wconf 78' lang='lat' dir='ltr'><strong>cognoscent,</strong></span> <span class='ocrx_word' id='word_1_574' title='bbox 799 4348 854 4397; x_wconf 92' lang='lat' dir='ltr'><strong>et</strong></span> <span class='ocrx_word' id='word_1_575' title='bbox 892 4350 1020 4396; x_wconf 89' lang='lat' dir='ltr'><strong>tunc</strong></span> <span class='ocrx_word' id='word_1_576' title='bbox 1047 4340 1517 4425; x_wconf 72' lang='lat' dir='ltr'><strong>congregabantur</strong></span> <span class='ocrx_word' id='word_1_577' title='bbox 1548 4341 1648 4396; x_wconf 86' lang='lat' dir='ltr'><strong>sub</strong></span> <span class='ocrx_word' id='word_1_578' title='bbox 1693 4341 1815 4407; x_wconf 90' lang='lat' dir='ltr'><strong>alis,</strong></span> <span class='ocrx_word' id='word_1_579' title='bbox 1850 4350 1905 4395; x_wconf 87' lang='lat' dir='ltr'><strong>et</strong></span> 
     </span>
    </p>
   </div>
   <div class='ocr_carea' id='block_1_76' title="bbox 316 4431 1906 4503">
    <p class='ocr_par' dir='ltr' id='par_1_76' title="bbox 316 4431 1906 4503">
     <span class='ocr_line' id='line_1_76' title="bbox 316 4431 1906 4503; baseline -0.002 -13"><span class='ocrx_word' id='word_1_580' title='bbox 316 4436 429 4491; x_wconf 86' lang='lat' dir='ltr'><strong>sub</strong></span> <span class='ocrx_word' id='word_1_581' title='bbox 466 4432 809 4503; x_wconf 79' lang='lat' dir='ltr'><strong>proiectione</strong></span> <span class='ocrx_word' id='word_1_582' title='bbox 844 4432 1074 4487; x_wconf 86' lang='lat' dir='ltr'><strong>Domini.</strong></span> <span class='ocrx_word' id='word_1_583' title='bbox 1098 4432 1229 4486; x_wconf 87' lang='lat' dir='ltr'><strong>Nam</strong></span> <span class='ocrx_word' id='word_1_584' title='bbox 1256 4431 1412 4486; x_wconf 89' lang='lat' dir='ltr'><strong>aliter</strong></span> <span class='ocrx_word' id='word_1_585' title='bbox 1437 4448 1540 4488; x_wconf 93' lang='lat' dir='ltr'><strong>non</strong></span> <span class='ocrx_word' id='word_1_586' title='bbox 1565 4439 1742 4503; x_wconf 89' lang='lat' dir='ltr'><strong>potest</strong></span> <span class='ocrx_word' id='word_1_587' title='bbox 1770 4432 1906 4487; x_wconf 86' lang='lat' dir='ltr'><strong>bene</strong></span> 
     </span>
    </p>
   </div>
   <div class='ocr_carea' id='block_1_77' title="bbox 318 4522 1905 4593">
    <p class='ocr_par' dir='ltr' id='par_1_77' title="bbox 318 4522 1905 4593">
     <span class='ocr_line' id='line_1_77' title="bbox 318 4522 1905 4593; baseline 0 -14"><span class='ocrx_word' id='word_1_588' title='bbox 318 4522 567 4592; x_wconf 85' lang='lat' dir='ltr'><strong>intelligi</strong></span> <span class='ocrx_word' id='word_1_589' title='bbox 596 4522 697 4577; x_wconf 89' lang='lat' dir='ltr'><strong>iste</strong></span> <span class='ocrx_word' id='word_1_590' title='bbox 716 4522 1031 4586; x_wconf 79' lang='lat' dir='ltr'><strong>versiculus,</strong></span> <span class='ocrx_word' id='word_1_591' title='bbox 1065 4523 1188 4593; x_wconf 84' lang='lat' dir='ltr'><strong>quia</strong></span> <span class='ocrx_word' id='word_1_592' title='bbox 1218 4522 1485 4593; x_wconf 81' lang='lat' dir='ltr'><strong>cerporali</strong></span> <span class='ocrx_word' id='word_1_593' title='bbox 1510 4524 1688 4593; x_wconf 88' lang='lat' dir='ltr'><strong>specie</strong></span> <span class='ocrx_word' id='word_1_594' title='bbox 1713 4524 1777 4579; x_wconf 88' lang='lat' dir='ltr'><strong>ad</strong></span> <span class='ocrx_word' id='word_1_595' title='bbox 1812 4539 1905 4579; x_wconf 91' lang='lat' dir='ltr'><strong>eos</strong></span> 
     </span>
    </p>
   </div>
   <div class='ocr_carea' id='block_1_78' title="bbox 316 4612 1903 4683">
    <p class='ocr_par' dir='ltr' id='par_1_78' title="bbox 316 4612 1903 4683">
     <span class='ocr_line' id='line_1_78' title="bbox 316 4612 1903 4683; baseline -0.003 -9"><span class='ocrx_word' id='word_1_596' title='bbox 316 4628 594 4674; x_wconf 84' lang='lat' dir='ltr'><strong>reversus</strong></span> <span class='ocrx_word' id='word_1_597' title='bbox 637 4619 739 4679; x_wconf 90' lang='lat' dir='ltr'><strong>est,</strong></span> <span class='ocrx_word' id='word_1_598' title='bbox 781 4613 994 4683; x_wconf 85' lang='lat' dir='ltr'><strong>quando</strong></span> <span class='ocrx_word' id='word_1_599' title='bbox 1015 4612 1217 4668; x_wconf 88' lang='lat' dir='ltr'><strong>Pascha</strong></span> <span class='ocrx_word' id='word_1_600' title='bbox 1267 4613 1577 4679; x_wconf 83' lang='lat' dir='ltr'><strong>celebravit,</strong></span> <span class='ocrx_word' id='word_1_601' title='bbox 1616 4623 1671 4669; x_wconf 91' lang='lat' dir='ltr'><strong>et</strong></span> <span class='ocrx_word' id='word_1_602' title='bbox 1706 4615 1903 4669; x_wconf 89' lang='lat' dir='ltr'><strong>iterum</strong></span> 
     </span>
    </p>
   </div>
   <div class='ocr_carea' id='block_1_79' title="bbox 317 4705 1903 4779">
    <p class='ocr_par' dir='ltr' id='par_1_79' title="bbox 317 4705 1903 4779">
     <span class='ocr_line' id='line_1_79' title="bbox 317 4705 1903 4779; baseline -0.002 -14"><span class='ocrx_word' id='word_1_603' title='bbox 317 4707 558 4779; x_wconf 80' lang='lat' dir='ltr'><strong>quando</strong></span> <span class='ocrx_word' id='word_1_604' title='bbox 593 4706 788 4776; x_wconf 89' lang='lat' dir='ltr'><strong>ligatus</strong></span> <span class='ocrx_word' id='word_1_605' title='bbox 826 4705 1087 4761; x_wconf 88' lang='lat' dir='ltr'><strong>adductus</strong></span> <span class='ocrx_word' id='word_1_606' title='bbox 1121 4713 1205 4761; x_wconf 89' lang='lat' dir='ltr'><strong>est</strong></span> <span class='ocrx_word' id='word_1_607' title='bbox 1238 4706 1307 4760; x_wconf 90' lang='lat' dir='ltr'><strong>ad</strong></span> <span class='ocrx_word' id='word_1_608' title='bbox 1353 4705 1790 4776; x_wconf 85' lang='lat' dir='ltr'><strong>cruciﬁgendum.</strong></span> <span class='ocrx_word' id='word_1_609' title='bbox 1834 4706 1903 4762; x_wconf 87' lang='lat' dir='ltr'><strong>Et</strong></span> 
     </span>
    </p>
   </div>
   <div class='ocr_carea' id='block_1_80' title="bbox 314 4797 1902 4873">
    <p class='ocr_par' dir='ltr' id='par_1_80' title="bbox 314 4797 1902 4873">
     <span class='ocr_line' id='line_1_80' title="bbox 314 4797 1902 4873; baseline -0.003 -17"><span class='ocrx_word' id='word_1_610' title='bbox 314 4815 577 4873; x_wconf 79' lang='lat' dir='ltr'><strong>egressus</strong></span> <span class='ocrx_word' id='word_1_611' title='bbox 609 4802 674 4852; x_wconf 83' lang='lat' dir='ltr'><strong>de</strong></span> <span class='ocrx_word' id='word_1_612' title='bbox 712 4797 899 4868; x_wconf 83' lang='lat' dir='ltr'><strong>templo</strong></span> <span class='ocrx_word' id='word_1_613' title='bbox 932 4797 1059 4852; x_wconf 83' lang='lat' dir='ltr'><strong>ibat.</strong></span> <span class='ocrx_word' id='word_1_614' title='bbox 1108 4798 1222 4853; x_wconf 85' lang='lat' dir='ltr'><strong>ibat</strong></span> <span class='ocrx_word' id='word_1_615' title='bbox 1269 4797 1465 4853; x_wconf 87' lang='lat' dir='ltr'><strong>iterum</strong></span> <span class='ocrx_word' id='word_1_616' title='bbox 1512 4799 1582 4853; x_wconf 85' lang='lat' dir='ltr'><strong>ad</strong></span> <span class='ocrx_word' id='word_1_617' title='bbox 1611 4799 1902 4869; x_wconf 89' lang='lat' dir='ltr'><strong>hospitium</strong></span> 
     </span>
    </p>
   </div>
   <div class='ocr_carea' id='block_1_81' title="bbox 318 4888 1900 4956">
    <p class='ocr_par' dir='ltr' id='par_1_81' title="bbox 318 4888 1900 4956">
     <span class='ocr_line' id='line_1_81' title="bbox 318 4888 1900 4956; baseline -0.003 -7"><span class='ocrx_word' id='word_1_618' title='bbox 318 4907 520 4956; x_wconf 76' lang='lat' dir='ltr'><strong>suurn,</strong></span> <span class='ocrx_word' id='word_1_619' title='bbox 554 4889 694 4945; x_wconf 90' lang='lat' dir='ltr'><strong>sicut</strong></span> <span class='ocrx_word' id='word_1_620' title='bbox 722 4888 908 4944; x_wconf 88' lang='lat' dir='ltr'><strong>solitus</strong></span> <span class='ocrx_word' id='word_1_621' title='bbox 943 4896 1082 4952; x_wconf 82' lang='lat' dir='ltr'><strong>erat,</strong></span> <span class='ocrx_word' id='word_1_622' title='bbox 1117 4889 1171 4943; x_wconf 92' lang='lat' dir='ltr'><strong>in</strong></span> <span class='ocrx_word' id='word_1_623' title='bbox 1196 4889 1531 4945; x_wconf 87' lang='lat' dir='ltr'><strong>Bethaniam.</strong></span> <span class='ocrx_word' id='word_1_624' title='bbox 1567 4889 1636 4944; x_wconf 83' lang='lat' dir='ltr'><strong>Et</strong></span> <span class='ocrx_word' id='word_1_625' title='bbox 1670 4894 1900 4945; x_wconf 86' lang='lat' dir='ltr'><strong>accesse-</strong></span> 
     </span>
    </p>
   </div>
   <div class='ocr_carea' id='block_1_82' title="bbox 319 4978 1902 5052">
    <p class='ocr_par' dir='ltr' id='par_1_82' title="bbox 319 4978 1902 5052">
     <span class='ocr_line' id='line_1_82' title="bbox 319 4978 1902 5052; baseline -0.002 -12"><span class='ocrx_word' id='word_1_626' title='bbox 319 4992 456 5040; x_wconf 79' lang='lat' dir='ltr'><strong>runt</strong></span> <span class='ocrx_word' id='word_1_627' title='bbox 502 4978 753 5050; x_wconf 77' lang='lat' dir='ltr'><strong>discipuli</strong></span> <span class='ocrx_word' id='word_1_628' title='bbox 801 4980 947 5050; x_wconf 83' lang='lat' dir='ltr'><strong>ejus,</strong></span> <span class='ocrx_word' id='word_1_629' title='bbox 993 4990 1049 5033; x_wconf 85' lang='lat' dir='ltr'><strong>ut</strong></span> <span class='ocrx_word' id='word_1_630' title='bbox 1091 4981 1411 5036; x_wconf 84' lang='lat' dir='ltr'><strong>ostenderent</strong></span> <span class='ocrx_word' id='word_1_631' title='bbox 1450 4983 1497 5036; x_wconf 87' lang='lat' dir='ltr'><strong>ei</strong></span> <span class='ocrx_word' id='word_1_632' title='bbox 1534 4983 1902 5052; x_wconf 68' lang='lat' dir='ltr'><strong>aedificationes</strong></span> 
     </span>
    </p>
   </div>
   <div class='ocr_carea' id='block_1_83' title="bbox 316 5071 1907 5146">
    <p class='ocr_par' dir='ltr' id='par_1_83' title="bbox 316 5071 1907 5146">
     <span class='ocr_line' id='line_1_83' title="bbox 316 5071 1907 5146; baseline -0.001 -15"><span class='ocrx_word' id='word_1_633' title='bbox 316 5075 539 5146; x_wconf 76' lang='lat' dir='ltr'><strong>templi.</strong></span> <span class='ocrx_word' id='word_1_634' title='bbox 606 5072 737 5141; x_wconf 63' lang='lat' dir='ltr'><strong>Quae</strong></span> <span class='ocrx_word' id='word_1_635' title='bbox 784 5087 948 5127; x_wconf 87' lang='lat' dir='ltr'><strong>causa</strong></span> <span class='ocrx_word' id='word_1_636' title='bbox 1010 5071 1111 5126; x_wconf 83' lang='lat' dir='ltr'><strong>fuit</strong></span> <span class='ocrx_word' id='word_1_637' title='bbox 1154 5082 1216 5126; x_wconf 92' lang='lat' dir='ltr'><strong>ut</strong></span> <span class='ocrx_word' id='word_1_638' title='bbox 1262 5074 1509 5142; x_wconf 87' lang='lat' dir='ltr'><strong>discipuli</strong></span> <span class='ocrx_word' id='word_1_639' title='bbox 1565 5076 1907 5129; x_wconf 88' lang='lat' dir='ltr'><strong>ostenderent</strong></span> 
     </span>
    </p>
   </div>
   <div class='ocr_carea' id='block_1_84' title="bbox 314 5164 1904 5236">
    <p class='ocr_par' dir='ltr' id='par_1_84' title="bbox 314 5164 1904 5236">
     <span class='ocr_line' id='line_1_84' title="bbox 314 5164 1904 5236; baseline -0.004 -9"><span class='ocrx_word' id='word_1_640' title='bbox 314 5168 727 5226; x_wconf 65' lang='lat' dir='ltr'><strong>mdiﬁcatlones</strong></span> <span class='ocrx_word' id='word_1_641' title='bbox 767 5164 989 5235; x_wconf 86' lang='lat' dir='ltr'><strong>templi,</strong></span> <span class='ocrx_word' id='word_1_642' title='bbox 1048 5172 1181 5234; x_wconf 85' lang='lat' dir='ltr'><strong>quas</strong></span> <span class='ocrx_word' id='word_1_643' title='bbox 1225 5164 1340 5234; x_wconf 87' lang='lat' dir='ltr'><strong>ipse</strong></span> <span class='ocrx_word' id='word_1_644' title='bbox 1386 5165 1500 5234; x_wconf 85' lang='lat' dir='ltr'><strong>jam</strong></span> <span class='ocrx_word' id='word_1_645' title='bbox 1540 5179 1638 5234; x_wconf 86' lang='lat' dir='ltr'><strong>per</strong></span> <span class='ocrx_word' id='word_1_646' title='bbox 1682 5165 1904 5236; x_wconf 88' lang='lat' dir='ltr'><strong>triginta</strong></span> 
     </span>
    </p>
   </div>
   <div class='ocr_carea' id='block_1_85' title="bbox 318 5254 1907 5324">
    <p class='ocr_par' dir='ltr' id='par_1_85' title="bbox 318 5254 1907 5324">
     <span class='ocr_line' id='line_1_85' title="bbox 318 5254 1907 5324; baseline -0.005 -5"><span class='ocrx_word' id='word_1_647' title='bbox 318 5272 447 5319; x_wconf 87' lang='lat' dir='ltr'><strong>tres</strong></span> <span class='ocrx_word' id='word_1_648' title='bbox 475 5263 655 5314; x_wconf 80' lang='lat' dir='ltr'><strong>annos</strong></span> <span class='ocrx_word' id='word_1_649' title='bbox 680 5255 927 5313; x_wconf 83' lang='lat' dir='ltr'><strong>videbat?</strong></span> <span class='ocrx_word' id='word_1_650' title='bbox 968 5254 1051 5309; x_wconf 80' lang='lat' dir='ltr'><strong>Ah</strong></span> <span class='ocrx_word' id='word_1_651' title='bbox 1083 5270 1149 5310; x_wconf 89' lang='lat' dir='ltr'><strong>eo</strong></span> <span class='ocrx_word' id='word_1_652' title='bbox 1174 5255 1292 5310; x_wconf 91' lang='lat' dir='ltr'><strong>loco</strong></span> <span class='ocrx_word' id='word_1_653' title='bbox 1323 5262 1641 5324; x_wconf 89' lang='lat' dir='ltr'><strong>acceperant</strong></span> <span class='ocrx_word' id='word_1_654' title='bbox 1667 5256 1907 5312; x_wconf 87' lang='lat' dir='ltr'><strong>occasio-</strong></span> 
     </span>
    </p>
   </div>
   <div class='ocr_carea' id='block_1_86' title="bbox 316 5345 1904 5420">
    <p class='ocr_par' dir='ltr' id='par_1_86' title="bbox 316 5345 1904 5420">
     <span class='ocr_line' id='line_1_86' title="bbox 316 5345 1904 5420; baseline -0.006 -8"><span class='ocrx_word' id='word_1_655' title='bbox 316 5367 458 5411; x_wconf 85' lang='lat' dir='ltr'><strong>nem</strong></span> <span class='ocrx_word' id='word_1_656' title='bbox 490 5365 605 5420; x_wconf 88' lang='lat' dir='ltr'><strong>quo</strong></span> <span class='ocrx_word' id='word_1_657' title='bbox 634 5349 748 5420; x_wconf 88' lang='lat' dir='ltr'><strong>ipse</strong></span> <span class='ocrx_word' id='word_1_658' title='bbox 770 5347 979 5403; x_wconf 81' lang='lat' dir='ltr'><strong>dixerat</strong></span> <span class='ocrx_word' id='word_1_659' title='bbox 1004 5364 1018 5401; x_wconf 88' lang='lat'><strong>:</strong></span> <span class='ocrx_word' id='word_1_660' title='bbox 1044 5345 1178 5400; x_wconf 82' lang='lat' dir='ltr'><strong>Ecce</strong></span> <span class='ocrx_word' id='word_1_661' title='bbox 1204 5345 1521 5417; x_wconf 83' lang='lat' dir='ltr'><strong>relinquetur</strong></span> <span class='ocrx_word' id='word_1_662' title='bbox 1551 5346 1689 5401; x_wconf 78' lang='lat' dir='ltr'><strong>vobis</strong></span> <span class='ocrx_word' id='word_1_663' title='bbox 1719 5347 1904 5402; x_wconf 87' lang='lat' dir='ltr'><strong>domus</strong></span> 
     </span>
    </p>
   </div>
   <div class='ocr_carea' id='block_1_87' title="bbox 314 5436 1902 5506">
    <p class='ocr_par' dir='ltr' id='par_1_87' title="bbox 314 5436 1902 5506">
     <span class='ocr_line' id='line_1_87' title="bbox 314 5436 1902 5506; baseline -0.006 -4"><span class='ocrx_word' id='word_1_664' title='bbox 314 5454 509 5502; x_wconf 70' lang='lat' dir='ltr'><strong>vestra</strong></span> <span class='ocrx_word' id='word_1_665' title='bbox 556 5440 786 5504; x_wconf 83' lang='lat' dir='ltr'><strong>deserta,</strong></span> <span class='ocrx_word' id='word_1_666' title='bbox 830 5447 887 5494; x_wconf 89' lang='lat' dir='ltr'><strong>et</strong></span> <span class='ocrx_word' id='word_1_667' title='bbox 934 5436 1181 5493; x_wconf 85' lang='lat' dir='ltr'><strong>volebant</strong></span> <span class='ocrx_word' id='word_1_668' title='bbox 1220 5436 1360 5492; x_wconf 88' lang='lat' dir='ltr'><strong>scire</strong></span> <span class='ocrx_word' id='word_1_669' title='bbox 1404 5451 1510 5506; x_wconf 90' lang='lat' dir='ltr'><strong>quo</strong></span> <span class='ocrx_word' id='word_1_670' title='bbox 1558 5451 1718 5491; x_wconf 90' lang='lat' dir='ltr'><strong>sensu</strong></span> <span class='ocrx_word' id='word_1_671' title='bbox 1773 5436 1902 5492; x_wconf 91' lang='lat' dir='ltr'><strong>illud</strong></span> 
     </span>
    </p>
   </div>
   <div class='ocr_carea' id='block_1_88' title="bbox 317 5523 1902 5599">
    <p class='ocr_par' dir='ltr' id='par_1_88' title="bbox 317 5523 1902 5599">
     <span class='ocr_line' id='line_1_88' title="bbox 317 5523 1902 5599; baseline -0.006 -9"><span class='ocrx_word' id='word_1_672' title='bbox 317 5537 607 5593; x_wconf 78' lang='lat' dir='ltr'><strong>Dominus</strong></span> <span class='ocrx_word' id='word_1_673' title='bbox 632 5531 847 5594; x_wconf 73' lang='lat' dir='ltr'><strong>dixerit,</strong></span> <span class='ocrx_word' id='word_1_674' title='bbox 887 5530 934 5583; x_wconf 86' lang='lat' dir='ltr'><strong>si</strong></span> <span class='ocrx_word' id='word_1_675' title='bbox 960 5528 1220 5599; x_wconf 88' lang='lat' dir='ltr'><strong>potuisset</strong></span> <span class='ocrx_word' id='word_1_676' title='bbox 1246 5524 1360 5581; x_wconf 84' lang='lat' dir='ltr'><strong>fore</strong></span> <span class='ocrx_word' id='word_1_677' title='bbox 1387 5534 1449 5580; x_wconf 90' lang='lat' dir='ltr'><strong>ut</strong></span> <span class='ocrx_word' id='word_1_678' title='bbox 1474 5525 1596 5580; x_wconf 88' lang='lat' dir='ltr'><strong>talis</strong></span> <span class='ocrx_word' id='word_1_679' title='bbox 1621 5523 1902 5581; x_wconf 62' lang='lat' dir='ltr'><strong>aediﬁcatio</strong></span> 
     </span>
    </p>
   </div>
   <div class='ocr_carea' id='block_1_89' title="bbox 312 5615 1898 5683">
    <p class='ocr_par' dir='ltr' id='par_1_89' title="bbox 312 5615 1898 5683">
     <span class='ocr_line' id='line_1_89' title="bbox 312 5615 1898 5683; baseline -0.008 0"><span class='ocrx_word' id='word_1_680' title='bbox 312 5628 561 5683; x_wconf 79' lang='lat' dir='ltr'><strong>deserta</strong></span> <span class='ocrx_word' id='word_1_681' title='bbox 598 5620 753 5675; x_wconf 79' lang='lat' dir='ltr'><strong>foret.</strong></span> <span class='ocrx_word' id='word_1_682' title='bbox 797 5621 883 5673; x_wconf 78' lang='lat' dir='ltr'><strong>Ait</strong></span> <span class='ocrx_word' id='word_1_683' title='bbox 922 5617 1067 5672; x_wconf 82' lang='lat' dir='ltr'><strong>illis:</strong></span> <span class='ocrx_word' id='word_1_684' title='bbox 1118 5616 1312 5672; x_wconf 82' lang='lat' dir='ltr'><strong>Videtis</strong></span> <span class='ocrx_word' id='word_1_685' title='bbox 1354 5616 1464 5670; x_wconf 67' lang='lat' dir='ltr'><strong>hate</strong></span> <span class='ocrx_word' id='word_1_686' title='bbox 1484 5617 1677 5669; x_wconf 89' lang='lat' dir='ltr'><strong>omnia.</strong></span> <span class='ocrx_word' id='word_1_687' title='bbox 1710 5615 1765 5670; x_wconf 91' lang='lat' dir='ltr'><strong>ld</strong></span> <span class='ocrx_word' id='word_1_688' title='bbox 1796 5624 1898 5680; x_wconf 88' lang='lat' dir='ltr'><strong>est,</strong></span> 
     </span>
    </p>
   </div>
   <div class='ocr_carea' id='block_1_90' title="bbox 318 5708 1899 5776">
    <p class='ocr_par' dir='ltr' id='par_1_90' title="bbox 318 5708 1899 5776">
     <span class='ocr_line' id='line_1_90' title="bbox 318 5708 1899 5776; baseline -0.008 -1"><span class='ocrx_word' id='word_1_689' title='bbox 318 5712 622 5775; x_wconf 85' lang='lat' dir='ltr'><strong>miramini</strong></span> <span class='ocrx_word' id='word_1_690' title='bbox 657 5712 781 5768; x_wconf 87' lang='lat' dir='ltr'><strong>ista.</strong></span> <span class='ocrx_word' id='word_1_691' title='bbox 819 5713 981 5768; x_wconf 83' lang='lat' dir='ltr'><strong>Amen</strong></span> <span class='ocrx_word' id='word_1_692' title='bbox 1002 5711 1117 5766; x_wconf 85' lang='lat' dir='ltr'><strong>dico</strong></span> <span class='ocrx_word' id='word_1_693' title='bbox 1138 5710 1298 5776; x_wconf 80' lang='lat' dir='ltr'><strong>vobis,</strong></span> <span class='ocrx_word' id='word_1_694' title='bbox 1336 5726 1437 5764; x_wconf 89' lang='lat' dir='ltr'><strong>non</strong></span> <span class='ocrx_word' id='word_1_695' title='bbox 1467 5708 1788 5765; x_wconf 76' lang='lat' dir='ltr'><strong>relinquetur</strong></span> <span class='ocrx_word' id='word_1_696' title='bbox 1824 5709 1899 5763; x_wconf 84' lang='lat' dir='ltr'><strong>la-</strong></span> 
     </span>
    </p>
   </div>
   <div class='ocr_carea' id='block_1_91' title="bbox 1932 4484 1985 4543">
    <p class='ocr_par' dir='ltr' id='par_1_91' title="bbox 1932 4484 1985 4543">
     <span class='ocr_line' id='line_1_91' title="bbox 1932 4484 1985 4543; baseline 0 0"><span class='ocrx_word' id='word_1_697' title='bbox 1932 4484 1985 4543; x_wconf 88' lang='lat' dir='ltr'><strong>D</strong></span> 
     </span>
    </p>
   </div>
   <div class='ocr_carea' id='block_1_92' title="bbox 2002 3254 3561 3330">
    <p class='ocr_par' dir='ltr' id='par_1_92' title="bbox 2002 3254 3561 3330">
     <span class='ocr_line' id='line_1_92' title="bbox 2002 3254 3561 3330; baseline -0.006 -13"><span class='ocrx_word' id='word_1_698' title='bbox 2002 3271 2140 3326; x_wconf 87' lang='lat' dir='ltr'><strong>stus,</strong></span> <span class='ocrx_word' id='word_1_699' title='bbox 2185 3254 2353 3316; x_wconf 87' lang='lat' dir='ltr'><strong>etiam</strong></span> <span class='ocrx_word' id='word_1_700' title='bbox 2394 3261 2449 3315; x_wconf 88' lang='lat' dir='ltr'><strong>in</strong></span> <span class='ocrx_word' id='word_1_701' title='bbox 2495 3269 2783 3330; x_wconf 82' lang='lat' dir='ltr'><strong>conspectu</strong></span> <span class='ocrx_word' id='word_1_702' title='bbox 2824 3256 3069 3312; x_wconf 76' lang='lat' dir='ltr'><strong>Neronis.</strong></span> <span class='ocrx_word' id='word_1_703' title='bbox 3118 3254 3355 3325; x_wconf 79' lang='lat' dir='ltr'><strong>Reliquit</strong></span> <span class='ocrx_word' id='word_1_704' title='bbox 3398 3254 3561 3310; x_wconf 86' lang='lat' dir='ltr'><strong>etiam</strong></span> 
     </span>
    </p>
   </div>
   <div class='ocr_carea' id='block_1_93' title="bbox 2003 3346 3561 3426">
    <p class='ocr_par' dir='ltr' id='par_1_93' title="bbox 2003 3346 3561 3426">
     <span class='ocr_line' id='line_1_93' title="bbox 2003 3346 3561 3426; baseline -0.006 -14"><span class='ocrx_word' id='word_1_705' title='bbox 2003 3355 2261 3426; x_wconf 84' lang='lat' dir='ltr'><strong>scriptum</strong></span> <span class='ocrx_word' id='word_1_706' title='bbox 2309 3356 2363 3409; x_wconf 91' lang='lat' dir='ltr'><strong>in</strong></span> <span class='ocrx_word' id='word_1_707' title='bbox 2408 3354 2523 3408; x_wconf 89' lang='lat' dir='ltr'><strong>suis</strong></span> <span class='ocrx_word' id='word_1_708' title='bbox 2574 3352 2725 3407; x_wconf 80' lang='lat' dir='ltr'><strong>libris</strong></span> <span class='ocrx_word' id='word_1_709' title='bbox 2773 3350 2884 3405; x_wconf 84' lang='lat' dir='ltr'><strong>ita:</strong></span> <span class='ocrx_word' id='word_1_710' title='bbox 2916 3351 3024 3419; x_wconf 82' lang='lat' dir='ltr'><strong>Ego</strong></span> <span class='ocrx_word' id='word_1_711' title='bbox 3070 3364 3191 3403; x_wconf 89' lang='lat' dir='ltr'><strong>sum</strong></span> <span class='ocrx_word' id='word_1_712' title='bbox 3221 3346 3319 3403; x_wconf 87' lang='lat' dir='ltr'><strong>Dei</strong></span> <span class='ocrx_word' id='word_1_713' title='bbox 3361 3362 3561 3411; x_wconf 89' lang='lat' dir='ltr'><strong>sermo,</strong></span> 
     </span>
    </p>
   </div>
   <div class='ocr_carea' id='block_1_94' title="bbox 1999 3436 3562 3515">
    <p class='ocr_par' dir='ltr' id='par_1_94' title="bbox 1999 3436 3562 3515">
     <span class='ocr_line' id='line_1_94' title="bbox 1999 3436 3562 3515; baseline -0.004 -17"><span class='ocrx_word' id='word_1_714' title='bbox 1999 3459 2102 3515; x_wconf 80' lang='lat' dir='ltr'><strong>ego</strong></span> <span class='ocrx_word' id='word_1_715' title='bbox 2140 3444 2580 3514; x_wconf 83' lang='lat' dir='ltr'><strong>sumspeciosus,</strong></span> <span class='ocrx_word' id='word_1_716' title='bbox 2612 3446 2714 3510; x_wconf 79' lang='lat' dir='ltr'><strong>ego</strong></span> <span class='ocrx_word' id='word_1_717' title='bbox 2742 3436 2859 3495; x_wconf 87' lang='lat' dir='ltr'><strong>Sum</strong></span> <span class='ocrx_word' id='word_1_718' title='bbox 2894 3439 3220 3509; x_wconf 88' lang='lat' dir='ltr'><strong>paracletus,</strong></span> <span class='ocrx_word' id='word_1_719' title='bbox 3251 3451 3349 3507; x_wconf 87' lang='lat' dir='ltr'><strong>ego</strong></span> <span class='ocrx_word' id='word_1_720' title='bbox 3386 3436 3562 3492; x_wconf 89' lang='lat' dir='ltr'><strong>omni-</strong></span> 
     </span>
    </p>
   </div>
   <div class='ocr_carea' id='block_1_95' title="bbox 2000 3525 3566 3601">
    <p class='ocr_par' dir='ltr' id='par_1_95' title="bbox 2000 3525 3566 3601">
     <span class='ocr_line' id='line_1_95' title="bbox 2000 3525 3566 3601; baseline -0.005 -14"><span class='ocrx_word' id='word_1_721' title='bbox 2000 3541 2226 3601; x_wconf 85' lang='lat' dir='ltr'><strong>potens,</strong></span> <span class='ocrx_word' id='word_1_722' title='bbox 2272 3546 2372 3601; x_wconf 83' lang='lat' dir='ltr'><strong>ego</strong></span> <span class='ocrx_word' id='word_1_723' title='bbox 2405 3529 2586 3596; x_wconf 87' lang='lat' dir='ltr'><strong>omnia</strong></span> <span class='ocrx_word' id='word_1_724' title='bbox 2610 3527 2727 3583; x_wconf 87' lang='lat' dir='ltr'><strong>Dei.</strong></span> <span class='ocrx_word' id='word_1_725' title='bbox 2770 3527 3014 3580; x_wconf 84' lang='lat' dir='ltr'><strong>Audituri</strong></span> <span class='ocrx_word' id='word_1_726' title='bbox 3048 3526 3183 3580; x_wconf 81' lang='lat' dir='ltr'><strong>enim</strong></span> <span class='ocrx_word' id='word_1_727' title='bbox 3224 3528 3345 3580; x_wconf 83' lang='lat' dir='ltr'><strong>estis</strong></span> <span class='ocrx_word' id='word_1_728' title='bbox 3383 3525 3566 3595; x_wconf 74' lang='lat' dir='ltr'><strong>prcelia</strong></span> 
     </span>
    </p>
   </div>
   <div class='ocr_carea' id='block_1_96' title="bbox 2000 3614 3563 3689">
    <p class='ocr_par' dir='ltr' id='par_1_96' title="bbox 2000 3614 3563 3689">
     <span class='ocr_line' id='line_1_96' title="bbox 2000 3614 3563 3689; baseline -0.003 -16"><span class='ocrx_word' id='word_1_729' title='bbox 2000 3630 2053 3674; x_wconf 85' lang='lat' dir='ltr'><strong>‘et</strong></span> <span class='ocrx_word' id='word_1_730' title='bbox 2086 3621 2350 3689; x_wconf 84' lang='lat' dir='ltr'><strong>opiniones</strong></span> <span class='ocrx_word' id='word_1_731' title='bbox 2395 3616 2716 3687; x_wconf 70' lang='lat' dir='ltr'><strong>prwliorum,</strong></span> <span class='ocrx_word' id='word_1_732' title='bbox 2758 3616 2920 3671; x_wconf 79' lang='lat' dir='ltr'><strong>videte</strong></span> <span class='ocrx_word' id='word_1_733' title='bbox 2967 3633 3029 3670; x_wconf 86' lang='lat' dir='ltr'><strong>ne</strong></span> <span class='ocrx_word' id='word_1_734' title='bbox 3060 3616 3356 3670; x_wconf 84' lang='lat' dir='ltr'><strong>turbemini.</strong></span> <span class='ocrx_word' id='word_1_735' title='bbox 3404 3614 3563 3669; x_wconf 86' lang='lat' dir='ltr'><strong>Multa</strong></span> 
     </span>
    </p>
   </div>
   <div class='ocr_carea' id='block_1_97' title="bbox 2001 3705 3566 3779">
    <p class='ocr_par' dir='ltr' id='par_1_97' title="bbox 2001 3705 3566 3779">
     <span class='ocr_line' id='line_1_97' title="bbox 2001 3705 3566 3779; baseline -0.001 -16"><span class='ocrx_word' id='word_1_736' title='bbox 2001 3709 2183 3779; x_wconf 68' lang='lat' dir='ltr'><strong>prrelia</strong></span> <span class='ocrx_word' id='word_1_737' title='bbox 2223 3707 2510 3762; x_wconf 88' lang='lat' dir='ltr'><strong>audierunt</strong></span> <span class='ocrx_word' id='word_1_738' title='bbox 2548 3714 2601 3761; x_wconf 89' lang='lat' dir='ltr'><strong>ct</strong></span> <span class='ocrx_word' id='word_1_739' title='bbox 2647 3708 2788 3762; x_wconf 84' lang='lat' dir='ltr'><strong>iuter</strong></span> <span class='ocrx_word' id='word_1_740' title='bbox 2827 3705 3097 3762; x_wconf 82' lang='lat' dir='ltr'><strong>Romanos</strong></span> <span class='ocrx_word' id='word_1_741' title='bbox 3143 3716 3196 3762; x_wconf 90' lang='lat' dir='ltr'><strong>et</strong></span> <span class='ocrx_word' id='word_1_742' title='bbox 3245 3707 3386 3761; x_wconf 90' lang='lat' dir='ltr'><strong>inter</strong></span> <span class='ocrx_word' id='word_1_743' title='bbox 3430 3707 3566 3761; x_wconf 89' lang='lat' dir='ltr'><strong>alias</strong></span> 
     </span>
    </p>
   </div>
   <div class='ocr_carea' id='block_1_98' title="bbox 2003 3798 3567 3874">
    <p class='ocr_par' dir='ltr' id='par_1_98' title="bbox 2003 3798 3567 3874">
     <span class='ocr_line' id='line_1_98' title="bbox 2003 3798 3567 3874; baseline -0.002 -18"><span class='ocrx_word' id='word_1_744' title='bbox 2003 3810 2206 3874; x_wconf 85' lang='lat' dir='ltr'><strong>gentes,</strong></span> <span class='ocrx_word' id='word_1_745' title='bbox 2235 3807 2288 3855; x_wconf 89' lang='lat' dir='ltr'><strong>et</strong></span> <span class='ocrx_word' id='word_1_746' title='bbox 2323 3799 2625 3869; x_wconf 89' lang='lat' dir='ltr'><strong>opiniones,</strong></span> <span class='ocrx_word' id='word_1_747' title='bbox 2658 3798 2710 3853; x_wconf 91' lang='lat' dir='ltr'><strong>id</strong></span> <span class='ocrx_word' id='word_1_748' title='bbox 2748 3807 2832 3853; x_wconf 91' lang='lat' dir='ltr'><strong>est</strong></span> <span class='ocrx_word' id='word_1_749' title='bbox 2871 3800 3042 3854; x_wconf 81' lang='lat' dir='ltr'><strong>famas</strong></span> <span class='ocrx_word' id='word_1_750' title='bbox 3071 3798 3394 3870; x_wconf 66' lang='lat' dir='ltr'><strong>praeliorum.</strong></span> <span class='ocrx_word' id='word_1_751' title='bbox 3421 3798 3567 3854; x_wconf 67' lang='lat' dir='ltr'><strong>Prte-</strong></span> 
     </span>
    </p>
   </div>
   <div class='ocr_carea' id='block_1_99' title="bbox 2003 3887 3566 3964">
    <p class='ocr_par' dir='ltr' id='par_1_99' title="bbox 2003 3887 3566 3964">
     <span class='ocr_line' id='line_1_99' title="bbox 2003 3887 3566 3964; baseline -0.001 -17"><span class='ocrx_word' id='word_1_752' title='bbox 2003 3892 2144 3964; x_wconf 90' lang='lat' dir='ltr'><strong>cepit</strong></span> <span class='ocrx_word' id='word_1_753' title='bbox 2185 3901 2362 3945; x_wconf 90' lang='lat' dir='ltr'><strong>tamen</strong></span> <span class='ocrx_word' id='word_1_754' title='bbox 2393 3904 2459 3944; x_wconf 89' lang='lat' dir='ltr'><strong>ne</strong></span> <span class='ocrx_word' id='word_1_755' title='bbox 2486 3890 2784 3954; x_wconf 89' lang='lat' dir='ltr'><strong>turbentur,</strong></span> <span class='ocrx_word' id='word_1_756' title='bbox 2816 3890 2910 3944; x_wconf 89' lang='lat' dir='ltr'><strong>sed</strong></span> <span class='ocrx_word' id='word_1_757' title='bbox 2940 3894 3157 3944; x_wconf 88' lang='lat' dir='ltr'><strong>teneant</strong></span> <span class='ocrx_word' id='word_1_758' title='bbox 3201 3887 3566 3945; x_wconf 78' lang='lat' dir='ltr'><strong>fortitudinem</strong></span> 
     </span>
    </p>
   </div>
   <div class='ocr_carea' id='block_1_100' title="bbox 2003 3980 3570 4052">
    <p class='ocr_par' dir='ltr' id='par_1_100' title="bbox 2003 3980 3570 4052">
     <span class='ocr_line' id='line_1_100' title="bbox 2003 3980 3570 4052; baseline -0.004 -10"><span class='ocrx_word' id='word_1_759' title='bbox 2003 3985 2190 4050; x_wconf 87' lang='lat' dir='ltr'><strong>animi,</strong></span> <span class='ocrx_word' id='word_1_760' title='bbox 2221 3985 2363 4039; x_wconf 89' lang='lat' dir='ltr'><strong>inter</strong></span> <span class='ocrx_word' id='word_1_761' title='bbox 2387 3983 2613 4037; x_wconf 85' lang='lat' dir='ltr'><strong>adversa</strong></span> <span class='ocrx_word' id='word_1_762' title='bbox 2651 3989 2706 4036; x_wconf 89' lang='lat' dir='ltr'><strong>et</strong></span> <span class='ocrx_word' id='word_1_763' title='bbox 2731 3995 3002 4052; x_wconf 87' lang='lat' dir='ltr'><strong>prospera,</strong></span> <span class='ocrx_word' id='word_1_764' title='bbox 3035 3981 3126 4050; x_wconf 88' lang='lat' dir='ltr'><strong>qui</strong></span> <span class='ocrx_word' id='word_1_765' title='bbox 3166 3995 3270 4035; x_wconf 91' lang='lat' dir='ltr'><strong>non</strong></span> <span class='ocrx_word' id='word_1_766' title='bbox 3306 3980 3570 4037; x_wconf 87' lang='lat' dir='ltr'><strong>haberent</strong></span> 
     </span>
    </p>
   </div>
   <div class='ocr_carea' id='block_1_101' title="bbox 2002 4071 3569 4144">
    <p class='ocr_par' dir='ltr' id='par_1_101' title="bbox 2002 4071 3569 4144">
     <span class='ocr_line' id='line_1_101' title="bbox 2002 4071 3569 4144; baseline -0.004 -11"><span class='ocrx_word' id='word_1_767' title='bbox 2002 4080 2145 4133; x_wconf 87' lang='lat' dir='ltr'><strong>unde</strong></span> <span class='ocrx_word' id='word_1_768' title='bbox 2170 4075 2432 4140; x_wconf 89' lang='lat' dir='ltr'><strong>dolerent,</strong></span> <span class='ocrx_word' id='word_1_769' title='bbox 2459 4089 2553 4130; x_wconf 87' lang='lat' dir='ltr'><strong>seu</strong></span> <span class='ocrx_word' id='word_1_770' title='bbox 2582 4089 2700 4143; x_wconf 72' lang='lat' dir='ltr'><strong>qua:</strong></span> <span class='ocrx_word' id='word_1_771' title='bbox 2725 4073 3031 4144; x_wconf 88' lang='lat' dir='ltr'><strong>perderent,</strong></span> <span class='ocrx_word' id='word_1_772' title='bbox 3074 4072 3164 4141; x_wconf 88' lang='lat' dir='ltr'><strong>qui</strong></span> <span class='ocrx_word' id='word_1_773' title='bbox 3190 4072 3367 4126; x_wconf 87' lang='lat' dir='ltr'><strong>omnia</strong></span> <span class='ocrx_word' id='word_1_774' title='bbox 3405 4071 3569 4127; x_wconf 87' lang='lat' dir='ltr'><strong>habe-</strong></span> 
     </span>
    </p>
   </div>
   <div class='ocr_carea' id='block_1_102' title="bbox 1968 4163 3567 4239">
    <p class='ocr_par' dir='ltr' id='par_1_102' title="bbox 1968 4163 3567 4239">
     <span class='ocr_line' id='line_1_102' title="bbox 1968 4163 3567 4239; baseline -0.003 -14"><span class='ocrx_word' id='word_1_775' title='bbox 1968 4169 2137 4225; x_wconf 37' lang='lat' dir='ltr'><strong>‘bant</strong></span> <span class='ocrx_word' id='word_1_776' title='bbox 2177 4170 2365 4225; x_wconf 85' lang='lat' dir='ltr'><strong>relicta</strong></span> <span class='ocrx_word' id='word_1_777' title='bbox 2410 4184 2508 4239; x_wconf 87' lang='lat' dir='ltr'><strong>pro</strong></span> <span class='ocrx_word' id='word_1_778' title='bbox 2554 4167 2663 4222; x_wconf 91' lang='lat' dir='ltr'><strong>Deo</strong></span> <span class='ocrx_word' id='word_1_779' title='bbox 2709 4166 2866 4235; x_wconf 81' lang='lat' dir='ltr'><strong>juxta</strong></span> <span class='ocrx_word' id='word_1_780' title='bbox 2916 4165 3056 4221; x_wconf 90' lang='lat' dir='ltr'><strong>illius</strong></span> <span class='ocrx_word' id='word_1_781' title='bbox 3090 4163 3394 4236; x_wconf 86' lang='lat' dir='ltr'><strong>philosophi</strong></span> <span class='ocrx_word' id='word_1_782' title='bbox 3440 4180 3567 4220; x_wconf 90' lang='lat' dir='ltr'><strong>con-</strong></span> 
     </span>
    </p>
   </div>
   <div class='ocr_carea' id='block_1_103' title="bbox 2003 4246 3567 4330">
    <p class='ocr_par' dir='ltr' id='par_1_103' title="bbox 2003 4246 3567 4330">
     <span class='ocr_line' id='line_1_103' title="bbox 2003 4246 3567 4330; baseline -0.003 -16"><span class='ocrx_word' id='word_1_783' title='bbox 2003 4259 2200 4323; x_wconf 90' lang='lat' dir='ltr'><strong>silium,</strong></span> <span class='ocrx_word' id='word_1_784' title='bbox 2225 4260 2315 4330; x_wconf 92' lang='lat' dir='ltr'><strong>qui</strong></span> <span class='ocrx_word' id='word_1_785' title='bbox 2343 4254 2464 4314; x_wconf 82' lang='lat' dir='ltr'><strong>cum</strong></span> <span class='ocrx_word' id='word_1_786' title='bbox 2492 4258 2559 4313; x_wconf 87' lang='lat' dir='ltr'><strong>de</strong></span> <span class='ocrx_word' id='word_1_787' title='bbox 2584 4256 2807 4312; x_wconf 81' lang='lat' dir='ltr'><strong>Athenis</strong></span> <span class='ocrx_word' id='word_1_788' title='bbox 2846 4271 2878 4311; x_wconf 89' lang='lat' dir='ltr'><strong>e</strong></span> <span class='ocrx_word' id='word_1_789' title='bbox 2913 4248 3092 4311; x_wconf 63' lang='lat' dir='ltr'><strong>schola</strong></span> <span class='ocrx_word' id='word_1_790' title='bbox 3128 4254 3349 4309; x_wconf 81' lang='lat' dir='ltr'><strong>Romam</strong></span> <span class='ocrx_word' id='word_1_791' title='bbox 3382 4246 3567 4309; x_wconf 81' lang='lat' dir='ltr'><strong>venis-</strong></span> 
     </span>
    </p>
   </div>
   <div class='ocr_carea' id='block_1_104' title="bbox 2005 4347 3563 4422">
    <p class='ocr_par' dir='ltr' id='par_1_104' title="bbox 2005 4347 3563 4422">
     <span class='ocr_line' id='line_1_104' title="bbox 2005 4347 3563 4422; baseline -0.004 -17"><span class='ocrx_word' id='word_1_792' title='bbox 2005 4360 2088 4405; x_wconf 89' lang='lat' dir='ltr'><strong>set</strong></span> <span class='ocrx_word' id='word_1_793' title='bbox 2129 4349 2364 4420; x_wconf 81' lang='lat' dir='ltr'><strong>navigio,</strong></span> <span class='ocrx_word' id='word_1_794' title='bbox 2394 4350 2755 4422; x_wconf 88' lang='lat' dir='ltr'><strong>negotiatores</strong></span> <span class='ocrx_word' id='word_1_795' title='bbox 2799 4363 2920 4402; x_wconf 91' lang='lat' dir='ltr'><strong>cum</strong></span> <span class='ocrx_word' id='word_1_796' title='bbox 2955 4347 3149 4418; x_wconf 89' lang='lat' dir='ltr'><strong>quibus</strong></span> <span class='ocrx_word' id='word_1_797' title='bbox 3182 4355 3400 4400; x_wconf 86' lang='lat' dir='ltr'><strong>venerat</strong></span> <span class='ocrx_word' id='word_1_798' title='bbox 3429 4361 3563 4399; x_wconf 64' lang='lat' dir='ltr'><strong>nan»</strong></span> 
     </span>
    </p>
   </div>
   <div class='ocr_carea' id='block_1_105' title="bbox 2007 4436 3565 4513">
    <p class='ocr_par' dir='ltr' id='par_1_105' title="bbox 2007 4436 3565 4513">
     <span class='ocr_line' id='line_1_105' title="bbox 2007 4436 3565 4513; baseline -0.004 -17"><span class='ocrx_word' id='word_1_799' title='bbox 2007 4443 2234 4513; x_wconf 83' lang='lat' dir='ltr'><strong>fragium</strong></span> <span class='ocrx_word' id='word_1_800' title='bbox 2278 4441 2422 4512; x_wconf 88' lang='lat' dir='ltr'><strong>passi</strong></span> <span class='ocrx_word' id='word_1_801' title='bbox 2454 4441 2506 4494; x_wconf 90' lang='lat' dir='ltr'><strong>in</strong></span> <span class='ocrx_word' id='word_1_802' title='bbox 2538 4440 2672 4495; x_wconf 90' lang='lat' dir='ltr'><strong>mari</strong></span> <span class='ocrx_word' id='word_1_803' title='bbox 2702 4439 3000 4495; x_wconf 88' lang='lat' dir='ltr'><strong>amiserunt</strong></span> <span class='ocrx_word' id='word_1_804' title='bbox 3042 4436 3368 4492; x_wconf 89' lang='lat' dir='ltr'><strong>substantias</strong></span> <span class='ocrx_word' id='word_1_805' title='bbox 3418 4450 3565 4492; x_wconf 90' lang='lat' dir='ltr'><strong>suas.</strong></span> 
     </span>
    </p>
   </div>
   <div class='ocr_carea' id='block_1_106' title="bbox 2008 4526 3570 4602">
    <p class='ocr_par' dir='ltr' id='par_1_106' title="bbox 2008 4526 3570 4602">
     <span class='ocr_line' id='line_1_106' title="bbox 2008 4526 3570 4602; baseline -0.005 -14"><span class='ocrx_word' id='word_1_806' title='bbox 2008 4534 2099 4588; x_wconf 85' lang='lat' dir='ltr'><strong>ille</strong></span> <span class='ocrx_word' id='word_1_807' title='bbox 2140 4547 2270 4587; x_wconf 90' lang='lat' dir='ltr'><strong>vero</strong></span> <span class='ocrx_word' id='word_1_808' title='bbox 2315 4532 2407 4602; x_wconf 91' lang='lat' dir='ltr'><strong>qui</strong></span> <span class='ocrx_word' id='word_1_809' title='bbox 2451 4530 2583 4586; x_wconf 90' lang='lat' dir='ltr'><strong>nihil</strong></span> <span class='ocrx_word' id='word_1_810' title='bbox 2629 4531 2860 4601; x_wconf 83' lang='lat' dir='ltr'><strong>habebat</strong></span> <span class='ocrx_word' id='word_1_811' title='bbox 2904 4536 3101 4601; x_wconf 65' lang='lat' dir='ltr'><strong>printer</strong></span> <span class='ocrx_word' id='word_1_812' title='bbox 3139 4527 3363 4598; x_wconf 83' lang='lat' dir='ltr'><strong>simplex</strong></span> <span class='ocrx_word' id='word_1_813' title='bbox 3415 4526 3570 4581; x_wconf 89' lang='lat' dir='ltr'><strong>indu-</strong></span> 
     </span>
    </p>
   </div>
   <div class='ocr_carea' id='block_1_107' title="bbox 2008 4614 3569 4689">
    <p class='ocr_par' dir='ltr' id='par_1_107' title="bbox 2008 4614 3569 4689">
     <span class='ocr_line' id='line_1_107' title="bbox 2008 4614 3569 4689; baseline -0.005 -13"><span class='ocrx_word' id='word_1_814' title='bbox 2008 4631 2249 4676; x_wconf 88' lang='lat' dir='ltr'><strong>mentum</strong></span> <span class='ocrx_word' id='word_1_815' title='bbox 2282 4630 2388 4675; x_wconf 89' lang='lat' dir='ltr'><strong>non</strong></span> <span class='ocrx_word' id='word_1_816' title='bbox 2422 4619 2611 4675; x_wconf 89' lang='lat' dir='ltr'><strong>habuit</strong></span> <span class='ocrx_word' id='word_1_817' title='bbox 2650 4619 2791 4689; x_wconf 86' lang='lat' dir='ltr'><strong>quod</strong></span> <span class='ocrx_word' id='word_1_818' title='bbox 2831 4617 3081 4688; x_wconf 88' lang='lat' dir='ltr'><strong>perderet</strong></span> <span class='ocrx_word' id='word_1_819' title='bbox 3122 4626 3272 4671; x_wconf 81' lang='lat' dir='ltr'><strong>extra</strong></span> <span class='ocrx_word' id='word_1_820' title='bbox 3300 4630 3377 4671; x_wconf 89' lang='lat' dir='ltr'><strong>se.</strong></span> <span class='ocrx_word' id='word_1_821' title='bbox 3404 4614 3569 4670; x_wconf 87' lang='lat' dir='ltr'><strong>Cum-</strong></span> 
     </span>
    </p>
   </div>
   <div class='ocr_carea' id='block_1_108' title="bbox 2008 4704 3565 4781">
    <p class='ocr_par' dir='ltr' id='par_1_108' title="bbox 2008 4704 3565 4781">
     <span class='ocr_line' id='line_1_108' title="bbox 2008 4704 3565 4781; baseline -0.006 -15"><span class='ocrx_word' id='word_1_822' title='bbox 2008 4716 2111 4781; x_wconf 79' lang='lat' dir='ltr'><strong>qhe</strong></span> <span class='ocrx_word' id='word_1_823' title='bbox 2136 4711 2495 4780; x_wconf 86' lang='lat' dir='ltr'><strong>negotiatores</strong></span> <span class='ocrx_word' id='word_1_824' title='bbox 2524 4708 2750 4764; x_wconf 80' lang='lat' dir='ltr'><strong>Romam</strong></span> <span class='ocrx_word' id='word_1_825' title='bbox 2776 4707 3068 4770; x_wconf 86' lang='lat' dir='ltr'><strong>venissent,</strong></span> <span class='ocrx_word' id='word_1_826' title='bbox 3098 4704 3186 4760; x_wconf 91' lang='lat' dir='ltr'><strong>ille</strong></span> <span class='ocrx_word' id='word_1_827' title='bbox 3215 4705 3359 4760; x_wconf 87' lang='lat' dir='ltr'><strong>venit</strong></span> <span class='ocrx_word' id='word_1_828' title='bbox 3383 4719 3565 4763; x_wconf 89' lang='lat' dir='ltr'><strong>coram</strong></span> 
     </span>
    </p>
   </div>
   <div class='ocr_carea' id='block_1_109' title="bbox 2009 4795 3565 4871">
    <p class='ocr_par' dir='ltr' id='par_1_109' title="bbox 2009 4795 3565 4871">
     <span class='ocr_line' id='line_1_109' title="bbox 2009 4795 3565 4871; baseline -0.006 -16"><span class='ocrx_word' id='word_1_829' title='bbox 2009 4801 2372 4871; x_wconf 89' lang='lat' dir='ltr'><strong>imperatore,</strong></span> <span class='ocrx_word' id='word_1_830' title='bbox 2418 4808 2473 4854; x_wconf 90' lang='lat' dir='ltr'><strong>et</strong></span> <span class='ocrx_word' id='word_1_831' title='bbox 2518 4799 2767 4868; x_wconf 80' lang='lat' dir='ltr'><strong>probato’</strong></span> <span class='ocrx_word' id='word_1_832' title='bbox 2796 4811 2912 4860; x_wconf 82' lang='lat' dir='ltr'><strong>rex,</strong></span> <span class='ocrx_word' id='word_1_833' title='bbox 2945 4796 3088 4865; x_wconf 88' lang='lat' dir='ltr'><strong>quod</strong></span> <span class='ocrx_word' id='word_1_834' title='bbox 3140 4795 3352 4865; x_wconf 90' lang='lat' dir='ltr'><strong>sapiens</strong></span> <span class='ocrx_word' id='word_1_835' title='bbox 3402 4801 3565 4857; x_wconf 88' lang='lat' dir='ltr'><strong>esset,</strong></span> 
     </span>
    </p>
   </div>
   <div class='ocr_carea' id='block_1_110' title="bbox 2010 4882 3569 4959">
    <p class='ocr_par' dir='ltr' id='par_1_110' title="bbox 2010 4882 3569 4959">
     <span class='ocr_line' id='line_1_110' title="bbox 2010 4882 3569 4959; baseline -0.006 -14"><span class='ocrx_word' id='word_1_836' title='bbox 2010 4890 2155 4945; x_wconf 89' lang='lat' dir='ltr'><strong>dedit</strong></span> <span class='ocrx_word' id='word_1_837' title='bbox 2190 4882 2357 4945; x_wconf 85' lang='lat' dir='ltr'><strong>multa</strong></span> <span class='ocrx_word' id='word_1_838' title='bbox 2399 4888 2599 4959; x_wconf 60' lang='lat' dir='ltr'><strong>praedia</strong></span> <span class='ocrx_word' id='word_1_839' title='bbox 2641 4896 2696 4942; x_wconf 89' lang='lat' dir='ltr'><strong>et</strong></span> <span class='ocrx_word' id='word_1_840' title='bbox 2731 4887 2984 4941; x_wconf 88' lang='lat' dir='ltr'><strong>honores.</strong></span> <span class='ocrx_word' id='word_1_841' title='bbox 3044 4883 3285 4955; x_wconf 86' lang='lat' dir='ltr'><strong>Cumque</strong></span> <span class='ocrx_word' id='word_1_842' title='bbox 3331 4883 3569 4953; x_wconf 79' lang='lat' dir='ltr'><strong>negotia-</strong></span> 
     </span>
    </p>
   </div>
   <div class='ocr_carea' id='block_1_111' title="bbox 2010 4972 3565 5052">
    <p class='ocr_par' dir='ltr' id='par_1_111' title="bbox 2010 4972 3565 5052">
     <span class='ocr_line' id='line_1_111' title="bbox 2010 4972 3565 5052; baseline -0.007 -16"><span class='ocrx_word' id='word_1_843' title='bbox 2010 4991 2174 5047; x_wconf 91' lang='lat' dir='ltr'><strong>tores,</strong></span> <span class='ocrx_word' id='word_1_844' title='bbox 2202 4990 2326 5052; x_wconf 88' lang='lat' dir='ltr'><strong>post</strong></span> <span class='ocrx_word' id='word_1_845' title='bbox 2361 4980 2559 5035; x_wconf 90' lang='lat' dir='ltr'><strong>multos</strong></span> <span class='ocrx_word' id='word_1_846' title='bbox 2586 4977 2720 5042; x_wconf 88' lang='lat' dir='ltr'><strong>dies,</strong></span> <span class='ocrx_word' id='word_1_847' title='bbox 2752 4975 3008 5030; x_wconf 91' lang='lat' dir='ltr'><strong>mutuatis</strong></span> <span class='ocrx_word' id='word_1_848' title='bbox 3034 4973 3222 5045; x_wconf 90' lang='lat' dir='ltr'><strong>pretiis</strong></span> <span class='ocrx_word' id='word_1_849' title='bbox 3256 4972 3393 5026; x_wconf 88' lang='lat' dir='ltr'><strong>unde</strong></span> <span class='ocrx_word' id='word_1_850' title='bbox 3424 4972 3565 5026; x_wconf 87' lang='lat' dir='ltr'><strong>redi-</strong></span> 
     </span>
    </p>
   </div>
   <div class='ocr_carea' id='block_1_112' title="bbox 2010 5062 3570 5142">
    <p class='ocr_par' dir='ltr' id='par_1_112' title="bbox 2010 5062 3570 5142">
     <span class='ocr_line' id='line_1_112' title="bbox 2010 5062 3570 5142; baseline -0.007 -15"><span class='ocrx_word' id='word_1_851' title='bbox 2010 5083 2131 5129; x_wconf 88' lang='lat' dir='ltr'><strong>rent</strong></span> <span class='ocrx_word' id='word_1_852' title='bbox 2164 5074 2218 5128; x_wconf 91' lang='lat' dir='ltr'><strong>in</strong></span> <span class='ocrx_word' id='word_1_853' title='bbox 2252 5072 2507 5142; x_wconf 87' lang='lat' dir='ltr'><strong>patriam,</strong></span> <span class='ocrx_word' id='word_1_854' title='bbox 2536 5069 2786 5125; x_wconf 90' lang='lat' dir='ltr'><strong>dicebant</strong></span> <span class='ocrx_word' id='word_1_855' title='bbox 2817 5067 2885 5121; x_wconf 92' lang='lat' dir='ltr'><strong>ad</strong></span> <span class='ocrx_word' id='word_1_856' title='bbox 2912 5079 3035 5124; x_wconf 91' lang='lat' dir='ltr'><strong>eum</strong></span> <span class='ocrx_word' id='word_1_857' title='bbox 3060 5064 3188 5135; x_wconf 87' lang='lat' dir='ltr'><strong>quid</strong></span> <span class='ocrx_word' id='word_1_858' title='bbox 3214 5062 3373 5118; x_wconf 83' lang='lat' dir='ltr'><strong>vellet</strong></span> <span class='ocrx_word' id='word_1_859' title='bbox 3419 5078 3570 5118; x_wconf 89' lang='lat' dir='ltr'><strong>man-</strong></span> 
     </span>
    </p>
   </div>
   <div class='ocr_carea' id='block_1_113' title="bbox 2010 5154 3570 5233">
    <p class='ocr_par' dir='ltr' id='par_1_113' title="bbox 2010 5154 3570 5233">
     <span class='ocr_line' id='line_1_113' title="bbox 2010 5154 3570 5233; baseline -0.008 -14"><span class='ocrx_word' id='word_1_860' title='bbox 2010 5163 2141 5219; x_wconf 88' lang='lat' dir='ltr'><strong>dare</strong></span> <span class='ocrx_word' id='word_1_861' title='bbox 2170 5162 2485 5233; x_wconf 86' lang='lat' dir='ltr'><strong>parentibus</strong></span> <span class='ocrx_word' id='word_1_862' title='bbox 2526 5167 2582 5215; x_wconf 89' lang='lat' dir='ltr'><strong>et</strong></span> <span class='ocrx_word' id='word_1_863' title='bbox 2618 5158 2825 5224; x_wconf 89' lang='lat' dir='ltr'><strong>amicis,</strong></span> <span class='ocrx_word' id='word_1_864' title='bbox 2864 5158 2977 5212; x_wconf 90' lang='lat' dir='ltr'><strong>ait:</strong></span> <span class='ocrx_word' id='word_1_865' title='bbox 3018 5156 3188 5212; x_wconf 87' lang='lat' dir='ltr'><strong>Dicite</strong></span> <span class='ocrx_word' id='word_1_866' title='bbox 3224 5156 3322 5219; x_wconf 91' lang='lat' dir='ltr'><strong>eis,</strong></span> <span class='ocrx_word' id='word_1_867' title='bbox 3358 5154 3570 5223; x_wconf 91' lang='lat' dir='ltr'><strong>quando</strong></span> 
     </span>
    </p>
   </div>
   <div class='ocr_carea' id='block_1_114' title="bbox 2010 5242 3570 5322">
    <p class='ocr_par' dir='ltr' id='par_1_114' title="bbox 2010 5242 3570 5322">
     <span class='ocr_line' id='line_1_114' title="bbox 2010 5242 3570 5322; baseline -0.006 -15"><span class='ocrx_word' id='word_1_868' title='bbox 2010 5254 2116 5307; x_wconf 90' lang='lat' dir='ltr'><strong>iter</strong></span> <span class='ocrx_word' id='word_1_869' title='bbox 2139 5248 2400 5320; x_wconf 85' lang='lat' dir='ltr'><strong>arripiunt</strong></span> <span class='ocrx_word' id='word_1_870' title='bbox 2426 5252 2639 5320; x_wconf 87' lang='lat' dir='ltr'><strong>portent</strong></span> <span class='ocrx_word' id='word_1_871' title='bbox 2664 5248 2975 5303; x_wconf 85' lang='lat' dir='ltr'><strong>thesaurum</strong></span> <span class='ocrx_word' id='word_1_872' title='bbox 3002 5245 3141 5316; x_wconf 89' lang='lat' dir='ltr'><strong>quod</strong></span> <span class='ocrx_word' id='word_1_873' title='bbox 3170 5259 3319 5299; x_wconf 90' lang='lat' dir='ltr'><strong>mare</strong></span> <span class='ocrx_word' id='word_1_874' title='bbox 3345 5251 3401 5298; x_wconf 92' lang='lat' dir='ltr'><strong>et</strong></span> <span class='ocrx_word' id='word_1_875' title='bbox 3414 5242 3570 5322; x_wconf 58' lang='lat' dir='ltr'><strong>fures</strong></span> 
     </span>
    </p>
   </div>
   <div class='ocr_carea' id='block_1_115' title="bbox 2012 5334 3568 5416">
    <p class='ocr_par' dir='ltr' id='par_1_115' title="bbox 2012 5334 3568 5416">
     <span class='ocr_line' id='line_1_115' title="bbox 2012 5334 3568 5416; baseline -0.008 -14"><span class='ocrx_word' id='word_1_876' title='bbox 2012 5362 2119 5402; x_wconf 88' lang='lat' dir='ltr'><strong>non</strong></span> <span class='ocrx_word' id='word_1_877' title='bbox 2142 5344 2350 5416; x_wconf 88' lang='lat' dir='ltr'><strong>possint</strong></span> <span class='ocrx_word' id='word_1_878' title='bbox 2372 5342 2606 5405; x_wconf 81' lang='lat' dir='ltr'><strong>auferre,</strong></span> <span class='ocrx_word' id='word_1_879' title='bbox 2626 5342 2776 5396; x_wconf 87' lang='lat' dir='ltr'><strong>‘sicut</strong></span> <span class='ocrx_word' id='word_1_880' title='bbox 2801 5355 2900 5411; x_wconf 84' lang='lat' dir='ltr'><strong>ego</strong></span> <span class='ocrx_word' id='word_1_881' title='bbox 2930 5339 3032 5396; x_wconf 79' lang='lat' dir='ltr'><strong>feci</strong></span> <span class='ocrx_word' id='word_1_882' title='bbox 3057 5338 3146 5409; x_wconf 86' lang='lat' dir='ltr'><strong>qui</strong></span> <span class='ocrx_word' id='word_1_883' title='bbox 3179 5335 3312 5391; x_wconf 88' lang='lat' dir='ltr'><strong>nihil</strong></span> <span class='ocrx_word' id='word_1_884' title='bbox 3336 5334 3568 5407; x_wconf 82' lang='lat' dir='ltr'><strong>perdidi,</strong></span> 
     </span>
    </p>
   </div>
   <div class='ocr_carea' id='block_1_116' title="bbox 2008 5427 3568 5503">
    <p class='ocr_par' dir='ltr' id='par_1_116' title="bbox 2008 5427 3568 5503">
     <span class='ocr_line' id='line_1_116' title="bbox 2008 5427 3568 5503; baseline -0.008 -9"><span class='ocrx_word' id='word_1_885' title='bbox 2008 5449 2064 5494; x_wconf 91' lang='lat' dir='ltr'><strong>et</strong></span> <span class='ocrx_word' id='word_1_886' title='bbox 2094 5438 2251 5493; x_wconf 90' lang='lat' dir='ltr'><strong>modo</strong></span> <span class='ocrx_word' id='word_1_887' title='bbox 2275 5437 2438 5492; x_wconf 88' lang='lat' dir='ltr'><strong>ditior</strong></span> <span class='ocrx_word' id='word_1_888' title='bbox 2474 5451 2592 5491; x_wconf 89' lang='lat' dir='ltr'><strong>sum</strong></span> <span class='ocrx_word' id='word_1_889' title='bbox 2621 5449 2781 5503; x_wconf 91' lang='lat' dir='ltr'><strong>quam</strong></span> <span class='ocrx_word' id='word_1_890' title='bbox 2821 5434 2898 5488; x_wconf 88' lang='lat' dir='ltr'><strong>illi</strong></span> <span class='ocrx_word' id='word_1_891' title='bbox 2928 5448 3049 5488; x_wconf 90' lang='lat' dir='ltr'><strong>cum</strong></span> <span class='ocrx_word' id='word_1_892' title='bbox 3084 5429 3276 5500; x_wconf 90' lang='lat' dir='ltr'><strong>quibus</strong></span> <span class='ocrx_word' id='word_1_893' title='bbox 3304 5427 3448 5495; x_wconf 89' lang='lat' dir='ltr'><strong>veni,</strong></span> <span class='ocrx_word' id='word_1_894' title='bbox 3477 5429 3568 5498; x_wconf 87' lang='lat' dir='ltr'><strong>qui</strong></span> 
     </span>
    </p>
   </div>
   <div class='ocr_carea' id='block_1_117' title="bbox 2007 5519 3565 5597">
    <p class='ocr_par' dir='ltr' id='par_1_117' title="bbox 2007 5519 3565 5597">
     <span class='ocr_line' id='line_1_117' title="bbox 2007 5519 3565 5597; baseline -0.006 -16"><span class='ocrx_word' id='word_1_895' title='bbox 2007 5529 2200 5583; x_wconf 87' lang='lat' dir='ltr'><strong>divites</strong></span> <span class='ocrx_word' id='word_1_896' title='bbox 2231 5529 2480 5582; x_wconf 74' lang='lat' dir='ltr'><strong>exierunt</strong></span> <span class='ocrx_word' id='word_1_897' title='bbox 2511 5535 2567 5582; x_wconf 92' lang='lat' dir='ltr'><strong>et</strong></span> <span class='ocrx_word' id='word_1_898' title='bbox 2601 5540 2861 5597; x_wconf 87' lang='lat' dir='ltr'><strong>pauperes</strong></span> <span class='ocrx_word' id='word_1_899' title='bbox 2902 5521 3149 5578; x_wconf 87' lang='lat' dir='ltr'><strong>redeunt.</strong></span> <span class='ocrx_word' id='word_1_900' title='bbox 3181 5519 3394 5590; x_wconf 83' lang='lat' dir='ltr'><strong>Oportet</strong></span> <span class='ocrx_word' id='word_1_901' title='bbox 3430 5520 3565 5575; x_wconf 81' lang='lat' dir='ltr'><strong>enim</strong></span> 
     </span>
    </p>
   </div>
   <div class='ocr_carea' id='block_1_118' title="bbox 2008 5610 3572 5688">
    <p class='ocr_par' dir='ltr' id='par_1_118' title="bbox 2008 5610 3572 5688">
     <span class='ocr_line' id='line_1_118' title="bbox 2008 5610 3572 5688; baseline -0.004 -16"><span class='ocrx_word' id='word_1_902' title='bbox 2008 5621 2118 5672; x_wconf 82' lang='lat' dir='ltr'><strong>Iure</strong></span> <span class='ocrx_word' id='word_1_903' title='bbox 2163 5618 2385 5688; x_wconf 84' lang='lat' dir='ltr'><strong>primum</strong></span> <span class='ocrx_word' id='word_1_904' title='bbox 2420 5616 2553 5685; x_wconf 83' lang='lat' dir='ltr'><strong>ﬁeri,</strong></span> <span class='ocrx_word' id='word_1_905' title='bbox 2604 5615 2696 5669; x_wconf 83' lang='lat' dir='ltr'><strong>sed</strong></span> <span class='ocrx_word' id='word_1_906' title='bbox 2746 5614 2975 5667; x_wconf 87' lang='lat' dir='ltr'><strong>nondum</strong></span> <span class='ocrx_word' id='word_1_907' title='bbox 3016 5622 3089 5667; x_wconf 84' lang='lat' dir='ltr'><strong>est</strong></span> <span class='ocrx_word' id='word_1_908' title='bbox 3127 5611 3268 5681; x_wconf 79' lang='lat' dir='ltr'><strong>linis.</strong></span> <span class='ocrx_word' id='word_1_909' title='bbox 3300 5611 3401 5677; x_wconf 80' lang='lat' dir='ltr'><strong>Qui</strong></span> <span class='ocrx_word' id='word_1_910' title='bbox 3440 5610 3572 5680; x_wconf 72' lang='lat' dir='ltr'><strong>legit</strong></span> 
     </span>
    </p>
   </div>
   <div class='ocr_carea' id='block_1_119' title="bbox 2007 5701 3570 5776">
    <p class='ocr_par' dir='ltr' id='par_1_119' title="bbox 2007 5701 3570 5776">
     <span class='ocr_line' id='line_1_119' title="bbox 2007 5701 3570 5776; baseline -0.005 -13"><span class='ocrx_word' id='word_1_911' title='bbox 2007 5709 2170 5763; x_wconf 85' lang='lat' dir='ltr'><strong>verba</strong></span> <span class='ocrx_word' id='word_1_912' title='bbox 2202 5722 2321 5776; x_wconf 77' lang='lat' dir='ltr'><strong>qua:</strong></span> <span class='ocrx_word' id='word_1_913' title='bbox 2357 5705 2578 5761; x_wconf 89' lang='lat' dir='ltr'><strong>Orosius</strong></span> <span class='ocrx_word' id='word_1_914' title='bbox 2626 5704 2692 5759; x_wconf 91' lang='lat' dir='ltr'><strong>dc</strong></span> <span class='ocrx_word' id='word_1_915' title='bbox 2736 5703 2889 5759; x_wconf 88' lang='lat' dir='ltr'><strong>bellis</strong></span> <span class='ocrx_word' id='word_1_916' title='bbox 2934 5701 3146 5773; x_wconf 84' lang='lat' dir='ltr'><strong>collegit</strong></span> <span class='ocrx_word' id='word_1_917' title='bbox 3169 5702 3570 5772; x_wconf 78' lang='lat' dir='ltr'><strong>per‘hislorias</strong></span> 
     </span>
    </p>
   </div>
  </div>
