3952 6186
446 353 598 411 ὶηΰό
900 409 906 411 ,
1234 333 1617 398 ClIRlSTlANl
1656 327 2058 388 DRUTHMARI

2196 327 2342 381 RBEI
2355 323 2547 380 ENSIS
2585 318 2883 378 MONACI‘H
3551 310 3697 364 1456

439 474 815 534 expavescere
853 455 1048 528 poterit
1088 468 1184 523 pro
1229 449 1393 504 lamis
1439 441 1886 501 tribulationibus.
1938 437 2020 492 Ob
2048 443 2094 499 Α
2120 436 2509 507 perseveraverit
2548 448 2706 502 usque
2739 432 2793 484 in
2832 431 3008 498 ﬁnem.
3055 424 3384 481 Subauditur
3425 423 3478 476 in
3507 423 3616 477 ﬁde
3642 433 3704 477 et

462 515 565 612 bo;
602 515 871 608 tnuniebai
907 545 1162 601 Dominus
1207 555 1352 602 suos,
1393 553 1462 592 ne
1502 535 1840 589 turbarentur
1877 538 1932 585 et
1961 541 2027 582 ne
2129 525 2411 580 dilectione
2440 523 2555 577 Dei.
2595 521 2695 575 Hic
2725 518 2896 574 salvus
2926 517 3039 570 erit.
3082 515 3183 569 Hic
3211 529 3506 584 pronomen
3532 523 3620 567 est
3645 515 3706 568 in

447 649 716 714 ,putareut
757 639 958 694 instare
1001 635 1160 688 finem
1202 628 1404 684 mundi.
1443 625 1626 697 Surget
1659 640 1782 692 gens
1813 622 1868 674 in
1911 636 2032 690 gen-
2130 617 2236 671 isto
2274 615 2408 670 loco.
2458 613 2550 668 Ille
2591 613 2732 666 enim
2771 609 2946 664 salvus
2987 608 3039 660 in
3079 605 3181 660 alia
3212 606 3320 657 vita
3358 604 3484 666 erit,
3509 603 3606 672 qui
3647 604 3705 657 in

450 693 589 797 rem,
629 741 676 786 et
711 744 922 800 regnum
959 727 1203 780 adversus
1246 734 1478 791 regnum.
1609 715 1778 770 Juda‘i
1819 714 1922 767 hoc
1957 710 2034 764 fe-
2134 707 2236 761 ﬁde
2261 705 2639 776 permanserit.
2675 701 2738 754 Et
2763 696 3252 770 pra’dicabiturltoc
3280 693 3621 764 Evangelium
3647 696 3706 746 in

467 783 657 880 uerunt
693 783 947 891 tempore.
985 817 1159 881 Pilati,
1208 822 1264 868 et
1299 783 1528 866 ltomani
1578 805 1739 862 etiam
1789 807 1904 874 ipso
1947 802 2034 856 die
2133 799 2370 852 universo
2392 795 2533 848 orbe.
2562 793 2736 848 Unum
2767 799 2848 844 est
2868 789 3076 857 signum
3105 787 3168 839 de
3201 785 3306 838 fine
3332 785 3536 846 saeculi,
3561 783 3708 852 quod

455 932 576 987 quo
610 916 796 970 beatus
818 883 1013 968 Petrus
1048 905 1284 961 introivit
1312 903 1538 956 Romam
1585 907 1739 953 erant
1792 896 1934 948 inter
1979 908 2036 947 se
2134 899 2261 945 tunc
2285 905 2403 944 esse
2434 889 2593 942 debet
2621 886 2742 939 linis
2779 883 2981 945 saeculi,
3008 897 3132 936 cum
3169 894 3355 932 omnes
3381 886 3572 946 gentes
3606 889 3708 926 au-

463 968 643 1078 ;Jarati
701 1005 752 1058 in
808 1001 965 1061 bello,
1018 996 1108 1052 sed
1161 995 1230 1050 ob
1276 991 1636 1046 reverentiam
1686 986 1858 1042 sancti
1893 983 2036 1038 Petri
2136 983 2332 1038 dierint
2364 979 2708 1047 Evangelium
2759 975 2925 1044 regni.
2974 974 3040 1027 In
3072 971 3422 1025 testimonium
3465 968 3712 1020 omnibus

472 1059 844 1164 inulluspotuit
869 1086 1106 1158 compari
1141 1100 1238 1140 suo
1278 1095 1496 1142 nocere,
1531 1079 1654 1148 quia
1691 1076 2039 1142 obriguerunt
2137 1075 2389 1145 gentibus.
2435 1071 2587 1125 Nulla
2630 1083 2762 1139 gens
2803 1077 2886 1120 est
2927 1066 3028 1119 sub
3065 1063 3202 1118 cado
3227 1078 3346 1132 qum
3374 1077 3478 1114 non
3509 1059 3712 1112 haheat

472 1147 932 1245 eorum'brachia,
972 1147 1026 1234 et
1068 1177 1186 1232 sani
1226 1176 1442 1228 domum
1481 1147 1772 1224 redierunt.
1825 1165 2040 1236 lgnora-
2139 1162 2400 1224 auditum,
2430 1169 2484 1213 et
2513 1158 2720 1213 Domini
2761 1155 2922 1217 facta,
2951 1161 3006 1206 et
3037 1152 3176 1220 quod
3211 1152 3322 1220 ipse
3349 1149 3492 1201 Deus
3534 1154 3566 1199 :t
3595 1147 3714 1214 pln-

474 1281 671 1329 verunt
719 1280 896 1324 tamen
958 1267 1026 1322 ob
1073 1263 1226 1333 cujus
1279 1262 1530 1316 meritum
1594 1256 1781 1312 salvati
1841 1262 2037 1308 essent.
2141 1252 2290 1306 ribus
2329 1251 2598 1311 credatur,
2629 1247 2674 1301 si
2713 1261 2817 1300 non
2849 1258 2944 1314 per
2975 1241 3377 1312 praedicatores,
3406 1248 3591 1292 tamen
3617 1253 3714 1305 per

477 1363 544 1420 Et
572 1362 898 1435 pestilentitr,
925 1370 972 1414 et
1000 1359 1184 1429 fames.
1221 1353 1532 1409 Pestilentia
1563 1357 1646 1404 est
1676 1347 1959 1402 inﬁrmitas
1988 1346 2042 1399 in
2143 1342 2349 1397 vicinas
2374 1348 2581 1404 gentes.
2629 1337 2695 1390 Et
2726 1347 2846 1389 tunc
2872 1336 2966 1388 erit
2995 1331 3394 1386 consummatio.
3427 1328 3717 1382 Nescimus

475 1419 690 1529 populo,
720 1470 840 1524 qua:
867 1419 1191 1522 cum'unum
1241 1441 1652 1516 apprehenderit
1700 1438 1948 1494 celeriter
1976 1435 2045 1490 ad
2137 1432 2248 1502 jam
2280 1441 2491 1500 gentem
2523 1429 2620 1483 sub
2643 1426 2780 1480 cmlo
2813 1427 2867 1478 in
2894 1439 2997 1492 qua
3027 1421 3314 1477 Christiani
3343 1435 3445 1474 non
3477 1419 3717 1472 habean-

472 1513 924 1620 plures'transit.
978 1542 1119 1596 sicut
1176 1513 1376 1592 factum
1427 1535 1648 1604 legimus
1702 1533 1755 1586 in
1809 1540 2047 1599 tempore
2146 1531 2253 1576 tur.
2302 1521 2435 1576 Nam
2474 1529 2528 1574 et
2566 1520 2618 1573 in
2649 1518 2762 1588 Gog
2801 1525 2856 1570 et
2895 1515 2947 1568 in
2977 1513 3179 1583 Magog,
3217 1526 3336 1580 quae
3377 1520 3505 1563 sunt
3526 1517 3719 1578 gentes

479 1599 651 1620 τη---
722 1599 725 1600 ν
1479 1599 1503 1604 -

479 1642 648 1697 sancti
679 1634 942 1709 Gregorii,
977 1642 1032 1688 et
1078 1643 1316 1702 tempore
1364 1628 1553 1693 David,
1596 1623 1810 1696 quando
1848 1622 2049 1676 dicitur
2147 1611 2482 1673 Hunnorum,
2527 1622 2644 1677 quae
2683 1607 2749 1659 ab
2787 1605 2864 1658 Eis
2899 1601 3092 1658 calari
3133 1608 3416 1661 Vocaﬂllll’.
3450 1599 3566 1666 iam
3613 1611 3718 1649 una

2458 1701 2478 1709 -
2565 1701 2575 1709 .
2773 1707 2779 1709 _
2913 1696 2964 1709 ..
3198 1690 3692 1709 “manu”..-

739 1690 1069 1799 percussisse
1109 1690 1386 1794 populum,
1425 1718 1516 1789 qui
1542 1690 1809 1774 diabolus
1850 1711 2047 1768 intelli-
2147 1719 2276 1774 gens
2303 1719 2423 1773 qua:
2454 1701 2644 1756 fortior
2670 1707 2787 1752 erat
2815 1713 2882 1752 ex
2913 1696 2997 1750 his
3025 1709 3159 1764 quas
3185 1691 3490 1747 Alexander
3515 1690 3722 1743 condu-

481 1779 550 1787 ---
591 1779 700 1785 --νη
1111 1779 1128 1794 .
1182 1779 1196 1792 .
1375 1779 1384 1785 .
1443 1779 1458 1789 .

475 1779 646 1894 εἰιῖιιο.
675 1819 760 1874 Fit
787 1833 912 1872 vero
931 1819 1045 1886 ipsa
1081 1815 1248 1886 pestis
1276 1810 1584 1880 frequenter
1616 1807 1738 1861 etin
1774 1803 2053 1858 Palazstina
2081 1796 2126 1855 B
2153 1805 2324 1858 xerat,
2356 1793 2672 1848 circumcisa
2703 1797 2807 1850 est,
2840 1797 2894 1842 et
2921 1799 3133 1840 omnem
3162 1781 3490 1836 Judaismum
3525 1779 3720 1832 obser-

1906 1893 1932 1894 ,,
1977 1892 1986 1894 _
2295 1884 2332 1894 .-.
2377 1885 2387 1894 .
2495 1883 2526 1894 η
2661 1885 2665 1890 ι
2844 1893 2864 1894 η
2909 1877 2920 1888 ·
2969 1885 3007 1894 -.
3056 1873 3151 1894 ξ-.,ξ
3198 1887 3258 1894 ---
3302 1870 3427 1894 2--,.ἒ..
3472 1869 3720 1894 ..ην-σει...»

477 1869 540 1969 2t.
567 1914 618 1968 in
646 1907 816 1966 italia.
852 1869 1002 1964 Unde
1031 1869 1101 1962 et‘
1121 1905 1257 1959 bene
1307 1869 1525 1956 sanctus
1563 1895 1852 1968 Gregorius
1889 1892 2046 1947 dicit:
2154 1896 2261 1940 vat.
2295 1883 2528 1953 Bulgarii
2567 1885 2798 1950 qucque,
2834 1877 2925 1946 qui
2960 1885 3014 1930 et
3055 1873 3154 1943 ipsi
3193 1887 3260 1926 ex
3302 1870 3431 1939 ipsis
3470 1869 3723 1938 gentibus

489 2023 511 2058 ι
569 2001 913 2058 Pcstilentias
971 1998 1085 2053 sine
1132 1993 1432 2067 cessatione
1478 1989 1731 2061 patimur.
1781 2005 1800 2038 ι
1861 1984 2054 2039 Fames
2154 1984 2299 2040 sunt,
2326 1973 2564 2045 quotidie
2599 1971 2956 2040 baptizantur.
3003 1963 3136 2018 Cum
3169 1977 3285 2033 ergo
3323 1959 3563 2014 videritis
3598 1957 3724 2010 abo-

485 2096 668 2168 rnultae
697 2103 824 2152 tunc
852 2087 1088 2152 fuerunt,
1121 2085 1218 2142 sed
1248 2097 1354 2140 una
1391 2047 1492 2136 fuit
1527 2095 1626 2150 per
1650 2086 1823 2132 totum
1867 2074 2055 2129 orbem
2154 2068 2488 2124 minationem
2515 2061 2866 2123 desolationis,
2894 2073 3010 2128 quia
3039 2055 3177 2107 dicta
3206 2061 3279 2106 est
3305 2068 3337 2104 α
3357 2047 3578 2102 Daniele
3607 2063 3728 2117 pra-

1853 2167 1857 2168 ν
1942 2166 1969 2168 υ
2198 2161 2209 2168 -
2376 2165 2382 2168 μ
2468 2165 2476 2168 -
2546 2154 2556 2164 ·
2636 2151 2647 2168 ι
2725 2167 2735 2168 κ
2782 2157 2946 2168 πη-.-
3028 2141 3353 2168 Humanum.
3380 2138 3724 2168 Λαολιαιςηηςε

488 2161 700 2244 decimo
725 2199 867 2244 anno
903 2138 1108 2236 Claudii
1139 2174 1499 2247 imperatoris,
1526 2138 1590 2226 de
1617 2185 1720 2241 qua
1759 2169 1811 2223 in
1837 2166 2057 2221 Actibus
2155 2161 2306 2230 pheta
2340 2165 2507 2210 stante
2539 2154 2592 2206 in
2631 2151 2741 2205 loco
2771 2157 2971 2204 sancto.
3016 2141 3354 2199 Abominatio
3379 2138 3726 2194 desolationis

492 2276 855 2350 apostolorum
887 2271 1100 2342 legitur.
1132 2230 1496 2323 Terrtemotus
1530 2230 1794 2317 innumeri
1836 2258 1962 2322 illic,
2005 2263 2060 2309 et
2159 2251 2358 2308 idolum
2397 2256 2618 2304 vocatur
2655 2245 2708 2298 in
2736 2239 2973 2296 Dauielis
3013 2237 3172 2300 libro,
3217 2235 3284 2289 de
3316 2247 3421 2302 qua
3459 2230 3575 2300 ipse
3603 2243 3728 2298 pro-

1970 2345 1974 2350 ’
2196 2345 2210 2350 ⁸
2357 2343 2368 2350 ⁸
2490 2340 2502 2350 ⁹
2582 2347 2590 2350 ‘
2669 2344 2679 2350 ‘
2850 2349 2859 2350 ί
2892 2332 3029 2350 Π-κ--
3104 2343 3215 2350 Α---αι
3265 2327 3432 2350 Lm"...-
3461 2321 3724 2350 ..:A:..enn.

494 2321 695 2425 filebant
722 2375 776 2422 et
801 2321 1280 2431 ﬁunthliquando
1310 2365 1488 2411 autem
1524 2363 1580 2410 et
1607 2353 1741 2407 fiunt
1775 2351 1869 2404 Dei
1906 2345 2058 2420 jussu
2158 2343 2420 2416 phetavit,
2460 2340 2599 2395 sicut
2634 2344 2688 2392 et
2725 2349 2869 2389 nunc
2892 2332 3054 2392 Deus,
3097 2343 3217 2383 cum
3265 2327 3434 2396 ipsam
3461 2321 3730 2375 vidissent

493 2476 591 2533 pro
626 2459 804 2528 aliquo
851 2457 1020 2526 signo,
1069 2453 1208 2507 sicut
1234 2447 1448 2520 quando
1482 2443 1704 2516 apostoli
1745 2447 2066 2504 oraverunt,‘
2164 2435 2218 2489 in
2258 2431 2478 2500 templo,
2522 2432 2906 2498 cognoscerent
2952 2435 3116 2493 prope
3171 2432 3291 2473 esse
3341 2413 3726 2533 desolationem

1944 2531 1950 2533 λ
2171 2531 2178 2533 -
2311 2521 2343 2533 υ
2429 2528 2438 2533 -
2563 2532 2566 2533 ν
2621 2517 2631 2528 ο
2689 2515 2764 2533 Αη
2849 2512 2973 2533 IL-..
3019 2520 3064 2533 η.
3115 2509 3174 2533 ..1-
3219 2505 3438 2533 2.......εηιι
3531 2501 3726 2533 ...μινῖε

495 2501 553 2610 ξι
588 2501 931 2605 ιθπιέξωοιιιξ
971 2545 1142 2599 factus
1183 2501 1297 2606 esi,
1346 2547 1404 2594 ut
1449 2501 1756 2593 osienderet
1805 2531 2063 2586 Dominus
2164 2521 2348 2592 templi
2391 2528 2447 2575 et
2485 2515 2790 2588 proviueite.
2848 2512 2976 2580 Quae
3014 2520 3071 2565 et
3111 2509 3177 2563 de
3218 2505 3438 2607 imagine
3489 2501 3734 2610 Caesaris

498 2640 620 2714 quia
673 2644 903 2693 terreret
959 2593 1297 2695 incredulos;
1328 2637 1385 2684 et
1425 2626 1738 2682 defenderet
1776 2623 1912 2693 pios.
1955 2619 2066 2674 Ali-
2164 2619 2339 2685 potest
2377 2607 2619 2678 intelligi,
2655 2619 2816 2675 quam
2849 2603 3052 2658 Pilatus
3077 2599 3257 2668 posuit
3292 2596 3343 2650 in
3369 2593 3560 2662 templo
3599 2601 3732 2644 ante

2005 2709 2038 2714 ·-
2204 2704 2215 2714 ·
2259 2704 2269 2714 ·
2320 2703 2349 2714 κο
2473 2701 2485 2712 ·
2688 2713 2699 2714 κ
2774 2711 2847 2714 ν--
2901 2691 3257 2714 ---ι--.μ-ν-εηηε..
3306 2687 3451 2714 ...κιο
3520 2684 3637 2714 ,ινα
3666 2685 3731 2714 Α..

500 2684 716 2801 quando
743 2725 877 2781 fiunt
908 2741 975 2779 ex
1009 2730 1224 2785 eventu,
1252 2718 1394 2790 quod
1422 2725 1613 2777 ventus
1653 2714 1927 2769 inveniens
1955 2709 2068 2765 adi-
2167 2703 2352 2775 viginti
2397 2701 2634 2771 quinque
2681 2711 2851 2750 annos
2897 2691 3260 2748 subversionis
3306 2687 3477 2748 urbis,
3520 2684 3639 2738 sive
3665 2685 3732 2736 de

2389 2792 2400 2801 .
2476 2799 2484 2801 Α
2536 2799 2541 2801 .
2663 2788 2678 2801 Α
2713 2787 2726 2801 ι
2765 2788 2776 2798 ο
2857 2785 2869 2796 ι
2937 2800 2944 2801 ,
2984 2799 3078 2801 ,_A_
3112 2779 3334 2801 h-_-_-__!
3387 2779 3429 2801 -2
3473 2777 3706 2801 l‘.-M“_n

504 2777 711 2801 1-"""'
745 2777 875 2781 ν---η
918 2777 950 2779 -ν
1020 2777 1031 2778 ί
1211 2777 1222 2785 -
1268 2777 1286 2790 ι

504 2831 618 2877 tum
669 2818 972 2894 ingrediens
1017 2815 1117 2870 sub
1162 2821 1344 2877 terra,
1380 2819 1436 2866 et
1491 2809 1616 2880 quia
1668 2806 1936 2876 violentus
1985 2811 2070 2858 est
2169 2792 2402 2865 equestri
2442 2799 2618 2844 statua
2651 2785 2890 2849 Adriani,
2927 2799 3085 2853 quam
3112 2779 3339 2835 Romani
3384 2779 3433 2833 ei
3473 2777 3730 2836 fecerant.

2247 2885 2257 2894 .
2397 2883 2410 2894 .
2442 2883 2456 2894 ι
2512 2880 2542 2894 η
2670 2893 2690 2894 ,,
2776 2892 2821 2894 η-
2846 2891 2890 2894 κ-
2941 2875 2989 2894 2..
3023 2874 3100 2894 ηε-
3152 2871 3478 2894 -ΑΑΙΑ-.-.ιιιι
3506 2867 3730 2894 ...ηυξ-ι...

495 2911 697 2981 ,ιιιιιενὶι
726 2867 928 2966 1έᾱίιιιιῐι
952 2905 1202 2968 exeundi,
1229 2913 1283 2958 et
1322 2903 1418 2957 tali
1451 2867 1609 2956 modo
1646 2873 1927 2954 submovet
1964 2904 2073 2950 ter-
2171 2885 2316 2956 quia,
2347 2883 2414 2938 ad
2442 2880 2637 2936 bellum
2667 2891 2917 2947 pergens,
2941 2875 2995 2928 in
3023 2874 3128 2936 via,
3152 2871 3480 2926 reclamante
3504 2867 3731 2936 quadam

505 2961 640 3058 r'atn.
691 2997 819 3054 lla'c
859 3009 1032 3051 autem
1078 2994 1254 3050 omnia
1300 2993 1451 3048 initia
1493 2999 1615 3046 sunt
1657 2988 1916 3043 delerunt.
1949 2985 2074 3040 lltec
2172 2978 2351 3040 vidua,
2393 2975 2541 3030 stetit
2579 2987 2701 3027 cum
2739 2984 2899 3039 equo,
2932 2970 3101 3022 donec
3137 2966 3187 3020 ei
3225 2963 3491 3034 justitiam
3530 2961 3597 3015 de
3641 2975 3738 3027 0p—

505 3089 685 3146 omnia
721 3087 775 3141 in
800 3085 1078 3140 Palaestina
1111 3083 1276 3138 fuisse
1311 3082 1556 3153 legimus,
1589 3088 1715 3134 ante
1763 3077 2073 3133 subversam
2114 3148 2144 3153 _
2174 3080 2420 3142 pressore
2461 3064 2681 3119 faceret.
2713 3061 2884 3134 Quam
2931 3057 3178 3113 consules
3214 3069 3311 3126 pro
3350 3055 3438 3124 pio
3468 3052 3608 3106 facto
3641 3066 3737 3119 per

506 3178 857 3252 provinciam.
889 3175 1014 3230 llam
1047 3174 1198 3228 initia
1225 3172 1466 3228 dolorum
1502 3169 1739 3234 fuerunt,
1766 3169 1891 3238 quia
1925 3181 2076 3220 acer—
2102 3148 2146 3209 C
2177 3160 2455 3215 universas
2492 3154 2739 3210 civitates
2773 3151 2895 3222 poni
2932 3149 3227 3220 jusserunt,
3263 3155 3312 3199 et
3347 3145 3460 3214 ipsa
3490 3142 3643 3196 stetit
3687 3142 3737 3193 in

509 3273 661 3328 biora
689 3277 810 3336 post
837 3280 1030 3321 venere
1057 3271 1340 3318 tormenta.
1379 3261 1522 3314 Tunc
1552 3261 1755 3313 tradent
1784 3275 1870 3312 vos
1895 3259 1950 3310 in
1977 3257 2076 3312 tri-

511 3361 859 3423 bulationem,
889 3351 955 3412 et
993 3353 1223 3409 occident
1263 3368 1371 3407 vos.
1416 3350 1482 3406 Et
1509 3349 1574 3404 de
1603 3347 1880 3417 apostolis,
1925 3354 1979 3400 et
2013 3345 2079 3398 de

511 3433 874 3523 apostolorum
915 3442 1315 3500 successoribus
1361 3437 1786 3509 intelligendum,
1826 3434 2079 3506 quoniam

514 3538 728 3611 quando
771 3534 1046 3607 provincia
1097 3531 1378 3586 Palaestina
1422 3527 1597 3584 deleta
1659 3533 1777 3589 est,
1827 3523 2082 3596 perpauci

515 3630 764 3686 vivebant
796 3626 862 3682 de
895 3623 1170 3695 apostolis.
1207 3621 1394 3676 Nullus
1421 3627 1598 3674 autem
1640 3631 1706 3671 ex
1738 3616 1843 3671 illis
1878 3617 2086 3671 exierat

517 3719 572 3775 in
592 3717 852 3777 Judteam,
882 3710 1174 3770 Christiani
1214 3717 1394 3764 tamen
1421 3715 1578 3762 erant
1605 3707 1657 3760 in
1687 3703 1890 3770 Iudaea,
1921 3703 2084 3758 etiam

517 3809 656 3866 infra
686 3806 954 3862 civitatem
1003 3802 1153 3858 multi
1205 3801 1440 3867 fuerunt,
1488 3815 1591 3854 non
1638 3787 1818 3853 tamen
1859 3796 2086 3866 legimus

518 3898 670 3970 quod,
703 3896 774 3951 ibi
816 3894 1012 3949 mortui
1051 3891 1278 3956 fuerint,
1323 3891 1446 3959 quia
1488 3887 1715 3942 Romani
1755 3902 1858 3940 non
1900 3883 2087 3955 prohi-

519 3991 754 4048 buerunt
779 3987 945 4042 ullum
970 3986 1137 4048 exire,
1166 3983 1264 4038 nisi
1297 3982 1372 4040 illi
1402 3981 1502 4051 ipsi
1533 3980 1625 4050 qui
1651 3979 1790 4033 intra
1817 3977 2088 4031 civitatem

521 4091 698 4138 erant.
740 4078 808 4134 Et
843 4078 985 4134 eritis
1025 4076 1144 4131 odio
1177 4073 1411 4129 omnibus
1441 4082 1650 4143 propter
1683 4086 1864 4124 nomen
1896 4084 2086 4121 meum.

529 4171 880 4228 Gaudendum
904 4168 1086 4224 odium
1109 4164 1248 4237 quod
1275 4179 1372 4235 pro
1403 4163 1510 4216 Deo
1537 4160 1843 4230 suscipitur.
1879 4159 1957 4213 Ex
1985 4173 2092 4228 qua

529 4271 708 4318 autem
737 4276 796 4314 re
821 4259 948 4329 ipsa:
975 4255 1346 4312 tribulationes
1359 4239 1594 4318 venient,
1621 4249 1938 4314 ostenditur,
1971 4263 2093 4303 cum

528 4361 652 4425 post
677 4349 1000 4405 occisionem
1029 4346 1262 4412 Domini,
1297 4346 1456 4400 etiam
1491 4343 1869 4413 discipulorum
1897 4341 2093 4411 prtedi-

530 4443 673 4498 citur
709 4439 907 4494 futura.
973 4436 1042 4491 Et
1087 4445 1209 4490 tunc
1235 4435 1734 4512 scandalizabuntur
1763 4432 1933 4487 multi.
1971 4431 2094 4486 Sive

533 4538 744 4586 sument
777 4527 1084 4584 scandalum
1123 4535 1309 4580 contra
1337 4524 1612 4594 proximos
1664 4524 1756 4594 qui
1803 4522 2094 4579 Christiani

534 4621 687 4685 fiant,
734 4620 846 4674 sive
889 4619 1188 4671 irascentur
1228 4614 1398 4672 Judaei
1459 4629 1580 4668 cum
1627 4613 1859 4668 viderint
1910 4628 2097 4673 omnes

535 4721 720 4782 gentes
741 4709 814 4763 “in
843 4706 1113 4762 Christum
1142 4704 1381 4768 credere,
1412 4701 1536 4773 quia
1565 4699 1762 4757 Iudaeis
1786 4701 2096 4756 scandalum

535 4808 618 4856 est
639 4799 814 4853 ‘Deum
849 4797 1188 4870 incarnatum
1215 4792 1418 4848 audire.
1452 4790 1520 4844 Et
1553 4790 1768 4844 invicem
1795 4790 2019 4855 tradent,
2051 4799 2100 4844 et

537 4891 657 4950 odio
691 4889 944 4943 habebunt
977 4886 1192 4940 invicem
1224 4884 1414 4956 pagani
1451 4879 1794 4936 Christianos.
1845 4879 1915 4933 Et
1952 4880 2103 4934 multi

535 4979 988 5055 pseudoprophetis
1031 4986 1260 5046 surgent.
1293 4974 1500 5030 Pseudo
1525 4972 1769 5028 Grzncum
1798 4981 1880 5026 est
1921 4981 1976 5026 et
2001 4972 2101 5026 La-

494 5138 506 5150 .
538 5074 648 5128 tine
695 5071 889 5127 dicitur
931 5068 1122 5138 falsus,
1178 5076 1237 5121 ut
1279 5067 1524 5121 Theodas
1569 5073 1622 5120 et
1659 5063 1824 5119 ludas
1851 5063 2102 5120 Galilieus

537 5162 629 5230 qui
671 5161 968 5217 eduxerunt
1012 5156 1266 5228 populum
1309 5164 1430 5226 post
1476 5171 1564 5219 se,
1611 5154 1849 5210 dicentes
1886 5169 1943 5210 se
1983 5170 2102 5210 esse

538 5255 858 5326 prophetas,
907 5253 999 5308 sed
1044 5260 1100 5307 et
1140 5251 1241 5322 ipsi
1288 5251 1568 5321 perierunt
1618 5260 1673 5306 et
1719 5259 1980 5321 quotquot
2022 5252 2102 5307 eis

537 5352 943 5400 consenserunt.
1001 5342 1068 5396 Et
1103 5341 1348 5413 quoniam
1392 5340 1669 5396 abundavit
1715 5342 1983 5412 iniquitas,
2023 5359 2104 5395 re—

538 5434 772 5504 frigescet
804 5434 1031 5487 charitas
1058 5431 1357 5486 multorum.
1396 5432 1477 5486 Ad
1504 5431 1821 5487 Antichristi
1863 5443 2102 5504 tempora

539 5524 643 5579 iste
674 5525 970 5580 versiculus
1007 5526 1268 5596 pertinet,
1297 5524 1508 5593 quando
1550 5523 1863 5594 refrigescet
1891 5526 2102 5582 dilectio

539 5613 988 5681 Christianorum,
1027 5628 1082 5671 et
1119 5615 1272 5670 multi
1321 5615 1591 5669 dimittent
1619 5602 2100 5680 Cliristianitatem,

541 5711 598 5756 et
631 5712 1009 5760 convertentur
1051 5707 1116 5760 ad
1164 5707 1330 5773 ipsius
1382 5705 1730 5760 voluntatem.
1783 5705 1886 5771 Qui
1928 5717 2100 5760 autem

2177 3249 2373 3320 templo
2394 3246 2880 3318 Hierosolymorum
2907 3250 3028 3296 ante
3052 3239 3468 3295 destructionem
3482 3234 3740 3294 civitatis,

2177 3356 2338 3411 quam
2373 3340 2486 3409 ipse
2507 3338 2771 3392 Adrianus
2807 3333 2953 3396 fecit,
2985 3332 3076 3402 qui
3113 3329 3348 3384 secundo
3390 3326 3616 3382 rebelles
3652 3323 3739 3377 Ju-

2179 3430 2322 3486 daeos
2356 3428 2544 3482 ultima
2571 3425 2713 3482 caade
2753 3423 3078 3495 perdomuit,
3105 3428 3158 3474 et
3189 3419 3243 3472 in
3274 3417 3380 3472 alio
3415 3417 3533 3471 loco
3573 3415 3740 3483 ipsam

2181 3521 2455 3576 civitatem
2505 3516 2758 3573 mdificari
2803 3513 3057 3585 praecepit
3079 3551 3093 3575 ,
3132 3519 3184 3564 et
3215 3509 3386 3562 Eliam
3415 3506 3653 3560 vocavit.
3687 3515 3745 3558 et

2180 3611 2452 3682 prohibuit
2483 3610 2555 3664 ibi
2580 3607 2792 3664 Judxeos
2821 3603 3048 3676 ingredi.
3075 3601 3141 3656 Et
3170 3599 3236 3654 ad
3260 3599 3577 3653 Antichristi
3605 3607 3745 3650 tem-

2182 3718 2313 3774 pora
2344 3711 2518 3772 potest
2547 3697 2756 3763 referri,
2783 3696 2908 3766 quia
2935 3695 3141 3764 jubebit
3166 3708 3224 3747 se
3252 3691 3467 3746 adorari
3500 3706 3593 3760 pro
3633 3689 3746 3742 Deo

2183 3792 2566 3863 omnipotente,
2597 3790 2759 3844 etiam
2787 3788 3005 3850 mundo,
3034 3785 3173 3840 sicut
3207 3783 3283 3836 ait
3313 3782 3619 3852 Apostolus.
3647 3781 3748 3833 Se—

2185 3884 2330 3939 debit
2367 3883 2419 3936 in
2463 3879 2662 3950 templo
2703 3878 2993 3934 ostendens
3035 3885 3291 3944 tanquam
3341 3873 3454 3942 ipse
3497 3874 3567 3950 sit
3609 3873 3750 3926 [his

2185 3991 2333 4046 quem
2368 3974 2620 4027 Dominus
2646 3970 2799 4025 Iesus
2829 3968 3099 4037 interﬁciet
3127 3967 3313 4038 spiritu
3339 3967 3444 4020 oris
3468 3949 3633 4020 sui'et
3659 3967 3750 4018 de-

2182 4075 2348 4124 struet
2381 4065 2730 4119 illustratione
2749 4062 2998 4116 adventus
3022 4061 3124 4114 sui.

2261 4158 2404 4213 Tunc
2431 4159 2519 4224 qui
2557 4156 2612 4208 in
2627 4153 2829 4208 Judtea
2862 4162 2981 4207 sunt
3022 4151 3225 4222 fugiant
3260 4150 3328 4204 ad
3356 4158 3571 4203 montes.
3604 4146 3755 4202 Tunc

2191 4249 2257 4306 ad
2277 4249 2378 4303 hoc
2406 4244 2623 4316 respicit
2641 4262 2653 4297 :
2670 4243 2804 4298 Cum
2830 4242 3076 4297 venerint
3098 4256 3160 4296 ea
3188 4256 3307 4311 qua:
3333 4240 3587 4309 praedico.
3615 4239 3753 4306 Qui:

2192 4341 2271 4396 sic
2294 4339 2466 4394 Lucas
2498 4339 2684 4391 narrat
2713 4353 2725 4388 :
2752 4333 2880 4389 Cum
2909 4334 3139 4387 videritis
3182 4332 3246 4386 ab
3277 4334 3506 4386 exercitu
3534 4332 3759 4384 circum-

2195 4435 2313 4489 dari
2336 4421 2773 4500 Hierosolymam,
2818 4438 2939 4482 tunc
2967 4427 3056 4499 qui
3085 4429 3139 4481 in
3163 4424 3357 4480 Judwa
3399 4434 3520 4478 sunt
3551 4425 3757 4494 fugiant

2197 4527 2266 4579 ad
2287 4534 2504 4587 montes,
2531 4521 2778 4587 videlicet
2803 4536 2867 4575 ne
2893 4519 3230 4575 includantur
3258 4519 3309 4572 in
3335 4517 3426 4572 illa
3457 4517 3758 4572 obsidione.

2197 4616 2333 4671 Nam
2369 4616 2416 4669 si
2439 4613 2528 4681 tilli
2561 4612 2651 4682 qui
2695 4611 2885 4666 inclusi
2928 4610 3126 4665 fuerint
3168 4611 3309 4664 scire
3347 4623 3447 4678 pro
3484 4616 3637 4661 certo
3668 4622 3756 4675 po-

2202 4705 2657 4782 tuissent’exitum
2685 4703 2786 4768 rei,
2812 4701 2958 4757 nullo
2986 4700 3144 4756 modo
3170 4715 3228 4754 se
3255 4700 3387 4754 inibi
3416 4698 3762 4754 clausissent.

2202 4798 2314 4854 Hoc
2367 4813 2492 4854 vero
2535 4798 2821 4869 Evangelio
2869 4796 3022 4851 multi
3076 4795 3504 4851 Christianorum
3559 4791 3759 4850 edocti.

2203 4904 2324 4943 cum
2371 4889 2625 4944 viderunt
2667 4886 3092 4958 appropinquare
3135 4885 3342 4940 hostem
3373 4882 3766 4944 Romanorum,

2202 4979 2550 5046 decesserunt
2598 4987 2750 5033 trans
2794 4976 3081 5032 Iordanem
3135 4975 3189 5029 in
3243 4989 3466 5045 regnum
3489 4971 3762 5043 Agrippr.

2202 5077 2257 5126 et
2295 5069 2430 5124 nihil
2476 5069 2708 5124 laesionis
2753 5070 3075 5124 habuerunt.
3133 5067 3307 5121 Etiam
3364 5064 3600 5136 apostoli
3651 5064 3762 5134 jam

2201 5176 2365 5232 prope
2402 5161 2576 5216 adhuc
2623 5160 2894 5215 vivebant.
2951 5159 3008 5214 Si
3057 5157 3368 5228 spiritaliter
3417 5156 3555 5210 velis
3607 5156 3767 5215 scire,

2201 5262 2353 5322 potes
2400 5251 2581 5306 omnia
2631 5250 2716 5304 illa
2781 5250 2846 5304 ad
2890 5250 3124 5304 hatreses
3170 5246 3372 5304 referre
3419 5254 3473 5301 et
3521 5256 3765 5316 peccata.

2205 5345 2334 5410 Quae
2381 5359 2501 5398 cum
2545 5343 2744 5397 videris
2793 5357 3018 5414 regnare
3062 5355 3222 5409 super
3263 5355 3357 5394 eos
3397 5338 3490 5408 qui
3527 5337 3771 5408 magistri

2207 5435 2460 5490 Ecclesia:
2499 5450 2618 5490 esse
2658 5435 2870 5498 debent,
2913 5445 3033 5488 tunc
3071 5434 3160 5504 qui
3194 5433 3248 5486 in
3270 5432 3462 5486 Judtea
3495 5443 3641 5494 sunt,
3669 5432 3771 5485 hoc

2206 5538 2288 5582 est
2332 5528 2384 5580 in
2423 5525 2759 5581 confessione
2797 5540 2938 5579 vera:
2975 5524 3128 5587 fidei,
3179 5522 3437 5576 festinent
3478 5521 3772 5576 ascendere

2209 5617 2274 5672 ad
2306 5625 2513 5671 montes
2546 5615 2822 5669 virtutum.
2855 5613 2921 5667 Et
2955 5613 3034 5666 illi
3062 5615 3150 5684 qui
3177 5628 3336 5681 supra
3367 5609 3776 5664 tectudeeat

2209 5707 2299 5765 aui
2340 5707 2672 5760 transierunt
2707 5705 2886 5759 animo
2931 5703 3188 5768 carnalia,
3218 5718 3323 5758 non
3349 5700 3662 5756 descendant
3701 5699 3773 5753 ad
