3952 6186
294 310 425 367 “57

1442 305 1803 364 EXPOSITIO
1839 305 1906 362 IN
1945 306 2379 366 MATTHIEUM.

3386 318 3522 377 ms

289 422 544 495 pristinos
593 429 747 475 actus
800 419 1083 475 mundana:
1144 394 1583 474 conversationis.
1647 417 1713 472 Et
1761 418 1849 488 qui
1877 419 1927 478 Α
1953 416 2186 486 loquitur
2219 404 2494 482 Dominus,
2527 426 2667 475 utet
2711 417 3076 480 tribulationis
3101 425 3528 497 magnitudinem

290 511 622 584 operatur‘in
670 526 818 581 agro,
863 510 954 579 qui
996 509 1307 577 intelligitur
1329 509 1592 576 Ecclesia,
1633 526 1737 569 non
1768 524 1853 563 re-

290 604 480 676 spiciat
511 602 565 657 in
599 609 767 667 retro,
806 604 874 656 ad
904 616 967 657 ea
995 617 1116 673 qua:
1153 608 1374 671 propter
1410 600 1576 655 Deum
1615 600 1852 669 reliquit,

291 696 382 750 sed
412 692 598 748 tendat
631 706 844 762 semper
876 693 942 747 ad
971 692 1297 763 propositam
1330 692 1509 747 ﬁdem.
1561 690 1654 746 Va:
1681 702 1857 746 autent

289 786 674 858 pra'gnantibus
705 794 753 840 et
781 786 1145 840 nutrientibus.
1185 783 1320 850 Quia
1350 784 1536 855 fugere
1563 800 1668 839 non
1710 784 1856 840 vale-

291 878 456 932 bunt:
490 876 631 932 sicut
676 875 903 945 legimus
940 874 1006 930 de
1047 874 1257 931 nutrice
1302 875 1678 945 Miphibosetb.
1729 873 1857 941 Ome

291 984 410 1022 cum
442 966 677 1020 audisset
709 965 854 1034 quod
890 974 1133 1020 mortuus
1164 973 1309 1021 esset
1337 963 1466 1019 Saul
1494 973 1549 1020 et
1572 963 1857 1028 Jonatlias,

294 1058 587 1114 festinabat
617 1056 801 1127 fugere
827 1072 949 1111 cum
981 1054 1203 1120 infante,
1233 1055 1535 1126 ceciditque
1565 1071 1687 1109 cum
1719 1055 1858 1124 ipso,

292 1163 345 1209 et
371 1151 595 1207 claudus
630 1150 851 1207 effectus
878 1158 979 1204 est.
1021 1149 1271 1221 Legimus
1297 1148 1458 1204 etiam
1496 1148 1619 1217 quia
1660 1148 1711 1201 in
1745 1147 1858 1217 ipsa

293 1244 574 1298 obsidione
616 1241 780 1296 Maria
830 1241 1024 1296 nobilis
1070 1250 1125 1296 et
1168 1240 1429 1311 praedives
1473 1240 1738 1310 quondam
1784 1239 1861 1294 fe-

294 1336 458 1399 mina,
496 1348 615 1404 qum
644 1342 769 1388 ante
793 1334 881 1386 vix
919 1332 1129 1388 valebat
1170 1333 1417 1388 incedere
1457 1348 1620 1401 super
1662 1340 1858 1385 terram

292 1441 402 1495 pne
449 1423 613 1479 nimia
661 1421 1037 1488 teneritudine,
1094 1422 1146 1476 in
1196 1422 1309 1493 ipsa
1360 1421 1637 1477 obsidione
1694 1420 1858 1477 ﬁlium

295 1531 450 1571 suum
481 1515 719 1585 quinque
745 1514 862 1569 dies
903 1514 1185 1569 habentem
1215 1513 1529 1569 comederit.
1577 1513 1738 1567 Orate
1763 1530 1861 1567 au-

295 1619 396 1663 tem
428 1626 492 1662 ne
517 1609 643 1678 fuga
678 1618 844 1663 uestra
872 1608 927 1661 in
955 1608 1120 1661 hieme
1150 1589 1227 1662 ite!
1260 1606 1314 1661 in
1342 1606 1555 1661 sabbato
1576 1606 1690 1675 ﬁat.
1723 1605 1858 1672 Quia

297 1696 351 1752 in
401 1697 579 1752 hieme
623 1696 807 1768 fugere
835 1696 1030 1751 malum
1057 1704 1220 1760 esset,
1250 1698 1320 1752 ob
1345 1696 1533 1767 frigus.
1560 1696 1618 1750 ln
1640 1696 1864 1752 sabbato

1955 510 2217 581 designet,
2248 518 2304 564 et
2338 509 2564 565 liberum
2610 511 2787 567 inesse
2843 513 3049 569 homini
3097 528 3361 577 monstret
3397 523 3529 579 affe—
3594 572 3601 578 .

1954 610 2120 656 ctum.
2174 599 2307 656 Nam
2356 601 2528 657 ﬁdelis
2574 610 2629 658 et
2659 603 2705 657 si
2740 604 2809 658 ad
2842 605 3033 661 horam
3064 610 3316 667 seductus
3340 610 3523 679 fuerit,

1954 700 2130 753 tamen
2160 691 2269 746 cito
2298 698 2564 762 resurget,
2593 700 2653 746 ut
2680 692 2869 750 beatus
2900 693 3111 752 Petrus.
3142 697 3277 755 Ecce
3301 703 3529 773 prirdixi

1956 781 2116 836 vobis.
2138 779 2336 835 Tribus
2359 780 2564 836 vicibus
2586 781 2640 835 in
2671 782 2771 837 ista
2804 784 3177 843 maledictione
3209 788 3527 860 replicatum

1956 868 2136 931 habet.
2189 874 2248 922 ut
2290 884 2397 923 non
2443 868 2746 926 auscultent
2792 873 3055 930 malorum
3086 879 3411 938 suasionem.
3463 880 3525 938 Si

1955 973 2076 1027 ergo
2126 957 2351 1011 dixerint
2374 960 2513 1013 vobis
2545 977 2563 1014 :
2587 959 2723 1015 Ecce
2750 962 2801 1015 in
2828 963 3028 1019 deserto
3053 978 3149 1033 est,
3177 968 3333 1025 nolite
3361 971 3525 1027 exire.

1956 1046 2031 1101 ibi
2066 1046 2287 1102 abduxit
2315 1048 2562 1105 Theodas
2615 1052 2892 1122 populum,
2922 1049 3523 1133 ille'pseudopfopheta.

1958 1134 2092 1193 Ecce
2140 1139 2193 1193 in
2245 1142 2611 1208 penetralibus,
2642 1143 2692 1199 id
2741 1153 2824 1201 est
2866 1148 2918 1202 in
2964 1152 3185 1210 secretis
3226 1155 3523 1226 aliquibus:

1960 1229 2116 1283 nolite
2141 1231 2368 1284 credere.
2413 1231 2743 1303 Spiritaliter
2772 1238 3012 1296 Ecclesia
3050 1245 3333 1312 catholica,
3365 1249 3418 1306 id
3444 1260 3530 1306 est

1959 1322 2299 1385 universalis,
2328 1340 2436 1379 non
2485 1325 2819 1384 solummodo
2864 1331 2918 1385 in
2966 1330 3165 1399 Africa,
3204 1348 3292 1393 aut
3338 1339 3390 1396 in
3421 1342 3528 1399 alio

1960 1413 2176 1482 speciali
2208 1413 2350 1481 loco,
2376 1416 2459 1471 vel
2489 1417 2541 1470 in
2588 1420 2950 1488 penetralibus
2980 1426 3379 1493 haereticorum,
3430 1435 3526 1489 sed

1960 1518 2056 1573 per
2076 1506 2380 1561 universum
2407 1507 2683 1573 mundum,
2716 1514 2840 1581 quia
2872 1512 2992 1571 ideo
3031 1520 3317 1586 catholica,
3349 1523 3400 1578 id
3441 1534 3528 1581 est

1960 1593 2299 1662 universalis,
2317 1588 2535 1652 dicitur.
2549 1597 2700 1654 Sicut
2718 1602 2852 1654 enim
2876 1601 3054 1675 fulgur
3072 1609 3178 1662 exit
3198 1612 3261 1665 ab
3290 1611 3522 1683 Oriente,

1961 1692 2008 1738 et
2058 1695 2271 1755 apparet
2318 1702 2480 1757 usque
2512 1688 2581 1741 ad
2624 1686 2975 1759 Occidentem,
3010 1696 3083 1749 ita
3128 1700 3225 1753 erit
3276 1704 3524 1763 adventus

297 1787 342 1844 si
382 1786 610 1859 fugeret,
655 1787 1119 1858 trausgrederetur
1161 1787 1352 1859 legem.
1400 1787 1456 1843 Si
1491 1796 1660 1843 staret
1692 1803 1861 1843 more-

1963 1773 2059 1843 ﬁlii
2088 1775 2329 1830 hominis.
2354 1776 2469 1831 Non
2492 1779 2634 1832 enim
2662 1781 3139 1846 venitabsconsus.
3166 1790 3255 1858 qui
3279 1791 3331 1846 in
3347 1780 3532 1863 prima

298 1888 467 1942 retur,
514 1887 575 1933 ut
609 1878 895 1934 Machahtei
947 1878 1207 1957 fecerunt.
1267 1879 1470 1957 Tamen
1517 1880 1734 1950 quando
1761 1879 1860 1934 Ve—

297 1971 579 2038 spasianus
627 1972 679 2025 in
725 1970 1054 2041 provinciam
1096 1952 1262 2037 venit,
1304 1954 1464 2028 testas
1505 1973 1699 2036 inerat,
1736 1971 1862 2043 quia

298 2060 412 2129 ipso
455 2061 542 2116 die
575 2060 794 2116 Pascha:
824 2061 978 2117 Titus
1024 2062 1089 2116 ad
1116 2059 1413 2118 Jerusalem
1459 2063 1704 2119 accessit.
1757 2062 1863 2118 Sed

296 2151 508 2208 obsidio
551 2151 849 2207 Jerusalem
897 2168 993 2222 per
1037 2153 1173 2208 duos
1221 2169 1391 2210 annos
1435 2154 1687 2209 continua
1738 2152 1861 2208 fuit.

298 2241 416 2296 Erit
454 2245 592 2297 enim
634 2252 757 2297 tunc
803 2243 1072 2298 tribulatio
1120 2261 1309 2315 magna
1348 2245 1519 2317 qualis
1545 2262 1647 2300 non
1673 2246 1771 2315 fuit
1796 2244 1862 2299 ab

316 2335 469 2388 initio
502 2335 557 2390 in
590 2336 784 2390 mundo
816 2353 975 2407 usque
1003 2337 1179 2403 modo,
1206 2354 1367 2410 neque
1388 2338 1499 2408 ﬁet.
1527 2339 1596 2393 Et
1622 2339 1689 2394 de
1720 2338 1865 2394 obsi—

297 2426 456 2481 dione
502 2426 807 2483 Judzeorum
862 2437 1039 2497 potest
1097 2429 1355 2500 intelligi,
1405 2430 1531 2500 quia
1590 2444 1861 2499 nunquam

296 2520 435 2590 apud
465 2521 582 2577 illos
610 2522 882 2576 tribulatio
909 2522 1030 2587 fuit,
1052 2522 1192 2577 sicut
1213 2523 1354 2593 apud
1380 2523 1524 2593 ipsos
1544 2523 1634 2591 qui
1664 2522 1716 2576 in
1747 2522 1862 2593 ipsa

298 2611 581 2666 obsidione
625 2610 859 2667 fuerunt.
880 2612 996 2667 Non
1034 2612 1176 2668 enim
1204 2611 1462 2671 remansit
1490 2613 1662 2677 canis,
1690 2628 1865 2683 neque

297 2718 425 2773 pars
461 2705 593 2760 eorii
630 2704 685 2759 in
720 2705 879 2767 ostio,
909 2713 1003 2760 aut
1040 2704 1093 2761 in
1123 2704 1302 2774 aliquo
1338 2705 1529 2775 jaccns
1571 2705 1705 2762 loco.
1743 2704 1862 2760 Vivi

300 2794 522 2849 abibant
565 2795 809 2850 homines
858 2795 913 2849 in
960 2795 1222 2864 sepulcris
1266 2804 1322 2852 et
1366 2796 1440 2851 ibi
1480 2796 1864 2866 exspectabant

298 2892 549 2939 mortem.
582 2877 746 2954 Troia
782 2885 966 2940 decem
1014 2886 1170 2939 annis
1219 2886 1437 2940 obsessa
1480 2895 1585 2950 est,
1614 2887 1709 2942 sed
1748 2901 1862 2942 non

299 2976 371 3032 ibi
406 2984 554 3030 tanta
583 2976 719 3031 mala
745 2976 1068 3032 sustinuere.
1106 2976 1170 3030 Et
1208 2977 1273 3031 ad
1304 2976 1618 3032 Antichristi
1650 2986 1863 3048 tempus

295 3079 445 3124 recte
484 3077 663 3138 potest-
701 3068 894 3140 ap'tari,
941 3066 995 3122 in
1030 3082 1137 3137 quo
1178 3067 1448 3121 tribulatio
1491 3068 1864 3124 inenarrabilis

297 3159 435 3224 erit,
483 3160 606 3230 quia
654 3175 761 3214 non
805 3159 975 3214 solum
1022 3166 1290 3213 tormenta
1338 3159 1545 3230 ingeret
1586 3161 1864 3216 acerbiora

299 3248 520 3311 sanctis,
552 3250 646 3303 sed
687 3248 919 3319 etsigna
962 3249 1127 3302 multa
1166 3246 1344 3312 faciet,
1374 3257 1429 3302 et
1460 3249 1597 3304 dona
1633 3249 1862 3320 plurima

300 3340 480 3403 dabit,
525 3337 591 3393 ad
626 3339 954 3395 seducendos
984 3338 1335 3394 Christianos.
1368 3338 1436 3393 Et
1462 3341 1561 3394 nisi
1585 3340 1865 3395 abbreviati

299 3440 465 3483 essent
499 3428 608 3482 dies
643 3428 745 3492 illi,
782 3444 882 3481 non
910 3427 1054 3497 fieret
1088 3427 1230 3482 salva
1267 3429 1434 3482 omnis
1472 3445 1615 3483 caro.
1654 3428 1863 3483 Abbre-

300 3519 506 3582 viatos,
556 3518 925 3582 dicitur,.non
965 3532 1247 3582 mensura,
1299 3518 1393 3573 sed
1442 3534 1683 3574 numero.
1739 3518 1865 3576 Haec

300 3610 449 3665 enim
480 3608 751 3664 tribulatio
774 3616 975 3677 quanto
997 3608 1207 3663 czeteris
1233 3609 1461 3678 gravior.
1484 3617 1635 3664 tanto
1661 3618 1866 3681 tempo-

304 3701 381 3755 ris
409 3701 672 3755 brevitate
710 3700 1033 3755 moderatior
1058 3708 1143 3755 est
1174 3698 1384 3765 futura;
1418 3708 1674 3769 quantum
1712 3717 1865 3755 nam-

303 3803 407 3859 que
433 3804 499 3844 ex
528 3790 783 3858 propheta
811 3790 1045 3846 Danielis
1074 3801 1128 3847 et
1157 3791 1475 3863 Apocalypsi
1506 3791 1725 3862 intelligi
1764 3790 1863 3846 da-

304 3891 393 3935 tor
441 3880 612 3934 triluis
666 3881 823 3935 annis
868 3889 923 3935 et
961 3881 1182 3939 dimidio
1225 3884 1337 3954 ipsa
1387 3882 1465 3939 sie
1508 3882 1861 3954 grassabitur.

302 3970 440 4031 Nam
477 3970 593 4025 dies
626 3969 814 4040 aequali
864 3986 1126 4027 mensura.
1162 3989 1375 4044 semper
1418 3980 1595 4037 erunt,
1632 3981 1692 4027 ut
1719 3971 1864 4027 Psal-

304 4062 463 4115 mista
487 4061 650 4115 dicit:
678 4058 1019 4117 Ordinatione
1042 4074 1133 4118 tua
1166 4075 1490 4132 perseverant
1511 4064 1640 4119 dies.
1673 4064 1778 4120 Sed
1809 4065 1861 4119 in

303 4167 531 4208 numero
556 4152 710 4221 pauci
738 4152 1012 4208 constituti
1044 4162 1186 4217 sunt,
1215 4154 1285 4209 ‘in
1320 4152 1514 4225 quibus
1546 4154 1701 4210 electi
1738 4168 1864 4222 pro-

303 4242 574 4297 babuntur
599 4253 654 4299 et
681 4244 805 4300 mali
837 4243 1341 4300 manifestabuntur.

377 4331 419 4385 Τ
421 4349 520 4387 unc
540 4334 585 4386 si
614 4334 730 4405 quis
758 4335 946 4389 dixerit
979 4348 998 4386 :
1024 4351 1139 4389 ecce
1173 4334 1281 4389 illic
1326 4333 1579 4397 Christus,
1633 4344 1723 4389 aut
1754 4334 1864 4389 illic

306 4421 464 4476 nolite
503 4424 727 4479 credere.
756 4424 1007 4481 Christus
1030 4440 1136 4480 non
1162 4424 1335 4480 solum
1385 4424 1642 4480 Dominus
1678 4435 1863 4481 noster

305 4511 394 4567 hic
438 4511 824 4584 intelligendus,
867 4515 961 4570 sed
986 4525 1042 4569 et
1067 4530 1164 4570 rex
1191 4514 1515 4578 Judaeorum,
1541 4516 1666 4585 quia
1691 4514 1860 4571 Judcci

305 4601 385 4655 sic
419 4602 757 4672 appellabant
783 4619 956 4676 reges.
992 4604 1060 4659 Et
1088 4604 1305 4660 fuerunt
1336 4604 1487 4659 multi
1515 4615 1643 4662 tunc
1666 4605 1759 4675 qui
1802 4621 1862 4662 se

304 4689 551 4745 Christos
583 4692 852 4759 dixerunt,
881 4694 971 4764 qui
1000 4694 1283 4749 voluerunt
1315 4710 1436 4751 esse
1458 4710 1630 4765 reges,
1654 4696 1699 4751 si
1735 4705 1862 4752 tunc

305 4783 608 4848 potuissent
631 4772 910 4841 victoriam
956 4800 1167 4856 capere.
1196 4787 1263 4841 Et
1302 4787 1353 4842 in
1383 4787 1498 4858 ipsa
1525 4788 1740 4844 civitate
1770 4787 1863 4843 Je-

305 4874 541 4928 rusalem
590 4883 698 4931 tres
725 4885 879 4932 erant
919 4877 1009 4949 qui
1055 4893 1115 4933 se
1159 4893 1313 4948 reges
1339 4878 1607 4933 dicebant.
1640 4876 1863 4949 Surgent

307 4964 443 5017 enim
512 4965 965 5037 pseudopropheta:
1023 4977 1071 5022 et
1115 4968 1510 5038 pseudocltristi,
1569 4979 1620 5023 et
1662 4969 1862 5024 dabunt

305 5056 454 5125 signa
480 5062 671 5127 inagna
700 5066 749 5110 et
772 5058 1032 5128 prodigia,
1064 5060 1138 5112 ita
1176 5067 1231 5112 ut
1259 5060 1312 5112 in
1343 5076 1569 5113 errorem
1610 5059 1866 5113 inducan-

306 5156 413 5209 tur,
441 5147 487 5200 si
518 5146 634 5216 μή
684 5158 868 5218 potest,
897 5150 1053 5203 etiam
1088 5149 1253 5203 electi.
1283 5150 1359 5204 De
1386 5152 1626 5222 utrisque
1658 5162 1863 5220 tempo-

308 5228 457 5287 ribus
483 5242 704 5301 possunt
727 5234 841 5289 luec
869 5233 1010 5287 dicta
1039 5235 1226 5303 accipi,
1259 5236 1353 5289 sed
1390 5235 1579 5290 melius
1606 5238 1673 5290 ad
1712 5236 1865 5290 Anti-

309 5323 498 5379 christi
544 5334 752 5395 tempus
796 5324 1096 5390 referimus,
1156 5327 1208 5380 in
1251 5342 1357 5396 quo
1403 5344 1506 5382 non
1548 5328 1718 5383 solum
1753 5328 1865 5397 ipse

313 5412 472 5470 faciet
496 5418 658 5473 multa
685 5418 852 5489 signa,
886 5418 979 5474 sed
1018 5426 1072 5474 et
1097 5419 1328 5474 ministri
1364 5419 1498 5487 ejus.
1532 5419 1693 5490 Cujus
1722 5423 1862 5477 enim

314 5501 447 5557 ﬁdes
477 5513 603 5561 tunc
651 5523 756 5562 non
787 5507 1056 5570 titubabit,
1106 5509 1318 5577 quando
1356 5509 1557 5564 videbit
1597 5511 1865 5568 crudelem

313 5602 710 5662 persecutorem
737 5597 885 5669 signa
910 5595 1120 5653 facere?
1151 5596 1237 5651 Ita
1263 5612 1317 5652 ut
1362 5599 1417 5652 in
1452 5616 1678 5655 errorem
1712 5603 1868 5657 indu-

314 5685 713 5759 cantur,siyiert'
735 5698 918 5758 potest,
945 5688 1098 5744 etiam
1145 5688 1310 5747 electi.
1350 5689 1653 5750 Dubitantis
1675 5691 1864 5749 aﬁ'ectu

1886 4467 1940 4527 D

1961 1862 2240 1934 maiestate
2271 1867 2443 1923 celata
2491 1869 2631 1924 nube
2654 1873 2833 1928 carnis
2860 1878 3126 1946 apparuit.
3166 1879 3271 1935 Per
3297 1862 3525 1955 ﬁguram

1960 1972 2081 2026 qua:
2113 1957 2230 2012 idea
2282 1958 2496 2025 dicitur,
2537 1961 2791 2017 describit
2840 1980 2994 2021 stium
3053 1969 3359 2028 adventum.
3405 1974 3523 2033 Non

1959 2051 2068 2105 erit
2118 2065 2337 2107 necesse
2387 2052 2442 2106 in
2495 2065 2707 2109 secreto
2757 2072 3019 2126 quaerere,
3066 2064 3157 2133 qui
3212 2067 3526 2126 manifestus

1961 2139 2211 2197 omnibus
2260 2149 2315 2196 et
2360 2142 2615 2198 terribilis
2648 2154 2708 2200 ut
2752 2146 2932 2219 fulgur
2970 2155 3267 2222 apparebit.
3325 2158 3526 2231 Fulgur

1963 2231 2141 2286 neutri
2169 2232 2355 2302 generi
2382 2248 2577 2289 nomen
2604 2244 2709 2301 est,
2733 2252 2833 2293 nec
2861 2240 3021 2297 habet
3040 2260 3070 2297 ο
3093 2245 3145 2298 in
3173 2248 3522 2320 nominativo,

1962 2324 2056 2379 sed
2081 2332 2387 2395 correptum
2419 2342 2473 2380 u.
2496 2326 2595 2382 Est
2618 2337 2796 2384 autem
2828 2331 2971 2387 aliud
3000 2349 3190 2391 nomen
3217 2340 3359 2409 quod
3385 2341 3524 2398 dici-

1963 2424 2052 2471 tur
2078 2416 2253 2488 fulgor
2294 2418 2539 2490 fulgoris,
2589 2436 2687 2492 per
2726 2441 2756 2478 ο
2780 2426 3119 2496 productum,
3167 2438 3221 2487 et
3266 2433 3544 2505 accipitur

1959 2523 2059 2599 pro
2085 2508 2387 2599 splendore.
2411 2508 2714 2584 Ubicunque
2736 2514 2894 2584 fuerit
2925 2533 3127 2589 corpus,
3162 2520 3291 2576 illuc
3316 2540 3531 2595 congre-

1961 2598 2225 2668 gabuntur
2249 2609 2299 2653 et
2340 2600 2549 2671 aquilae.
2576 2602 2677 2659 Dat
2697 2606 2999 2677 exemplum
3014 2609 3081 2665 de
3104 2625 3163 2666 re
3187 2611 3439 2669 inferiori»
3457 2616 3543 2671 ad.-

1964 2685 2272 2744 inferiorem
2300 2704 2398 2760 per
2423 2693 2657 2762 speciem
2683 2696 2950 2766 parabolze
2983 2717 2997 2752 :
3024 2701 3168 2770 quod
3195 2702 3336 2757 sicut
3371 2706 3525 2775 aqui—

1962 2778 2029 2835 lae
2054 2788 2205 2836 trans
2227 2797 2377 2838 mare
2414 2783 2667 2840 dicuntur
2691 2787 2891 2843 sentire
2915 2789 3200 2856 cadavera,
3224 2801 3278 2848 et
3314 2791 3439 2851 illuc
3465 2810 3525 2851 se

1962 2885 2309 2943 congregare,
2355 2875 2601 2931 similiter
2631 2876 2684 2930 in
2709 2877 2798 2932 illa
2835 2879 2922 2934 die
2945 2896 3135 2937 omnes
3160 2883 3361 2941 electos
3400 2901 3527 2942 cum

1963 2961 2189 3018 Domino
2237 2979 2357 3020 esse
2391 2967 2788 3036 coadunandos,
2836 2970 3144 3042 signiﬁcans
3189 2990 3248 3031 se
3275 2984 3525 3033 casurum

1963 3071 2061 3128 pro
2087 3059 2199 3114 suis
2226 3059 2277 3114 in
2326 3069 2570 3129 mortem,
2597 3062 2723 3133 quia
2752 3065 2982 3120 cadaver
3001 3082 3030 3120 τι
3058 3082 3186 3123 casu
3212 3085 3403 3125 nomen
3432 3086 3523 3126 ac-

1968 3150 2118 3220 cipit,
2147 3152 2379 3222 seipsum
2409 3166 2620 3222 corpus,
2663 3155 2779 3211 sive
2817 3155 3046 3211 cadaver
3067 3158 3250 3215 volens
3280 3161 3523 3233 intelligi.

1964 3240 2210 3311 Aquilam
2251 3251 2470 3298 sanctos
2499 3259 2647 3310 suos,
2673 3261 2901 3315 quorum
2929 3248 3257 3303 renovabitur
3287 3262 3347 3304 ut
3373 3255 3525 3323 aqui-

1965 3328 2031 3384 la:
2052 3331 2317 3401 juventus,
2346 3342 2404 3388 et
2437 3335 2526 3403 qui
2558 3345 2833 3392 assument
2855 3353 3057 3407 pennas
3086 3348 3144 3394 ut
3182 3340 3431 3399 advolent
3456 3345 3523 3401 ad

1965 3418 2269 3477 Dominum.
2323 3423 2512 3480 Statim
2555 3435 2730 3481 autem
2755 3438 2867 3496 post
2909 3428 3293 3486 tribulationem
3321 3434 3524 3489 dierum

1962 3510 2173 3565 illorum
2228 3512 2307 3566 sol
2362 3515 2742 3581 obscurabitur,
2789 3527 2837 3570 et
2885 3516 3011 3572 luna
3040 3537 3141 3574 non
3185 3521 3326 3577 dabit
3351 3523 3524 3580 lumen

1964 3617 2136 3654 suum.
2167 3602 2265 3656 Vel
2291 3602 2344 3656 in
2380 3606 2781 3672 comparatione
2803 3605 3064 3662 claritatis
3089 3609 3180 3663 Dei
3203 3611 3522 3669 videbuntur

1963 3690 2266 3754 obscurari,
2317 3691 2398 3745 vel
2430 3693 2695 3751 veraciter
2746 3695 3193 3762 obscurabuntur,
3251 3700 3390 3755 sicut
3429 3703 3525 3759 ob-

1964 3787 2176 3834 scurata
2202 3778 2417 3836 fuerunt
2459 3791 2700 3853 tempore
2749 3786 2938 3842 mortis
2967 3786 3100 3856 ejus.
3133 3788 3265 3845 Nam
3296 3794 3522 3849 necdum

1964 3869 2241 3940 impletum
2286 3881 2370 3927 est
2421 3873 2565 3943 quod
2607 3873 2721 3930 Joel
2749 3874 2926 3931 dicit:
2964 3876 3055 3932 Sol
3099 3891 3423 3937 conoertetur
3467 3884 3525 3939 in

1963 3960 2198 4015 tenebras
2223 3973 2271 4017 et
2299 3961 2423 4017 luna
2464 3965 2521 4018 in
2548 3967 2874 4036 sanguinem,
2904 3961 3179 4041 antequirm
3207 3974 3375 4029 ueniat
3413 3975 3527 4031 dies

1963 4050 2176 4106 Domini
2218 4071 2436 4124 magnus
2493 4065 2540 4110 et
2589 4057 2914 4127 manifestus.
2961 4060 3094 4117 Cum
3136 4079 3267 4118 vero
3301 4064 3537 4121 ‘factunr

1964 4141 2124 4196 fuerit
2141 4141 2423 4210 judicium,
2452 4153 2507 4201 et
2547 4145 2707 4201 fuerit
2728 4149 2921 4204 ctelum
2948 4166 3142 4207 novum
3180 4162 3234 4207 et
3265 4162 3405 4210 terra
3430 4171 3526 4210 no—

1961 4251 2051 4301 va,
2080 4237 2186 4292 erit
2212 4238 2353 4307 quod
2406 4238 2572 4294 Isaias
2600 4237 2835 4309 loquitur
2877 4257 2890 4296 :
2928 4241 3041 4297 Erit
3089 4243 3344 4300 luxluna:
3386 4247 3531 4301 sicut

1963 4326 2056 4381 lua:
2106 4327 2254 4392 solis,
2283 4338 2331 4381 et
2366 4328 2459 4383 (ua:
2505 4329 2631 4384 solis
2681 4330 2777 4384 erit
2827 4332 3237 4403 septempliciter,
3261 4334 3396 4389 sicut
3429 4336 3525 4392 lu

1962 4427 2152 4489 septem
2174 4419 2395 4474 dierum.

2034 4509 2102 4564 Et
2128 4510 2339 4565 virtutes
2387 4510 2631 4565 ctelormn
2672 4512 3030 4570 movebuntur.
3059 4514 3197 4582 Quid
3217 4533 3315 4573 nos
3341 4518 3525 4575 miseri

1964 4601 2242 4665 faciemus,
2290 4601 2334 4655 si
2360 4601 2587 4658 virtutes
2626 4604 2885 4658 cmlorum
2916 4605 2969 4659 in
3005 4604 3094 4661 illo
3124 4604 3398 4673 tremendo
3438 4611 3531 4666 die

1967 4692 2318 4749 tremiscent?
2349 4688 2588 4750 Virtutes
2614 4693 2893 4761 caelorum,
2945 4696 3183 4768 angelos.
3237 4700 3527 4773 archange-

1967 4784 2069 4848 los,
2099 4791 2155 4840 et
2193 4798 2383 4839 novem
2411 4784 2628 4840 ordines
2652 4785 2983 4853 angelorum.
3016 4785 3085 4841 Et
3107 4797 3231 4844 tunc
3261 4792 3525 4861 apparebit

1967 4878 2168 4942 signum
2223 4876 2323 4945 ﬁlii
2374 4877 2596 4931 hominis
2642 4878 2698 4930 in
2742 4877 2887 4931 caris.
2949 4879 3067 4949 Ipse
3100 4879 3369 4936 videbitur
3408 4890 3465 4938 et
3490 4900 3524 4939 a

1961 4966 2145 5038 justis,
2166 4967 2308 5021 etab
2331 4965 2527 5034 impiis.
2558 4965 2649 5020 Sic
2677 4966 2729 5019 in
2755 4966 3075 5038 Apocalypsi
3101 4967 3333 5025 Joannes
3359 4970 3522 5027 dicit:

1978 5055 2176 5110 Videbit
2190 5072 2323 5110 eum
2373 5056 2542 5109 omnis
2590 5055 2793 5121 oculus,
2826 5067 2875 5112 et
2907 5059 2997 5128 qui
3019 5075 3136 5113 eum
3176 5072 3523 5132 pupugerunt.

1967 5150 2034 5205 Et
2083 5148 2224 5204 sicut
2272 5149 2324 5203 in
2366 5148 2588 5203 Actibus
2632 5150 2994 5220 apostolorum
3053 5151 3280 5222 legimus
3321 5153 3539 5210 dictum.

1966 5242 2180 5313 quando
2220 5239 2459 5295 ascendit
2489 5256 2501 5291 :
2536 5238 2984 5305 Quemadmodum
3022 5242 3219 5296 vidistis
3247 5260 3364 5298 eum
3396 5262 3524 5300 tun-

1965 5340 2088 5394 tam,
2137 5329 2438 5389 itaweniet.
2503 5327 2597 5383 Vel
2650 5329 2861 5399 signum
2904 5330 2997 5385 ﬁlii
3051 5331 3302 5400 hominis,
3345 5337 3538 5394 crucis.

1965 5418 2215 5477 vexillum
2269 5433 2552 5487 possumus
2618 5419 2932 5489 intelligere,
2988 5423 3237 5479 vexillum
3285 5426 3531 5484 victorias

1968 5512 2362 5581 triumphantis.
2397 5511 2464 5565 Et
2495 5521 2617 5567 tunc
2658 5512 2901 5583 plangent
2927 5531 3101 5570 omnes
3141 5519 3306 5573 tribus
3346 5529 3520 5576 terrae.

1968 5600 2164 5657 Omnes
2192 5600 2363 5655 tribus
2388 5608 2565 5665 terras,
2595 5617 2783 5657 omnes
2816 5611 3001 5673 gentes
3030 5605 3178 5660 dicit.
3203 5606 3523 5679 Plangeutes

1969 5701 2145 5748 autem
2170 5690 2348 5749 dicent
2385 5709 2398 5746 :
2444 5689 2619 5753 Beata:
2653 5691 2847 5749 steriles
2871 5710 2988 5766 qua'
3012 5713 3115 5752 non
3138 5710 3427 5764 genuerunt
3475 5707 3524 5754 et
