3952 6186
472 284 605 341 “39

1230 288 1617 345 CHRISTIANI
1646 290 2059 347 DBUTHMAR!
2096 268 2547 352 CORDEIENSIS
2583 296 2883 360 MONACHI

3544 304 3692 358 H60

467 395 625 451 ubera
643 410 762 468 qua!
776 414 883 453 non
912 400 1252 456 iactauerunt.
1283 401 1474 458 Dicent
1520 404 1811 457 insontibus:
1839 399 2020 457 Cadite
2046 410 2095 465 Α
2123 419 2219 474 per
2249 406 2386 461 bona
2414 422 2597 476 opera,
2626 422 2788 478 prope
2805 410 2908 462 erit
2929 408 3072 473 linis,
3099 409 3226 477 quia
3259 408 3389 466 Cum
3413 412 3688 482 plenitudo

464 500 621 554 super
639 502 752 551 nos,
774 498 823 542 et
846 488 1067 580 collinus
1089 504 1109 541 :
1135 490 1343 561 Operits
1364 508 1476 547 nos.

536 621 604 677 Et
624 624 860 680 videbunt
875 624 1040 695 ﬁlium
1058 624 1282 683 hominis
1300 629 1578 684 venientem
1596 629 1649 683 in
1664 629 1881 684 nubibus
1906 628 2022 684 caeli

464 700 581 765 cum
620 714 804 767 virtute
832 713 996 770 multa
1026 726 1073 769 et
1094 716 1379 788 majestate.
1409 716 1541 773 Cum
1568 719 1763 774 virtute
1812 729 1866 774 et
1908 735 2020 773 ma-

462 801 652 871 iestate
700 804 863 859 visuri
896 815 1018 859 sunt
1040 822 1199 876 quem
1242 806 1293 862 in
1341 808 1638 863 humilitate
1665 810 1896 879 positum
1926 824 2022 861 au-

463 892 578 946 dire
599 891 901 948 noluerunt.
932 892 1061 949 Cum
1081 896 1265 949 virtute
1291 906 1339 950 et
1362 897 1655 966 majestate,
1682 898 1805 967 quia
1834 913 2020 953 omnes

424 994 425 997 ‘
460 982 637 1053 angeli
666 992 719 1059 (δέ
750 985 917 1039 sancti
947 1000 1067 1039 cum
1096 985 1203 1040 illo.
1241 986 1386 1058 Ignis
1424 988 1478 1041 in
1501 998 1776 1058 conspectu
1801 988 1936 1058 ejus,
1970 998 2021 1043 et

460 1060 526 1127 in'
555 1076 773 1129 circuitu
800 1076 912 1146 ejus
943 1087 1213 1147 tempestas
1257 1078 1447 1133 valida.
1494 1078 1552 1133 Si
1590 1079 1921 1136 solummodo
1958 1082 2019 1135 li-

461 1176 645 1241 gurum
667 1164 888 1220 visionis
906 1163 1019 1233 ejus
1046 1166 1273 1235 populus
1298 1166 1461 1222 Israel
1489 1184 1517 1222 a
1542 1178 1722 1223 monte
1752 1168 1900 1224 Sinai
1926 1171 2016 1245 qui

462 1252 667 1308 audivit
686 1254 873 1308 timore
901 1256 1218 1324 perterritus
1248 1256 1516 1313 sustinere
1537 1246 1651 1312 non.
1672 1260 1869 1328 potuit,
1889 1261 2015 1331 quid

458 1350 707 1413 putamus
732 1353 857 1399 tunc
888 1346 1031 1400 erit?
1062 1345 1127 1399 Et
1170 1347 1332 1400 mittet
1355 1346 1562 1417 angelos
1581 1364 1701 1402 suos
1724 1366 1841 1404 cum
1867 1350 2014 1413 tuba,

457 1444 504 1489 et
532 1450 646 1488 voce
689 1451 897 1507 magna.
933 1436 1007 1491 De
1035 1438 1135 1492 hac
1160 1437 1282 1492 tuba
1309 1439 1580 1510 apostolus
1604 1437 1798 1497 Paulus
1834 1441 1962 1497 dicit
1996 1458 2011 1496 :

458 1520 615 1576 Const
641 1525 775 1578 enim
801 1525 941 1590 tuba,
971 1537 1017 1580 et
1047 1529 1238 1582 mortui
1272 1531 1360 1600 qui
1386 1531 1439 1583 in
1464 1530 1669 1586 Christo
1696 1541 1814 1587 sunt
1859 1533 2014 1603 primi

456 1628 572 1668 resu
580 1625 739 1684 rgent.

474 1752 487 1765 '
526 1743 595 1799 Et
652 1750 1033 1820 congregabunt
1065 1751 1247 1807 electos
1289 1753 1405 1823 ejus
1442 1773 1473 1809 a
1497 1764 1721 1826 quatuor
1745 1758 1926 1813 ventis.
1967 1758 2012 1812 Α
2041 1757 2087 1817 Β

456 1844 687 1904 quatuor
726 1838 1025 1896 climatihus
1068 1842 1192 1897 coeli
1217 1844 1345 1899 dicit
1381 1859 1396 1898 :
1428 1845 1670 1914 Oriente,
1700 1848 2008 1915 Occidente,

452 1926 715 1995 Aquilone
764 1939 817 1983 et
842 1929 1056 1985 Austro.
1086 1930 1150 1986 Et
1178 1947 1245 1987 ne
1265 1944 1476 2003 putaret
1513 1936 1705 2007 aliquis
1727 1953 1757 1992 a
1782 1949 2012 2010 quatuor

452 2016 622 2087 plagis
652 2026 826 2080 terrae,
858 2026 913 2073 et
938 2035 1039 2074 non
1068 2023 1245 2090 potius
1276 2038 1306 2077 a
1333 2026 1542 2081 cunctis
1581 2026 1777 2083 ﬁnibus
1801 2028 1917 2097 ejus
1936 2031 2011 2085 si-

453 2107 586 2173 mul,
617 2116 672 2163 et
700 2110 1107 2167 mediterraneis
1145 2114 1449 2184 regionibus
1474 2117 1672 2173 electos
1709 2133 1833 2176 esse
1875 2098 2024 2176 (ξοην-⁸

452 2200 770 2273 grcgandos,
810 2200 1083 2269 subiunxit
1110 2220 1125 2257 :
1155 2203 1198 2257 Α
1220 2208 1438 2261 summis
1470 2207 1716 2265 caelorum
1747 2225 1907 2282 usque
1938 2214 2007 2267 ad

450 2292 697 2349 terminos
716 2307 914 2347 eorum.
933 2294 1067 2359 Quia
1102 2295 1280 2351 nullus
1306 2297 1361 2352 in
1388 2297 1472 2353 die
1493 2298 1583 2353 illa
1604 2298 1809 2357 electus
1834 2317 2010 2358 rema-

450 2384 619 2445 nebit,
648 2384 739 2454 qui
766 2399 871 2439 non
899 2395 1151 2441 occurrat
1172 2387 1414 2444 Domino.
1459 2389 1687 2446 Venient
1714 2392 1767 2447 in
1797 2407 1920 2449 aere
1939 2395 2008 2450 ad

445 2474 706 2543 judicium
728 2476 842 2531 sive
864 2476 967 2530 vivi
995 2478 1221 2542 inventi,
1246 2480 1535 2549 gustabunt
1558 2490 1737 2538 tamen
1755 2494 2004 2551 mortem,

449 2566 563 2625 sive
584 2567 782 2621 mortui
814 2569 1183 2624 resuscitandi.
1216 2570 1284 2625 In
1322 2581 1597 2642 momento,
1618 2575 1689 2630 in
1712 2576 1819 2629 ictu
1847 2576 2003 2632 oculi.

449 2655 772 2713 Momentum
792 2668 875 2716 est
895 2661 1299 2731 quadragesima
1324 2678 1451 2734 pars
1470 2664 1644 2720 hom.
1675 2665 1818 2722 Ictus
1841 2667 2002 2734 oculi,

449 2761 572 2801 cum
585 2746 853 2803 clauditur
871 2758 927 2805 et
947 2751 1204 2819 aperitur.
1223 2752 1537 2824 Quicunque
1563 2755 1751 2812 bestiis
1781 2759 2009 2814 comesti

448 2848 592 2904 sunt,
620 2839 707 2895 vel
733 2839 959 2909 incensi,
989 2842 1132 2899 nulla
1161 2845 1264 2900 erit
1296 2860 1449 2903 mora
1477 2862 1649 2919 neque
1687 2848 2004 2906 diﬂ‘erentia.

451 2928 679 2987 Venient
713 2940 891 2987 autem
938 2941 993 2987 et
1042 2935 1251 3004 reprobi
1301 2936 1370 2992 ad
1414 2935 1699 3006 judicium,
1741 2941 1854 2997 sive
1901 2942 2006 2997 vivi

447 3020 669 3087 inventi,
700 3023 962 3079 moriendi
990 3033 1045 3080 et
1072 3029 1427 3084 resuscitandi
1452 3046 1575 3087 cum
1604 3030 1726 3089 aliis
1758 3034 2004 3089 mortuis.

444 3112 765 3180 interposita
792 3122 969 3169 tamen
995 3115 1315 3184 diﬁ‘erentia,
1346 3120 1487 3189 quod
1505 3120 1638 3189 justi
1661 3114 1783 3178 cum
1811 3126 2005 3195 gaudio
2030 3104 2077 3167 Ο

448 3200 502 3256 in
538 3202 782 3267 Domino,
815 3203 961 3271 impii
991 3214 1050 3259 ut
1069 3206 1281 3261 videant
1318 3224 1474 3278 quem
1515 3211 1731 3268 beatum
1757 3217 2006 3272 amittent

444 3288 748 3355 Dominum,
775 3299 833 3344 ut
855 3300 1074 3361 peracto
1089 3291 1292 3360 judicio
1323 3297 1630 3365 dispereant
1658 3316 1779 3356 cum
1815 3304 2002 3358 diabo-

449 3378 518 3442 lo,
549 3386 605 3433 et
647 3381 895 3441 decidant
920 3383 974 3437 in
1002 3381 1268 3440 infernum
1308 3403 1431 3443 cum
1458 3392 1771 3460 corporibus
1810 3402 1866 3449 et
1894 3396 2005 3451 ani-

445 3467 657 3535 mabus,
699 3471 841 3556 sicut
863 3472 1139 3529 descendit
1166 3475 1374 3532 Dathan
1402 3486 1459 3534 et
1496 3478 1700 3535 Ahiron
1740 3482 1795 3536 in
1833 3482 1998 3539 infer-

445 3575 592 3615 num.
649 3559 726 3614 Ab
769 3563 953 3617 arbore
986 3573 1162 3618 autem
1189 3565 1278 3634 ﬁci
1298 3567 1482 3624 discite
1511 3570 1834 3641 parabolam.
1871 3573 2003 3631 Cum

436 3650 552 3719 jam
576 3667 753 3705 ramus
778 3651 892 3722 ejus
930 3662 1075 3707 tener
1116 3655 1271 3724 fuerit
1298 3667 1346 3712 et
1366 3657 1496 3727 [alia
1521 3669 1665 3726 nata,
1707 3662 1849 3719 scitis
1875 3680 2005 3734 quo-

446 3742 586 3797 niam
614 3759 773 3813 prope
803 3753 877 3797 est
918 3753 1090 3799 a’stas.
1121 3748 1419 3814 Quomodo,
1450 3750 1643 3822 inquit,
1671 3768 1793 3807 cum
1833 3755 2004 3811 teneri

444 3834 646 3893 fuerint
700 3848 1041 3909 erumpentes
1101 3843 1409 3908 ramusculi,
1461 3834 1575 3913 jam
1627 3863 1795 3918 prope
1851 3849 2005 3906 adest

442 3936 625 3993 testas,
668 3930 795 3998 quia
828 3944 935 3985 non
964 3941 1138 4000 potest
1166 3948 1447 4004 erumpere
1487 3944 1774 4009 antequam
1802 3940 1882 3996 sol
1908 3957 2002 4011 δρα

444 4017 782 4087 propinquet.
812 4018 897 4074 Ita
921 4030 968 4074 et
995 4038 1106 4087 vos,
1136 4038 1251 4077 cum
1285 4025 1518 4080 videritis
1539 4028 1649 4082 liter
1676 4029 1811 4097 ﬁeri,
1845 4031 1897 4087 id
1917 4041 2001 4087 est

442 4109 560 4163 lucc
583 4108 735 4179 signa
760 4112 1066 4181 prmcedere
1102 4128 1222 4182 qua:
1264 4116 1509 4186 praedixi,
1561 4121 1867 4190 cognoscite
1911 4138 2000 4192 ap-

441 4200 830 4269 propinquasse
873 4209 929 4256 et
955 4215 1130 4259 meum
1167 4207 1453 4262 adventum
1496 4219 1550 4266 et
1590 4214 1998 4275 consummatio-

442 4304 564 4344 nem
593 4291 797 4358 sreculi,
824 4301 879 4348 et
904 4292 1066 4349 futuri
1107 4297 1256 4367 regni
1274 4298 1693 4370 iucunditatem;
1722 4305 1847 4373 quia
1875 4306 1998 4363 talis

442 4381 542 4435 erit
573 4384 903 4451 comparatio
929 4386 995 4439 ad
1017 4386 1420 4467 delectationem
1449 4391 1820 4450 delectationis
1838 4395 1996 4464 hujus

441 4473 645 4539 steculi,
672 4474 843 4544 qualis
868 4483 952 4531 est
978 4486 1138 4534 aestas
1181 4480 1249 4533 ad
1288 4484 1740 4551 comparationem
1778 4486 1993 4552 hiemis,

438 4564 565 4632 quia
594 4573 719 4620 tunc
743 4566 992 4621 maeroris
1014 4569 1183 4623 nostri
1215 4571 1409 4626 nubilas
1434 4575 1759 4642 transibunt,
1787 4585 1843 4632 et
1870 4578 1996 4633 vitm

441 4654 558 4708 dies
583 4656 769 4709 mterni
803 4655 932 4711 solis
964 4657 1209 4716 claritate
1236 4660 1549 4733 l'ulgescent.
1580 4665 1666 4722 Ita
1688 4678 1739 4722 et
1765 4684 1851 4723 vos
1876 4687 1994 4725 cum

437 4745 667 4799 uideritis
698 4745 806 4800 hac
839 4746 969 4815 ﬁeri,
1011 4749 1192 4804 scitote
1227 4753 1351 4822 quia
1392 4770 1558 4824 prope
1599 4767 1674 4811 est
1712 4760 1766 4812 in
1789 4760 1993 4829 januis.

441 4833 591 4888 Sicut
642 4834 732 4891 isti
769 4835 1052 4892 smculares
1099 4840 1277 4894 sciunt
1303 4857 1625 4914 cognoscere
1650 4848 1764 4915 'per
1813 4863 1992 4918 erum:

438 4935 626 4996 pentes
674 4926 1005 4983 ramusculos
1054 4928 1303 4987 arborum
1356 4934 1625 4991 venientia
1686 4936 1989 4997 desiderata

380 5062 407 5071 -
441 5004 701 5087 tempore,
730 5019 803 5072 ita
828 5026 884 5072 et
906 5034 1003 5074 vos
1020 5020 1211 5076 scitote
1239 5037 1335 5091 per
1370 5025 1622 5093 praedicta
1648 5026 1802 5096 signa
1826 5045 1990 5100 prope

436 5124 558 5173 esse
586 5108 888 5164 desiderata
921 5119 1098 5167 vestra
1140 5114 1351 5183 gaudia.
1387 5114 1451 5169 Et
1489 5116 1543 5168 in
1573 5117 1775 5187 januis,
1803 5122 1856 5173 in
1886 5130 1992 5176 ter-

431 5199 599 5257 ,minis
639 5201 963 5255 novissimis.
999 5201 1310 5257 Sicutenim
1335 5204 1502 5275 janua
1532 5207 1654 5263 linis
1671 5218 1756 5264 est
1776 5210 1988 5280 domus,

432 5299 493 5350 ,et
531 5290 622 5360 qui
652 5299 802 5346 extra
822 5292 1039 5362 januam
1077 5296 1187 5349 exit
1214 5307 1435 5366 apparet
1456 5299 1655 5365 multis,
1694 5302 1773 5365 sic
1797 5313 1849 5359 et
1889 5320 1989 5375 ego

431 5383 656 5453 diesque
673 5383 861 5454 judicii
900 5387 954 5443 in
974 5386 1153 5455 januis
1178 5390 1284 5444 erit
1310 5399 1452 5455 tunc,
1493 5393 1620 5462 quia
1648 5403 1774 5451 tunc
1797 5397 1989 5452 exinde

440 5473 689 5543 incipiam
741 5492 1014 5547 apparere,
1048 5479 1250 5534 multis.
1279 5479 1460 5537 Potest
1487 5483 1651 5539 etiam
1679 5485 1989 5555 spiritaliter

432 5563 657 5636 intelligi
696 5564 997 5639 Synagoga,
1039 5586 1158 5629 cum
1206 5573 1315 5639 ipsa
1342 5588 1440 5641 per
1465 5574 1647 5631 Enoch
1684 5577 1905 5633 credere
1934 5579 1987 5634 in

437 5650 604 5711 Deum
632 5660 856 5727 cmpet'it
875 5668 928 5715 et
958 5661 1144 5727 Ellam,
1174 5664 1326 5727 quasi
1350 5665 1471 5721 folia
1505 5676 1553 5720 et
1585 5667 1789 5724 fructus
1813 5670 1986 5727 facere

2119 498 2345 564 gentium
2370 500 2642 564 introierit,
2665 510 2785 553 tunc
2815 501 2980 555 omnis
3006 499 3175 555 Israel
3197 502 3369 556 salvus
3387 505 3505 558 erit.

2187 588 2347 639 Amen
2369 586 2489 641 dico
2516 590 2657 643 vobis
2675 605 2777 642 non
2795 591 3083 658 prmerth
3106 596 3370 663 generatio
3392 599 3502 649 hac
3524 594 3691 648 donec

2115 682 2295 735 omnia
2322 682 2476 750 fiant.
2495 684 2679 749 Amen,
2709 687 2753 740 si
2774 686 2877 740 dici
2906 687 3108 744 fasesl.
3145 687 3295 754 quasi
3316 688 3688 754 iuramenta":

2117 773 2326 829 Domini
2358 788 2458 829 est.
2494 775 2558 830 Et
2588 776 2807 830 multum
2842 778 3181 831 commendat
3215 779 3523 846 ubicunque
3581 780 3687 833 hoc

2117 861 2374 930 adjungit.
2408 859 2815 938 Generationem
2840 861 2980 916 hanc
3006 870 3062 916 et
3094 860 3400 918 Judazorum
3430 880 3602 934 genus
3628 876 3687 920 et

2116 953 2352 1008 omnium
2390 968 2561 1023 genus
2605 953 2878 1007 hominum
2925 968 3207 1023 possumus
3231 957 3451 1010 sentire.
3482 956 3684 1012 Caelum

2115 1053 2163 1095 et
2189 1053 2328 1097 terra
2348 1045 2661 1098 transibunt.
2703 1042 2909 1098 C(elum
2941 1044 3044 1098 nnc
3070 1044 3125 1098 in
3161 1044 3279 1100 loco
3307 1061 3526 1101 aereum
3557 1062 3683 1116 spa-

2117 1136 2250 1191 tium
2299 1134 2545 1204 appellat,
2602 1134 2691 1188 ubi
2743 1148 2870 1188 aves
2898 1134 3098 1201 volant.
3149 1134 3301 1190 Unde
3341 1145 3399 1191 et
3434 1136 3681 1191 volucres

2115 1226 2237 1280 cadi
2266 1225 2536 1280 dicuntur.
2568 1226 2796 1280 Tantum
2823 1226 2965 1281 enim
2988 1229 3220 1296 spatium
3250 1229 3391 1299 ignis
3437 1239 3680 1285 assnmct

2113 1324 2168 1369 et
2200 1317 2268 1371 ad
2314 1316 2619 1380 delendum,
2646 1325 2904 1385 quantum
2948 1331 3085 1385 aqua
3141 1319 3314 1372 tenuit
3368 1319 3424 1374 in
3454 1320 3676 1374 diluvio.

2112 1407 2247 1462 Nam
2295 1407 2489 1463 omium
2516 1408 2570 1462 in
2595 1423 2700 1477 quo
2727 1408 2901 1462 sidera
2930 1416 3075 1474 sunt,
3116 1409 3458 1464 innovabitur
3484 1411 3540 1465 in
3567 1426 3681 1465 me-

2110 1500 2300 1556 liorem
2332 1500 2557 1570 llguram
2598 1509 2655 1554 ut
2680 1498 2912 1554 Joannes
2936 1499 3102 1554 dicit:
3128 1499 3243 1554 Erit
3278 1501 3469 1555 cretum
3490 1517 3680 1554 norm

2112 1600 2159 1644 et
2181 1600 2320 1645 terra
2346 1608 2495 1646 nova.
2510 1590 2587 1645 De
2609 1599 2752 1646 terra
2775 1604 2988 1659 quoque
3014 1598 3222 1645 tantum
3254 1590 3486 1655 ardebit,
3509 1606 3683 1660 quan—

2115 1695 2226 1741 tum
2273 1684 2598 1741 maculatum
2626 1683 2726 1739 fuit
2754 1684 2822 1738 ab
2848 1680 3099 1740 humanis
3130 1683 3423 1749 laboribus,
3468 1683 3683 1752 reliqua

2115 1778 2407 1834 mutabitur
2452 1778 2507 1833 in
2550 1777 2829 1832 meliorem
2857 1777 3103 1847 ﬁguram.
3153 1774 3318 1831 Verba
3345 1772 3520 1831 autem
3562 1794 3681 1831 sua

2113 1882 2214 1922 non
2240 1867 2595 1938 prteteribunt.
2625 1855 2975 1934 Subauditur,
3005 1875 3065 1921 ut
3102 1883 3208 1922 non
3237 1867 3345 1922 sint
3372 1867 3512 1922 sicut
3543 1868 3677 1922 dixi.

2111 1958 2206 2014 Vel
2228 1960 2332 2014 alio
2362 1958 2521 2015 modo
2544 1959 2599 2013 in
2628 1959 2732 2014 hac
2753 1967 2897 2014 terra
2945 1959 3080 2014 nihil
3102 1959 3236 2031 emlo
3258 1969 3312 2013 et
3339 1968 3486 2014 terra
3509 1960 3678 2014 dura~

2109 2049 2287 2115 bilius,
2338 2066 2403 2105 ac
2432 2050 2478 2106 si
2516 2050 2760 2106 diceret:
2789 2051 2930 2105 Ante
2958 2059 3139 2120 potest
3188 2051 3379 2105 omium
3429 2059 3490 2105 et
3530 2060 3679 2107 terra

2110 2144 2358 2209 transire,
2389 2152 2449 2198 ut
2472 2158 2577 2198 non
2603 2143 2730 2206 sint,
2761 2158 2924 2213 quam
2953 2157 3059 2197 non
3088 2143 3182 2197 ﬁat
3208 2143 3353 2213 quod
3381 2144 3514 2207 dixi,
3547 2146 3675 2214 quia

2108 2234 2308 2289 veritas
2332 2248 2472 2299 sum,
2492 2240 2547 2288 et
2568 2233 2893 2303 impossibile
2910 2241 2993 2288 est
3018 2234 3304 2307 veritatem
3332 2249 3490 2304 posse
3518 2251 3674 2289 men-

2110 2325 2220 2379 tiri.
2264 2323 2389 2380 Sive
2415 2325 2606 2380 caelum
2660 2334 2715 2380 et
2750 2334 2892 2380 terra
2932 2327 3256 2387 transibunt,
3303 2326 3358 2380 id
3381 2333 3468 2380 est
3508 2326 3577 2379 ab
3607 2340 3674 2379 ea

2106 2414 2286 2484 specie
2319 2430 2481 2485 quam
2504 2429 2646 2469 nunc
2663 2414 2866 2470 habent
2889 2415 2943 2469 in
2967 2414 3145 2477 aliam.
3176 2414 3255 2468 De
3280 2415 3365 2467 die
3385 2423 3549 2467 autem
3568 2414 3669 2467 illa

2106 2515 2154 2560 et
2186 2507 2316 2561 liora
2350 2523 2496 2561 nemo
2527 2507 2641 2572 scit,
2680 2524 2840 2579 neque
2881 2507 3052 2578 angeli
3087 2507 3352 2569 caelorum.
3382 2507 3477 2560 nisi
3500 2503 3668 2561 Pater

2107 2595 2267 2649 solus.
2296 2594 2462 2651 Filius
2487 2611 2583 2667 per
2604 2612 2765 2666 quem
2795 2597 2967 2652 factus
3002 2605 3084 2652 est
3114 2597 3295 2653 omnis
3325 2597 3451 2662 dies,
3478 2604 3535 2650 et
3568 2596 3670 2666 qui

2105 2694 2188 2740 est
2212 2685 2475 2755 sapientia
2503 2687 2595 2741 Dei
2624 2687 2821 2752 Patris,
2850 2702 2957 2741 non
2983 2697 3153 2758 potest
3182 2688 3458 2756 ignorare;
3483 2687 3575 2741 sed
3615 2689 3675 2740 in
3768 2759 3782 2772 .

2115 2778 2223 2847 ipso
2247 2787 2369 2832 sunt
2413 2794 2587 2832 omnes
2610 2778 2842 2833 thesauri
2873 2778 3139 2849 sapientia:
3161 2780 3471 2833 absconditi.
3492 2779 3548 2832 ln
3571 2779 3676 2834 hoc

2107 2871 2250 2942 quod
2273 2872 2389 2942 ipse
2415 2888 2553 2928 unus
2582 2874 2724 2928 Deus
2746 2883 2828 2942 est
2854 2889 2975 2928 cum
3001 2873 3163 2953 Patre
3184 2874 3334 2928 novit
3358 2874 3473 2944 ipse
3491 2876 3675 2929 omnia

2108 2978 2227 3033 quae
2245 2963 2396 3018 novit
2426 2964 2602 3018 Pater.
2635 2963 2743 3019 Sed
2771 2965 2837 3019 ad
2870 2966 2971 3020 hoc
3002 2966 3193 3031 nescit,
3221 2966 3348 3035 quia
3371 2966 3675 3021 nescientes

2110 3053 2264 3119 facit;
2292 3055 2431 3110 sicut
2459 3070 2600 3110 caeca
2628 3053 2769 3110 fossa
2819 3055 3035 3121 dicitur,
3066 3071 3173 3111 non
3219 3057 3364 3126 quod
3397 3057 3671 3126 ipsum

2107 3144 2198 3209 sit,
2222 3145 2315 3200 sed
2333 3146 2475 3215 quod
2495 3146 2794 3201 nescientes
2816 3162 2873 3201 se
2900 3141 3027 3201 facit
3051 3162 3242 3202 caecos.
3275 3147 3409 3202 Nam
3433 3148 3668 3201 interm-

2105 3243 2262 3304 gatus
2287 3244 2409 3305 post
2431 3238 2878 3290 resurrectionem
2906 3236 2971 3290 dc
3010 3236 3096 3292 die
3115 3234 3284 3304 iudici
3313 3237 3384 3290 ab
3410 3235 3673 3307 apostolis

2105 3325 2208 3378 ait:
2231 3323 2353 3378 Non
2370 3335 2447 3380 est
2466 3337 2688 3381 vestrum
2717 3344 2863 3381 nosse
2889 3336 3119 3398 tempora
3148 3328 3223 3382 uel
3251 3340 3531 3390 momenta,
3550 3344 3673 3399 quis

2104 3412 2268 3469 Pater
2293 3415 2463 3487 posuit
2484 3417 2540 3470 in
2572 3434 2669 3471 sua
2695 3426 2962 3487 potestate.
2998 3416 3223 3485 Quando
3248 3418 3381 3473 dicit
3407 3436 3421 3471 :
3450 3417 3568 3471 Non
3589 3429 3674 3470 est

2103 3516 2324 3561 vestrum
2371 3508 2522 3574 scire,
2577 3508 2810 3563 ostendit
2858 3509 3000 3577 quod
3055 3508 3171 3578 ipse
3222 3509 3383 3573 sciat,
3431 3509 3527 3563 sed
3558 3522 3671 3562 non

2101 3598 2350 3666 expediat
2391 3598 2645 3668 apostolis
2697 3599 2857 3664 scire,
2881 3607 2941 3653 ut
2971 3613 3183 3669 semper
3221 3599 3287 3655 de
3312 3600 3547 3655 adventu
3570 3600 3671 3653 Do-

2103 3686 2234 3742 mini
2268 3689 2500 3759 suspecti
2528 3690 2608 3744 sic
2645 3690 2827 3744 vivant
2853 3690 3005 3759 quasi
3037 3690 3123 3743 die
3169 3689 3341 3767 altero
3364 3689 3665 3757 iudicandi.

2104 3776 2248 3831 Sicut
2288 3778 2343 3831 in
2370 3777 2547 3832 diebus
2580 3776 2715 3844 Noe,
2756 3779 2830 3833 ita
2859 3781 2955 3833 erit
2997 3779 3246 3834 adventus
3274 3780 3373 3849 lilii
3415 3781 3665 3835 hominis.

2105 3865 2257 3920 Sicut
2287 3875 2462 3921 autem
2495 3867 2549 3921 in
2585 3868 2769 3924 diebus
2794 3866 2907 3923 Noe
2932 3868 3064 3924 nihil
3085 3869 3294 3924 adversi
3318 3870 3669 3939 suspicaban—

2102 3966 2209 4031 tur,
2241 3959 2335 4013 sed
2365 3957 2592 4015 faciebat
2618 3961 2988 4031 unusquisque
3028 3962 3170 4030 quod
3197 3961 3301 4017 sibi
3326 3962 3376 4016 ei
3406 3962 3666 4031 placitum

2100 4058 2235 4114 erat,
2265 4051 2345 4104 sic
2370 4049 2475 4104 erit
2521 4050 2576 4104 in
2623 4051 2854 4105 adventu
2881 4051 3113 4115 Domini,
3138 4051 3265 4120 quia
3317 4050 3406 4109 illa
3441 4052 3574 4106 bella
3605 4061 3671 4106 et

2100 4141 2202 4195 illa:
2264 4141 2691 4213 perturbationes
2739 4158 2857 4211 quae
2921 4143 3165 4211 superius
3233 4144 3473 4198 narravit
3531 4153 3667 4199 ante

2099 4239 2276 4286 erunt.
2311 4230 2454 4285 Tunc
2475 4242 2647 4285 autent
2680 4232 2779 4287 erit
2798 4249 2922 4302 pax.
2953 4233 3105 4288 Sicut
3132 4247 3233 4289 nos
3273 4234 3475 4293 scimus
3498 4236 3667 4289 modo

2097 4320 2409 4391 praedictum
2452 4322 2518 4375 de
2549 4320 2898 4387 Antichristo,
2940 4322 3019 4378 sic
3069 4323 3343 4378 sciverunt
3381 4323 3546 4378 εἶυύςεί
3588 4325 3667 4378 de

2090 4412 2310 4467 Christo
2349 4414 2660 4482 praedictum
2693 4429 2791 4485 per
2840 4415 3152 4486 prophetas,
3202 4424 3260 4471 et
3291 4424 3468 4470 tamen
3516 4431 3664 4485 prae.

2097 4512 2300 4557 sentem
2330 4520 2436 4559 non
2481 4492 2860 4576 cognoverunt.
2912 4504 3001 4562 Sic
3032 4507 3321 4563 timendum
3351 4507 3508 4562 nobis
3544 4516 3662 4573 est,

2097 4607 2163 4647 ne
2205 4594 2358 4649 nobis
2380 4596 2567 4651 insciis
2587 4597 2769 4652 veniat
2789 4595 3064 4653 Dominus.
3094 4598 3327 4668 ideoque
3352 4599 3661 4654 secundum

2097 4685 2307 4740 Domini
2346 4696 2668 4756 praeceptum
2722 4689 2973 4744 convenit
3014 4703 3133 4743 esse
3158 4702 3375 4759 semper
3412 4698 3657 4758 paratos.

2096 4773 2234 4839 Quia
2271 4791 2387 4828 cum
2422 4774 2647 4830 dixerint
2672 4793 2775 4846 pax
2802 4787 2849 4831 et
2889 4766 3170 4842 securitas,
3201 4787 3323 4831 tunc
3353 4780 3659 4847 repentinus

2093 4864 2408 4932 superveniet
2445 4858 2706 4931 interitus,
2749 4866 2881 4920 sicut
2925 4865 3074 4921 dolor
3110 4867 3444 4935 parturientis
3470 4877 3521 4920 et
3548 4883 3657 4920 non

2094 4954 2357 5022 eiugient.
2393 4952 2535 5007 Tunc
2572 4953 2677 5007 duo
2701 4965 2845 5008 erunt
2868 4956 2923 5008 in
2948 4972 3073 5025 agro
3098 4972 3230 5009 unus
3256 4966 3571 5018 assumtus,
3600 4968 3655 5011 es

2092 5041 2227 5094 alter
2250 5040 2580 5110 relinquetur.
2610 5041 2701 5097 isti
2728 5042 2834 5097 duo
2873 5043 3097 5113 populus
3133 5042 3387 5099 Iudaicus
3421 5054 3477 5099 et
3516 5060 3655 5114 gen-

2093 5129 2220 5183 tilis.
2250 5129 2352 5185 Seu
2380 5130 2485 5186 duo
2508 5130 2683 5199 populi
2710 5132 2832 5186 boni
2875 5142 2930 5186 et
2956 5133 3078 5188 mali
3129 5134 3183 5188 in
3211 5148 3361 5204 agro,
3393 5133 3447 5187 in
3498 5133 3653 5188 Scri-

2090 5228 2247 5289 ptura
2271 5229 2474 5285 sancta,
2505 5222 2697 5277 debent
2750 5237 3000 5279 exercere
3025 5224 3163 5280 bona
3186 5239 3372 5295 Opera,
3402 5227 3547 5281 unde
3594 5226 3653 5281 in

2090 5319 2348 5365 aeternum
2380 5312 2577 5367 vivant.
2604 5309 2750 5367 Unus
2775 5322 3070 5368 assumatur
3082 5324 3128 5369 et
3146 5314 3278 5367 alter
3300 5314 3651 5382 relinquetur.

2089 5399 2221 5465 Quia
2246 5409 2371 5457 sunt
2394 5403 2543 5456 multi
2570 5400 2706 5457 infra
2749 5414 2991 5459 sanctam
3019 5404 3305 5460 Ecclesiam
3352 5404 3446 5473 qui
3489 5402 3649 5459 Scri-

2087 5498 2272 5558 ptura-5
2300 5491 2480 5561 legunt
2503 5500 2557 5546 et
2591 5507 2694 5547 non
2716 5493 2956 5557 audiunt,
2987 5504 3040 5549 et
3075 5492 3410 5550 Christianos
3434 5510 3492 5549 se
3525 5506 3649 5550 esse

2083 5581 2427 5650 proﬁtentur,
2456 5583 2549 5650 qui
2587 5597 2691 5637 non
2732 5595 3090 5639 assumentur.
3131 5584 3265 5655 Diue
3306 5586 3560 5640 metentes
3591 5590 3645 5640 in

2088 5670 2243 5725 mola.
2299 5670 2421 5725 Dum
2452 5673 2564 5726 isne
2596 5687 2856 5743 synagoga
2891 5683 2971 5728 est
3017 5683 3071 5728 et
3116 5672 3379 5740 Ecclesia,
3430 5677 3482 5731 in
3525 5677 3643 5746 lege
