3988 6186
300 353 323 408 1
340 347 427 408 liii

1425 343 1782 400 exrosmo
1821 343 1885 398 IN
1925 305 2354 400 narramus-1.

3375 348 3528 403 1462⁵

295 467 409 521 sive
442 464 497 518 in
527 453 800 531 Scriptura
827 460 1026 514 debent
1065 457 1266 512 molere
1304 435 1530 514 farinam
1561 455 1720 508 Verbi
1760 452 1851 507 Dei
1883 461 1924 514 Α
1955 452 2314 507 habitaculum
2359 453 2550 508 anima:
2603 464 2674 508 ita
2710 453 3019 524 dissiparet,
3061 461 3118 508 ut
3161 453 3338 509 anima
3368 465 3514 514 stare

298 556 362 612 ad
388 567 605 608 suorum
651 550 980 618 aliorumque
1027 547 1300 616 pabulum.
1336 545 1440 600 Sed
1479 559 1584 599 una
1616 555 1855 598 assume-

299 657 405 710 tur,
433 643 600 698 altera
631 641 975 710 relinquetur,
1017 636 1263 692 videlicet
1291 634 1530 690 Ecclesia
1562 633 1856 689 electorum

296 734 608 797 assumitur,
664 731 1011 802 reproborum
1073 725 1412 797 relinquitur.
1455 723 1678 796 Vigilate
1710 737 1852 794 ergo.

301 825 534 895 Vigilare
569 833 654 878 est
694 825 830 878 bona
885 833 1048 892 Opera
1085 833 1354 874 exercere.
1396 817 1526 885 Qua:
1556 817 1601 872 si
1645 815 1854 879 fecerit,

296 917 508 970 etiamsi
551 927 778 984 corpore
809 913 1064 975 dormiat,
1093 913 1206 983 ipsa
1249 926 1347 982 pro
1371 925 1437 965 eo
1482 908 1778 980 vigilabant
1804 915 1858 961 et

231 1065 246 1072 ,
297 1009 546 1062 orabunt.
577 1005 772 1076 Vigilat
816 1005 907 1076 qui
942 1015 1160 1060 exercet
1198 1003 1470 1075 operando
1497 1000 1636 1072 quod
1667 999 1856 1056 credit.

300 1099 455 1155 Unde
477 1098 672 1152 Paulus
709 1113 722 1150 :
760 1095 1032 1166 Evigilate,
1055 1097 1199 1162 iusti,
1231 1094 1390 1150 nolite
1413 1109 1644 1165 peccare.

373 1191 507 1257 Quia
535 1191 739 1244 nescitis
761 1207 863 1260 qua
893 1189 1020 1242 hora
1043 1188 1294 1242 Dominus
1319 1195 1480 1241 uester
1501 1179 1742 1240 uenturus
1767 1183 1853 1236 sit.

301 1283 598 1338 Notandum
637 1282 778 1352 quod
829 1297 931 1334 non
981 1281 1110 1335 dicit
1137 1280 1422 1342 nescimus,
1477 1277 1570 1333 sed
1615 1276 1856 1332 nescitis.

301 1373 408 1428 Pro
434 1375 531 1428 hac
555 1373 698 1427 enim
745 1388 904 1426 causa
958 1371 1126 1426 noluit
1147 1369 1400 1442 apostolis
1445 1367 1772 1439 patefacere,
1799 1377 1860 1422 ut

293 1479 512 1534 semper
561 1464 747 1518 incerti
797 1463 1016 1518 credant
1059 1478 1182 1516 eum
1203 1462 1351 1517 omni
1379 1461 1465 1517 die
1508 1460 1774 1524 futurum,
1804 1468 1860 1514 et

299 1559 438 1613 tales
479 1548 538 1612 se
567 1565 888 1628 prmparent,
943 1565 1002 1609 ut
1034 1554 1180 1626 digni
1214 1555 1321 1610 sint
1366 1554 1434 1609 ad
1465 1551 1858 1623 suscipiendum

297 1664 442 1704 eum.
479 1645 680 1702 Idcirco
707 1647 848 1702 enim
891 1646 1148 1702 Dominus
1193 1645 1433 1700 ultimam
1479 1643 1630 1698 nobis
1674 1643 1858 1698 horam

297 1741 470 1795 voluit
495 1755 612 1796 esse
637 1739 982 1809 inetignitam,
1014 1749 1076 1793 ut
1093 1753 1303 1810 seraper
1337 1737 1508 1807 possit
1530 1751 1648 1792 esse
1673 1750 1859 1804 suspe-

303 1838 406 1889 cta.
433 1837 490 1884 ut
511 1830 632 1884 dum
663 1828 804 1882 illam
829 1827 1121 1897 putavi-iere
1161 1844 1264 1882 non
1292 1842 1596 1898 possumus,
1623 1825 1688 1880 ad
1711 1825 1856 1880 illam
1887 1810 1932 1869 Β

303 1923 420 1975 sine
459 1919 852 1974 intermissione
890 1935 1270 1990 praeparemur.
1299 1919 1568 1974 llabemus
1611 1917 1754 1973 enim
1792 1932 1860 1972 ex

299 2014 588 2068 traditione
632 2012 891 2081 majorum
920 2011 1059 2082 quod
1100 2013 1152 2067 in
1175 2012 1377 2067 Pascha
1401 2011 1558 2097 ppulo
1593 2019 1718 2064 ante
1748 2023 1860 2064 me-

303 2107 446 2162 diam
475 2117 704 2170 noctem,
748 2107 885 2161 sicut
909 2121 1194 2175 percussor
1233 2121 1329 2176 per
1358 2105 1544 2160 domos
1577 2103 1859 2175 Egyptio-

304 2213 424 2251 rum
457 2197 681 2250 transiit
731 2196 1096 2266 pcreutiendo,
1147 2196 1226 2250 sic
1256 2195 1447 2250 debeat
1489 2195 1690 2261 venire,
1724 2195 1866 2252 sicut

299 2289 564 2358 scriptum
621 2299 706 2343 est
767 2305 781 2342 :
853 2287 990 2342 Dum
1056 2289 1282 2342 medium
1329 2287 1590 2342 silentium
1636 2296 1862 2342 tenerent

301 2383 481 2444 omnia
505 2391 552 2435 et
573 2399 678 2436 nox
697 2382 751 2435 in
777 2398 872 2435 suo
895 2396 1050 2435 cursu
1071 2379 1295 2434 medium
1325 2379 1420 2433 iter
1442 2379 1668 2442 haberet,
1697 2377 1864 2430 omni-

303 2479 676 2539 potcnssermo
691 2480 840 2534 tuus,
868 2468 1104 2533 Domine,
1131 2469 1195 2522 de
1216 2467 1355 2522 caelis
1377 2486 1418 2521 .a
1445 2467 1702 2538 regalibus
1728 2467 1865 2520 sedi-

305 2559 403 2622 bus
446 2561 598 2614 vertit.
654 2559 744 2614 Sic
797 2560 1024 2628 denique
1078 2559 1231 2614 nobis
1279 2559 1538 2628 scriptum
1597 2557 1865 2627 reliquere

298 2651 447 2720 quod
469 2659 654 2706 octava
680 2651 796 2706 Kal.
827 2650 1024 2721 Aprilis
1055 2651 1156 2706 fuit
1193 2651 1420 2706 mundus
1458 2647 1650 2704 factus.
1683 2649 1860 2704 Domi-

305 2758 412 2796 nus
440 2731 726 2812 conceptus
765 2753 848 2798 est
871 2751 926 2797 et
948 2759 1158 2813 passus,
1185 2752 1239 2799 et
1275 2745 1435 2800 simili
1459 2744 1616 2799 modo
1645 2744 1746 2798 erit
1773 2743 1864 2798 de-

301 2841 565 2886 structus.
600 2833 665 2886 Et
683 2841 988 2887 statuerunt
1023 2842 1080 2888 ut
1107 2834 1160 2887 in
1190 2833 1303 2904 ipsa
1347 2842 1502 2890 nocte
1538 2833 1714 2888 nullus
1741 2841 1865 2886 ante

306 2921 545 2976 medium
594 2925 764 2979 noctis
793 2924 1068 2992 dormiret,
1100 2926 1192 2979 sed
1220 2925 1504 2996 vigilarent
1539 2925 1589 2979 in
1624 2924 1717 2979 Dei
1749 2925 1864 2978 lau-

301 3011 466 3064 dibus
508 3013 798 3068 secundum
851 3015 1006 3069 istam
1061 3013 1270 3070 Domini
1317 3015 1766 3074 admonitionem..
1797 3015 1865 3070 Et

307 3113 438 3158 tunc
472 3103 984 3178 eelebraturpctava
1015 3105 1131 3160 Kal.
1167 3105 1364 3176 Aprilis
1403 3105 1628 3161 Pascha.
1673 3105 1864 3162 Postea

309 3196 614 3251 institutum
667 3205 748 3251 est
801 3199 856 3252 in
899 3196 1112 3252 Nicaena
1157 3200 1359 3270 synodo
1400 3205 1460 3254 ut
1493 3205 1867 3269 exspectemus

309 3297 434 3357 post
479 3278 836 3356 mquinoxiunt
867 3287 1136 3342 vernalem
1165 3289 1304 3344 diem
1341 3288 1696 3354 Dominicum,
1729 3295 1786 3344 et
1811 3288 1865 3342 in

312 3378 495 3432 decetu
526 3387 580 3431 et
633 3391 820 3432 novem
847 3379 1001 3435 aiinis
1027 3396 1131 3434 non
1177 3381 1356 3436 evenit
1399 3381 1478 3436 sic
1504 3379 1732 3448 Pascha,
1764 3381 1868 3436 nisi
1898 3434 1904 3442 ,

313 3482 419 3520 una
452 3467 602 3532 vice;
647 3475 704 3523 et
733 3467 824 3522 tali
845 3469 1002 3523 modo
1029 3468 1268 3524 occultus
1295 3470 1399 3524 erit
1420 3469 1574 3524 nobis
1615 3467 1728 3539 ipsa
1759 3471 1865 3525 die.

311 3548 529 3625 Quanto
564 3571 690 3628 ergo
714 3556 866 3611 uehis
899 3558 1154 3622 incertus,
1183 3565 1332 3612 tanto
1355 3559 1523 3629 magis
1552 3558 1722 3628 parati
1750 3573 1870 3614 esse
1919 3615 1926 3624 ,

315 3650 570 3704 debemus
596 3649 743 3704 omni
782 3655 1037 3718 tempore.
1067 3647 1278 3702 Etenim
1306 3649 1591 3718 unicuique
1625 3655 1870 3702 nostrum

313 3739 463 3794 venit
489 3739 760 3804 Dominus,
787 3753 909 3794 cum
954 3739 1069 3794 dies
1099 3739 1265 3792 nostri
1314 3737 1432 3794 finis
1457 3737 1868 3808 appropinquat.

313 3831 518 3895 Pnlsat,
545 3849 665 3886 cum
703 3847 800 3903 per
842 3833 1027 3902 mgritu
1052 3831 1173 3887 Iinis
1205 3831 1503 3886 molestiam
1531 3837 1759 3886 mortem
1792 3827 1872 3882 vi-

312 3925 490 3979 cinam
519 3938 640 3978 esse
675 3924 972 3978 denuntiat.
1001 3923 1096 3978 Cui
1134 3923 1415 3993 vigilantes
1439 3921 1720 3978 confestim
1747 3935 1874 3990 ape-

216 4037 230 4050 -
319 4016 509 4079 riotus,
541 4015 584 4069 si
609 4025 922 4070 exercentes
950 4030 1158 4084 semper
1186 4013 1324 4068 bona
1353 4029 1514 4084 opera
1543 4029 1665 4070 cum
1688 4028 1874 4068 amore

315 4107 656 4178 suscipimus.
699 4108 924 4178 Aperire
949 4107 1092 4162 enim
1119 4105 1292 4161 Iudici
1334 4106 1565 4176 pulsanti
1592 4121 1699 4161 non
1736 4105 1870 4171 vult,

211 4247 220 4264 ,
313 4198 407 4267 qui
437 4197 586 4252 exire
607 4197 672 4252 de
692 4212 918 4268 corpore
941 4196 1188 4266 trepidat,
1215 4205 1270 4250 et
1290 4197 1470 4250 videre
1489 4211 1613 4250 eum
1637 4210 1794 4265 quem
1815 4209 1875 4250 se

313 4289 696 4360 contempsisse
716 4287 948 4358 iudicem
974 4287 1240 4342 formidat.
1277 4287 1357 4342 Ad
1383 4287 1748 4343 excutiendam
1781 4301 1875 4340 au-

316 4391 428 4436 tem
461 4380 654 4434 mentis
679 4388 874 4436 nostrae
895 4379 1172 4443 desidiam,
1195 4380 1354 4434 etiam
1381 4377 1646 4433 exteriora
1682 4379 1875 4432 damna

316 4487 415 4540 per
427 4469 826 4526 similitudinem
849 4470 1200 4532 adducuntur,
1216 4479 1275 4523 ut
1294 4471 1502 4523 animus
1517 4467 1776 4523 nosterad
1797 4467 1874 4523 vi-

313 4560 590 4632 gilandum
617 4559 896 4615 excitetur.
933 4559 1073 4616 Dicit
1097 4560 1238 4614 enim
1267 4577 1278 4612 :
1313 4559 1456 4612 Illud
1483 4568 1654 4612 autem
1691 4557 1872 4612 scitote

324 4652 440 4721 yuia
460 4652 505 4705 si
542 4651 690 4705 sciret
711 4651 1086 4723 paterfamilias
1111 4668 1211 4722 qua
1231 4652 1357 4704 liora
1387 4651 1474 4720 fur
1496 4650 1708 4715 veniret,
1740 4649 1870 4720 vigi-

323 4743 449 4797 ‘aret
496 4744 686 4813 utique,
747 4752 933 4796 etnon
990 4741 1174 4798 sineret
1224 4742 1425 4811 perfodi
1463 4741 1671 4794 domum
1697 4755 1868 4794 suam.

319 4832 429 4886 Fur
457 4831 601 4886 enim
645 4831 860 4886 domum
891 4832 1134 4903 perfodit,
1163 4847 1284 4887 cum
1315 4831 1557 4887 diabolus
1598 4831 1873 4886 habitacu-

319 4923 428 4976 lum
460 4922 652 4976 animai
699 4920 953 4985 inlirmat,
986 4930 1044 4975 ut
1088 4923 1354 4976 habitator
1380 4921 1638 4996 discedat.
1672 4918 1872 4975 Omnes

317 5012 460 5067 enim
513 5011 851 5067 infirmitates
890 5013 1162 5067 hominum
1205 5021 1260 5068 et
1302 5027 1554 5082 pecorum
1599 5028 1630 5066 a
1658 5011 1871 5066 diabolo

321 5103 654 5174 inlliguntur,
687 5111 748 5158 ut
775 5102 1014 5159 fecerunt
1057 5106 1108 5158 in
1137 5105 1236 5160 Job
1272 5115 1326 5161 et
1356 5107 1478 5160 [iliis
1510 5104 1647 5173 ejus,
1678 5088 1888 5170 Tobia,

319 5194 515 5260 Paulo;
543 5195 651 5250 Deo
668 5205 844 5250 tamen
869 5197 1224 5265 permittente,
1248 5204 1301 5251 et
1324 5197 1508 5267 angelo
1531 5198 1671 5250 bono
1691 5197 1875 5266 przesi-

320 5287 496 5350 dente,
529 5303 596 5342 ne
615 5286 855 5341 diabolus
873 5286 1022 5356 juxta
1048 5287 1332 5358 malignam
1363 5303 1512 5342 suam
1543 5288 1871 5342 voluntatem

321 5389 562 5452 peragat.
617 5380 766 5436 Unde
810 5388 866 5434 et
895 5379 1146 5434 Dominus
1175 5379 1240 5434 ad
1267 5380 1438 5449 ipsum
1485 5380 1552 5434 de
1577 5375 1678 5433 Job
1712 5379 1870 5444 dixit,

320 5491 441 5528 cunt
493 5490 684 5544 corpus
729 5475 776 5529 ei
820 5455 1038 5529 dimisit.
1087 5469 1448 5525 Verumtamen
1468 5472 1696 5524 animant
1729 5470 1872 5525 illius

321 5583 488 5621 serva.
522 5565 736 5622 Duobus
756 5569 899 5621 enim
929 5567 1097 5622 modis
1118 5565 1436 5636 intelligitur
1455 5565 1555 5620 hoc
1574 5563 1746 5635 ipsum
1771 5565 1874 5619 Do-

323 5660 456 5715 mini
481 5661 702 5726 dictum,
747 5671 807 5716 ut
835 5677 1003 5730 neque
1032 5660 1083 5713 in
1125 5657 1354 5734 animum
1383 5654 1498 5722 ejus
1522 5654 1754 5724 aliquam
1783 5655 1874 5710 la:-

323 5759 530 5814 siouem
554 5755 749 5813 faceret
770 5763 822 5810 et
849 5755 914 5810 ad
950 5761 1198 5821 mentem,
1230 5758 1318 5806 aut
1347 5748 1488 5804 aliud
1512 5746 1669 5814 mali;
1703 5761 1874 5816 neque

1900 4517 1952 4576 D

1953 559 2060 599 non
2081 551 2280 614 posset.
2321 541 2452 596 Nam
2499 558 2642 598 mors
2665 545 2934 614 quomodo
2954 551 3131 614 potest
3159 544 3246 600 fur
3268 545 3513 616 intelligi,

1953 649 2072 707 qua:
2119 635 2416 690 substantia
2444 635 2626 688 caret?
2653 633 2797 689 Nihil
2824 635 3056 704 denique
3082 643 3165 690 est
3193 635 3353 700 aliud,
3409 638 3513 694 nisi

1953 727 2194 783 absentia
2243 725 2386 790 vitae,
2435 725 2574 780 sicut
2621 727 2852 780 tenebrat
2897 713 3001 780 non
3043 735 3172 782 sunt
3216 727 3360 784 aliud
3413 729 3518 784 nisi

1954 819 2194 874 absentia
2241 817 2394 870 lucis.
2444 815 2838 871 Paterfamilias
2880 817 3042 871 homo
3096 828 3338 884 vocatur,
3390 817 3515 888 quia

1955 910 2244 982 principari
2273 908 2431 963 debet
2458 922 2622 977 super
2648 909 2889 962 membra
2917 923 3038 972 sua,
3065 910 3517 978 quemadmodum

1953 1001 2340 1074 paterfamilias
2387 1001 2440 1054 in
2489 1001 2668 1055 domo.
2713 999 2836 1054 Non
2883 1000 3003 1054 sinit
3056 1000 3259 1071 perfodi
3305 1001 3518 1058 domum

1955 1109 2126 1152 suam.
2153 1091 2286 1147 Cum
2309 1091 2545 1147 sentiens
2568 1099 2624 1145 et
2656 1107 2776 1146 cum
2800 1090 3041 1159 gaudens
3061 1091 3176 1146 dies
3203 1089 3400 1156 exitus,
3431 1090 3523 1144 ltr-

1959 1193 2043 1239 tus
2068 1182 2361 1254 egreditur,
2387 1191 2444 1236 et
2459 1197 2654 1252 corpus
2672 1179 3038 1242 obdormise’it,
3068 1188 3126 1233 ut
3151 1179 3217 1234 de
3237 1179 3442 1234 Joanne
3467 1178 3522 1250 ct

1959 1275 2235 1346 Stephano
2265 1273 2527 1344 scriptum
2573 1280 2676 1336 est,
2712 1271 2854 1342 quod
2886 1269 3292 1326 obdormierunt
3319 1270 3372 1323 in
3418 1268 3516 1322 Do-

1957 1367 2122 1422 mino.
2147 1363 2276 1418 Ideo
2294 1373 2342 1416 et
2368 1379 2455 1417 vos
2479 1371 2636 1416 estote
2672 1361 2860 1431 parati,
2891 1361 3013 1432 quia
3038 1361 3244 1415 nescitis
3265 1375 3367 1430 qua
3393 1358 3524 1410 hora

1956 1457 2098 1526 filius
2123 1454 2344 1509 hominis
2389 1462 2631 1507 venturus
2677 1461 2772 1506 est.
2821 1449 3102 1506 Nesciente
3139 1447 3524 1519 patrefamilias

1960 1545 2047 1600 fur
2084 1546 2300 1601 domum
2343 1541 2596 1614 perfodit,
2627 1541 2752 1596 dum
2779 1555 2808 1594 a
2833 1539 2987 1596 bonis
3021 1539 3274 1610 operibus
3316 1539 3524 1594 otiosus

1959 1645 2061 1692 est.
2085 1635 2320 1704 Quilibet
2347 1635 2544 1690 missus
2571 1632 2665 1687 Dei
2691 1633 2915 1688 veniens
2937 1630 3303 1686 habitaculum
3326 1637 3524 1684 nostrae

1961 1729 2142 1802 carnis
2185 1726 2429 1797 dissipat,
2493 1733 2548 1779 et
2592 1724 2950 1780 habitatorem
2994 1721 3172 1792 egredi
3229 1711 3522 1788 compellit,

1958 1827 2085 1898 quia
2112 1839 2233 1882 eum
2258 1830 2482 1878 ventura
2503 1821 2695 1876 damna
2713 1817 2937 1888 spiritus
2962 1831 3066 1870 non
3082 1812 3357 1885 praevidet,
3382 1813 3527 1867 hunc

1959 1932 2104 1973 mors
2133 1915 2199 1970 ad
2235 1913 2553 1983 supplicium
2581 1910 2764 1980 'rapit.
2816 1907 2944 1962 Furi
2977 1922 3104 1962 vero
3143 1905 3439 1966 resisteret,
3476 1901 3524 1956 si

1958 2023 2054 2079 per
2088 2007 2221 2060 bona
2268 2018 2430 2074 opera
2479 2001 2746 2072 vigilaret,
2796 2013 2864 2053 ne
2917 1995 3260 2065 imptenitens
3296 1992 3521 2064 periret.

1962 2098 2091 2164 Quis
2112 2106 2261 2168 putas
2287 2103 2360 2148 est
2386 2091 2555 2162 fidelis
2592 2107 2768 2145 servus
2805 2098 2853 2142 et
2876 2087 3102 2158 prudens
3135 2100 3286 2155 quem
3334 2081 3528 2137 consti-

1960 2193 2056 2247 tuit
2077 2190 2330 2245 Dominus
2358 2202 2512 2256 super
2533 2183 2790 2254 familiam
2813 2197 2988 2244 suam,
3024 2189 3079 2233 ut
3109 2178 3193 2232 det
3221 2175 3327 2231 illis
3352 2174 3533 2230 cibum-

1960 2283 2014 2338 in
2039 2294 2280 2352 tempore.
2314 2276 2470 2332 Modo
2497 2273 2754 2329 Dominus
2785 2271 2930 2342 ipsos
2974 2284 3106 2324 suos
3132 2265 3442 2336 discipulos,
3468 2271 3528 2318 et:

1960 2389 2058 2445 per
2079 2387 2174 2428 eos
2199 2371 2484 2440 magistros
2505 2365 2756 2427 Ecclesite
2791 2363 3066 2426 admonet,
3095 2369 3157 2414 ut
3187 2365 3240 2413 et
3268 2357 3369 2428 ipsi
3392 2356 3526 2427 vigi-

1961 2466 2073 2520 lent
2094 2473 2148 2519 et
2173 2461 2386 2518 caeteris
2404 2457 2624 2513 verbum
2653 2455 2894 2509 divinum
2923 2449 3242 2506 annuntient
3266 2462 3364 2518 per
3381 2446 3526 2516 quod

1961 2559 2181 2630 vigilare
2205 2563 2260 2611 et
2279 2554 2569 2610 observare
2591 2549 2733 2604 illam
2764 2549 2955 2601 horam
2982 2543 3177 2599 sciant.
3205 2540 3285 2596 llli
3314 2539 3414 2610 ipsi
3439 2546 3526 2594 ta-

1963 2665 2084 2706 men
2125 2658 2251 2702 tunc
2275 2649 2434 2701 erunt
2456 2641 2746 2714 prudentes
2778 2646 2835 2692 et
2882 2635 3092 2698 ﬁdeles,
3116 2633 3163 2688 si
3204 2633 3260 2688 in
3285 2639 3541 2698 tempore

1963 2725 2137 2797 sciant
2165 2739 2294 2793 dare
2343 2735 2620 2791 conservis
2645 2731 2809 2802 dapes
2848 2727 3018 2783 verbi.
3046 2726 3158 2784 Hoc
3180 2733 3264 2780 est
3307 2732 3368 2777 ut
3393 2730 3528 2776 tem-

1961 2845 2091 2903 pore
2121 2842 2359 2898 congruo
2410 2841 2516 2879 non
2547 2821 2896 2885 abscondant,
2948 2831 3124 2887 neque
3158 2813 3422 2903 profunda
3456 2818 3534 2903 et

1963 2897 2068 2976 alta
2119 2897 2320 2990 ignaris
2364 2915 2536 2972 turbis
2583 2913 2848 2982 ingerunt,
2900 2908 2993 2964 sed
3037 2905 3282 2976 exemplo
3315 2897 3529 2958 Dtimiui

1963 3009 2373 3084 perfectioribns
2395 3008 2708 3070 secretiora,
2730 3001 3046 3073 vulgaribus
3067 2998 3255 3054 hordei
3274 2995 3534 3084 pabulum

1967 3083 2291 3160 ministrent.
2315 3099 2506 3154 Beatus
2540 3095 2628 3150 ille
2655 3110 2854 3156 servus,
2881 3105 3031 3162 quem
3062 3104 3183 3143 cum
3202 3086 3393 3150 uenerit
3422 3083 3530 3138 Do-

1965 3195 2163 3258 minus,
2213 3189 2460 3246 invenerit
2504 3187 2578 3242 sic
2621 3185 2914 3256 facientem.
2939 3181 3134 3236 Beatus
3170 3177 3366 3234 dicitur
3407 3175 3535 3229 bene

1963 3294 2170 3338 auctus.
2203 3279 2352 3336 Felix
2377 3287 2434 3334 et
2452 3279 2642 3332 beatus
2664 3272 2872 3342 eritqui
2901 3270 3076 3341 primo
3105 3267 3344 3338 seipsum
3367 3264 3532 3322 verbo

1965 3375 2146 3431 divino
2193 3369 2500 3442 repleverit,
2524 3375 2584 3422 ut
2617 3366 2732 3436 ipse
2778 3363 2954 3434 primo
2981 3359 3162 3424 faciat,
3189 3356 3531 3428 postmodum

1967 3465 2086 3520 aliis
2112 3477 2206 3517 ore
2235 3469 2290 3514 et
2316 3471 2478 3528 opere
2504 3453 2655 3510 verbi
2698 3451 2954 3524 pabulum
2983 3455 3258 3520 suggerat,
3284 3445 3412 3517 quia
3455 3445 3536 3502 sic

1967 3556 2035 3610 de
2079 3553 2268 3608 eodem
2297 3548 2524 3604 Domino
2557 3545 2816 3614 scriptum
2851 3550 2936 3597 est
2965 3561 2980 3597 ι
3011 3541 3144 3608 Quae
3181 3537 3328 3608 coepit
3377 3536 3536 3590 Jesus

1971 3645 2140 3713 facere
2169 3653 2214 3697 et
2263 3641 2464 3695 docere.
2517 3637 2655 3693 Ante
2694 3636 2842 3699 fecit,
2873 3643 3059 3706 postea
3087 3631 3288 3687 docuit.
3323 3629 3391 3682 Et
3419 3629 3535 3696 ipse

1969 3750 2133 3806 supra
2161 3733 2226 3789 de
2258 3731 2566 3787 doctoribus
2585 3729 2696 3783 ait:
2729 3727 2830 3792 Qui
2863 3735 3036 3780 autem
3063 3722 3238 3793 fecerit
3263 3730 3310 3776 et
3337 3719 3534 3774 docue-

1971 3827 2060 3892 rit,
2085 3839 2304 3894 magnus
2335 3818 2598 3876 vocabitur
2619 3819 2674 3872 in
2691 3832 2844 3887 regno
2866 3813 3132 3870 ctelorum.
3199 3832 3208 3840 ο

2041 3918 2204 3973 Amen
2247 3915 2364 3968 dico
2385 3912 2524 3967 vobis
2551 3909 2690 3980 quod
2715 3923 2869 3978 super
2906 3907 3080 3960 omnia
3105 3904 3241 3958 bona
3276 3919 3376 3956 sua
3413 3918 3538 3956 con-

1969 4013 2146 4067 stituet
2181 4023 2317 4062 eum.
2341 4002 2528 4074 Magna
2557 4000 2810 4058 distantia
2831 4005 2914 4052 est
2945 3995 3087 4050 inter
3111 3993 3286 4049 bonos
3307 3991 3557 4046 factores.

1971 4111 2027 4160 et
2047 4100 2441 4175 praedicatores.
2479 4095 2655 4150 Bonos
2694 4090 2836 4146 enim
2881 4087 3158 4142 auditores
3186 4085 3234 4143 si
3255 4082 3554 4154 vigilantes.

1973 4173 2256 4255 invenerit,
2307 4187 2434 4242 facit
2460 4184 2820 4246 discumbere,
2857 4181 2957 4235 hoc
3005 4185 3088 4232 est
3129 4173 3540 4246 quicscumbere

1973 4285 2026 4340 in
2049 4283 2160 4338 vita
2182 4289 2401 4335 aeterna.
2439 4276 2507 4330 Et
2529 4273 2799 4330 transiens
2827 4267 3157 4324 ministrabit
3183 4279 3304 4336 quas
3334 4275 3542 4334 praepa-

1975 4383 2092 4431 rata
2135 4380 2262 4428 sunt
2291 4367 2633 4440 diligentibus
2675 4363 2863 4418 Deum.
2892 4359 3054 4414 Bonis
3079 4367 3258 4414 autem
3280 4357 3538 4428 praedica-

1975 4466 2200 4530 toribus,
2229 4462 2275 4519 si
2301 4460 2588 4533 prudentcr
2619 4451 3064 4524 dispensaverint,
3106 4457 3166 4504 ut
3203 4449 3306 4519 ipsi
3336 4447 3540 4504 satien-

1978 4567 2086 4624 tur,
2111 4563 2167 4611 et
2193 4554 2312 4610 aliis
2351 4549 2682 4607 sull‘icienter
2701 4541 3156 4603 ministraverint,
3170 4554 3331 4609 supra
3356 4536 3540 4594 omnia

1976 4651 2114 4705 bona
2144 4661 2238 4702 sua
2293 4644 2603 4705 constituet,
2650 4638 2703 4693 id
2749 4645 2832 4691 est
2866 4648 3028 4704 supra
3079 4629 3259 4688 omnia
3305 4627 3541 4684 ctelestis

1976 4739 2128 4811 regni
2165 4737 2378 4808 gaudia,
2405 4720 2510 4789 non
2535 4741 2595 4786 ut
2623 4727 2724 4799 ipsi
2753 4727 2852 4782 soli
2878 4723 3133 4785 habeant,
3173 4721 3268 4776 sed
3297 4727 3357 4776 ut
3373 4719 3542 4811 abun-
3586 4757 3592 4764 .

1977 4809 2193 4888 dantius
2218 4827 2424 4884 caneris
2451 4839 2573 4880 eum
2596 4820 2800 4877 sanctis
2831 4828 2884 4871 ct
2910 4814 3236 4871 aiternaliter
3263 4809 3542 4882 perfruan-

1981 4933 2084 4978 tur.
2113 4920 2170 4976 Si
2197 4928 2370 4973 autem
2395 4915 2586 4969 dixerit
2611 4909 2791 4966 malus
2805 4923 2982 4961 servus
3011 4906 3065 4960 in
3099 4903 3252 4959 corde
3292 4919 3405 4962 suo,
3432 4916 3542 4954 mo-

1973 5032 2087 5070 ram
2117 5015 2242 5083 facit
2287 5009 2537 5084 Dominus
2577 5019 2721 5057 meus
2757 5000 2946 5064 uenire,
2977 5007 3024 5052 et
3051 4995 3252 5065 cmperit
3274 5003 3542 5065 percutere

1975 5081 2244 5159 conservos
2267 5081 2408 5162 suos,
2446 5095 2724 5150 manducet
2751 5100 2923 5144 autem
2946 5098 2994 5143 et
3015 5086 3136 5142 bibit
3157 5100 3275 5138 cum
3299 5081 3536 5136 ebriosis.

1977 5195 2166 5252 Hocde
2181 5204 2499 5260 unoquoque
2520 5184 2825 5242 Christiano
2847 5175 3280 5250 potestintelligi,
3305 5173 3546 5228 maxime

1977 5289 2044 5344 de
2071 5283 2341 5355 magistris
2365 5278 2741 5336 l'leclesiarum,
2761 5273 2995 5343 regibus,
3018 5265 3306 5339 episcopis,
3331 5263 3540 5318 comiti-

1945 5381 2094 5443 'bus,
2139 5353 2228 5447 qui
2259 5377 2560 5444 proponunt
2604 5366 2706 5422 sibi
2743 5365 2900 5434 longa
2949 5353 3542 5447 temporagvivendipet-

1977 5443 2303 5542 percutiunt.
2337 5462 2420 5517 vel
2447 5461 2582 5514 alias
2615 5455 2906 5527 iniustitiae
2945 5450 3150 5506 faciunt
3189 5443 3533 5542 Christianis,

1977 5533 2172 5614 vacant
2204 5548 2682 5610 eomessationibus
2724 5553 2781 5600 et
2807 5539 3176 5602 ebrietatibus,
3202 5546 3258 5592 et
3303 5533 3423 5590 aliis
3454 5533 3536 5612 vi-

1977 5651 2086 5704 tiis.
2127 5645 2299 5700 Veniet
2331 5641 2436 5696 illis
2476 5639 2753 5694 Dominus.
2805 5633 2917 5688 lloc
2943 5641 3026 5686 est
3065 5630 3263 5686 missus
3299 5624 3541 5690 Domini,

1979 5741 2072 5812 qui
2101 5733 2371 5807 separabit
2391 5731 2623 5787 animam
2644 5726 2712 5783 de
2748 5736 2976 5795 corpore
3003 5735 3190 5778 eorum
3217 5718 3271 5774 in
3293 5724 3534 5784 tempore
