3952 6186
533 329 667 389 ΗΘΒ

1296 305 1682 383 CllRlSTlANl
1721 322 2123 382 DBUTHMARI
2159 297 2600 380 CORBEIENSIS
2636 321 2932 378 ΜΟΝΑοΠί

3611 323 3746 378 “ﬁl

533 448 743 520 quando
777 457 882 499 non
922 449 1156 512 sperant,
1211 449 1509 510 partemque
1541 454 1727 494 eorum
1771 449 1921 509 ponet
1973 454 2089 491 cum
2120 444 2164 502 Α
2193 445 2491 509 acceperunt
2513 423 2685 489 'oleum
2710 436 2764 487 in
2788 436 2922 488 vasis
2946 435 3053 486 suis
3081 448 3194 494 cum
3235 434 3584 505 tampadibus.
3615 434 3756 502 Quia

533 542 833 609 hypocntts,
857 532 1050 602 quibus
1080 531 1326 599 superius
1343 530 1508 583 dixit:
1547 529 1638 584 Va:
1670 531 1835 593 vobis,
1858 528 2092 598 hypocri-

535 645 634 692 tre;
675 627 756 682 vel
790 642 910 682 cum
956 625 1061 679 illis
1092 623 1158 678 de
1204 623 1397 692 quibus
1437 624 1611 677 dixit:
1642 639 1748 676 una
1777 630 2090 686 assumetstr,

2189 537 2412 597 egerunt
2431 541 2532 594 pro
2561 525 2673 580 solo
2699 524 2790 579 Dei
2813 538 2993 578 amore
3021 531 3076 578 et
3113 524 3482 579 retributionis
3508 534 3755 581 aster-na.

2191 615 2349 680 Vasa,
2379 616 2539 672 corda
2569 623 2692 669 sunt
2715 615 3025 668 electorum.
3072 612 3278 666 Moram
3317 625 3490 668 autem
3531 615 3762 683 faciente

533 732 581 776 et
613 736 719 773 una
761 715 1095 786 relinquetur,
1121 715 1224 768 hoc
1260 721 1342 768 est
1361 729 1483 768 cum
1526 715 1607 768 his
1633 713 1724 782 qui
1766 711 2093 768 descendunt
2188 721 2392 776 sponso.
2419 704 2542 759 Haec
2569 718 2719 758 mora
2744 703 2915 758 adhuc
2941 703 3139 773 agitur,
3168 704 3292 771 quia
3327 702 3500 759 adhuc
3529 720 3639 759 non
3657 719 3759 758 ve-

535 811 589 864 in
607 807 892 863 infernum.
919 804 1000 857 Ibi
1021 805 1118 856 erit
1147 805 1298 872 ﬂetus
1324 813 1369 856 et
1395 803 1588 856 stridor
1601 803 1852 866 dentium,
1870 815 2094 871 perquze

535 905 588 957 in
611 900 894 955 durissima
925 905 1188 950 tormenta
1222 895 1600 964 perducantur.

608 997 750 1051 Tunc
777 994 948 1049 simile
967 983 1062 1047 erit
1091 1007 1300 1061 regnum
1322 987 1563 1042 calorum
1588 985 1761 1038 decem
1784 983 2086 1053 virginibus.

535 1087 638 1147 Per
658 1090 986 1161 superiorem
1009 1085 1318 1157 parabolam
1342 1083 1407 1136 de
1431 1081 1682 1150 apostolis
1709 1089 1764 1135 et
1784 1079 2094 1134 doctoribus

535 1185 633 1240 sub
667 1197 893 1253 persona
929 1180 1050 1235 boni
1095 1178 1234 1232 servi
1265 1175 1498 1245 malique
1527 1174 1812 1243 prmmisit;
1854 1171 2091 1228 ostendit

534 1275 661 1346 quid
698 1273 784 1327 ille
833 1271 1111 1325 habiturus
1146 1269 1236 1338 qui
1272 1268 1408 1337 bene
1452 1266 1836 1320 ministraverit
1869 1263 2091 1317 verbum

535 1365 795 1428 divinum,
826 1371 879 1417 et
909 1361 1034 1430 quid
1065 1360 1153 1414 ille
1197 1358 1286 1429 qui
1315 1357 1661 1428 negligenter.
1693 1354 1847 1409 Nunc
1872 1369 2094 1425 genera-

533 1455 658 1510 liter
683 1456 748 1508 de
775 1453 919 1507 omni
947 1451 1185 1505 Ecclesia
1214 1457 1266 1504 et
1291 1448 1623 1503 auditoribus
1661 1446 1900 1516 ejusdem
1928 1445 2090 1500 Verbi

536 1546 700 1599 divini
729 1543 1035 1614 parabolam
1065 1541 1233 1610 ponit.
1260 1539 1404 1594 More
1435 1548 1612 1593 tamen
1641 1537 1958 1608 prophetali,
1987 1552 2092 1606 quo

538 1647 592 1692 et
624 1634 849 1704 apostoli
879 1648 1171 1701 omnesque
1215 1631 1286 1686 illi
1331 1631 1602 1685 auditores
1625 1629 1839 1685 fuerunt
1877 1630 2092 1684 eruditi.

534 1726 817 1781 liabebant
863 1724 1006 1778 enim
1059 1724 1111 1777 in
1143 1738 1242 1777 usu
1291 1721 1408 1776 illas
1441 1721 1649 1775 animas
1694 1721 1797 1776 dici
1838 1721 2090 1790 virgines,

535 1834 654 1890 quae
697 1819 866 1872 Deum
919 1815 1150 1870 alienum
1206 1830 1310 1868 non
1358 1813 1745 1877 adoraverunt,

532 1907 949 1976 uniuscujusque
974 1905 1166 1958 anima:
1186 1903 1370 1964 Deum,
1401 1918 1650 1972 sponsam
1673 1904 1903 1957 animam
1929 1902 2094 1957 Deum

536 1999 843 2054 colentium.
870 1997 1002 2064 Quia
1027 1996 1166 2050 sicut
1199 1994 1393 2048 mulier
1419 1995 1598 2048 omnia
1629 2009 1748 2064 qua:
1783 1993 1940 2058 facit,
1973 2008 2096 2047 cum

533 2088 805 2142 voluntate
830 2087 931 2141 viri
961 2086 1120 2141 debet
1151 2085 1349 2148 facere,
1379 2094 1433 2140 et
1466 2087 1641 2140 omnia
1673 2086 1739 2140 ad
1771 2101 1904 2156 opus
1931 2087 2098 2154 ipsius

530 2189 585 2234 et
611 2179 676 2233 ad
713 2177 919 2233 laudem
949 2175 1085 2245 ejus,
1113 2177 1224 2231 sive
1247 2177 1312 2230 ad
1335 2174 1630 2246 profectum
1653 2175 1766 2245 ejus
1792 2178 1918 2230 dare
1943 2175 2098 2245 quid—

532 2271 659 2341 quid
687 2269 818 2324 dat:
850 2278 905 2323 et
949 2283 1055 2322 non
1100 2267 1256 2322 debet
1294 2267 1455 2321 alium
1499 2267 1768 2322 aestimare
1811 2266 2097 2336 sapientio-

532 2378 666 2426 rem,
689 2360 1090 2432 Specioslorem,
1114 2356 1388 2412 fortiorem
1412 2373 1573 2427 quam
1604 2358 1776 2411 virum
1801 2373 1977 2412 suum.
2006 2355 2097 2411 Sic

533 2453 712 2507 anima
743 2451 1158 2520 aniuseujusque
1198 2449 1422 2504 colentis
1452 2449 1648 2511 Deum,
1680 2448 1933 2516 quidquid
1968 2447 2098 2501 facit

532 2557 653 2595 eum
683 2542 774 2594 Dei
799 2540 1073 2594 voluntate
1094 2533 1222 2594 et’in
1250 2537 1686 2592 nomineDomini
1713 2537 1870 2592 debet
1892 2536 2090 2591 facere.

530 2631 646 2687 Non
689 2632 846 2686 debet
887 2645 1104 2696 amare,
1151 2645 1323 2699 neque
1367 2637 1574 2700 patrem
1619 2644 1791 2698 neque
1829 2636 2052 2682 matrem
2077 2668 2092 2693 ,

531 2737 803 2792 gemmas,
851 2736 1070 2784 aurum,
1120 2727 1399 2789 argentum
1427 2760 1441 2783 ,
1492 2719 1689 2789 praedia
1737 2719 1818 2772 vel
1862 2720 2093 2788 aliquam

530 2821 833 2866 creaturam
879 2810 977 2865 sub
1017 2809 1152 2864 coalo
1181 2809 1300 2879 plus
1328 2823 1488 2877 quam
1516 2809 1702 2863 Deum.
1730 2808 1877 2863 Tunc
1915 2817 2092 2863 autem

531 2912 675 2968 amat
709 2903 908 2969 Deum,
941 2903 983 2956 si
1019 2901 1148 2957 facit
1188 2917 1306 2972 quae
1353 2902 1466 2972 ipse
1511 2902 1780 2972 praecepit.
1819 2901 1876 2956 Si
1914 2911 2095 2956 autent

525 2992 788 3060 justitiam
819 2993 1020 3048 deserit
1051 3007 1148 3062 pro
1177 2992 1280 3045 alia
1309 3007 1395 3057 re,
1432 3000 1556 3046 tunc
1597 2999 1744 3045 amat
1783 2991 1906 3060 plus
1952 2991 2095 3044 illam

529 3103 643 3142 rem
677 3103 835 3156 quam
864 3088 1062 3152 Deum,
1087 3096 1140 3141 et
1162 3088 1234 3141 ibi
1269 3086 1563 3141 fornicatur
1600 3088 1776 3140 anima
1818 3086 1952 3156 ejus.
1983 3087 2096 3143 Hoc

529 3179 690 3233 modo
717 3179 874 3233 debet
895 3193 1016 3232 esse
1046 3179 1197 3248 virgo
1230 3179 1403 3231 omnis
1431 3177 1672 3231 Ecclesia
1695 3178 1914 3244 Christi,
1947 3180 2091 3233 vide-

528 3270 655 3324 licet
697 3284 885 3323 omnes
927 3267 1236 3321 Christiani.
1284 3267 1358 3319 De
1405 3267 1600 3334 talibus
1633 3267 1928 3337 virginibus
1967 3268 2095 3323 dicit

530 3359 825 3414 Dominus:
856 3356 1035 3411 Simile
1062 3365 1135 3410 est
1175 3372 1387 3426 regnum
1414 3354 1699 3410 caelorum:
1725 3356 1827 3409 hoc
1854 3365 1936 3410 est
1963 3371 2095 3427 pm

535 3467 659 3506 sens
709 3449 949 3526 Ecclesia
995 3464 1114 3518 quze
1166 3447 1476 3518 frequenter
1526 3447 1820 3518 appellatur
1870 3464 2093 3519 regnum

529 3542 812 3597 sculorum.
850 3529 1016 3594 Recte
1045 3555 1141 3610 per
1163 3539 1443 3594 denarium
1483 3554 1764 3593 numerum
1805 3555 1965 3595 omne
2005 3555 2094 3612 ge-

529 3651 630 3690 nus
659 3636 952 3689 humanum
998 3631 1336 3702 esprimitur,
1379 3631 1504 3701 quia
1552 3631 1802 3686 denarius
1838 3647 2095 3688 numerus

527 3727 798 3797 perfectus
831 3728 892 3779 et
914 3722 1189 3778 absolutus
1215 3729 1318 3788 est,
1348 3729 1402 3778 et
1427 3723 1565 3776 ultra
1593 3723 1766 3792 ipsum
1797 3722 1972 3778 nullus
1999 3740 2094 3778 nu-

531 3834 710 3874 merus
743 3817 846 3871 nisi
870 3817 934 3870 dc
961 3815 1076 3885 ipso
1102 3815 1506 3883 multiplicatus.
1534 3814 1601 3867 Et
1632 3815 1684 3868 in
1716 3815 1819 3871 hac
1842 3815 2096 3885 parabola

530 3909 707 3963 nullus
733 3915 815 3962 est
839 3907 929 3976 qui
959 3907 1046 3960 hic
1073 3920 1178 3960 non
1205 3905 1534 3975 designetur.
1561 3905 1618 3958 ln
1646 3911 1880 3975 quinque
1916 3895 2094 3960 autem

529 3999 774 4053 sensibus
811 3996 1056 4066 corporis
1084 3995 1448 4063 unusquisque
1494 3995 1740 4050 subsistit
1781 3995 1960 4051 homo.
1991 3994 2095 4055 Ge-

529 4091 764 4144 minatus
785 4097 963 4141 autem
987 4085 1285 4156 quinarius,
1315 4084 1592 4139 denarium
1619 4085 1845 4153 perlicit.
1879 4085 1946 4139 Et
1970 4086 2094 4155 quia

529 4200 595 4236 ex
622 4192 847 4251 utroque
871 4195 998 4235 sexu
1028 4179 1264 4234 ﬁdelium
1289 4178 1572 4232 multitudo
1592 4177 1879 4249 colligitur,
1909 4187 2095 4234 sancta

528 4272 767 4327 Ecclesia
797 4269 988 4324 similis
1013 4269 1197 4324 decem
1225 4269 1522 4340 virginibus
1550 4269 1910 4323 denuntiatur.
1933 4269 2095 4340 Virgo

527 4361 671 4414 enim
693 4375 885 4414 nomen
916 4368 998 4412 est
1035 4358 1335 4412 communis
1361 4359 1602 4428 generis,
1633 4366 1687 4412 et
1709 4358 1893 4412 eodem
1938 4359 2095 4414 modo

1843 1787 2095 1883 sponsum
2124 1787 2169 1846 Β

2193 799 2574 869 nitjudicium.
2609 796 3034 850 Dormitaverunt
3074 811 3270 849 omnes.
3313 794 3574 848 lnﬁrmati
3608 802 3756 848 sunt.

2192 892 2258 945 Et
2285 892 2632 946 dormierunt.
2655 888 2847 943 Mortui
2874 895 3015 942 sunt.
3042 887 3155 941 Hoc
3183 885 3418 956 quotidie
3444 885 3502 938 ﬁt
3532 886 3605 940 de
3629 885 3761 939 ﬁde—

2191 983 2328 1037 libus
2357 991 2412 1038 et
2442 980 2762 1042 inﬁdelibus,
2792 979 2884 1033 sed
2921 977 3241 1048 generaliter
3264 976 3319 1029 in
3347 975 3436 1029 die
3455 975 3646 1045 judicii
3671 976 3756 1029 ﬁt.

2192 1072 2367 1126 Media
2386 1080 2556 1125 autem
2583 1079 2729 1124 nocte
2756 1069 2953 1122 clamor
2978 1068 3149 1137 factus
3176 1075 3267 1121 est.
3295 1065 3428 1132 Quia
3455 1066 3597 1120 sicut
3620 1067 3762 1120 disi-

2190 1179 2340 1228 mus,
2367 1163 2540 1216 media
2582 1170 2738 1216 nocte
2772 1161 2927 1214 ﬁnem
2975 1159 3159 1214 mundi
3208 1159 3478 1214 credimus
3520 1159 3666 1222 fore,
3699 1169 3758 1212 et

2193 1255 2478 1323 insperate.
2507 1252 2720 1308 Clamor
2760 1253 2932 1306 factus
2963 1259 3045 1306 est
3082 1250 3388 1320 angelorum
3439 1265 3566 1304 cum
3615 1252 3756 1303 tubis

2191 1345 2466 1400 hominum
2493 1385 2507 1404 ,
2554 1344 2819 1413 fulgurum
2861 1351 2917 1396 et
2953 1341 3329 1396 tonitruorum.
3370 1340 3506 1395 Ecce
3531 1359 3756 1411 sponsus

2193 1437 2346 1490 venit.
2378 1433 2566 1488 Veniet
2587 1432 2927 1489 manifestius
2947 1442 3002 1487 et
3022 1447 3127 1486 non
3155 1431 3354 1486 silebit.
3374 1431 3529 1485 Exite
3557 1433 3760 1486 obs-ian

2193 1528 2259 1580 ei.
2281 1526 2574 1580 Advocavit
2601 1524 2794 1579 emlum
2827 1523 3110 1578 desursum
3130 1563 3146 1588 ,
3175 1508 3229 1576 et
3257 1531 3458 1576 terram
3493 1522 3752 1576 deorsum

2193 1618 2297 1672 hoc
2320 1623 2478 1671 estet
2499 1615 2589 1685 qui
2615 1616 2669 1670 in
2696 1614 2831 1670 coelo
2860 1622 2984 1668 sunt
3002 1622 3055 1667 et
3077 1614 3128 1667 in
3157 1621 3318 1666 terra.
3350 1611 3495 1665 Tunc
3520 1629 3763 1666 surrexe-

2194 1716 2312 1760 runt
2333 1723 2508 1760 omnes
2536 1705 2759 1776 uirgines
2786 1703 2911 1780 illm.
2939 1703 3074 1770 Quia
3097 1701 3221 1757 boni
3247 1711 3300 1757 et
3323 1702 3451 1756 mali
3478 1709 3767 1771 resurgat

2197 1816 2316 1855 cum
2346 1799 2681 1868 corporibus.
2712 1796 3042 1851 Ornaverunt
3070 1794 3336 1864 lampades
3361 1810 3507 1848 suas.
3543 1793 3762 1847 Habue-

2199 1897 2324 1943 runt
2352 1903 2578 1958 eorpora
2624 1887 2960 1942 resuscitata.
3005 1883 3197 1938 Fatuae
3228 1893 3400 1937 autem
3441 1885 3764 1954 sapientibus

2197 1981 2480 2034 dixerunt:
2504 1979 2636 2032 Date
2660 1978 2806 2031 nobis
2850 1977 2912 2030 de
2956 1975 3067 2031 oleo
3104 1985 3296 2042 vestro,
3323 1977 3450 2047 quia
3492 1977 3766 2046 lampades

2197 2079 2386 2124 nostra:
2414 2061 2833 2140 exstin'guuntur.
2884 2068 2996 2124 Hoc
3041 2075 3159 2133 est,
3198 2065 3446 2134 adiuvate
3489 2081 3593 2121 nos
3629 2069 3767 2137 apud

2197 2165 2383 2220 Deum.
2403 2164 2798 2241 Responderunt
2817 2164 3091 2234 prudentes
3114 2163 3333 2217 dicentes
3357 2178 3376 2217 :
3400 2160 3486 2215 Ne
3508 2161 3645 2230 forte
3664 2177 3767 2215 non

2196 2260 2414 2330 suﬁiciat
2446 2257 2590 2312 nobis
2615 2267 2663 2312 et
2693 2257 2851 2311 vobis.
2881 2255 2997 2310 Non
3027 2255 3215 2310 dicunt
3247 2255 3349 2309 hoc
3375 2269 3476 2324 pro
3503 2254 3762 2316 avan’tia,

2196 2351 2288 2405 sed
2315 2365 2413 2418 pro
2441 2349 2651 2412 timore,
2678 2347 2802 2417 quia
2839 2347 2926 2401 vix
2960 2353 3213 2416 poterunt
3247 2361 3343 2400 sua
3386 2359 3546 2414 opera
3569 2360 3770 2399 unum.

2195 2456 2460 2512 quemque
2482 2441 2710 2496 liberare
2766 2440 3144 2510 Unusquisque
3182 2439 3326 2494 enim
3367 2456 3460 2509 pro
3502 2441 3772 2508 operibus

2196 2535 2307 2589 suis
2333 2533 2556 2602 recipiet
2583 2532 2884 2587 mercedem
2904 2572 2918 2596 ,
2959 2545 3134 2601 neque
3175 2540 3417 2601 poterunt
3447 2532 3503 2585 in
3544 2530 3645 2585 illa
3673 2530 3770 2586 die

2196 2625 2422 2679 aliorum
2449 2624 2678 2678 virtutes
2700 2623 2924 2678 aliorum
2953 2623 3080 2677 vitia
3107 2623 3404 2678 sublevare.
3432 2621 3590 2678 Sicut
3614 2624 3765 2678 enim

2197 2727 2434 2787 tempore
2464 2717 2796 2787 captivitatis
2817 2715 3124 2788 Babylonize
3145 2709 3408 2770 Jeremias
3433 2722 3489 2769 et
3509 2715 3765 2770 Ezechiel

2194 2818 2248 2862 et
2270 2807 2540 2874 Habacuc,
2574 2807 2781 2871 Daniel,
2807 2806 3072 2870 Ananias,
3115 2805 3300 2861 Misael
3330 2822 3437 2861 non
3476 2817 3764 2878 potuerunt

2196 2900 2329 2955 alios
2359 2899 2620 2964 liberare,
2647 2899 2724 2953 sic
2754 2906 2809 2953 et
2833 2897 2999 2953 sancti
3040 2897 3094 2950 in
3126 2896 3213 2952 illa
3246 2897 3333 2952 die
3363 2911 3469 2951 non
3512 2905 3764 2966 poterunt

2197 2990 2450 3060 adjuvare
2478 2991 2635 3055 alios,
2667 2989 2769 3044 nisi
2796 3003 2932 3058 quos
2956 2988 3094 3043 bona
3123 3003 3220 3042 sua
3251 3002 3413 3057 opera
3436 2987 3758 3056 adjuverint.

2197 3085 2329 3141 Cum
2357 3083 2610 3154 operibus
2633 3082 2788 3136 bonis
2821 3088 3079 3152 poterunt
3117 3081 3376 3152 adjuvare
3413 3097 3601 3153 preces
3639 3097 3763 3137 san-

2196 3185 2428 3232 ctorum.
2461 3175 2544 3229 Ite
2567 3175 2738 3245 potius
2762 3174 2831 3227 ad
2865 3173 3133 3228 uendentes
3151 3214 3164 3238 ,
3201 3184 3252 3228 et
3279 3175 3431 3229 emite
3460 3175 3616 3229 vobis.
3645 3173 3759 3230 Non

2195 3265 2476 3321 consilium
2507 3265 2804 3328 dederunt,
2832 3263 2925 3319 sed
2959 3264 3162 3320 crimen
3200 3263 3662 3334 improbaverunt.
3688 3265 3761 3321 Ac

2195 3360 2242 3414 si
2272 3359 2456 3414 dicant
2483 3376 2497 3413 :
2521 3358 2597 3413 lte
2617 3358 2684 3412 ad
2703 3357 3042 3423 adulatores,
3076 3373 3174 3428 pro
3201 3372 3432 3427 quorum
3464 3359 3620 3414 vanis
3651 3359 3761 3413 lano

2193 3449 2500 3510 dationibus
2523 3464 2683 3520 opera
2706 3457 2887 3504 vestra
2904 3449 3239 3504 exercuistis.
3269 3448 3591 3505 Venditom
3609 3465 3761 3504 nam-

2196 3556 2299 3610 que
2325 3540 2426 3596 olei
2460 3540 2766 3596 adulatores
2790 3539 3180 3612 intelliguntur.
3209 3539 3308 3608 Qui
3348 3541 3498 3596 enim
3538 3541 3762 3611 alicujus

2195 3649 2330 3704 opus
2357 3648 2456 3703 pro
2476 3633 2655 3703 aliquo
2690 3633 2829 3689 dono
2854 3632 3052 3696 laudat,
3077 3632 3228 3701 quasi
3259 3631 3435 3687 oleum
3459 3633 3660 3687 vendit.
3687 3633 3762 3688 De

2196 3739 2302 3794 quo
2320 3723 2630 3778 Psalmista:
2656 3721 2839 3776 Oleum
2862 3731 3033 3776 autem
3055 3722 3338 3792 peccatoris
3353 3737 3459 3775 non
3482 3723 3762 3792 inpinguet

2195 3826 2347 3886 caput
2372 3829 2561 3868 meum.

2265 3906 2402 3959 Dum
2431 3915 2603 3959 autem
2631 3905 2764 3958 irent
2797 3919 2995 3968 emere,
3031 3912 3161 3957 venit
3198 3920 3441 3974 sponsus.
3476 3903 3612 3970 Quia
3640 3918 3762 3957 cum

2195 4013 2299 4051 non
2329 4003 2616 4066 potuerunt
2642 4009 2763 4049 esse
2810 4009 2930 4049 cum
2982 3993 3207 4048 Domino
3256 4002 3311 4048 et
3352 3993 3562 4057 electis,
3594 4000 3757 4047 enim

2195 4102 2318 4141 cum
2347 4084 2572 4139 diabolis
2609 4098 2746 4153 quos
2773 4082 3166 4138 auscultarunt.
3209 4081 3356 4137 Venit
3395 4101 3639 4152 sponsus.
3665 4083 3764 4138 Pe-

2195 4185 2413 4248 ragetur
2436 4175 2715 4245 judicium.
2744 4173 2814 4228 Et
2852 4191 2968 4245 qua:
2995 4184 3193 4244 parata:
3220 4185 3400 4238 erant,
3437 4176 3762 4229 inuaserunt

2195 4285 2310 4322 cum
2341 4285 2399 4322 eo
2429 4268 2499 4322 ad
2526 4268 2753 4333 nuptias.
2781 4265 2858 4320 llli
2885 4265 2976 4334 qui
3023 4266 3326 4320 habuerunt
3359 4265 3597 4336 perfecta
3638 4283 3765 4337 ope-

2197 4375 2278 4422 ra,
2311 4359 2512 4428 recepti
2534 4367 2681 4423 sunt,
2703 4366 2761 4412 ut
2786 4359 2895 4412 sint
2917 4373 3037 4412 cum
3065 4357 3175 4412 Deo
3194 4365 3249 4412 et
3271 4358 3473 4429 angelis
3665 4361 3764 4414 hoc

529 4453 724 4507 dicitur
751 4453 900 4521 virgo
921 4460 1104 4505 sancta
1130 4450 1320 4514 Maria,
1347 4460 1410 4517 et,
1423 4450 1572 4522 virgo
1595 4461 1814 4507 sanctus
1837 4451 2089 4509 Joannes.
2120 4484 2171 4542 Β
2196 4459 2277 4507 est
2303 4452 2355 4504 in
2372 4451 2459 4505 illa
2478 4450 2680 4505 caelesti
2698 4449 3050 4504 beatitudine.
3069 4448 3135 4503 Et
3146 4449 3325 4504 clausa
3341 4461 3415 4505 est
3430 4451 3764 4516 janua.Adi-

530 4542 661 4607 Qua:
710 4545 1016 4613 accipientes
1070 4541 1336 4611 lampades
1385 4560 1541 4608 suas,
1596 4545 1831 4598 exierunt
1891 4546 2092 4600 obviam

527 4651 714 4704 sponso
745 4645 790 4687 ct
825 4649 1048 4703 sponsw.
1077 4632 1378 4702 Lampades
1420 4642 1598 4688 autem
1636 4650 1865 4705 corpora
1897 4636 2093 4691 intelli-

528 4735 744 4795 guntur.
789 4724 938 4779 Tunc
983 4724 1233 4778 exierunt
1277 4723 1490 4778 obviam
1529 4740 1726 4794 sponso
1761 4735 1817 4780 et
1854 4743 2090 4796 sponsm,

530 4815 746 4888 quando
769 4831 866 4885 per
891 4815 1213 4883 baptismum
1259 4815 1582 4869 introierunt
1624 4815 1916 4872 Ecclesiam
1957 4818 2092 4886 ejus.

530 4906 769 4976 Quinque
797 4915 966 4958 autem
991 4921 1055 4958 ea:
1079 4906 1151 4959 eis
1177 4915 1322 4958 erant
1355 4905 1536 4974 future,
1560 4914 1608 4958 et
1629 4906 1852 4976 quinque
1869 4909 2095 4976 pruden-

527 5008 622 5049 tes.
653 4995 763 5050 llla:
793 5003 917 5050 sunt
954 4993 1114 5048 fatua:
1156 4994 1446 5049 secundum
1481 4995 1648 5049 Deum
1685 5010 1804 5064 qua:
1836 4996 2092 5051 mundum

531 5097 623 5142 aut
645 5103 707 5143 ea
730 5103 848 5158 qua:
874 5087 926 5141 in
958 5085 1156 5140 mundo
1176 5096 1300 5141 sunt
1325 5086 1442 5155 plus
1464 5085 1694 5156 diligunt
1717 5102 1876 5156 quam
1902 5086 2090 5142 Deum.

526 5179 596 5233 Et
617 5190 744 5235 tunc
771 5180 1068 5233 fornicatur
1096 5179 1270 5232 anima
1301 5177 1524 5247 alicujus
1557 5170 1685 5249 erga
1711 5179 1899 5244 Deum,
1924 5195 2094 5248 quan-

528 5271 595 5325 do
617 5269 831 5340 aliquod
860 5270 1092 5339 pretium
1124 5269 1172 5322 ei
1200 5267 1319 5336 plus
1362 5267 1540 5337 placet
1574 5283 1740 5338 quam,
1772 5268 1864 5322 Dei
1887 5309 1900 5334 ,
1927 5269 1981 5322 id
2011 5276 2095 5323 est

528 5363 810 5417 retributio
837 5363 960 5415 vitae
989 5373 1203 5416 externa:
1242 5377 1338 5430 pro
1367 5359 1523 5414 factis
1562 5361 1694 5414 suis.
1729 5359 1830 5414 Sed
1870 5361 2097 5431 quinque

529 5453 690 5520 fatua:
716 5453 938 5522 acceptis
961 5450 1309 5521 lampadibus,
1333 5468 1434 5503 non
1456 5462 1786 5521 sumpserunt
1814 5451 1981 5506 oleum
2011 5469 2092 5505 se-

527 5558 663 5595 cum.
697 5543 831 5610 Quia
863 5559 969 5596 non
1007 5543 1240 5596 habuere
1289 5556 1450 5610 opera
1492 5557 1615 5611 qua:
1640 5543 1750 5596 Deo
1790 5554 1972 5596 essent
2000 5557 2091 5596 ac-

527 5643 702 5702 cepta,
725 5636 839 5689 sive
864 5635 988 5704 quia
1019 5635 1157 5689 male
1187 5633 1453 5698 fecerunt,
1478 5651 1572 5689 seu
1600 5637 1690 5705 qui
1730 5636 1774 5690 si
1807 5636 1933 5704 quid
1964 5637 2088 5690 boni

534 5724 779 5780 fecerunt
808 5741 902 5793 pro
925 5727 1157 5780 humana
1177 5725 1332 5782 laude
1361 5727 1621 5785 fecerunt.
1658 5726 1948 5782 Prudentcs
1975 5745 2092 5782 vero

2199 4553 2285 4598 tus
2309 4541 2688 4597 misericordia:
2719 4539 3058 4596 interclusus.
3076 4538 3189 4594 Non
3211 4541 3484 4610 enimpost
3499 4539 3760 4608 judicium

2197 4640 2344 4702 patet
2367 4646 2584 4702 precum
2610 4639 2703 4685 aut
2731 4631 3048 4686 meritorum
3072 4631 3239 4685 locus.
3273 4630 3424 4685 Tunc
3446 4632 3553 4685 erit
3583 4631 3760 4686 clausa

2190 4723 2355 4793 janua
2394 4722 2641 4778 omnibus
2688 4723 2842 4778 malis
2887 4723 3153 4788 exclusis,
3184 4739 3303 4792 quae
3328 4722 3487 4777 modo
3525 4725 3764 4792 quotidie

2195 4816 2446 4870 omnibus
2465 4827 2529 4868 ex
2560 4813 2724 4869 corde
2750 4814 3132 4884 paenitentibus
3155 4813 3412 4883 aperitur.
3437 4812 3593 4880 Quod
3615 4816 3762 4868 simi—

2198 4906 2320 4962 liter
2347 4907 2533 4961 beatus
2577 4905 2719 4960 Beda
2750 4907 2802 4961 in
2839 4906 3065 4975 quodam
3103 4905 3340 4974 rhythmi
3375 4907 3647 4960 versiculo
3685 4907 3764 4959 in-

2199 4997 2441 5070 gemiscit
2463 4997 2645 5052 dicens
2670 5016 2682 5050 :
2713 4996 2865 5050 Nulla
2891 4997 2995 5052 erit
3013 4997 3243 5066 suspicio
3267 4996 3457 5050 salutis
3477 4996 3564 5050 vel
3594 5011 3766 5050 reme-

2199 5089 2296 5153 dii,
2319 5085 2480 5155 janua
2507 5087 2688 5143 clausa
2719 5087 2940 5141 thalami
2981 5086 3260 5157 completis
3303 5087 3486 5156 sponsi
3538 5089 3761 5157 nuptiis.

2201 5180 2253 5234 Ν
2257 5181 2492 5233 ovissime
2519 5181 2726 5234 ueniunt
2749 5190 2799 5232 et
2822 5179 3030 5250 reliqua:
3053 5181 3271 5251 virgines
3295 5181 3525 5236 dicentes
3546 5197 3565 5234 .‘
3587 5181 3768 5235 Darni-

2197 5289 2279 5338 ne,
2307 5271 2548 5337 Domine,
2579 5272 2720 5342 aperi
2746 5273 2910 5326 nobis.
2935 5272 3158 5328 Frustra
3189 5284 3314 5328 tunc
3337 5273 3650 5328 clamabunt
3673 5273 3765 5342 qui

2197 5363 2344 5418 illum
2387 5364 2516 5419 hinc
2556 5364 2878 5419 clamantem
2919 5380 3015 5434 per
3069 5380 3164 5420 sua
3203 5363 3490 5435 Evangelia
3535 5372 3594 5418 et
3638 5377 3766 5417 suos

2195 5453 2580 5524 praedicatores
2609 5454 2798 5507 audire
2826 5454 3128 5508 noluerunt.
3146 5455 3502 5524 Ingeminant,
3519 5452 3764 5513 Domine,

2198 5544 2419 5598 Domine
2437 5585 2452 5606 ,
2492 5543 2585 5599 sed
2615 5544 2814 5598 frustra
2835 5586 2850 5609 ,
2875 5546 3000 5614 quia
3023 5546 3351 5616 paenitentia:
3378 5555 3595 5614 tempus
3627 5544 3762 5604 erit.

2200 5651 2345 5691 nunc
2361 5637 2484 5706 quia
2501 5636 2800 5705 paenitentia
2813 5637 3005 5692 dicitur
3023 5637 3176 5706 quasi
3194 5637 3482 5706 punientia.
3499 5630 3764 5688 Punimdi

2202 5737 2411 5806 tempus
2436 5727 2561 5793 erit,
2587 5726 2678 5798 sed
2706 5741 2826 5795 spes
2859 5727 3026 5780 venia:
3053 5725 3163 5793 jam
3189 5725 3326 5779 ultra
3357 5741 3461 5779 non
3483 5726 3612 5789 erit,
3634 5721 3765 5790 quia
