3952 6186
272 325 399 386 N65

1358 324 1710 383 EXPOSITIO
1746 323 1812 379 IN
1849 323 2276 381 MATTHA‘JUM.

3288 319 3459 381 1466'

268 454 591 515 nequaquam
614 448 739 495 tunc
765 440 973 496 veniam
1009 439 1241 495 inveniet
1265 440 1355 510 qui
1381 440 1539 495 modo
1561 455 1664 494 non
1686 439 1802 493 vult
1828 440 1872 496 A
1898 437 2136 505 operatio
2176 436 2501 507 designatur.
2526 437 2581 491 ln
2618 453 2725 492 uno
2760 438 2957 494 talento
2994 437 3292 494 intellectus
3317 449 3435 493 tau-

265 532 621 607 pmnitentiam
646 546 824 601 agere,
849 538 907 585 ιιι
934 529 1098 584 David
1122 530 1251 585 dicit
1274 548 1286 583 :
1317 529 1574 594 Quoniam
1602 544 1703 582 non
1724 536 1797 581 est

265 626 319 678 in
343 630 498 677 morte
521 621 609 690 qui
636 636 830 673 memor
848 621 914 673 sit
939 620 1037 673 tui.
1065 618 1250 688 Magna
1280 619 1384 672 erit
1408 616 1666 672 severitas
1684 625 1802 684 post

221 749 226 755 ν
258 712 531 784 judicium,
561 709 685 778 quia
710 716 831 762 ante
849 706 1108 777 judicium
1145 705 1461 762 inell'abilem
1502 705 1803 760 misericor-

263 803 402 859 diam
421 799 759 871 prterogavit.
788 799 854 852 At
879 797 966 852 ille
996 796 1301 868 respondens
1335 796 1407 851 ait
1435 809 1453 847 :
1482 794 1645 849 Amen
1684 794 1800 847 dico

263 890 422 953 nobis,
447 888 615 943 nescio
644 873 752 941 bos.
777 886 967 942 Nescio
994 901 1114 951 vos,
1144 885 1461 941 subauditur
1486 898 1584 954 per
1621 898 1806 953 opera-

265 981 462 1035 tionem
496 992 644 1034 meos
685 976 867 1032 fuisse.
913 975 1128 1031 Nescire
1174 975 1314 1032 enim
1356 974 1468 1040 Dei,
1521 976 1805 1043 reprobare

262 1078 360 1125 est.
395 1069 485 1124 Vae
512 1067 751 1138 superbis
774 1067 966 1136 quibus
994 1067 1131 1121 Deus
1155 1066 1256 1121 ista
1290 1065 1531 1120 dicturus
1561 1072 1646 1119 est
1671 1083 1683 1117 :
1719 1061 1806 1116 Vi-

261 1158 414 1228 gilate
451 1158 652 1227 itaque,
690 1157 811 1226 quia
851 1155 1056 1209 nescitis
1092 1155 1227 1208 diem
1257 1170 1418 1223 neque
1440 1154 1641 1208 horam.
1671 1151 1805 1218 Quia

263 1247 530 1303 multoties
550 1247 663 1317 ipse
686 1261 783 1314 per
809 1261 867 1302 se
895 1245 1147 1300 clamavit
1174 1245 1228 1299 in
1258 1245 1363 1299 hoc
1389 1244 1586 1299 saecqu
1616 1243 1805 1312 vigila-

264 1353 338 1400 re,
367 1347 421 1392 et
446 1338 633 1393 audire
659 1337 927 1408 dedignati
954 1345 1115 1401 sunt,
1141 1336 1448 1392 clamabunt
1491 1334 1802 1404 multiplici-

263 1438 362 1493 ter,
386 1436 441 1482 et
467 1438 572 1482 non
597 1426 965 1482 exaudientur.
989 1427 1066 1481 De
1087 1441 1192 1496 quo
1211 1440 1289 1480 vze
1309 1423 1560 1494 prazfatus
1584 1424 1723 1481 Beda
1750 1424 1805 1479 in

256 1515 363 1582 jam
393 1516 539 1571 dicto
568 1515 817 1586 rhythmo
842 1515 1181 1585 prosequitur
1205 1513 1387 1569 dicens
1412 1531 1425 1567 :
1459 1513 1503 1569 Ο
1535 1529 1695 1583 quam
1726 1514 1808 1568 in-

263 1606 387 1661 felix
409 1606 585 1660 anima
613 1606 819 1676 privata
846 1604 948 1661 hoc
973 1605 1246 1670 convivio,
1276 1620 1394 1673 qua:
1432 1604 1572 1658 ultra
1608 1605 1659 1658 in
1690 1619 1804 1660 me-

265 1697 485 1750 moriam
515 1710 621 1750 non
643 1702 939 1750 revertetur
965 1694 1190 1751 Domini.
1225 1694 1447 1764 Semper
1468 1695 1611 1749 enim
1646 1695 1806 1750 debe-

1901 525 2170 579 tummodo
2194 525 2521 595 designatur.
2545 526 2827 583 Credimus
2859 536 3035 582 tamen
3068 528 3190 599 quia
3214 528 3439 597 apostoli

1898 618 2054 673 electi
2077 626 2131 672 et
2152 619 2385 689 quinque
2410 629 2467 674 et
2495 620 2599 675 duo
2623 623 2819 677 talenta
2859 623 3142 678 habuerint
3178 632 3232 678 et
3267 624 3444 678 adhuc

1899 708 1953 762 in
1982 707 2215 763 Ecclesia
2235 708 2429 763 Christi
2455 710 2604 764 multi
2644 712 2840 766 habent
2865 713 3127 767 similiter.
3154 711 3444 785 Unicuique

1898 798 2177 852 secundum
2204 800 2465 869 propriam
2495 800 2751 853 virtutem.
2784 800 2898 854 Non
2928 817 3033 871 pro
3068 800 3442 873 largitate‘aut

1900 887 2178 956 parcitate,
2195 886 2347 942 alteri
2372 887 2488 956 plus
2507 895 2560 942 et
2580 887 2733 941 alteri
2757 888 2929 944 minus
2953 890 3210 957 tribuens,
3233 893 3325 955 sed
3345 907 3444 961 pro

1902 977 2272 1046 accipientium
2297 977 2518 1032 viribus.
2549 976 2682 1044 Quia
2708 986 2761 1032 et
2786 979 2839 1033 in
2865 994 3045 1033 eremo
3072 982 3314 1049 quamvis
3355 997 3441 1037 sc-

1901 1068 2175 1137 ptuaginta
2203 1068 2307 1121 duo
2335 1066 2571 1122 seniores
2600 1067 2784 1121 eodem
2814 1068 3001 1136 spiritu
3029 1068 3227 1124 fuerint
3258 1071 3441 1140 repleti

1902 1171 2008 1226 quo
2032 1166 2087 1210 et
2108 1156 2336 1226 Moyses,
2368 1172 2471 1209 non
2499 1164 2671 1211 tamen
2695 1157 2771 1212 sic
2799 1158 3012 1227 profuse
3031 1167 3090 1212 ut
3128 1159 3346 1231 Moyses.
3376 1160 3443 1215 Et

1901 1248 2159 1320 profertus
2178 1258 2251 1302 est
2273 1248 2464 1302 statim.
2489 1247 2623 1314 Quia
2645 1250 2824 1304 tandiu
2852 1260 3196 1308 conversatus
3218 1264 3297 1307 est
3323 1270 3442 1309 cum

1903 1337 2175 1406 discipulis
2196 1352 2473 1407 quousque
2500 1338 2631 1392 vidit
2660 1354 2753 1395 eos
2786 1356 2891 1394 non
2935 1341 3169 1412 indigere
3211 1357 3443 1411 praesen-

1905 1429 1976 1483 tia
2017 1430 2308 1499 corporalis
2352 1431 2743 1493 instructionis,
2774 1440 2826 1486 et
2863 1442 2984 1503 post
3028 1436 3253 1490 recessit
3273 1436 3341 1490 ab
3366 1437 3444 1491 eis

1903 1519 2273 1589 corporaliter,
2302 1536 2437 1590 quos
2458 1528 2633 1576 tamen
2659 1522 2969 1591 spiritaliter
2996 1539 3264 1593 nunquam
3294 1524 3447 1581 dese-

1904 1609 2029 1663 ruit.
2058 1608 2196 1662 Abiit
2226 1619 2398 1664 autem
2438 1610 2526 1682 qui
2565 1612 2787 1681 quinque
2828 1611 3021 1665 talenta
3056 1625 3319 1682 acceperat
3341 1654 3356 1678 ,
3396 1623 3446 1669 et

1903 1710 2141 1771 operatus
2170 1715 2243 1755 est
2271 1701 2323 1756 in
2349 1702 2438 1765 eis,
2470 1712 2518 1755 et
2546 1701 2774 1755 lucratus
2795 1711 2868 1755 est
2894 1700 2999 1755 alia
3023 1702 3264 1772 quinque.
3292 1703 3446 1771 Simi-

260 1804 379 1844 mus
400 1788 645 1843 ultimum
682 1788 820 1843 diem
846 1796 1098 1851 metuere,
1127 1802 1284 1856 quem
1315 1801 1587 1856 nunquam
1618 1800 1808 1856 possu-
1838 1777 1881 1837 Β
1905 1789 2023 1844 liter
2049 1800 2096 1845 et
2130 1792 2219 1862 qui
2257 1791 2362 1846 duo
2405 1801 2699 1862 acceperat,
2729 1791 2960 1846 lucratus
2982 1801 3056 1845 est
3087 1792 3194 1846 alia
3224 1793 3345 1847 duo.
3371 1794 3446 1849 De
3506 1836 3513 1843 .

259 1893 379 1933 mus
437 1877 747 1947 praevidere.
797 1877 965 1944 Quem
1024 1876 1190 1931 David
1245 1883 1488 1932 metuens
1547 1877 1801 1933 dicebat:

264 1966 460 2022 Notum
488 1968 572 2038 fac
597 1968 740 2033 mihi,
768 1966 1005 2031 Domine,
1030 1966 1186 2035 linem
1223 1982 1388 2020 meum
1408 2006 1425 2032 ,
1448 1976 1496 2020 et
1533 1982 1804 2021 numerum

258 2060 461 2114 dierum
504 2076 733 2113 meorum
752 2098 766 2124 ,
798 2068 853 2136 ut
884 2059 1050 2113 ‘sciam
1092 2057 1217 2129 quid
1262 2057 1391 2111 desit
1425 2057 1569 2111 mihi.
1597 2057 1730 2125 Quia
1760 2058 1806 2113 si

258 2148 381 2217 quis
428 2148 532 2202 iter
569 2162 791 2218 pergere
823 2146 1015 2212 debet,
1042 2146 1156 2200 vult
1176 2147 1420 2216 accipere
1445 2146 1543 2200 via:
1567 2154 1806 2216 sumptus

259 2242 605 2298 sull'icienter.
638 2240 705 2296 Ut
748 2244 911 2297 sciam
948 2241 1074 2310 quid
1118 2240 1247 2296 desit
1290 2240 1436 2295 mihi.
1465 2240 1709 2299 Timehat
1739 2257 1808 2298 ne

258 2335 684 2405 exstingueretur
705 2332 909 2403 lampas
927 2331 1062 2400 ejus,
1091 2331 1291 2386 idcirco
1302 2330 1512 2386 dicebat
1528 2345 1543 2384 :
1561 2328 1626 2385 Ut
1646 2332 1808 2386 sciam

254 2426 381 2498 quid
406 2426 534 2479 desit
561 2425 707 2478 mihi.
744 2423 1108 2494 Praeparemus
1134 2423 1466 2478 incessanter
1489 2432 1732 2492 sumptus
1754 2421 1807 2477 in

257 2517 365 2579 via,
385 2530 456 2570 ne
476 2515 528 2569 in
553 2513 642 2568 illa
670 2513 755 2569 die
781 2513 1131 2588 exdpdamur
1157 2511 1339 2567 clausa
1357 2510 1542 2579 janua.

325 2604 469 2660 Sicut
496 2605 648 2659 homo
673 2604 763 2674 qui
788 2618 996 2673 peregre
1026 2601 1378 2671 proﬁciscens.
1400 2598 1532 2666 Quia
1553 2599 1808 2656 Dominus

254 2697 362 2750 cito
380 2704 495 2749 erat
522 2694 845 2750 transiturus
863 2692 930 2747 de
955 2692 1149 2749 saeculo
1175 2691 1557 2762 corporaliter,
1568 2701 1624 2746 et
1649 2691 1811 2747 disci-

254 2786 363 2857 puli
386 2788 451 2841 de
473 2787 558 2843 die
572 2785 762 2856 judicii
790 2786 1272 2855 interrogaverunt,
1301 2786 1414 2855 ipse
1434 2793 1610 2840 autem
1626 2785 1811 2840 nolue-

254 2882 336 2931 rat
360 2886 563 2931 certum
598 2884 805 2947 tempus
844 2876 1143 2932 ostendere.
1184 2874 1450 2942 Quantum
1485 2875 1724 2931 timenda
1754 2884 1810 2931 et

252 2967 600 3038 praecavenda
627 2975 768 3022 esset
788 2966 903 3036 ipsa
926 2966 1041 3022 dies
1067 2966 1248 3021 multis
1270 2965 1541 3036 parabolis
1564 2966 1808 3036 proposi-

252 3062 322 3117 tis
350 3060 604 3117 ostendit.
635 3059 779 3115 Dixit
820 3059 1066 3130 superius
1097 3059 1161 3115 de
1187 3057 1426 3130 vigilanti
1465 3066 1521 3113 et
1558 3058 1805 3128 prudenti

252 3168 441 3217 servo,
469 3158 627 3221 atque
665 3152 732 3206 de
774 3122 1083 3223 negligenti.
1127 3122 1327 3207 Iterum
1371 3122 1692 3222 generaliter
1735 3150 1803 3206 de
1831 3122 1874 3184 C

251 3243 396 3298 omni
429 3241 663 3297 Ecclesia
691 3256 817 3308 sua,
845 3256 963 3311 quae
990 3240 1155 3296 Deum
1190 3254 1249 3295 se
1275 3240 1496 3296 adorare
1523 3241 1806 3312 proﬁtetur

252 3334 352 3388 sub
378 3333 561 3403 specie
591 3333 777 3389 decem
800 3332 1089 3404 virginum.
1120 3330 1272 3387 Nunc
1300 3331 1495 3387 iterum
1533 3331 1804 3403 principa-

252 3422 371 3477 liter
389 3423 456 3477 de
482 3423 736 3494 apostolis
764 3431 819 3477 et
843 3421 1151 3478 doctoribus
1172 3462 1186 3487 ,
1216 3429 1414 3478 etcum
1451 3422 1557 3478 illis
1586 3424 1651 3478 de
1690 3436 1801 3478 om-

250 3516 407 3571 nibus
438 3516 759 3571 hominibus.
790 3514 960 3570 Homo
990 3515 1122 3581 iste,
1147 3516 1403 3571 Dominus
1438 3525 1621 3572 noster
1645 3516 1803 3573 Jesus

250 3607 514 3672 Christus,
551 3606 642 3679 qui
667 3622 764 3679 pro
802 3607 957 3663 nobis
981 3621 1076 3662 sua
1123 3606 1354 3676 gratuita
1397 3606 1596 3675 pietate
1642 3609 1802 3664 homo

252 3699 366 3755 lieri
396 3700 644 3769 dignatus
679 3706 763 3754 est
801 3713 921 3754 cum
963 3698 1103 3753 Deus
1141 3704 1302 3752 esset.
1342 3694 1563 3766 Peregre
1596 3698 1804 3767 proﬁci-

247 3807 413 3844 scens.
436 3788 859 3859 Peregre,id'est
883 3787 1058 3858 longe,
1089 3786 1238 3841 venit
1260 3799 1289 3838 a
1315 3784 1530 3841 nomine
1554 3785 1694 3856 quod
1721 3796 1804 3843 est

250 3893 493 3954 pereger,
526 3878 650 3933 inde
681 3885 736 3934 et
767 3877 1101 3948 peregrinus,
1133 3876 1183 3931 id
1213 3884 1294 3933 est
1322 3890 1551 3947 pergens
1574 3875 1800 3949 longius.

251 3969 601 4024 Proﬁciscens
650 3983 681 4022 a
725 3966 885 4023 verbo
920 3968 1230 4038 proficiscor
1265 3968 1537 4038 deponens
1579 3968 1802 4025 verbum

248 4061 396 4116 venit
438 4058 792 4129 participium.
838 4056 956 4128 Ipse
997 4058 1250 4113 Dominus
1290 4057 1537 4114 Christus
1581 4073 1804 4131 peregre

248 4150 521 4221 prolectus
541 4159 623 4206 est
650 4149 862 4221 quando
891 4150 945 4204 in
973 4150 1165 4204 coelum
1194 4151 1469 4217 ascendit,
1513 4152 1642 4221 quia
1680 4152 1807 4208 licet

250 4244 301 4297 in
337 4241 477 4298 cmlo
504 4242 754 4297 divinitas
798 4239 986 4305 fuerit,
1016 4248 1190 4296 tamen
1222 4242 1381 4297 homo
1411 4242 1499 4298 ille
1542 4258 1701 4313 quem
1737 4243 1805 4299 de

249 4344 436 4390 sancta
459 4332 623 4387 Maria
653 4330 941 4401 assumpsit
971 4330 1024 4384 ir.
1055 4329 1192 4386 cmlo
1217 4339 1375 4385 antea
1403 4346 1510 4386 non
1544 4331 1665 4387 fuit.
1713 4330 1805 4388 Vo-

1905 1880 2159 1949 apostolis
2180 1896 2285 1935 non
2317 1881 2663 1936 dubitandum
2685 1921 2700 1946 ,
2727 1882 2867 1950 quod
2902 1880 3097 1937 talenta
3136 1897 3253 1952 qua:
3279 1898 3309 1936 a
3335 1881 3446 1938 Dco

1904 1978 2244 2040 acceperunt,
2260 1968 2411 2038 juxta
2425 1970 2519 2025 Dei
2539 1969 2861 2025 voluntatem
2878 1971 3278 2040 duplicaverint.
3297 1970 3447 2026 Unde

1903 2070 1957 2115 et
1976 2075 2174 2131 sequax
2202 2076 2385 2116 eorum
2414 2060 2610 2115 Paulus
2635 2061 2840 2117 habens
2878 2069 2933 2117 et
2975 2061 3209 2133 quinque
3247 2070 3300 2117 et
3340 2062 3447 2118 duo

1903 2152 2121 2217 talenta,
2151 2152 2359 2208 dicebat
2386 2171 2398 2207 :
2436 2150 2525 2206 Va:
2555 2152 2683 2207 mihi
2711 2162 2803 2220 est,
2828 2153 2874 2208 si
2896 2170 2998 2208 non
3013 2155 3449 2225 evangelisavero,

1903 2242 2026 2312 quia
2053 2241 2364 2312 dispensatio
2384 2241 2513 2297 mihi
2542 2242 2734 2297 credita
2762 2252 2856 2297 est.
2890 2242 3021 2299 Item
3065 2245 3131 2300 de
3163 2246 3447 2302 exteriori-

1904 2331 2005 2387 bus
2028 2331 2263 2386 talentis.
2290 2329 2370 2386 Ad
2394 2345 2457 2385 ea
2476 2346 2595 2400 qua:
2622 2328 2753 2386 mihi
2780 2346 2914 2401 opus
2940 2342 3095 2388 erant
3132 2343 3188 2390 et
3228 2336 3315 2390 his
3356 2336 3448 2405 qui

1907 2438 2114 2479 mecum
2137 2431 2292 2488 sunt,
2319 2422 2757 2489 ministraverunt
2786 2439 2977 2481 manus
3008 2426 3141 2481 istac.
3183 2427 3250 2483 Et
3278 2430 3406 2484 item
3430 2447 3444 2484 :

1844 2570 1853 2574 ,
1909 2513 2096 2569 Omnia
2123 2514 2322 2568 ostendi
2347 2515 2508 2579 vobis,
2538 2515 2659 2584 quia
2682 2517 2757 2570 sic
2788 2527 2979 2582 oportet
3002 2518 3257 2586 laborare,
3286 2531 3333 2577 et
3355 2540 3448 2576 su-

1906 2606 2098 2675 scipere
2137 2605 2392 2674 inﬁmos.
2431 2604 2523 2661 Ille
2553 2607 2818 2661 exteriora
2844 2608 3037 2663 talenta
3066 2610 3328 2681 duplicat,
3358 2614 3450 2683 qui

1905 2694 1972 2751 de
1996 2696 2226 2751 terrenis
2254 2695 2442 2752 ciliciis
2468 2698 2629 2752 vitam
2656 2707 2911 2754 aeternam
2934 2700 3033 2755 sibi
3057 2713 3349 2772 comparat.
3375 2706 3450 2762 De

1905 2800 2224 2856 unoquoque
2250 2787 2462 2843 homine
2488 2788 2588 2843 ista
2623 2788 2917 2861 intelligam
2945 2807 3260 2860 possumus,
3282 2797 3451 2852 maxi-

1905 2893 1992 2933 me
2022 2885 2199 2932 tamen
2227 2879 2293 2934 de
2316 2878 2401 2933 his
2424 2880 2514 2948 qui
2536 2879 2707 2935 locum
2736 2884 3097 2950 apostolorum
3128 2886 3183 2941 in
3211 2887 3450 2944 Ecclesia

1906 2962 2109 3031 tenent,
2134 2969 2572 3039 praedicatoribus
2594 2970 2838 3028 videlicet
2873 2973 3036 3028 divini
3066 2977 3240 3031 Verbi.
3270 2978 3451 3047 Potest

1907 3072 2117 3128 quoque
2144 3058 2197 3113 in
2223 3058 2426 3114 duobus
2450 3059 2684 3125 talentis,
2710 3061 3008 3118 intellectus
3028 3074 3082 3119 et
3105 3067 3340 3124 eharitas
3375 3071 3451 3124 in-

1907 3148 2088 3220 telligi,
2111 3149 2234 3220 quia
2257 3151 2496 3222 operatio
2518 3151 2570 3205 in
2598 3153 2828 3208 hominis
2849 3155 3072 3211 arbitrio
3093 3167 3177 3213 est
3209 3158 3447 3221 dimissa.

1898 3239 1959 3297 Si
1991 3241 2134 3295 enim
2163 3242 2527 3310 operationem
2554 3244 2626 3298 ibi
2655 3244 3092 3313 intellexerimus,
3120 3252 3314 3319 poterit
3332 3269 3451 3308 sur-

1901 3330 2001 3400 ripi
2032 3339 2091 3385 ut
2116 3331 2261 3386 dicat
2286 3332 2425 3401 quis,
2454 3331 2572 3388 ideo
2605 3349 2712 3388 non
2759 3350 2916 3405 posse
2956 3339 3166 3407 operari
3213 3340 3445 3408 bonum,

1906 3423 2031 3493 quia
2061 3439 2165 3477 non
2191 3424 2458 3493 acceperit
2480 3424 2735 3480 talentum
2761 3427 3103 3496 operationis.
3125 3429 3334 3487 Scimus
3357 3449 3451 3487 au-

1903 3522 2009 3569 tem
2036 3512 2159 3583 quia
2188 3515 2328 3569 Deus
2363 3515 2630 3570 hominem
2661 3516 2714 3570 in
2742 3516 2908 3571 libero
2937 3520 3158 3575 arbitrio
3187 3521 3345 3578 habet
3367 3523 3452 3578 di-

1900 3605 2155 3669 missum,
2195 3612 2373 3658 utrum
2409 3604 2536 3658 velit
2578 3603 2756 3661 facere
2793 3607 3043 3662 mandata
3066 3607 3191 3674 Dei,
3220 3626 3287 3665 an
3321 3626 3447 3667 non.

1901 3693 2003 3759 Qui
2026 3704 2196 3747 autem
2226 3710 2385 3748 unum
2411 3704 2697 3765 acceperat,
2722 3696 2896 3751 abiens
2924 3697 3053 3767 fodit
3079 3700 3132 3752 in
3162 3710 3373 3765 terram,
3401 3711 3451 3755 et

1899 3782 2165 3837 abscondit
2195 3784 2466 3854 pecuniam
2495 3783 2693 3839 domini
2729 3786 2831 3840 sui.
2872 3786 3158 3844 Pecuniam
3206 3790 3260 3847 in
3307 3799 3450 3847 terra

1899 3875 2225 3932 abscondere
2261 3882 2345 3931 est
2379 3884 2655 3947 acceptum
2682 3876 2949 3949 ingenium
2979 3879 3031 3934 in
3065 3882 3296 3937 terrenis
3319 3884 3452 3938 acti-

1899 3964 1999 4020 bus
2026 3964 2316 4035 implicare.
2341 3965 2570 4048 Lucrum
2600 3967 2836 4038 spiritale
2863 3985 2966 4024 non
2992 3986 3230 4040 qumrerc
3249 4013 3265 4038 ,
3295 3989 3392 4029 cor
3416 3991 3448 4030 a

1901 4059 2124 4113 terrenis
2149 4060 2428 4115 desideriis
2458 4075 2728 4129 nunquam
2758 4060 2954 4117 levare.
2978 4062 3150 4118 Unum
3187 4064 3445 4121 talentum

1897 4147 2061 4204 Judas
2092 4150 2452 4222 intelligentia:
2484 4152 2723 4222 accepit,
2756 4152 2880 4222 quia
2928 4153 3176 4209 similiter
3209 4138 3458 4213 eruditus.

1898 4240 1999 4295 fuit
2029 4256 2060 4295 a
2090 4241 2310 4297 Domino
2336 4250 2395 4296 ut
2413 4243 2591 4298 cmteri
2612 4284 2626 4308 ,
2661 4244 2755 4298 sed
2785 4244 2837 4297 in
2867 4252 3083 4299 terreno
3105 4246 3343 4302 avaritiae
3372 4248 3453 4303 lu-

1899 4348 1995 4390 cro
2032 4342 2225 4389 cuncta
2266 4334 2560 4400 convertit,
2603 4334 2690 4403 qui
2731 4335 2932 4391 loculos
2966 4336 3207 4407 magistri
3251 4336 3452 4395 habens

249 4428 384 4481 cavit
412 4441 583 4480 servos
608 4440 748 4478 suos.
773 4421 1055 4492 Apostolus
1076 4421 1142 4476 ad
1175 4436 1308 4491 quos
1327 4423 1443 4478 haec
1468 4422 1798 4493 loquebatur,
1828 4467 1877 4527 Β
1901 4439 2019 4495 qua:
2042 4424 2217 4494 potuit
2238 4421 2442 4478 furatus
2464 4430 2578 4489 est,
2612 4439 2888 4495 quousque
2928 4434 2984 4479 et
3012 4424 3294 4481 Dominum
3321 4441 3451 4481 ven-

248 4517 469 4571 tradidit
503 4515 609 4570 illis
637 4513 936 4569 doctrinam
980 4513 1361 4583 evangelicam.
1403 4512 1474 4567 Et
1521 4514 1611 4568 uni
1656 4515 1800 4570 dedit
1829 4512 1873 4527 "
1901 4514 2055 4579 didit.
2097 4515 2288 4571 Videat
2335 4530 2394 4570 se
2438 4515 2800 4585 unusquisque
2841 4516 2965 4586 quia
3014 4515 3191 4572 nullus
3227 4526 3310 4572 est
3358 4518 3451 4588 qui

244 4608 470 4677 quinque
494 4604 709 4669 talenta,
732 4602 825 4659 alii
854 4613 1025 4658 autem
1050 4602 1174 4668 duo,
1204 4603 1296 4656 alii
1317 4619 1434 4657 vero
1463 4620 1645 4659 unum.
1667 4604 1803 4660 Nam

244 4712 433 4752 omnes
454 4695 677 4766 apostoli
704 4695 982 4765 aequaliter
1005 4694 1145 4750 docti
1177 4704 1518 4751 recesserunt
1556 4712 1588 4751 a
1628 4698 1804 4753 Domi-

247 4804 334 4852 no,
366 4787 458 4841 sed
478 4785 565 4840 alii
592 4786 729 4856 plus,
756 4786 845 4839 alii
870 4785 1064 4839 minus.
1087 4784 1261 4840 Minus
1282 4784 1425 4839 enim
1446 4794 1566 4840 erat
1588 4787 1804 4856 sapiens

248 4880 480 4934 Thomas
498 4879 591 4948 qui
610 4878 770 4932 dixit:
790 4876 1028 4941 Domine,
1055 4876 1306 4931 nescimus
1328 4893 1431 4946 quo
1454 4877 1616 4941 vadis,
1640 4894 1803 4949 quam

249 4970 456 5026 Petrus.
486 4968 614 5022 Item
643 4968 820 5021 minus
838 4966 1113 5036 Philippus
1145 4967 1230 5022 cui
1262 4957 1572 5024 dictum'est
1596 4983 1611 5022 :
1637 4968 1801 5025 Tanto

245 5073 469 5134 tempore
490 5062 744 5116 vobiscum
770 5077 886 5115 sum
909 5071 957 5115 et
984 5078 1087 5115 non
1104 5063 1407 5132 cognovistis
1422 5080 1520 5127 me,
1540 5062 1797 5135 Philippe,

247 5170 407 5224 quam
432 5153 666 5211 Joannes
690 5153 825 5208 dixit
851 5169 865 5205 :
891 5150 957 5205 In
976 5153 1227 5222 principio
1257 5162 1366 5207 erat
1411 5152 1650 5209 Verbum.
1675 5156 1799 5211 Ideo

247 5248 301 5302 in
323 5248 556 5317 quinque
579 5244 790 5300 talentis
812 5244 1052 5299 diversas
1082 5244 1282 5313 gratias
1312 5243 1611 5314 intelligere
1640 5246 1798 5301 debe-

248 5356 385 5401 mus,
403 5331 483 5392 vel
500 5339 550 5392 in
573 5338 807 5408 quinque
832 5334 1044 5389 talentis
1068 5335 1265 5389 donum
1287 5335 1519 5405 quinque
1542 5351 1793 5392 sensuum

248 5428 299 5482 id
339 5436 420 5483 est
451 5426 776 5482 exteriorum
813 5424 1037 5481 scientia
1073 5423 1410 5494 exprimitur,
1439 5425 1683 5481 videlicet
1715 5426 1795 5480 vi-

247 5534 368 5581 sus.
395 5519 605 5574 auditus
623 5558 639 5582 ,
664 5526 870 5588 gustus,
894 5517 1149 5574 odoratus
1182 5527 1236 5572 et
1287 5526 1479 5573 tactus.
1505 5516 1638 5585 Quia
1665 5518 1796 5573 satis

241 5613 558 5681 abundeque
582 5613 892 5676 honoratur,
920 5612 1012 5683 qui
1054 5613 1107 5666 in
1153 5611 1237 5666 his
1277 5612 1513 5680 quinque
1549 5610 1796 5666 sensibus

248 5703 421 5769 vigere
445 5702 785 5773 permittitur.
820 5702 875 5757 In
919 5704 1124 5759 duobus
1164 5701 1380 5758 talentis
1412 5699 1712 5755 intellectus
1737 5710 1793 5755 et

1900 4619 2088 4660 omnes
2134 4620 2324 4660 sensus
2378 4606 2617 4674 corporis
2672 4621 2831 4661 sanos
2876 4606 3102 4673 habeat,
3146 4607 3236 4677 qui
3283 4610 3453 4680 possit

1901 4694 2052 4764 queri
2095 4710 2200 4749 non
2229 4696 2498 4765 accepisse
2520 4704 2612 4750 aut
2641 4696 2883 4767 accipere
2909 4698 3145 4766 potuisse
3168 4699 3445 4755 talentum.

1900 4784 2081 4840 Potuit
2102 4785 2245 4841 enim
2270 4787 2393 4856 quia
2418 4787 2643 4842 sanitate
2668 4788 2879 4859 vigebat
2915 4789 3121 4845 discere
3159 4804 3265 4859 qua
3304 4792 3452 4848 vive-

1902 4885 1986 4930 ret
2001 4892 2035 4956 ἰ
2040 4884 2097 4931 et
2118 4876 2218 4931 sibi
2242 4885 2298 4932 et
2320 4877 2438 4932 aliis
2464 4878 2736 4956 prodesse.
2783 4877 2913 4932 Nam
2954 4878 3132 4935 nullus
3169 4896 3228 4936 se
3257 4882 3452 4952 poterit

1896 4948 2155 5020 excusare
2179 4965 2244 5021 de
2266 4966 2585 5037 ignorantia,
2610 4948 2735 5035 quia
2756 4983 2860 5024 non
2886 4967 3012 5024 licet
3034 4948 3301 5041 ignorare,
3323 4971 3450 5041 quia

1899 5055 2100 5125 repleta
2128 5064 2211 5111 est
2240 5065 2384 5111 terra
2414 5056 2619 5111 Domini
2666 5058 2927 5125 scientia,
2971 5060 3078 5113 imo
3127 5061 3191 5114 de
3237 5062 3448 5132 pigritia

1897 5146 2352 5211 condemnabitur,
2382 5153 2437 5202 et
2463 5146 2759 5215 dejectione
2799 5149 3005 5204 talenti.
3041 5149 3191 5227 Alius
3221 5166 3450 5223 evange-

1895 5238 2018 5292 lista
2053 5237 2217 5293 dicit:
2249 5236 2397 5303 Quod
2427 5238 2676 5292 talentum
2722 5241 2777 5293 in
2819 5241 3032 5294 sudario
3066 5239 3315 5309 ligaverit.
3356 5240 3449 5297 llle

1898 5331 2194 5388 doctrinam
2221 5329 2605 5399 patrisfamilias
2634 5331 2687 5384 in
2715 5330 2929 5386 sudario
2951 5329 3115 5402 ligat,
3135 5332 3227 5402 qui
3249 5330 3446 5387 donum

1898 5418 2261 5497 intelligentia;
2288 5418 2342 5472 in
2383 5417 2637 5481 luxuriis,
2677 5427 2771 5473 aut
2812 5420 3323 5487 comessationiMs,
3353 5432 3450 5479 aut

1897 5512 2247 5569 ebrietatibus
2269 5510 2353 5565 vel
2391 5509 2508 5565 aliis
2541 5510 2696 5581 hujus
2730 5511 2906 5565 s:eculi
2932 5511 3286 5583 voluptatibus
3324 5530 3450 5589 con-

1897 5602 2075 5657 vertit.
2102 5598 2227 5655 Post
2255 5599 2474 5654 multum
2500 5616 2616 5655 vero
2641 5600 2882 5671 temporis
2916 5603 3048 5656 venit
3072 5602 3310 5659 dominus
3338 5622 3447 5659 ser.

1900 5713 2074 5752 eorum
2100 5694 2328 5762 illorum,
2360 5705 2408 5750 et
2432 5693 2599 5767 posuit
2632 5695 2878 5747 rationem
2909 5711 3025 5748 cum
3054 5695 3145 5752 eis.
3169 5694 3445 5752 Generalis
