3988 6186
546 309 568 362 1
587 305 674 362 id?

1311 306 1692 359 ClllllSTlANl
1733 307 2134 364 DllUTHilARl
2173 310 2611 368 CORBEIENSIS
2649 311 2946 368 MONMJH]

3624 319 3746 374 tias

545 422 870 481 examinatio
899 435 1136 475 ninnium
1163 421 1432 476 hominum
1459 437 1678 489 operum
1713 422 1764 475 in
1789 424 1873 476 die
1909 424 2094 492 judicii
2125 430 2170 487 Α
2199 434 2395 491 catum,
2421 443 2484 482 ac
2509 427 2724 496 reliquis
2764 444 2990 498 quarunt
3018 436 3172 481 actus
3203 444 3304 481 non
3336 430 3598 485 bal-emus
3628 450 3750 487 cuti-

542 517 668 572 erit.
696 513 797 567 Sed
822 511 1126 580 etqnotiiiie
1152 511 1345 578 agitur,
1382 511 1505 564 dum
1535 511 1685 564 electi
1714 521 1767 566 et
1797 514 2004 581 reprobi
2031 515 2097 568 de

547 609 646 666 ltoc
668 605 858 661 sreculo
885 605 1178 672 rapiuntur.
1198 603 1262 654 Et
1284 603 1526 656 accedens
1547 605 1634 672 qui
1658 605 1879 674 quinque
1902 605 2097 659 talenta

546 705 808 766 acceperat
856 695 1034 748 obtulit
1084 693 1188 746 alia
1230 693 1455 763 quinque
1501 694 1692 747 talenta
1738 694 1932 764 dicens.
1980 695 2095 749 Non

545 788 724 841 verbis
767 787 972 847 dicent,
1015 785 1106 838 sed
1152 799 1312 851 opera
1356 783 1591 851 perfecta
1635 786 2094 851 monstrabantur,

541 879 668 948 quia
700 878 750 930 in
784 876 869 928 illa
903 875 986 929 die
1009 872 1419 941 uniuscujusque
1445 888 1579 941 opus
1604 871 1942 928 manifestum
1970 875 2093 929 erit.

549 969 717 1022 Etiam
755 968 804 1019 in
834 967 932 1020 hoc
955 965 1148 1019 smeulo
1177 965 1274 1018 hoc
1300 964 1379 1028 ﬁt,
1409 979 1529 1017 cum
1555 965 1674 1034 quis
1707 965 1940 1034 quinque
1973 982 2097 1020 sen-

541 1073 631 1111 .-u~'
670 1055 909 1124 corporis
951 1056 1001 1108 in
1039 1055 1176 1107 bono
1216 1070 1384 1124 opere
1431 1054 1697 1122 implicat,
1743 1065 1796 1109 et
1838 1055 1972 1110 alios
2001 1073 2098 1111 suo

541 1144 786 1212 ewmplo
821 1145 1035 1197 instruit
1073 1153 1126 1196 et
1168 1144 1308 1197 Deus
1344 1159 1463 1196 eam
1509 1145 1856 1200 intentionem
1899 1157 2097 1201 rectam

541 1237 811 1304 perspicit.
845 1236 1088 1306 Largitus
1128 1235 1174 1288 ei
1227 1236 1504 1289 scientiam
1547 1237 1707 1290 etiam
1749 1239 2096 1308 ampliorem,

546 1343 706 1393 quam
730 1327 776 1379 ei
801 1329 889 1395 qui
923 1328 1148 1379 naturali
1185 1328 1396 1396 ingenio
1423 1329 1686 1396 pollebat:
1710 1331 1792 1383 Ait
1819 1331 1896 1384 illi
1933 1333 2100 1385 domi-

541 1433 636 1468 nus
662 1415 772 1484 ejus
794 1431 810 1466 :
839 1417 1000 1485 Euge,
1029 1434 1167 1470 serve
1188 1420 1316 1470 bone
1340 1427 1387 1470 et
1417 1418 1606 1486 ﬁdelis.
1649 1420 1792 1487 Euge
1818 1462 1831 1486 ,
1854 1421 2098 1476 Graecum

541 1523 733 1561 nomen
761 1517 864 1572 est,
892 1517 946 1561 ct
967 1508 1163 1561 dicitur
1183 1508 1372 1560 Latine
1401 1508 1541 1570 bene,
1571 1510 1886 1564 subauditur
1909 1513 2095 1582 gaude,

540 1599 666 1650 bone
705 1616 865 1652 serve.
911 1599 1110 1653 Servus
1160 1616 1261 1652 non
1308 1615 1517 1668 semper
1557 1602 1858 1656 conditione.
1906 1603 2099 1658 dicitur

543 1689 776 1751 timoris,
800 1692 890 1744 sed
922 1691 1082 1744 etiam
1109 1691 1428 1744 dilectionis.
1462 1692 1534 1745 De
1566 1693 1655 1745 illo
1693 1693 1798 1746 alio
1833 1694 1952 1748 loco
1990 1694 2096 1748 Do-

2195 519 2442 587 scriptos.
2477 519 2546 572 Et
2573 520 2769 588 colligis
2797 520 2881 572 ubi
2907 535 3007 571 non
3033 521 3288 588 spursisti.
3323 520 3538 575 Scilicet
3567 527 3754 592 praedi-

2193 607 2422 661 cationis
2445 608 2685 661 verbum.
2718 607 2865 663 Unde
2891 609 3046 662 datur
3070 609 3310 678 intelligi,
3347 612 3474 680 quia
3501 615 3591 681 qui
3621 615 3752 670 bene

2193 696 2400 764 operati
2436 705 2557 750 sunt
2586 696 2723 750 inter
2755 707 2973 766 gentes,
3021 713 3123 752 non
3159 700 3429 754 habebunt
3468 703 3519 756 in
3552 714 3753 760 tartara

2197 795 2308 839 tam
2343 785 2458 839 dira
2496 795 2760 841 tormenta
2796 796 2854 841 ut
2881 788 2954 841 illi
2980 789 3069 858 qui
3102 799 3162 858 ut
3189 793 3417 868 nequius
3459 805 3749 863 potuerunt

2193 878 2398 946 cperati
2431 888 2585 932 sunt.
2613 878 2718 933 Seu
2754 879 2859 932 alio
2895 896 3076 946 sensu,
3113 884 3236 950 quia
3279 900 3383 937 non
3422 885 3597 940 solum
3637 888 3751 943 illos

2195 967 2354 1034 punis
2386 969 2475 1036 qui
2516 979 2883 1039 cognoverunt
2920 971 3046 1039 quid
3079 973 3386 1027 debuissent
3419 975 3628 1042 facere,
3661 980 3750 1032 sed

2196 1066 2250 1110 et
2280 1058 2400 1112 illos
2429 1061 2518 1129 qui
2547 1071 2598 1113 te
2626 1061 3023 1130 iguoraverunt,
3045 1073 3096 1116 et
3125 1065 3214 1133 qui
3247 1074 3297 1118 te
3318 1081 3422 1119 non
3448 1069 3749 1124 audierunt.

2198 1147 2266 1201 Et
2301 1150 2481 1203 timens
2503 1150 2630 1213 abit.
2655 1161 2702 1204 et
2732 1151 2976 1205 abscondi
3005 1153 3252 1207 talentum
3285 1157 3337 1208 in
3369 1167 3583 1210 terram.
3610 1158 3683 1214 Ac
3708 1161 3750 1214 si

2198 1239 2376 1292 dicat:
2405 1239 2536 1293 Cum
2566 1241 2896 1294 oonsideravi
2927 1242 3052 1310 quia
3082 1253 3138 1298 et
3164 1243 3284 1299 illos
3301 1246 3461 1313 punis
3483 1263 3579 1316 per
3602 1249 3749 1318 igno-

2202 1329 2453 1392 rantiam,
2483 1338 2535 1385 et
2562 1332 2682 1386 illos
2716 1332 2807 1400 qui
2835 1348 2932 1401 per
2957 1333 3321 1388 inﬁrmitatem
3349 1335 3680 1406 fragilitatis,
3701 1351 3755 1393 et

2195 1439 2330 1492 quos
2377 1423 2571 1492 recipis
2629 1424 2744 1478 sine
2789 1425 2994 1479 macula
3055 1427 3289 1496 recipis,
3339 1430 3620 1498 desperavi
3669 1448 3752 1487 me

2196 1528 2353 1582 posse
2399 1515 2466 1567 ad
2506 1523 2647 1567 tuam
2683 1515 2908 1584 gratiam
2933 1516 3015 1569 vel
3047 1518 3112 1570 ad
3143 1526 3290 1571 tuum
3319 1535 3542 1590 regnum
3570 1538 3753 1590 perve-

2198 1604 2334 1667 nire,
2362 1612 2415 1657 et
2437 1605 2634 1659 idcirco
2664 1613 2830 1659 totum
2858 1621 3032 1660 meum
3061 1609 3295 1662 studium
3320 1610 3373 1662 in
3401 1614 3631 1667 terrenis
3650 1614 3755 1666 col-

2198 1694 2389 1756 locavi,
2417 1704 2475 1749 ut
2505 1696 2551 1750 si
2582 1696 2885 1750 amitterem
2915 1697 3078 1751 vitam
3101 1697 3313 1752 beatam
3343 1700 3398 1752 in
3433 1698 3646 1762 lutum,
3674 1702 3754 1756 vel

540 1783 715 1836 minus
742 1783 904 1836 dicit:
931 1782 1052 1835 Jam
1081 1800 1182 1836 non
1219 1784 1388 1836 (licam
1431 1801 1514 1838 vos
1549 1802 1740 1840 servos.
1786 1787 1858 1841 De
1898 1788 2002 1841 isto
2040 1798 2093 1841 et
2121 1777 2165 1835 B
2193 1795 2510 1853 prtesentem
2559 1785 2896 1840 dilectionem
2947 1803 3052 1841 non
3103 1789 3422 1843 amitterem.
3467 1792 3642 1846 Etiam
3693 1794 3744 1846 in

539 1873 815 1936 Μαδιηϊο
841 1876 983 1928 bone.
1018 1876 1078 1928 Et
1108 1877 1158 1929 in
1187 1877 1291 1931 alio
1321 1877 1436 1931 loco
1466 1897 1477 1931 :
1508 1877 1698 1945 Dicite,
1729 1881 1862 1934 servi
1892 1882 2098 1936 inutiles

536 1979 715 2017 smnus
737 2005 752 2028 ,
793 1965 930 2034 quod
969 1966 1236 2018 debuimus
1267 1967 1437 2034 facere
1467 1969 1701 2037 fecimus.
1729 1970 1803 2023 De
1845 1970 1946 2025 isto
1970 1985 2098 2040 ergo

537 2054 678 2120 quod
703 2055 769 2107 ad
805 2055 1143 2108 dilectionem
1175 2059 1407 2124 pertinet
1453 2058 1648 2111 dicitur
1679 2073 1863 2120 servo,
1900 2075 2002 2113 non
2036 2060 2101 2114 ti-

537 2145 702 2210 moris
747 2146 837 2198 sed
867 2146 1066 2199 amoris
1109 2146 1218 2199 Deo
1259 2146 1515 2216 placendi.
1560 2145 1776 2201 Fidelis.
1825 2149 1958 2214 Quia
2007 2148 2097 2202 Dei

534 2234 674 2286 doua
705 2245 760 2288 et
793 2235 1082 2288 custodivit
1110 2236 1162 2288 in
1190 2252 1268 2298 se,
1293 2245 1346 2289 et
1375 2236 1424 2289 in
1447 2235 1567 2290 aliis
1602 2237 1892 2307 ampliavit.
1933 2235 2099 2307 Super

534 2342 701 2393 pauca
751 2325 898 2393 fuisti
924 2325 1122 2393 ﬁdelis.
1168 2326 1342 2397 Super
1379 2343 1580 2397 pauca,
1637 2343 1798 2397 super
1847 2336 2096 2391 terrena,

535 2415 661 2482 quia
715 2416 982 2481 quaelibet
1015 2416 1066 2469 iu
1095 2418 1195 2470 hoc
1233 2417 1428 2472 szeculo
1471 2425 1698 2472 terrenae
1743 2433 1829 2473 res
1867 2418 2100 2473 ctelesti-

535 2507 635 2560 bus
660 2517 1002 2576 comparatur,
1033 2523 1203 2576 pauca
1235 2517 1288 2563 et
1317 2510 1440 2562 vilia
1487 2519 1629 2564 sunt.
1677 2510 1827 2564 Intra
1876 2511 1931 2564 in
1972 2528 2098 2581 gau-

534 2598 678 2651 dium
710 2599 920 2652 Domini
944 2601 1039 2653 tui.
1063 2599 1286 2669 Suscipe
1311 2618 1426 2670 qua:
1459 2601 1639 2654 oculus
1675 2617 1776 2653 non
1817 2602 1972 2667 vidit,
2005 2619 2098 2655 nec

531 2691 678 2740 auris
705 2690 924 2754 audivit,
950 2706 1039 2743 nec
1059 2690 1113 2743 in
1143 2707 1232 2742 cor
1255 2690 1476 2744 hominis
1503 2692 1751 2745 ascendit.

607 2779 830 2832 Accessit
857 2790 1027 2833 autem
1051 2791 1096 2833 et
1123 2782 1210 2850 qui
1238 2782 1341 2835 duo
1371 2782 1564 2836 talenta
1592 2794 1874 2852 acceperat.
1913 2777 1968 2837 Si
2009 2782 2096 2837 hic

531 2871 900 2938 operationem
935 2887 1034 2939 pro
1074 2873 1292 2926 talentis
1327 2874 1648 2943 accipimus;
1677 2874 1857 2929 dicent
1900 2875 2091 2929 multi:

533 2959 649 3014 Non
696 2964 874 3030 accepi
914 2978 943 3015 a
980 2962 1204 3017 Domino
1252 2964 1509 3019 talentum
1553 2973 1611 3018 ut
1645 2968 1842 3035 possim
1879 2966 2093 3036 operari

536 3067 655 3118 qua:
700 3053 964 3122 intelligo,
1001 3065 1056 3107 et
1097 3064 1376 3136 prapterea
1427 3071 1533 3110 non
1576 3072 1792 3126 possum
1835 3057 2092 3126 perlicere

2198 1877 2446 1946 przesenti
2475 1885 2653 1945 potest
2692 1877 2896 1945 accipi,
2940 1877 3064 1945 quia
3100 1893 3220 1932 cum
3265 1880 3494 1947 quilibet
3533 1897 3754 1936 acumen

2200 1967 2401 2037 ingenii
2436 1968 2574 2035 quod
2606 1983 2634 2020 a
2665 1969 2772 2021 Deo
2801 1968 3007 2038 accepit
3035 1985 3138 2022 non
3170 1970 3432 2037 sequitur,
3457 1973 3634 2040 perdit
3664 1988 3756 2041 per

2200 2074 2349 2112 suam
2387 2059 2646 2114 desidiam
2697 2061 2838 2128 quod
2883 2059 3024 2114 scire
3071 2069 3311 2128 poterat,
3359 2072 3416 2115 et
3459 2065 3756 2132 assequitur

2197 2150 2512 2219 plerumque
2543 2151 2587 2205 is
2623 2151 2714 2220 qui
2752 2152 2916 2206 hebes
2958 2167 3182 2206 acumen
3225 2153 3425 2207 habere
3446 2155 3752 2220 videbatur;

2198 2254 2294 2309 per
2336 2240 2704 2294 assiduitatem
2744 2247 2798 2294 et
2835 2255 2931 2309 per
2976 2256 3128 2294 suam
3168 2242 3360 2295 bonam
3407 2243 3753 2298 voluntatem.

2198 2328 2508 2382 Ecce/tabes
2553 2329 2689 2399 quod
2727 2338 2872 2381 tuum
2913 2339 3008 2382 est.
3043 2329 3121 2382 Ex
3160 2345 3266 2398 quo
3311 2331 3514 2399 prinms
3567 2347 3758 2400 parem

2197 2426 2382 2473 noster
2403 2418 2454 2470 in
2483 2417 2733 2487 paradiso
2754 2432 3004 2487 peccans,
3038 2420 3184 2488 ipsas
3208 2436 3332 2473 suas
3359 2421 3536 2490 culp-ts
3569 2425 3619 2474 in
3662 2423 3760 2476 Do-

2192 2509 2394 2561 miumn
2431 2524 2582 2560 suum
2617 2509 2782 2563 voluit
2832 2510 3062 2577 rejicere
3114 2507 3301 2562 dicens
3333 2525 3345 2561 :
3381 2509 3563 2560 Mulier
3596 2526 3756 2576 quam

2197 2600 2390 2654 dedisti
2415 2601 2537 2654 milii
2561 2601 2701 2654 dedit
2727 2601 2851 2655 milii
2882 2601 2945 2654 de
2979 2601 3116 2671 ligno
3141 2611 3188 2654 et
3216 2602 3406 2654 comedi
3430 2618 3489 2653 ex
3511 2618 3592 2654 eo.
3627 2600 3756 2654 Om-

2201 2695 2346 2747 nium
2369 2694 2640 2746 hominum
2659 2709 2830 2763 genus
2847 2694 3033 2785 culpas
3054 2709 3179 2747 suas
3198 2695 3250 2747 iu
3273 2695 3402 2744 a'ins
3423 2711 3452 2762 g
3473 2697 3664 2745 -stiuut
3680 2709 3758 2742 re.-

2202 2792 2473 2848 torquere.
2515 2785 2665 2840 Unde
2691 2796 2744 2838 et
2777 2787 2862 2839 hic
2895 2801 3081 2839 servus
3102 2787 3264 2839 dicit:
3298 2785 3425 2838 Ecce
3447 2787 3604 2838 habes
3628 2787 3758 2853 quod

2195 2882 2342 2924 tuum
2369 2880 2464 2924 est.
2506 2871 2669 2937 Quasi
2710 2871 2950 2926 diceret:
2980 2868 3046 2925 Et
3085 2872 3130 2928 si
3171 2872 3306 2925 alios
3342 2888 3447 2925 non
3489 2873 3712 2927 instruxi
3736 2915 3751 2938 ,

2197 2962 2459 3031 meipsum
2485 2962 2770 3024 custodivi,
2791 2971 2848 3016 et
2871 2963 2923 3016 in
2950 2979 3034 3016 me
3057 2949 3223 3017 babes
3243 2962 3448 3016 salvum
3474 2964 3750 3017 talentum.

2197 3051 2295 3119 Qui
2321 3052 2463 3106 enim
2491 3052 2674 3106 debuit
2699 3052 3017 3122 simpliciter
3038 3054 3283 3107 inertiam
3314 3069 3465 3108 suam
3488 3067 3543 3108 et
3565 3071 3754 3124 pecca-

532 3157 692 3210 opera
724 3141 834 3195 Dei.
863 3142 966 3196 Sed
997 3130 1196 3198 scimus
1225 3145 1347 3214 quia
1379 3161 1565 3200 omnes
1587 3147 1829 3202 homines
1866 3148 2089 3202 liberum
2118 3130 2162 3190 (ἶ
2197 3154 2309 3199 tum
2336 3144 2601 3206 conﬁteri,
2632 3144 2763 3198 dicit
2790 3160 2848 3198 se
2870 3145 3116 3213 prudenti
3140 3144 3361 3198 consilio
3380 3145 3553 3214 egisse
3576 3162 3645 3199 ne
3672 3163 3754 3215 pe-

533 3232 794 3286 liabemus
821 3234 1100 3288 arbitrium
1130 3244 1189 3287 ut
1223 3250 1506 3303 Operemur
1537 3244 1626 3289 aut
1665 3253 1827 3306 opera
1876 3239 1968 3291 Dei
2003 3248 2095 3291 aut

521 3339 694 3392 opera
726 3323 942 3377 diaboli.
970 3324 1259 3394 Propterea
1288 3324 1478 3379 melius
1505 3333 1586 3379 est
1615 3325 1912 3395 intelligere
1943 3326 2096 3380 intel-

538 3411 737 3466 lectum
785 3423 944 3481 atque
970 3410 1326 3468 charitatem.
1377 3414 1463 3467 Ait
1507 3413 1583 3467 illi
1623 3413 1876 3468 Dominus
1924 3413 2036 3483 ejus
2073 3429 2091 3468 :

515 3497 681 3571 __Euge
704 3543 718 3566 ,
753 3520 892 3557 serve
929 3503 1075 3556 bone.
1123 3504 1357 3574 Uterque
1390 3520 1578 3560 servus
1625 3505 1799 3560 simile
1843 3505 2092 3576 gaudium

535 3594 737 3662 recepit
762 3635 777 3660 ,
807 3605 861 3648 et
886 3596 977 3664 qui
1007 3596 1070 3650 de
1098 3596 1333 3666 quinque
1360 3597 1564 3660 decem,
1595 3607 1652 3652 et
1675 3597 1764 3666 qui
1797 3599 1862 3653 de
1889 3597 2094 3651 duobus

540 3699 773 3757 quatuor
799 3688 944 3752 fecit,
971 3705 1074 3743 non
1105 3689 1456 3744 considerans
1481 3689 1614 3743 lucri
1641 3691 2088 3760 magnitudinem,

531 3781 624 3833 sed
644 3780 804 3834 studii
827 3780 1174 3843 voluntatem,
1198 3780 1321 3850 quia
1343 3780 1480 3834 Deus
1509 3782 1859 3835 intentionem
1883 3781 1936 3834 in
1959 3796 2091 3835 uno-

532 3885 744 3938 quoque
781 3870 995 3924 homine
1030 3871 1364 3932 considerat,
1401 3879 1459 3922 ut
1501 3869 1636 3924 dixit
1674 3870 1786 3938 ipse
1825 3870 1890 3924 de
1934 3870 2090 3924 vidua

531 3978 652 4030 qtun
700 3963 803 4015 duo
844 3962 1045 4014 minuta
1078 3962 1127 4014 in
1172 3961 1610 4031 gazophylacium
1652 3962 1826 4023 misit;
1878 3962 2086 4031 inquit:

531 4051 662 4104 Dico
688 4051 847 4115 vobis,
875 4053 999 4121 quia
1043 4052 1194 4104 vidua
1225 4050 1341 4120 plus
1373 4051 1608 4104 omnibus
1647 4051 1886 4104 divitibus
1928 4053 2088 4106 misit.

526 4143 668 4208 Quid
719 4153 896 4197 autem
939 4143 1112 4213 majus
1159 4144 1274 4198 dari
1325 4152 1500 4211 potest
1544 4142 1684 4198 ﬁdeli
1721 4159 2091 4215 servo,quam

513 4249 648 4285 .esse
675 4249 796 4286 cum
829 4233 955 4296 Deo,
980 4243 1034 4286 et
1058 4234 1240 4287 videre
1263 4233 1513 4302 gaudium
1538 4233 1746 4287 Domini
1783 4233 1887 4287 sui.
1926 4233 2089 4287 Acce-

512 4323 653 4377 dens
678 4334 853 4378 autent
871 4336 917 4377 et
941 4326 1031 4394 qui
1055 4342 1214 4378 unum
1244 4325 1492 4378 talentum
1521 4334 1806 4394 acceperat,
1839 4326 1910 4378 ait
1935 4339 1952 4377 :
1979 4326 2089 4381 Do-

526 4416 664 4466 mine
686 4455 698 4478 ,
725 4416 830 4468 scio
861 4417 984 4485 quia
1023 4416 1175 4469 homo
1202 4415 1365 4467 durus
1391 4431 1445 4468 es
1469 4431 1485 4468 :
1509 4415 1663 4482 metis,
1683 4415 1767 4467 ubi
1808 4433 1908 4469 non
1932 4417 2084 4470 semi—

2193 3235 2404 3288 cuniam
2456 3235 2736 3302 perderet,
2785 3235 2875 3304 qui
2916 3236 3017 3289 hoc
3049 3235 3219 3290 solum
3261 3236 3446 3288 timere
3470 3235 3662 3288 debuit
3694 3253 3757 3289 ne

2192 3322 2309 3374 sine
2345 3322 2492 3376 lucro
2538 3323 2603 3375 ad
2649 3322 2814 3376 Deum
2864 3331 3184 3391 reportaret.
3213 3322 3538 3388 Respondeas
3578 3337 3756 3377 mitem

2190 3412 2445 3466 Dominus
2472 3414 2609 3483 ejus,
2647 3415 2777 3467 dixit
2853 3416 2900 3470 ei
2935 3429 2959 3465 .⁶
3017 3415 3179 3470 Serve
3205 3415 3331 3468 male
3351 3425 3399 3467 et
3429 3417 3594 3486 piger.
3625 3418 3754 3472 Ser-

2191 3521 2288 3559 vus
2315 3505 2485 3560 malus
2515 3505 2833 3574 appellatur,
2861 3506 2984 3575 quia
3006 3507 3330 3560 calumniam
3351 3506 3478 3560 fecit
3505 3507 3753 3572 Domino,

2191 3605 2242 3649 et
2266 3604 2544 3664 peccatum
2576 3610 2730 3649 suutn
2760 3596 2812 3648 in
2847 3610 2970 3648 eum
3001 3595 3169 3650 voluit
3204 3606 3531 3665 retorquere.
3562 3596 3751 3663 Piger,

2189 3688 2313 3756 quia
2342 3687 2513 3742 noluit
2554 3686 2809 3740 talentum
2848 3687 2976 3741 dare
3012 3688 3078 3741 ad
3119 3689 3497 3759 erogationem.
3541 3685 3756 3741 Sciebas

2187 3776 2324 3844 quod
2347 3785 2480 3828 meto
2504 3775 2589 3828 ubi
2615 3791 2717 3828 non
2742 3775 2956 3840 semina,
2981 3786 3027 3828 et
3054 3793 3307 3846 congrege
3331 3777 3414 3830 ubi
3441 3793 3541 3829 non
3562 3778 3752 3845 sparsi.

2192 3862 2248 3914 Si
2281 3872 2334 3916 et
2361 3862 2488 3915 illud
2513 3862 2666 3932 juxta
2697 3871 2842 3916 tuam
2871 3865 3192 3919 sententiam
3223 3865 3468 3934 exquiro,
3512 3866 3656 3934 quod
3687 3865 3754 3919 ad

2189 3956 2516 4021 erogandum
2571 3969 2673 4006 non
2708 3953 2862 4018 dedi,
2905 3970 3069 4023 quare
3103 3964 3177 4018 tu,
3222 3956 3400 4009 sciens
3428 3955 3753 4010 voluntatem

2191 4058 2387 4106 meam,
2404 4059 2507 4096 non
2523 4043 2713 4096 dedisti
2727 4043 3006 4111 pecuniam
3021 4060 3196 4098 meam
3216 4045 3281 4098 ad
3295 4059 3536 4098 mensam
3549 4045 3572 4096 ?
3587 4044 3750 4098 Num-

2189 4135 2400 4188 mularii
2431 4151 2459 4188 a
2484 4151 2701 4190 autumo
2722 4135 2993 4199 dicuntur,
3020 4137 3144 4207 quia
3169 4138 3269 4207 ipsi
3306 4153 3401 4192 eos
3424 4140 3749 4207 percutiunt.

2190 4225 2256 4280 Et
2275 4226 2446 4280 solent
2462 4227 2742 4279 monetarii
2758 4227 3002 4296 accipere
3025 4236 3304 4296 argentum
3317 4230 3386 4284 ab
3401 4230 3684 4300 aliquibus,
3700 4239 3754 4284 et

2189 4316 2622 4372 solentdeuarios
2641 4317 2875 4373 inrotare
2889 4327 2944 4373 et
2963 4328 3083 4388 post
3104 4335 3305 4374 annum
3329 4321 3598 4391 integrum
3631 4323 3746 4376 red-

2189 4411 2315 4465 dere
2339 4411 2480 4480 quod
2506 4420 2848 4481 acceperunt,
2878 4420 2932 4466 et
2957 4413 3297 4467 medietatem
3325 4415 3394 4468 de
3414 4415 3630 4486 ingenio
3657 4432 3748 4470 suo

526 4504 681 4568 uasti,
699 4515 742 4556 et
766 4521 1042 4573 congregas
1066 4504 1149 4557 ubi
1175 4520 1275 4556 non
1298 4505 1551 4572 δραι-δίδη.
1572 4504 1672 4558 Per
1691 4521 1901 4559 servum
1923 4507 2084 4561 istum
2111 4480 2160 4539 D
2186 4518 2348 4571 super
2363 4510 2661 4571 acceptum.
2681 4501 2831 4568 Quod
2851 4503 3031 4574 divina
3054 4503 3137 4556 lex
3163 4504 3228 4557 de
3258 4507 3492 4560 terrenis
3513 4507 3751 4575 pecuniis

525 4609 714 4646 oinnes
741 4593 863 4646 mali
892 4594 1276 4663 intelliguntur.
1297 4593 1418 4646 Sive
1443 4594 1782 4661 singulariter
1803 4597 2085 4663 unusquis-

521 4702 629 4755 que
658 4685 852 4748 malus,
873 4672 995 4753 quia
1026 4685 1200 4737 nullus
1221 4699 1383 4753 prope
1409 4695 1582 4752 potest
1607 4687 1834 4740 inveniri
1863 4688 1953 4755 qui
1976 4703 2082 4740 non

522 4793 553 4827 ει
589 4774 697 4827 Deo
724 4773 994 4842 acceperit
1045 4774 1328 4838 talentum,
1375 4775 1627 4843 quoniam
1675 4777 1958 4845 unicuique
2000 4793 2084 4832 res

519 4866 592 4920 de
638 4883 741 4936 qua
790 4865 951 4927 vivit,
998 4881 1094 4934 pro
1138 4865 1319 4918 talenti
1364 4866 1670 4933 acceptione
1724 4867 2077 4934 deputabitur.

524 4957 696 5012 Etiam
720 4968 774 5010 et
794 4955 884 5025 qui
915 4955 1087 5010 locum
1112 4955 1250 5024 apud
1282 4955 1499 5009 divitem
1528 4955 1752 5018 obtinet,
1783 4956 1826 5010 si
1854 4973 1959 5010 non
1993 4958 2078 5010 iu-

521 5049 748 5104 tercedit
773 5065 868 5118 pro
894 5049 1231 5119 pauperibus,
1265 5065 1360 5118 pro
1388 5049 1570 5102 talenti
1595 5049 1886 5104 retentione
1917 5065 2076 5118 repu-

519 5140 742 5194 tabitur.
771 5139 939 5193 Homo
963 5142 1124 5193 durus
1151 5157 1222 5193 es.
1248 5139 1518 5194 Justitiam
1553 5140 1642 5194 Dei
1668 5140 1816 5193 multi
1853 5143 2072 5196 smeul’a-

521 5248 610 5287 res
631 5233 878 5286 duritiam
901 5240 1108 5299 putant.
1133 5231 1235 5284 Sed
1264 5231 1400 5284 sicut
1423 5231 1618 5283 veritas
1640 5231 1956 5285 naturaliter
1977 5242 2074 5293 est,

453 5368 458 5373 .
516 5330 599 5383 sic
622 5329 780 5381 etiam
807 5328 985 5397 justus
1013 5325 1286 5394 etjustitia
1315 5326 1647 5390 tiaturalitcr,
1672 5326 1936 5394 etinjuste
1973 5343 2075 5380 non

519 5427 696 5489 potest
737 5433 896 5488 agere
940 5418 1026 5484 qui
1069 5415 1425 5470 csseutialiter
1466 5414 1635 5468 bonus
1665 5424 1764 5469 est.
1810 5413 1958 5468 Metis
1991 5415 2076 5466 ubi

520 5527 621 5562 non
656 5510 938 5563 seminasti.
972 5509 1104 5574 Quia
1134 5508 1292 5561 etiam
1327 5507 1378 5560 in
1421 5507 1693 5576 gentilium
1722 5506 1915 5575 populo
1955 5507 2074 5575 qui-

516 5613 730 5662 cunque
756 5601 894 5654 bona
928 5601 1130 5652 studuit
1175 5598 1409 5667 operari,
1441 5598 1547 5651 Deo
1594 5608 1812 5666 accepta
1860 5598 2074 5667 fuerunt

519 5699 703 5740 eorum
729 5705 907 5756 opera,
933 5701 989 5742 ut
1020 5690 1070 5743 in
1097 5691 1282 5759 magis,
1308 5689 1501 5758 quibus
1531 5705 1635 5742 non
1680 5687 1849 5742 fuerat
1881 5692 2071 5760 prtuli-

2182 4595 2428 4663 proliibet
2442 4594 2553 4648 lieri
2572 4613 2585 4646 :
2602 4596 2852 4664 quoniam
2870 4595 3077 4650 initium
3097 4604 3180 4650 est
3194 4594 3370 4666 cupidi
3381 4600 3520 4660 tatis,
3538 4600 3750 4667 exigere

2182 4686 2316 4740 vclle
2348 4702 2465 4755 quae
2511 4694 2562 4739 te
2600 4687 2810 4741 nescias
2848 4688 3233 4742 commodasse.
3274 4689 3427 4745 Unde
3471 4691 3750 4747 Psalmista

2182 4778 2311 4831 dicit
2337 4780 2400 4832 de
2416 4778 2562 4847 justo
2587 4781 2697 4834 viro
2717 4799 2727 4833 :
2748 4779 3032 4834 Pecuniam
3054 4799 3202 4835 suam
3232 4798 3334 4836 non
3361 4784 3502 4837 dedit
3534 4785 3604 4838 ad
3626 4802 3750 4838 usu-

2182 4889 2314 4924 ram.
2342 4871 2416 4926 De
2443 4873 2665 4940 spiritali
2701 4889 2829 4927 vero
2849 4915 2863 4932 .
2912 4874 2962 4926 id
2993 4885 3103 4938 est,
3134 4875 3516 4943 praedicatione
3546 4877 3745 4937 divina,
3770 4897 3774 4900 ·

2180 4978 2298 5031 qua:
2324 4979 2427 5016 non
2465 4962 2727 5017 studuerit
2749 4963 3109 5032 multiplicari,
3133 4964 3371 5018 exsolvet
3399 4965 3607 5020 debitas
3634 4979 3747 5036 po:-

2167 5068 2300 5110 .nas.
2341 5053 2524 5106 Tollite
2563 5054 2626 5106 ab
2665 5071 2723 5106 eo
2751 5053 3030 5118 talentum,
3057 5066 3103 5108 et
3130 5055 3250 5109 date
3283 5057 3330 5109 ci
3357 5059 3446 5126 qui
3482 5059 3636 5111 habet
3664 5059 3750 5110 dc—

2181 5160 2284 5196 ccm
2315 5143 2528 5196 talenta.
2562 5145 2895 5200 Conveniens
2931 5146 3213 5201 videbatur
3253 5158 3311 5201 ut
3339 5165 3460 5202 cum
3492 5150 3749 5204 talentum

2182 5239 2248 5292 al)
2281 5237 2368 5291 illo
2400 5238 2698 5298 tollebatur,
2727 5240 2774 5292 ei
2804 5240 3018 5293 daretur
3045 5241 3135 5308 qui
3162 5242 3265 5294 duo
3286 5257 3446 5308 quam
3475 5243 3570 5310 qui
3596 5244 3753 5312 quin-

2180 5343 2303 5396 que.
2337 5325 2439 5380 Sed
2467 5327 2510 5380 si
2545 5327 2653 5380 vim
2684 5327 2809 5382 dicti
2839 5329 3247 5398 perpendimus,
3276 5332 3396 5399 plus
3430 5331 3522 5385 ille
3564 5333 3752 5385 habuit

2175 5419 2267 5486 qui
2303 5419 2426 5480 duo,
2465 5417 2515 5470 id
2546 5427 2645 5479 est,
2679 5418 3082 5487 intelligentiam
3121 5429 3173 5473 et
3202 5421 3556 5488 charitatem,
3588 5440 3748 5495 quam

2178 5509 2264 5563 ille
2295 5509 2384 5577 qui
2413 5509 2646 5577 quinque
2683 5524 2869 5563 sensus
2895 5512 3132 5579 corporis
3154 5514 3388 5581 accepit,
3422 5515 3548 5583 quia
3577 5518 3750 5570 scien-

2179 5602 2249 5652 tia
2303 5599 2394 5652 l)ci
2437 5607 2491 5652 et
2533 5599 2768 5652 eharitas
2814 5615 2998 5655 omnes
3045 5603 3179 5668 apud
3227 5602 3398 5656 Deum
3437 5605 3747 5674 praecellunt

2174 5696 2414 5746 vittatus.
2456 5691 2784 5760 l’rcipicntcr
2830 5709 2954 5761 ergo
2996 5695 3233 5749 videmus
3275 5695 3429 5752 illum
3472 5699 3562 5767 qui
3610 5701 3744 5753 bene
