3988 6186
170 311 299 369 N65

1245 264 1602 363 exposmo
1637 305 1704 361 lN
1743 301 2176 359 manusua.

3238 299 3377 387 1470

163 420 503 482 exterioribus
526 420 861 476 administrat
883 419 1028 492 (licet
1051 419 1274 489 Simplex
1300 419 1486 490 frater)
1515 420 1710 474 habeat
1740 424 1780 481 Α
1812 419 1937 473 bum
1963 426 2289 471 retrosurus.
2321 415 2388 470 Et
2424 426 2614 471 statuet
2642 417 2846 488 quidem
2873 433 2986 471 oves
3013 432 3045 471 a
3073 416 3287 471 dextris.
3317 418 3374 473 id

160 516 353 587 majora
378 516 513 569 dona
542 531 573 568 a
611 515 721 570 Deo
751 530 908 584 quam
940 515 1025 568 ille
1060 514 1149 584 qui
1184 515 1250 569 de
1279 530 1375 568 sua
1404 513 1628 568 scientia
1655 527 1713 568 se

153 609 353 677 iactans
379 606 511 661 alios
545 605 879 675 dedignatur.
918 605 985 659 Et
1010 606 1109 659 iste
1136 621 1275 661 unus
1303 604 1475 659 malus
1503 619 1708 668 servus,

156 682 449 754 Judaeorum
493 696 718 767 populus
763 704 940 766 potest
981 696 1235 765 intelligi,
1279 696 1370 765 qui
1411 695 1707 750 doctrinam

156 789 281 861 legis
302 802 462 858 quam
487 787 695 857 accepit
733 787 901 842 noluit
938 787 1276 858 multiplicari
1316 788 1368 841 in
1401 785 1583 857 gentili
1623 801 1711 855 po-
1742 845 1747 853 ι

151 882 287 951 pulo.
320 879 414 935 Cui
452 879 708 934 talentum
735 878 967 933 ablatum
1006 886 1116 942 est,
1158 879 1296 933 sicut
1322 879 1436 948 ipse
1463 877 1567 932 alio
1595 877 1711 930 loco

151 973 292 1026 dicit.
328 969 614 1025 Auferetnr
636 986 667 1024 a
692 970 844 1025 vobis
868 986 1088 1045 regnum
1110 969 1226 1045 Dei,
1250 976 1302 1022 et
1328 967 1542 1022 dabitur
1566 967 1710 1039 genti

150 1062 358 1117 facienti
390 1062 598 1116 fructus
628 1060 763 1130 ejus.
799 1060 957 1115 Omni
988 1060 1197 1115 habenti
1221 1060 1449 1114 dabitur.
1482 1059 1709 1114 [labenti

150 1140 309 1207 ﬁdem
323 1152 405 1207 vel
438 1154 632 1208 bonam
655 1134 999 1218 voluntatem,
1023 1152 1292 1206 dabuntur
1321 1150 1524 1220 reliqua
1545 1151 1704 1205 bona.

149 1245 212 1298 Ei
236 1254 406 1298 autem
434 1245 521 1316 qui
549 1260 651 1297 non
675 1244 823 1298 habet
855 1244 1010 1299 fidem
1041 1244 1119 1299 vel
1139 1243 1334 1298 bonam
1356 1242 1704 1305 voluntatem,

144 1346 187 1389 et
221 1335 358 1405 quod
391 1336 593 1389 videtur
628 1334 815 1389 habere
857 1350 954 1405 per
987 1334 1293 1406 hypocrisin
1337 1333 1604 1402 auferetur
1641 1333 1704 1387 ab

145 1444 218 1480 eo.
259 1425 384 1480 Sive
418 1434 649 1481 terrenas
689 1442 807 1491 res,
837 1442 970 1496 quas
997 1426 1167 1496 magis
1203 1425 1401 1479 amavit
1436 1441 1595 1495 quatn
1628 1425 1708 1480 vi-

145 1528 245 1571 tam
274 1525 558 1573 aeternam.
592 1517 870 1587 Auferetur
896 1517 959 1570 ab
984 1534 1070 1583 eo;
1093 1526 1146 1571 et
1169 1526 1296 1571 tunc
1325 1524 1575 1570 neutrum
1604 1515 1703 1569 ha-

140 1607 296 1662 bebit.
328 1608 396 1661 Et
422 1607 657 1662 inutilem
691 1625 891 1662 servum
929 1607 1097 1677 ejicite
1125 1607 1177 1660 in
1214 1606 1447 1661 tenebras
1487 1606 1706 1660 exterio-

139 1715 232 1752 res.
277 1698 543 1767 Superius
577 1698 685 1752 dixi
722 1698 849 1768 quia
891 1696 1137 1752 tenebras
1172 1697 1458 1752 interiores
1490 1693 1703 1751 (κυρίως

1815 516 1897 560 est
1923 506 1975 560 in
2004 506 2198 560 bonam
2218 513 2443 576 partem.
2475 505 2666 561 llwdos
2693 516 2865 561 autem
2887 524 2919 559 a
2944 507 3185 560 sin'stris.
3214 506 3269 561 Id
3293 516 3377 563 est

1812 597 1865 650 in
1899 596 2089 651 malam
2122 605 2351 668 partem.
2404 595 2630 650 Videant
2670 612 2810 651 nunc
2842 597 2932 667 qui
2966 597 3138 651 adhuc
3166 598 3371 663 vivunt,

1810 696 1869 741 ut
1902 686 2154 742 festinent
2191 702 2309 743 esse
2349 702 2475 741 oves
2510 686 2706 741 Christi
2750 706 2763 741 :
2804 688 3036 743 vestiant.
3078 689 3276 753 nudos,
3317 698 3375 745 et

1809 778 1955 833 alant
1992 779 2321 848 indigentes;
2348 779 2530 832 vivant
2565 765 2898 847 simpliciter,
2930 795 3035 833 non
3066 780 3132 833 de
3161 781 3371 850 rapina,

1808 883 1979 938 neque
2018 878 2249 924 noceant
2283 869 2470 932 alicui,
2513 869 2637 938 quia
2676 870 2767 939 qui
2804 870 2987 925 haedos
3024 872 3076 924 in
3120 871 3223 926 hac
3261 872 3371 926 vita

1810 959 2047 1014 imitatus
2091 959 2279 1024 fuerit,
2326 960 2502 1014 socius
2548 968 2675 1013 tunc
2720 959 3004 1029 impiorum
3040 960 3161 1013 erit.
3194 959 3373 1015 Haedis

1807 1057 2187 1119 comparantur
2212 1051 2352 1120 quod
2389 1051 2643 1105 lascivum
2682 1058 2762 1105 est
2797 1051 3023 1114 animal,
3053 1060 3106 1107 et
3134 1052 3372 1108 luxurio-

1806 1159 1957 1209 sum,
1985 1160 2212 1214 quorum
2247 1145 2449 1200 similes
2489 1155 2612 1200 sunt
2645 1146 2887 1201 dissoluti
2925 1146 2976 1200 in
3015 1147 3372 1218 voluptatibus

1806 1236 1947 1302 suis,
1976 1236 2230 1292 luxuriosi
2267 1246 2328 1291 .et
2368 1237 2513 1291 avari
2553 1251 2677 1307 erga
2725 1238 2998 1307 proximos
3039 1250 3183 1299 suos.
3227 1239 3372 1294 Tunc

1803 1326 1937 1380 dicet
1968 1341 2056 1380 rea:
2076 1328 2155 1380 his
2178 1327 2267 1396 qui
2305 1344 2336 1379 a
2360 1326 2554 1380 dextris
2579 1328 2692 1395 ejus
2718 1338 2868 1381 erunt
2891 1343 2908 1379 :
2938 1327 3138 1393 Venite,
3167 1330 3373 1383 benedi-

1804 1418 1871 1470 cti
1894 1413 2071 1470 Patris
2093 1417 2212 1470 mei.
2231 1416 2340 1471 Hoc
2362 1426 2465 1481 est,
2487 1432 2694 1472 mecum
2712 1419 2911 1483 venite,
2929 1435 3048 1474 cum
3073 1435 3178 1489 quo
3203 1421 3373 1475 luere-

1803 1509 1898 1563 des
1920 1524 2040 1564 esse
2060 1509 2266 1565 debetis
2287 1510 2407 1565 vita:
2427 1518 2658 1565 :eternm.
2683 1511 2980 1574 Benedicti;
3004 1514 3126 1581 quia
3149 1514 3214 1567 ad
3238 1513 3370 1568 ima-

1802 1600 1978 1670 ginem
2007 1600 2099 1677 Dei
2138 1600 2299 1666 facti,
2338 1600 2456 1655 ideo
2481 1601 2765 1656 benedicti.
2810 1600 3096 1657 Possidete.
3129 1603 3238 1659 Hoc
3267 1613 3369 1669 est,

1803 1690 2005 1760 absque
2034 1690 2137 1745 ulla
2174 1692 2626 1757 contradictione,
2668 1691 2923 1748 Paratum
2963 1695 3100 1750 vobis
3135 1712 3370 1765 regnum,

137 1791 325 1845 mentis
364 1789 691 1860 appellatur;
739 1789 1032 1844 exteriores
1073 1787 1302 1842 tenebrae
1336 1795 1495 1841 erunt
1530 1785 1583 1840 in
1619 1787 1703 1840 in-
1731 1770 1778 1829 Β
1802 1798 1901 1853 per
1938 1785 2277 1854 praesentiam
2324 1785 2438 1839 Dei.
2494 1784 2767 1856 Regnum,
2811 1785 2972 1840 latam
3018 1790 3367 1854 mansionem,

135 1877 300 1945 terno,
335 1880 428 1934 ubi
455 1895 626 1957 neque
651 1880 810 1941 Deus,
837 1894 1013 1948 neque
1036 1877 1117 1933 sol
1137 1878 1185 1933 ei
1208 1876 1425 1933 lucebit.
1451 1876 1590 1932 Deus
1611 1877 1699 1932 lux

133 1980 239 2034 est,
278 1971 372 2040 qui
414 1971 485 2025 ab
525 1971 614 2024 illo
642 1969 938 2040 elongatur,
974 1969 1026 2023 in
1072 1968 1305 2024 tenebris
1333 1968 1697 2024 constituitur.

133 2058 211 2112 Ibi
234 2060 331 2112 erit
357 2061 515 2129 ﬂetus
540 2070 585 2112 et
609 2059 803 2113 stridor
821 2059 1073 2115 dentium.
1099 2057 1201 2112 Per
1221 2056 1401 2113 ﬂetum
1423 2068 1475 2112 et
1499 2058 1698 2114 strido-

131 2164 235 2201 rem
267 2150 513 2203 dentium
541 2150 667 2204 dira
687 2154 950 2204 tormenta
974 2149 1332 2219 praedicuntur
1370 2158 1425 2203 et
1465 2164 1588 2203 vera
1616 2165 1700 2204 re-

131 2241 393 2294 surrectio
437 2256 720 2311 corporum
759 2237 1171 2296 demonstratur.
1214 2238 1494 2295 Talentum
1532 2256 1700 2316 genus

126 2331 425 2400 ponderum
455 2340 540 2385 est
578 2332 888 2386 maximum.
933 2330 1066 2386 Sunt
1104 2339 1279 2387 autem
1317 2331 1420 2386 tria
1451 2346 1644 2402 genera
1679 2349 1693 2385 :

127 2422 409 2476 minimum
441 2423 825 2493 quinquaginta
856 2422 1144 2487 librarum,
1179 2421 1446 2487 medium,
1484 2430 1698 2493 septua-

123 2513 265 2583 ginta
294 2515 551 2579 duarum,
581 2530 844 2569 summum
876 2523 1089 2569 centum
1118 2514 1325 2585 viginti.
1362 2580 1371 2587 _

189 2606 320 2660 Cum
354 2618 535 2662 autem
560 2609 751 2662 venerit
780 2606 951 2662 Filius
979 2608 1201 2661 hominis
1228 2608 1283 2662 in
1307 2606 1428 2661 sede
1454 2606 1698 2676 majesta-

119 2696 180 2749 tis
215 2712 352 2763 suae,
387 2708 440 2752 et
472 2714 644 2753 omnes
674 2697 843 2770 angeli
877 2716 995 2753 cum
1024 2716 1103 2753 eo.
1144 2698 1305 2754 Multa
1336 2698 1592 2754 Dominus
1617 2700 1695 2755 di-

121 2788 193 2839 xit
220 2803 347 2857 qua:
372 2788 449 2841 ad
474 2788 612 2843 diem
638 2788 825 2856 judicii
853 2789 1027 2843 ﬂenda
1057 2798 1199 2853 sunt,
1225 2790 1320 2845 sed
1346 2792 1556 2858 quando
1582 2790 1695 2860 ipse

118 2880 221 2935 dies
261 2889 368 2934 aut
415 2880 550 2934 hora
597 2896 717 2935 esse
761 2881 982 2946 debeat,
1024 2896 1127 2935 non
1157 2880 1304 2935 dicit.
1346 2878 1452 2935 Sed
1484 2890 1696 2935 constat

119 2972 360 3038 profecto
391 2972 523 3040 quia
561 2971 652 3040 qui
699 2970 799 3024 alia
839 2971 939 3025 scit
972 2971 1262 3026 secretiora
1299 2970 1552 3040 mysteria
1592 2972 1694 3025 hoc

115 3070 163 3115 et
188 3063 373 3132 ipsum
408 3063 567 3117 sciat.
597 3049 740 3117 Dixit
777 3063 1023 3132 superius
1051 3061 1441 3118 admonitiones
1472 3062 1539 3117 ad
1570 3076 1690 3118 om-

1800 1890 1918 1945 quze
1944 1890 2047 1929 non
2075 1875 2446 1946 angustabitur
2471 1877 2641 1941 vobis,
2669 1877 2763 1932 sed
2787 1877 3095 1932 dilatabltur
3116 1880 3367 1948 spatiose.

1798 1966 1841 2019 A
1874 1966 2238 2020 constitutione
2270 1967 2468 2021 mundi.
2501 1968 2671 2035 Quam
2711 1985 2870 2024 unam
2900 1969 3111 2025 beatam
3145 1973 3195 2026 in
3225 1974 3372 2043 prin-

1797 2054 1938 2124 cipio
1966 2072 1995 2110 a
2028 2057 2137 2112 Deo
2162 2058 2428 2113 credimus
2457 2074 2574 2113 esse
2611 2070 2879 2126 creatam,
2913 2064 3001 2117 ubi
3035 2064 3186 2118 lieret
3224 2081 3373 2120 rece-

1797 2146 2068 2225 ptaculum
2093 2148 2384 2218 justorum.
2426 2148 2637 2204 Esuriri
2675 2152 2810 2204 enim
2852 2153 2903 2205 in
2941 2155 3182 2210 membris
3221 2158 3364 2211 meis.

1797 2236 1947 2303 Quod
1982 2246 2067 2292 est
2099 2238 2337 2294 Ecclesia
2367 2256 2507 2296 mea.
2540 2239 2607 2295 Et
2630 2242 2843 2298 dedistis
2878 2246 3006 2299 mihi
3033 2248 3366 2310 manducare.

1798 2331 1923 2386 Sive
1959 2331 2079 2386 cibo
2123 2340 2368 2399 terreno,
2405 2334 2517 2389 sive
2549 2336 2839 2404 Spiritnali.
2881 2337 3037 2392 Sitiri
3068 2350 3115 2392 et
3156 2341 3369 2397 dedistis

1796 2421 1921 2475 mihi
1954 2432 2152 2491 potum.
2195 2422 2345 2477 Sicut
2369 2423 2520 2478 cibus
2545 2425 2831 2495 spiritalis,
2870 2427 2948 2482 sic
2984 2437 3070 2482 est
3102 2438 3156 2484 et
3188 2440 3364 2501 potus.

1797 2511 1948 2567 Unde
1988 2521 2041 2567 et
2082 2514 2269 2569 beatus
2310 2513 2507 2569 Paulus
2542 2516 2775 2572 dicebat.
2816 2517 3077 2574 Bibebant
3111 2521 3178 2576 de
3216 2523 3371 2593 spiri-

1795 2602 1907 2657 tali.
1934 2601 2133 2674 Hospes
2157 2621 2321 2669 eram,
2351 2615 2398 2659 et
2426 2604 2703 2675 collegistis
2726 2623 2825 2660 me.
2856 2606 3061 2678 Hospes
3090 2611 3285 2666 dicitur
3312 2622 3369 2670 ct

1794 2694 1885 2763 qui
1915 2694 2137 2764 suscipit
2167 2703 2221 2750 et
2249 2695 2338 2766 qui
2381 2696 2689 2767 suscipitur.
2732 2696 2939 2769 IloSpcs
2973 2716 3155 2767 eram,
3186 2703 3370 2773 hospi-

1794 2785 1869 2839 tio
1905 2785 2205 2856 indigebam
2251 2794 2305 2841 et
2352 2789 2664 2858 suscepistis
2702 2805 2820 2854 me,
2863 2792 2985 2859 quia
3027 2793 3219 2863 hospes
3256 2811 3364 2851 non

1792 2876 1963 2930 solum
1994 2877 2384 2947 suscipiendus,
2414 2878 2506 2933 sed
2536 2888 2589 2933 et
2616 2880 2909 2936 trahendus
2939 2890 2990 2937 et
3024 2886 3363 2953 quaerendus.

1794 2964 1947 3020 Unde
1975 2973 2029 3021 et
2058 2966 2247 3020 beatus
2277 2965 2474 3021 Tobias
2502 2981 2623 3022 cum
2654 2967 2867 3023 sederet
2897 2970 2963 3024 ad
2991 2987 3227 3026 mensam
3264 2975 3363 3029 iui-

1794 3057 1863 3110 sit
1886 3054 2051 3110 tilium
2073 3072 2317 3128 quaerere
2351 3058 2441 3127 qui
2472 3038 2593 3112 cuin
2633 3074 2697 3114 eo
2726 3060 2929 3115 ederet.
2959 3062 3181 3129 Nudus,
3206 3077 3252 3119 et
3279 3084 3369 3120 co—

116 3167 234 3212 ιιρε,
275 3168 435 3208 nunc
475 3162 651 3207 autem
697 3152 931 3208 ostendi;
969 3152 1096 3223 quid
1138 3153 1193 3207 ίη
1233 3153 1522 3208 novissima
1542 3154 1690 3208 .hom
1718 3116 1762 3179 C
1794 3148 2066 3216 aperuistis
2104 3165 2203 3202 me.
2249 3147 2343 3203 Est
2391 3148 2602 3204 nuditas
2646 3152 2940 3219 corporalis
2989 3161 3041 3208 et
3087 3156 3360 3225 spiritalis.

113 3244 221 3311 ipse
256 3243 512 3299 facturus
548 3244 637 3299 sit.
675 3243 884 3298 Scimus
905 3243 1029 3313 quia
1060 3242 1320 3313 judicium
1362 3244 1508 3299 dedit
1532 3242 1693 3300 Pater

111 3333 277 3399 Filio,
310 3342 371 3388 et
400 3333 500 3403 qui
532 3333 585 3387 in
627 3333 802 3402 primo
829 3331 1056 3388 adventu
1093 3333 1238 3386 venit
1263 3330 1606 3402 judicandus,
1636 3333 1687 3387 in

109 3428 347 3481 secundo
377 3426 568 3480 veniet
590 3426 927 3497 judicatnrus
961 3426 1111 3480 vivos
1146 3433 1201 3481 et
1238 3436 1498 3481 mortuos.
1536 3424 1690 3479 Nulla

108 3525 286 3571 autem
334 3517 526 3587 lingua
576 3525 753 3586 potest
798 3530 1051 3571 enarrare
1097 3517 1283 3585 quanti
1334 3524 1568 3571 terrores
1618 3516 1690 3571 ibi

106 3618 292 3671 erunt,
324 3624 463 3663 cum
503 3606 695 3662 caalum
726 3613 780 3660 et
815 3613 956 3660 terra
985 3606 1211 3670 ardebit,
1239 3596 1404 3661 sonus
1428 3605 1689 3659 tonitrua-

106 3714 222 3751 rum
263 3708 320 3753 et
358 3697 639 3769 fulgurum
675 3696 940 3762 audietur,
975 3695 1150 3766 angeli
1191 3703 1504 3750 resonantes
1533 3694 1689 3750 tubas

105 3790 421 3844 mortalium
456 3787 666 3842 turbam
693 3788 1015 3844 concutient.
1047 3786 1154 3841 Cur
1181 3784 1325 3840 enim
1363 3799 1467 3839 non
1496 3785 1688 3840 creda-

103 3897 221 3934 mus
243 3879 396 3951 quod
438 3879 519 3934 illi
551 3877 729 3950 angeli
755 3878 845 3948 qui
872 3892 1096 3946 corpora
1122 3877 1189 3932 de
1226 3890 1353 3931 aere
1386 3883 1684 3941 assumunt,

101 3977 155 4021 ut
202 3968 534 4039 frequenter
572 3967 671 4021 visi
710 3983 739 4020 a
787 3966 1024 4036 patribus
1070 3964 1341 4034 leguntur,
1378 3978 1510 4019 sono
1546 3979 1687 4019 aereo

98 4061 332 4116 debeant
369 4062 666 4125 insonare,
694 4068 754 4112 ut
786 4059 1025 4113 fecerunt
1060 4057 1269 4126 quando
1302 4055 1559 4112 Dominus
1591 4072 1688 4127 per

98 4155 408 4221 subjectam
444 4160 752 4208 creaturam
782 4150 987 4205 locutus
1011 4159 1096 4203 est
1124 4148 1310 4203 turbis.
1340 4149 1421 4203 Ad
1445 4150 1584 4204 hunc
1604 4148 1689 4217 ju-

96 4234 216 4300 dicii
241 4247 397 4301 diem
426 4258 626 4299 omnes
655 4257 842 4297 novem
871 4242 1086 4296 ordines
1112 4241 1420 4311 angelorum
1448 4243 1681 4307 venient,

95 4351 283 4392 omnes
321 4336 588 4391 homines
626 4335 752 4389 boni
792 4343 846 4389 et
889 4333 1031 4388 mali.
1069 4333 1211 4388 Tunc
1246 4334 1437 4389 sedebit
1475 4336 1528 4389 in
1566 4332 1685 4389 sede

1793 3236 1946 3292 Unde
1982 3237 2178 3291 dictum
2227 3246 2308 3293 est
2357 3257 2369 3291 :
2421 3237 2614 3294 Beatus
2663 3242 2753 3311 qui
2799 3243 3021 3297 custodit
3065 3247 3363 3303 vestimenta

1789 3345 1909 3395 sua,
1941 3346 2003 3384 ne
2033 3332 2205 3384 nudus
2235 3330 2480 3385 ambulet.

1860 3421 2135 3493 Inﬁrmus,
2155 3435 2202 3477 et
2226 3425 2472 3478 visitastis
2496 3442 2594 3479 me.
2619 3426 2686 3481 Et
2710 3427 2762 3480 in
2790 3426 3101 3485 infirmitate
3122 3433 3364 3502 corporis

1789 3525 1845 3570 et
1878 3514 1929 3567 in
1967 3514 2277 3569 infirmitate
2307 3516 2499 3570 anima:
2521 3516 2770 3571 visitandi
2798 3529 2924 3575 sunt
2947 3521 3039 3590 qui
3065 3523 3230 3576 Deum
3262 3523 3337 3578 Pa

1782 3616 1925 3658 trem
1961 3605 2229 3660 invocant.
2268 3604 2400 3660 Cum
2428 3606 2571 3661 enim
2601 3607 2793 3677 aliquis
2833 3610 2884 3663 in
2923 3611 3361 3670 tribulationibus

1787 3691 1945 3761 hujus
1979 3695 2157 3749 saeculi
2189 3694 2391 3760 tristari
2429 3696 2645 3766 incipit,
2681 3706 2807 3753 tunc
2836 3699 3154 3755 infirmatur.
3185 3702 3354 3771 Quem

1788 3786 1831 3841 si
1861 3787 1981 3855 quis
2010 3786 2336 3853 visitaverit,
2368 3797 2424 3843 et
2451 3789 2616 3845 verbo
2645 3807 2742 3847 suo
2773 3792 3184 3862 confortaverit,
3217 3814 3360 3853 mer-

1787 3878 1915 3932 cede
1943 3894 2050 3934 uon
2074 3879 2296 3935 carebit.
2325 3879 2393 3935 In
2420 3874 2626 3938 carcere
2654 3900 2815 3949 eram,
2846 3896 2894 3940 et
2923 3888 3130 3944 venistis
3158 3891 3228 3945 ad
3253 3908 3355 3948 me.

1787 3966 1985 4023 Carcer
2008 3985 2039 4024 a
2065 3970 2359 4041 coercendo
2382 3973 2595 4039 dicitur,
2619 3990 2685 4030 eo
2710 3978 2849 4046 quod
2871 3979 2947 4032 rei
2976 3979 3046 4033 ibi
3073 3996 3359 4037 coercean-

1788 4072 1893 4119 tur.
1929 4064 2040 4120 Hoc
2068 4073 2151 4121 est
2182 4067 2642 4139 constringantur.
2679 4070 2878 4126 Carcer
2909 4073 3071 4127 etiam
3106 4077 3352 4147 angustia

1786 4164 1839 4209 et
1878 4155 2286 4225 pusillanimitas
2325 4157 2488 4212 animi
2525 4158 2744 4231 intelligi
2771 4170 2965 4230 potest.
3006 4163 3073 4217 Et
3094 4164 3212 4220 hate
3236 4181 3355 4220 om-

1744 4298 1754 4309 .
1785 4252 1873 4306 nia
1900 4252 2115 4321 pietatis
2153 4268 2315 4323 opera
2353 4263 2408 4309 et
2444 4256 2729 4312 carnaliter
2761 4268 2817 4313 et
2854 4260 3169 4330 spiritaliter
3201 4279 3353 4319 exer-

1787 4344 1896 4398 ceri
1918 4356 2141 4414 possunt
2158 4344 2400 4416 intelligi.
2424 4356 2478 4403 et
2502 4350 2568 4403 ad
2591 4350 2852 4403 actualem
2872 4353 3034 4406 vitam
3058 4354 3352 4424 pertinent.

96 4431 397 4499 majestatis
428 4444 571 4484 suw.
617 4426 719 4481 Per
752 4427 1043 4482 sessionem
1072 4428 1361 4482 auctoritas
1383 4428 1679 4498 judicandi,
1707 4472 1758 4530 D
1787 4432 1916 4501 Quae
1938 4435 2027 4503 qui
2048 4437 2285 4493 studiose
2308 4437 2672 4508 adimpleverit
2702 4441 2758 4494 in
2776 4442 2879 4497 hoc
2899 4444 3113 4510 saeculo,
3137 4455 3256 4516 post
3282 4450 3351 4504 ad

96 4524 359 4592 majestas
405 4535 516 4590 pro
552 4526 832 4587 potestate.
865 4517 1016 4571 Multi
1053 4526 1229 4572 autem
1269 4527 1588 4588 putaverunt
1626 4520 1680 4574 in

94 4614 227 4669 valle
254 4613 560 4681 Josaphat,
592 4609 680 4678 qui
709 4619 792 4663 est
817 4608 965 4663 locus
993 4608 1045 4663 in
1070 4607 1272 4675 Judaaa,
1304 4609 1538 4664 futurum
1563 4626 1682 4667 esse

90 4702 379 4769 judicium.
415 4703 521 4758 sed
550 4716 884 4772 nequaquam
914 4715 1094 4754 verum
1121 4710 1224 4766 est,
1255 4703 1498 4770 quamvis
1525 4712 1680 4758 sonet

90 4795 358 4867 Josaphat
382 4794 678 4865 judicium,
708 4795 799 4848 sed
829 4794 881 4847 in
910 4808 1035 4849 aere
1055 4794 1180 4867 crit,
1206 4803 1263 4848 ut
1287 4795 1481 4849 Paulus
1505 4796 1634 4851 dicit
1663 4815 1676 4850 :

90 4887 388 4956 liapiemur
420 4886 483 4938 in
510 4900 647 4948 aere,
677 4894 722 4937 et
753 4884 826 4937 sic
850 4900 1047 4953 semper
1076 4901 1192 4938 cum
1223 4885 1441 4939 Domino
1465 4887 1678 4942 erimus.

160 4977 228 5029 Et
254 4975 733 5047 congregabantur
759 4985 876 5027 ante
895 4991 1010 5027 eum
1037 4991 1210 5028 omnes
1231 4986 1421 5045 gentes.
1448 4976 1681 5044 Quicun-

87 5084 190 5136 que
216 5070 501 5138 spiritum
530 5065 651 5119 vit:e
680 5065 978 5119 habuerunt
1006 5064 1381 5129 immortalem,
1417 5068 1554 5122 sicut
1581 5085 1680 5122 an-

85 5160 188 5228 geli
225 5144 283 5214 et
318 5156 614 5222 homines,
646 5155 717 5209 ibi
753 5157 997 5210 aderunt.
1032 5155 1097 5209 Et
1120 5158 1372 5226 separabit
1403 5176 1488 5212 eos
1511 5160 1575 5215 ab
1601 5162 1684 5216 in-

82 5255 243 5305 uicem
285 5252 442 5305 sicut
479 5259 661 5318 pastor
700 5258 905 5319 separat
941 5265 1054 5302 oves
1094 5250 1156 5303 ab
1188 5251 1370 5305 uadis.
1409 5252 1542 5320 Quia
1565 5255 1677 5324 jam

83 5343 304 5395 dixerat
336 5356 353 5393 :
386 5339 516 5409 Ego
546 5355 659 5393 sum
696 5349 873 5408 pastor
912 5339 1101 5403 bonus,
1142 5352 1446 5410 perseverat
1484 5344 1537 5397 in
1566 5345 1677 5414 ipsa

78 5432 350 5500 parabola
376 5472 395 5496 ,
445 5430 597 5499 quod
635 5430 772 5484 sicut
815 5437 999 5499 pastor
1042 5430 1109 5483 ad
1145 5445 1419 5499 vesperam
1458 5447 1584 5488 oves
1612 5436 1679 5490 ab

79 5526 249 5584 laedis
289 5532 602 5600 segregat,
628 5533 687 5578 ut
714 5525 810 5580 hos
844 5524 1020 5579 mittat
1047 5525 1099 5578 in
1133 5542 1290 5580 unam
1326 5529 1674 5595 mansionem,

76 5614 759 5676 illosinaliam.Similiter
793 5616 929 5671 Deus
957 5624 1081 5669 tunc
1115 5615 1180 5669 ad
1212 5630 1487 5686 vesperam
1522 5618 1679 5688 hujus

74 5711 268 5765 mundi
302 5706 656 5764 collectcrus
682 5722 804 5763 suas
832 5723 956 5762 oves
991 5707 1041 5761 in
1066 5692 1231 5773 ovile,
1262 5706 1439 5763 Ιιίειξοδ
1467 5710 1519 5763 in
1548 5710 1677 5766 Ere-

1786 4525 2076 4580 theoricam
2120 4524 2214 4579 Dei
2260 4528 2762 4599 contemplationem
2806 4535 3099 4602 perveniet,
3139 4537 3191 4591 in
3242 4554 3350 4609 qua

1782 4616 1896 4680 sine
1941 4616 2044 4672 ﬁne
2083 4618 2223 4673 oculi
2262 4617 2376 4687 ejus
2412 4619 2667 4676 videbunt
2701 4619 2886 4695 regem'
2915 4626 2969 4681 in
3000 4626 3193 4683 decore
3229 4645 3348 4688 suo.

1781 4706 1944 4761 Amen
1971 4708 2086 4762 dico
2112 4708 2276 4772 vobis,
2306 4710 2443 4782 quod
2472 4712 2559 4765 uni
2588 4712 2651 4766 de
2686 4713 2766 4767 Itis
2806 4715 3055 4784 fratribus
3089 4719 3216 4772 meis
3252 4721 3352 4773 nti-

1781 4799 1932 4853 nimis
1958 4800 2149 4870 fecistis
2169 4842 2184 4866 ,
2210 4802 2334 4856 mihi
2344 4803 2571 4872 fecistis.
2602 4804 2991 4863 Attendcndum
3018 4813 3159 4879 quod
3190 4812 3347 4880 dixit,

1783 4894 1847 4949 de
1873 4896 1956 4949 his
1982 4896 2217 4952 minimis
2248 4896 2504 4953 fratribus
2532 4898 2660 4963 suis,
2687 4901 2790 4956 hoc
2812 4911 2915 4967 est,
2936 4905 3027 4973 qui
3057 4904 3221 4959 Deum
3247 4907 3349 4963 Pa-

1783 4993 1918 5039 trem
1951 4988 2200 5053 credunt,
2228 4998 2283 5043 et
2310 4990 2481 5058 ipsum
2519 4991 2801 5057 invocant,
2828 5003 2882 5049 et
2910 5010 3013 5049 non
3042 5005 3165 5051 sunt
3194 4998 3343 5067 elati,

1784 5077 1875 5130 sed
1919 5077 2148 5133 humiles
2193 5079 2402 5149 spiritu.
2448 5078 2589 5133 Tunc
2637 5081 2769 5136 dicet
2811 5084 2892 5137 bis
2929 5084 3018 5153 qui
3051 5102 3083 5138 a
3121 5085 3345 5141 sinistris

1782 5178 1950 5222 erunt.
1983 5166 2277 5224 Notandum
2305 5171 2445 5240 quod
2477 5188 2580 5225 non
2613 5172 2793 5259 ha.bet,
2832 5174 2975 5242 ejus,
3007 5177 3099 5231 sed
3132 5186 3341 5234 tantum

1784 5274 1814 5311 a
1851 5259 2114 5327 sinistris,
2147 5262 2272 5330 quia
2309 5262 2449 5316 Deus
2481 5262 2755 5318 sinistrum
2794 5266 2926 5320 nihil
2956 5267 3146 5322 ‘babet.
3186 5269 3342 5327 Unde

1781 5351 2036 5418 scriptum
2066 5362 2147 5407 est
2179 5370 2192 5406 :
2236 5351 2355 5406 Vias
2378 5371 2493 5424 qua:
2526 5371 2557 5408 a
2587 5356 2782 5413 dextris
2814 5371 2964 5425 sunt,
2992 5362 3127 5416 nutrit
3156 5363 3340 5417 Domi-

1781 5456 1898 5494 nus.
1936 5441 2205 5497 Pcrversa:
2227 5460 2357 5499 vero
2383 5454 2538 5511 sunt,
2574 5464 2691 5516 quae
2719 5465 2750 5503 a
2781 5451 3012 5507 sinistris
3037 5463 3180 5508 sunt.
3213 5455 3341 5509 Dis-

1779 5531 1940 5585 cedite
1972 5549 2003 5583 a
2029 5548 2127 5585 me.
2158 5532 2294 5587 Ecde
2319 5535 2569 5610 terribilis
2595 5548 2650 5592 et
2685 5540 2916 5595 timenda
2939 5557 3068 5604 vox.
3100 5545 3257 5598 etiam
3289 5545 3336 5601 si

1780 5623 1909 5677 nihil
1935 5623 2245 5687 addidisset,
2272 5624 2395 5693 quia
2424 5627 2514 5695 qui
2542 5642 2571 5681 a
2602 5629 2709 5685 Deo
2740 5631 2960 5697 recedit,
2992 5633 3200 5689 diabolo
3231 5646 3342 5690 tra-

1781 5716 1941 5801 ditur.
1966 5716 2033 5770 Et
2056 5715 2187 5771 nihil
2212 5716 2352 5773 aliud
2377 5728 2527 5774 extra
2556 5720 2743 5788 Deum,
2776 5722 2874 5778 nisi
2906 5723 3102 5780 malum
3126 5726 3339 5782 inenar-
