  <div class='ocr_page' id='page_1' title='image "/cluster/home/n/w/nwhite01/storage/ocr_20150623/106/hvd.32044054759717/741.png"; bbox 0 0 3988 6186; ppageno 0'>
   <div class='ocr_carea' id='block_1_1' title="bbox 583 291 714 350">
    <p class='ocr_par' dir='ltr' id='par_1_1' title="bbox 583 291 714 350">
     <span class='ocr_line' id='line_1_1' title="bbox 583 291 714 350; baseline 0.015 -2"><span class='ocrx_word' id='word_1_1' title='bbox 583 291 714 350; x_wconf 69' lang='grc'><strong>1471</strong></span> 
     </span>
    </p>
   </div>
   <div class='ocr_carea' id='block_1_2' title="bbox 1340 238 2987 351">
    <p class='ocr_par' dir='ltr' id='par_1_2' title="bbox 1340 238 2987 351">
     <span class='ocr_line' id='line_1_2' title="bbox 1340 238 2987 351; baseline -0.015 -17"><span class='ocrx_word' id='word_1_2' title='bbox 1340 273 1725 334; x_wconf 77' lang='lat' dir='ltr'><strong>CHRISTIANI</strong></span> <span class='ocrx_word' id='word_1_3' title='bbox 1764 266 2171 329; x_wconf 70' lang='lat' dir='ltr'><strong>DRUTHMARI</strong></span> <span class='ocrx_word' id='word_1_4' title='bbox 2207 238 2649 351; x_wconf 52' lang='lat' dir='ltr'><strong>CORBEIEXSIS</strong></span> <span class='ocrx_word' id='word_1_5' title='bbox 2687 257 2987 314; x_wconf 75' lang='lat' dir='ltr'><strong>MONAClll</strong></span> 
     </span>
    </p>
   </div>
   <div class='ocr_carea' id='block_1_3' title="bbox 3660 254 3790 307">
    <p class='ocr_par' dir='ltr' id='par_1_3' title="bbox 3660 254 3790 307">
     <span class='ocr_line' id='line_1_3' title="bbox 3660 254 3790 307; baseline 0 -1"><span class='ocrx_word' id='word_1_6' title='bbox 3660 254 3790 307; x_wconf 68' lang='grc' dir='ltr'><strong>16ῗί</strong></span> 
     </span>
    </p>
   </div>
   <div class='ocr_carea' id='block_1_4' title="bbox 585 368 3790 457">
    <p class='ocr_par' dir='ltr' id='par_1_4' title="bbox 585 368 3790 457">
     <span class='ocr_line' id='line_1_4' title="bbox 585 368 3790 457; baseline -0.011 0"><span class='ocrx_word' id='word_1_7' title='bbox 585 401 770 457; x_wconf 85' lang='lat' dir='ltr'><strong>rabile.</strong></span> <span class='ocrx_word' id='word_1_8' title='bbox 804 395 1088 451; x_wconf 77' lang='lat' dir='ltr'><strong>Maledicti.</strong></span> <span class='ocrx_word' id='word_1_9' title='bbox 1129 387 1440 446; x_wconf 72' lang='lat' dir='ltr'><strong>Illaledictus</strong></span> <span class='ocrx_word' id='word_1_10' title='bbox 1476 404 1580 442; x_wconf 90' lang='lat' dir='ltr'><strong>non</strong></span> <span class='ocrx_word' id='word_1_11' title='bbox 1625 393 1799 456; x_wconf 90' lang='lat' dir='ltr'><strong>potest</strong></span> <span class='ocrx_word' id='word_1_12' title='bbox 1845 399 1994 446; x_wconf 88' lang='lat' dir='ltr'><strong>esse,</strong></span> <span class='ocrx_word' id='word_1_13' title='bbox 2043 381 2133 434; x_wconf 88' lang='lat' dir='ltr'><strong>ubi</strong></span> <span class='ocrx_word' id='word_1_14' title='bbox 2163 385 2208 441; x_wconf 74' lang='grc' dir='ltr'><strong>Α</strong></span> <span class='ocrx_word' id='word_1_15' title='bbox 2239 377 2365 430; x_wconf 85' lang='lat' dir='ltr'><strong>Post</strong></span> <span class='ocrx_word' id='word_1_16' title='bbox 2395 376 2636 438; x_wconf 85' lang='lat' dir='ltr'><strong>biduum,</strong></span> <span class='ocrx_word' id='word_1_17' title='bbox 2665 381 2784 442; x_wconf 89' lang='lat' dir='ltr'><strong>post</strong></span> <span class='ocrx_word' id='word_1_18' title='bbox 2809 373 2960 434; x_wconf 87' lang='lat' dir='ltr'><strong>duos,</strong></span> <span class='ocrx_word' id='word_1_19' title='bbox 2993 369 3308 424; x_wconf 78' lang='lat' dir='ltr'><strong>subauditur</strong></span> <span class='ocrx_word' id='word_1_20' title='bbox 3331 369 3470 422; x_wconf 86' lang='lat' dir='ltr'><strong>dies.</strong></span> <span class='ocrx_word' id='word_1_21' title='bbox 3509 368 3577 421; x_wconf 82' lang='lat' dir='ltr'><strong>Et</strong></span> <span class='ocrx_word' id='word_1_22' title='bbox 3606 369 3673 421; x_wconf 89' lang='lat' dir='ltr'><strong>ad</strong></span> <span class='ocrx_word' id='word_1_23' title='bbox 3697 370 3790 424; x_wconf 87' lang='lat' dir='ltr'><strong>hoc</strong></span> 
     </span>
    </p>
   </div>
   <div class='ocr_carea' id='block_1_5' title="bbox 581 473 2132 546">
    <p class='ocr_par' dir='ltr' id='par_1_5' title="bbox 581 473 2132 546">
     <span class='ocr_line' id='line_1_5' title="bbox 581 473 2132 546; baseline -0.015 0"><span class='ocrx_word' id='word_1_24' title='bbox 581 500 665 546; x_wconf 86' lang='lat' dir='ltr'><strong>est</strong></span> <span class='ocrx_word' id='word_1_25' title='bbox 693 487 1019 544; x_wconf 89' lang='lat' dir='ltr'><strong>benedictus.</strong></span> <span class='ocrx_word' id='word_1_26' title='bbox 1053 484 1092 535; x_wconf 85' lang='lat' dir='ltr'><strong>A</strong></span> <span class='ocrx_word' id='word_1_27' title='bbox 1126 483 1229 535; x_wconf 88' lang='lat' dir='ltr'><strong>Deo</strong></span> <span class='ocrx_word' id='word_1_28' title='bbox 1252 480 1419 535; x_wconf 78' lang='lat' dir='ltr'><strong>creati</strong></span> <span class='ocrx_word' id='word_1_29' title='bbox 1446 476 1733 538; x_wconf 80' lang='lat' dir='ltr'><strong>benedicti,</strong></span> <span class='ocrx_word' id='word_1_30' title='bbox 1766 473 2015 542; x_wconf 85' lang='lat' dir='ltr'><strong>operibus</strong></span> <span class='ocrx_word' id='word_1_31' title='bbox 2040 485 2132 523; x_wconf 88' lang='lat' dir='ltr'><strong>ve-</strong></span> 
     </span>
    </p>
   </div>
   <div class='ocr_carea' id='block_1_6' title="bbox 583 563 2136 640">
    <p class='ocr_par' dir='ltr' id='par_1_6' title="bbox 583 563 2136 640">
     <span class='ocr_line' id='line_1_6' title="bbox 583 563 2136 640; baseline -0.015 -6"><span class='ocrx_word' id='word_1_32' title='bbox 583 581 712 636; x_wconf 85' lang='lat' dir='ltr'><strong>stris</strong></span> <span class='ocrx_word' id='word_1_33' title='bbox 748 574 1034 630; x_wconf 90' lang='lat' dir='ltr'><strong>maledicti.</strong></span> <span class='ocrx_word' id='word_1_34' title='bbox 1073 571 1140 624; x_wconf 84' lang='lat' dir='ltr'><strong>In</strong></span> <span class='ocrx_word' id='word_1_35' title='bbox 1178 571 1344 640; x_wconf 83' lang='lat' dir='ltr'><strong>ignem</strong></span> <span class='ocrx_word' id='word_1_36' title='bbox 1381 576 1659 628; x_wconf 69' lang='lat' dir='ltr'><strong>azternum,</strong></span> <span class='ocrx_word' id='word_1_37' title='bbox 1687 563 1776 634; x_wconf 86' lang='lat' dir='ltr'><strong>qui</strong></span> <span class='ocrx_word' id='word_1_38' title='bbox 1815 571 2029 631; x_wconf 89' lang='lat' dir='ltr'><strong>paratus</strong></span> <span class='ocrx_word' id='word_1_39' title='bbox 2062 568 2136 612; x_wconf 82' lang='lat' dir='ltr'><strong>est</strong></span> 
     </span>
    </p>
   </div>
   <div class='ocr_carea' id='block_1_7' title="bbox 583 648 2134 730">
    <p class='ocr_par' dir='ltr' id='par_1_7' title="bbox 583 648 2134 730">
     <span class='ocr_line' id='line_1_7' title="bbox 583 648 2134 730; baseline -0.014 -10"><span class='ocrx_word' id='word_1_40' title='bbox 583 665 789 720; x_wconf 83' lang='lat' dir='ltr'><strong>diabolo</strong></span> <span class='ocrx_word' id='word_1_41' title='bbox 817 673 864 716; x_wconf 90' lang='lat' dir='ltr'><strong>ct</strong></span> <span class='ocrx_word' id='word_1_42' title='bbox 893 660 1087 730; x_wconf 82' lang='lat' dir='ltr'><strong>angelis</strong></span> <span class='ocrx_word' id='word_1_43' title='bbox 1117 659 1249 727; x_wconf 84' lang='lat' dir='ltr'><strong>ejus.</strong></span> <span class='ocrx_word' id='word_1_44' title='bbox 1276 656 1334 710; x_wconf 92' lang='lat' dir='ltr'><strong>ln</strong></span> <span class='ocrx_word' id='word_1_45' title='bbox 1357 656 1529 724; x_wconf 83' lang='lat' dir='ltr'><strong>ignem</strong></span> <span class='ocrx_word' id='word_1_46' title='bbox 1555 663 1813 707; x_wconf 62' lang='lat' dir='ltr'><strong>aeternum</strong></span> <span class='ocrx_word' id='word_1_47' title='bbox 1843 648 2134 708; x_wconf 84' lang='lat' dir='ltr'><strong>discedere,</strong></span> 
     </span>
    </p>
   </div>
   <div class='ocr_carea' id='block_1_8' title="bbox 584 743 2137 818">
    <p class='ocr_par' dir='ltr' id='par_1_8' title="bbox 584 743 2137 818">
     <span class='ocr_line' id='line_1_8' title="bbox 584 743 2137 818; baseline -0.012 -5"><span class='ocrx_word' id='word_1_48' title='bbox 584 759 634 813; x_wconf 92' lang='lat' dir='ltr'><strong>id</strong></span> <span class='ocrx_word' id='word_1_49' title='bbox 671 767 754 812; x_wconf 89' lang='lat' dir='ltr'><strong>est</strong></span> <span class='ocrx_word' id='word_1_50' title='bbox 796 756 1094 811; x_wconf 84' lang='lat' dir='ltr'><strong>inordinate</strong></span> <span class='ocrx_word' id='word_1_51' title='bbox 1135 753 1325 806; x_wconf 87' lang='lat' dir='ltr'><strong>cadere</strong></span> <span class='ocrx_word' id='word_1_52' title='bbox 1361 749 1755 818; x_wconf 75' lang='lat' dir='ltr'><strong>praecipiuntur,</strong></span> <span class='ocrx_word' id='word_1_53' title='bbox 1785 745 1908 814; x_wconf 90' lang='lat' dir='ltr'><strong>quia</strong></span> <span class='ocrx_word' id='word_1_54' title='bbox 1932 743 2041 811; x_wconf 88' lang='lat' dir='ltr'><strong>jam</strong></span> <span class='ocrx_word' id='word_1_55' title='bbox 2072 743 2137 796; x_wconf 92' lang='lat' dir='ltr'><strong>ab</strong></span> 
     </span>
    </p>
   </div>
   <div class='ocr_carea' id='block_1_9' title="bbox 587 833 2141 904">
    <p class='ocr_par' dir='ltr' id='par_1_9' title="bbox 587 833 2141 904">
     <span class='ocr_line' id='line_1_9' title="bbox 587 833 2141 904; baseline -0.012 0"><span class='ocrx_word' id='word_1_56' title='bbox 587 851 675 904; x_wconf 86' lang='lat' dir='ltr'><strong>illa</strong></span> <span class='ocrx_word' id='word_1_57' title='bbox 713 849 797 903; x_wconf 90' lang='lat' dir='ltr'><strong>die</strong></span> <span class='ocrx_word' id='word_1_58' title='bbox 827 846 1116 900; x_wconf 85' lang='lat' dir='ltr'><strong>crudeliter</strong></span> <span class='ocrx_word' id='word_1_59' title='bbox 1153 841 1417 897; x_wconf 84' lang='lat' dir='ltr'><strong>tractandi</strong></span> <span class='ocrx_word' id='word_1_60' title='bbox 1447 847 1587 894; x_wconf 90' lang='lat' dir='ltr'><strong>sunt.</strong></span> <span class='ocrx_word' id='word_1_61' title='bbox 1634 834 1892 890; x_wconf 58' lang='lat' dir='ltr'><strong>Alternus</strong></span> <span class='ocrx_word' id='word_1_62' title='bbox 1929 835 2046 888; x_wconf 71' lang='lat' dir='ltr'><strong>erit</strong></span> <span class='ocrx_word' id='word_1_63' title='bbox 2061 833 2141 887; x_wconf 91' lang='lat' dir='ltr'><strong>eis</strong></span> 
     </span>
    </p>
   </div>
   <div class='ocr_carea' id='block_1_10' title="bbox 585 925 2137 1009">
    <p class='ocr_par' dir='ltr' id='par_1_10' title="bbox 585 925 2137 1009">
     <span class='ocr_line' id='line_1_10' title="bbox 585 925 2137 1009; baseline -0.011 -17"><span class='ocrx_word' id='word_1_64' title='bbox 585 939 749 1009; x_wconf 81' lang='lat' dir='ltr'><strong>ignis,</strong></span> <span class='ocrx_word' id='word_1_65' title='bbox 784 936 908 1005; x_wconf 93' lang='lat' dir='ltr'><strong>quia</strong></span> <span class='ocrx_word' id='word_1_66' title='bbox 945 934 1067 988; x_wconf 90' lang='lat' dir='ltr'><strong>licet</strong></span> <span class='ocrx_word' id='word_1_67' title='bbox 1095 932 1192 1000; x_wconf 88' lang='lat' dir='ltr'><strong>ipsi</strong></span> <span class='ocrx_word' id='word_1_68' title='bbox 1221 931 1376 983; x_wconf 87' lang='lat' dir='ltr'><strong>ﬁnem</strong></span> <span class='ocrx_word' id='word_1_69' title='bbox 1402 927 1654 997; x_wconf 87' lang='lat' dir='ltr'><strong>peccandi</strong></span> <span class='ocrx_word' id='word_1_70' title='bbox 1686 925 2026 987; x_wconf 81' lang='lat' dir='ltr'><strong>habuissent,</strong></span> <span class='ocrx_word' id='word_1_71' title='bbox 2054 932 2137 976; x_wconf 87' lang='lat' dir='ltr'><strong>ta-</strong></span> 
     </span>
    </p>
   </div>
   <div class='ocr_carea' id='block_1_11' title="bbox 586 1014 2143 1084">
    <p class='ocr_par' dir='ltr' id='par_1_11' title="bbox 586 1014 2143 1084">
     <span class='ocr_line' id='line_1_11' title="bbox 586 1014 2143 1084; baseline -0.008 -7"><span class='ocrx_word' id='word_1_72' title='bbox 586 1041 704 1078; x_wconf 88' lang='lat' dir='ltr'><strong>men</strong></span> <span class='ocrx_word' id='word_1_73' title='bbox 748 1023 1073 1075; x_wconf 74' lang='lat' dir='ltr'><strong>voluntatem</strong></span> <span class='ocrx_word' id='word_1_74' title='bbox 1122 1020 1452 1081; x_wconf 87' lang='lat' dir='ltr'><strong>habuerunt,</strong></span> <span class='ocrx_word' id='word_1_75' title='bbox 1495 1024 1549 1070; x_wconf 90' lang='lat' dir='ltr'><strong>et</strong></span> <span class='ocrx_word' id='word_1_76' title='bbox 1584 1030 1792 1084; x_wconf 88' lang='lat' dir='ltr'><strong>semper</strong></span> <span class='ocrx_word' id='word_1_77' title='bbox 1830 1014 2041 1076; x_wconf 79' lang='lat' dir='ltr'><strong>vivere,</strong></span> <span class='ocrx_word' id='word_1_78' title='bbox 2087 1019 2143 1066; x_wconf 90' lang='lat' dir='ltr'><strong>et</strong></span> 
     </span>
    </p>
   </div>
   <div class='ocr_carea' id='block_1_12' title="bbox 587 1102 2142 1184">
    <p class='ocr_par' dir='ltr' id='par_1_12' title="bbox 587 1102 2142 1184">
     <span class='ocr_line' id='line_1_12' title="bbox 587 1102 2142 1184; baseline -0.01 -14"><span class='ocrx_word' id='word_1_79' title='bbox 587 1130 796 1184; x_wconf 85' lang='lat' dir='ltr'><strong>semper</strong></span> <span class='ocrx_word' id='word_1_80' title='bbox 824 1128 1066 1183; x_wconf 89' lang='lat' dir='ltr'><strong>peccare,</strong></span> <span class='ocrx_word' id='word_1_81' title='bbox 1094 1120 1148 1164; x_wconf 91' lang='lat' dir='ltr'><strong>et</strong></span> <span class='ocrx_word' id='word_1_82' title='bbox 1177 1111 1295 1164; x_wconf 89' lang='lat' dir='ltr'><strong>ideo</strong></span> <span class='ocrx_word' id='word_1_83' title='bbox 1323 1125 1391 1163; x_wconf 79' lang='lat' dir='ltr'><strong>ex</strong></span> <span class='ocrx_word' id='word_1_84' title='bbox 1420 1107 1690 1161; x_wconf 73' lang='lat' dir='ltr'><strong>voluntate</strong></span> <span class='ocrx_word' id='word_1_85' title='bbox 1715 1106 1829 1159; x_wconf 90' lang='lat' dir='ltr'><strong>sine</strong></span> <span class='ocrx_word' id='word_1_86' title='bbox 1858 1104 1962 1158; x_wconf 90' lang='lat' dir='ltr'><strong>ﬁne</strong></span> <span class='ocrx_word' id='word_1_87' title='bbox 1991 1102 2142 1156; x_wconf 88' lang='lat' dir='ltr'><strong>dam-</strong></span> 
     </span>
    </p>
   </div>
   <div class='ocr_carea' id='block_1_13' title="bbox 590 1184 2143 1271">
    <p class='ocr_par' dir='ltr' id='par_1_13' title="bbox 590 1184 2143 1271">
     <span class='ocr_line' id='line_1_13' title="bbox 590 1184 2143 1271; baseline -0.007 -14"><span class='ocrx_word' id='word_1_88' title='bbox 590 1184 873 1258; x_wconf 81' lang='lat' dir='ltr'><strong>nabuntur.</strong></span> <span class='ocrx_word' id='word_1_89' title='bbox 902 1201 1004 1266; x_wconf 82' lang='lat' dir='ltr'><strong>Qui</strong></span> <span class='ocrx_word' id='word_1_90' title='bbox 1029 1210 1240 1271; x_wconf 87' lang='lat' dir='ltr'><strong>paratus</strong></span> <span class='ocrx_word' id='word_1_91' title='bbox 1264 1207 1336 1251; x_wconf 88' lang='lat' dir='ltr'><strong>est</strong></span> <span class='ocrx_word' id='word_1_92' title='bbox 1367 1194 1570 1249; x_wconf 82' lang='lat' dir='ltr'><strong>diabolo</strong></span> <span class='ocrx_word' id='word_1_93' title='bbox 1598 1204 1643 1248; x_wconf 88' lang='lat' dir='ltr'><strong>et</strong></span> <span class='ocrx_word' id='word_1_94' title='bbox 1667 1193 1860 1263; x_wconf 75' lang='lat' dir='ltr'><strong>angelis</strong></span> <span class='ocrx_word' id='word_1_95' title='bbox 1888 1193 2018 1262; x_wconf 90' lang='lat' dir='ltr'><strong>ejus.</strong></span> <span class='ocrx_word' id='word_1_96' title='bbox 2044 1191 2143 1246; x_wconf 85' lang='lat' dir='ltr'><strong>Hic</strong></span> 
     </span>
    </p>
   </div>
   <div class='ocr_carea' id='block_1_14' title="bbox 587 1285 2142 1365">
    <p class='ocr_par' dir='ltr' id='par_1_14' title="bbox 587 1285 2142 1365">
     <span class='ocr_line' id='line_1_14' title="bbox 587 1285 2142 1365; baseline -0.006 -17"><span class='ocrx_word' id='word_1_97' title='bbox 587 1302 806 1365; x_wconf 87' lang='lat' dir='ltr'><strong>apparet</strong></span> <span class='ocrx_word' id='word_1_98' title='bbox 839 1292 978 1361; x_wconf 91' lang='lat' dir='ltr'><strong>quod</strong></span> <span class='ocrx_word' id='word_1_99' title='bbox 1015 1305 1184 1360; x_wconf 67' lang='lat' dir='ltr'><strong>paena:</strong></span> <span class='ocrx_word' id='word_1_100' title='bbox 1211 1289 1498 1343; x_wconf 78' lang='lat' dir='ltr'><strong>inferorum</strong></span> <span class='ocrx_word' id='word_1_101' title='bbox 1534 1302 1638 1348; x_wconf 88' lang='lat' dir='ltr'><strong>non</strong></span> <span class='ocrx_word' id='word_1_102' title='bbox 1677 1301 1774 1356; x_wconf 89' lang='lat' dir='ltr'><strong>pro</strong></span> <span class='ocrx_word' id='word_1_103' title='bbox 1815 1285 2142 1350; x_wconf 89' lang='lat' dir='ltr'><strong>hominibus,</strong></span> 
     </span>
    </p>
   </div>
   <div class='ocr_carea' id='block_1_15' title="bbox 588 1375 2143 1453">
    <p class='ocr_par' dir='ltr' id='par_1_15' title="bbox 588 1375 2143 1453">
     <span class='ocr_line' id='line_1_15' title="bbox 588 1375 2143 1453; baseline -0.006 -15"><span class='ocrx_word' id='word_1_104' title='bbox 588 1386 681 1438; x_wconf 88' lang='lat' dir='ltr'><strong>sed</strong></span> <span class='ocrx_word' id='word_1_105' title='bbox 725 1399 820 1453; x_wconf 90' lang='lat' dir='ltr'><strong>pro</strong></span> <span class='ocrx_word' id='word_1_106' title='bbox 868 1382 1069 1451; x_wconf 83' lang='lat' dir='ltr'><strong>angelis</strong></span> <span class='ocrx_word' id='word_1_107' title='bbox 1108 1380 1259 1434; x_wconf 88' lang='lat' dir='ltr'><strong>malis</strong></span> <span class='ocrx_word' id='word_1_108' title='bbox 1305 1387 1506 1449; x_wconf 72' lang='lat' dir='ltr'><strong>parata:</strong></span> <span class='ocrx_word' id='word_1_109' title='bbox 1554 1388 1696 1433; x_wconf 91' lang='lat' dir='ltr'><strong>sunt.</strong></span> <span class='ocrx_word' id='word_1_110' title='bbox 1743 1377 2054 1444; x_wconf 86' lang='lat' dir='ltr'><strong>Quicunque</strong></span> <span class='ocrx_word' id='word_1_111' title='bbox 2089 1375 2143 1428; x_wconf 90' lang='lat' dir='ltr'><strong>iu</strong></span> 
     </span>
    </p>
   </div>
   <div class='ocr_carea' id='block_1_16' title="bbox 591 1463 2143 1542">
    <p class='ocr_par' dir='ltr' id='par_1_16' title="bbox 591 1463 2143 1542">
     <span class='ocr_line' id='line_1_16' title="bbox 591 1463 2143 1542; baseline -0.006 -13"><span class='ocrx_word' id='word_1_112' title='bbox 591 1477 912 1529; x_wconf 82' lang='lat' dir='ltr'><strong>consortium</strong></span> <span class='ocrx_word' id='word_1_113' title='bbox 952 1489 1137 1527; x_wconf 89' lang='lat' dir='ltr'><strong>eorum</strong></span> <span class='ocrx_word' id='word_1_114' title='bbox 1177 1488 1274 1542; x_wconf 90' lang='lat' dir='ltr'><strong>per</strong></span> <span class='ocrx_word' id='word_1_115' title='bbox 1310 1471 1448 1525; x_wconf 91' lang='lat' dir='ltr'><strong>mala</strong></span> <span class='ocrx_word' id='word_1_116' title='bbox 1485 1463 1644 1540; x_wconf 85' lang='lat' dir='ltr'><strong>opera</strong></span> <span class='ocrx_word' id='word_1_117' title='bbox 1684 1470 1913 1539; x_wconf 89' lang='lat' dir='ltr'><strong>seipsum</strong></span> <span class='ocrx_word' id='word_1_118' title='bbox 1944 1467 2143 1537; x_wconf 84' lang='lat' dir='ltr'><strong>jungit,</strong></span> 
     </span>
    </p>
   </div>
   <div class='ocr_carea' id='block_1_17' title="bbox 591 1561 2144 1634">
    <p class='ocr_par' dir='ltr' id='par_1_17' title="bbox 591 1561 2144 1634">
     <span class='ocr_line' id='line_1_17' title="bbox 591 1561 2144 1634; baseline -0.005 -14"><span class='ocrx_word' id='word_1_119' title='bbox 591 1567 869 1621; x_wconf 86' lang='lat' dir='ltr'><strong>sustinebit</strong></span> <span class='ocrx_word' id='word_1_120' title='bbox 896 1582 1012 1634; x_wconf 67' lang='lat' dir='ltr'><strong>qua:</strong></span> <span class='ocrx_word' id='word_1_121' title='bbox 1040 1565 1125 1620; x_wconf 90' lang='lat' dir='ltr'><strong>ille</strong></span> <span class='ocrx_word' id='word_1_122' title='bbox 1159 1565 1316 1618; x_wconf 89' lang='lat' dir='ltr'><strong>habet</strong></span> <span class='ocrx_word' id='word_1_123' title='bbox 1355 1563 1637 1617; x_wconf 88' lang='lat' dir='ltr'><strong>sustinere.</strong></span> <span class='ocrx_word' id='word_1_124' title='bbox 1672 1562 1878 1615; x_wconf 84' lang='lat' dir='ltr'><strong>Esurivi</strong></span> <span class='ocrx_word' id='word_1_125' title='bbox 1911 1561 2068 1625; x_wconf 88' lang='lat' dir='ltr'><strong>enim,</strong></span> <span class='ocrx_word' id='word_1_126' title='bbox 2096 1569 2144 1613; x_wconf 86' lang='lat' dir='ltr'><strong>et</strong></span> 
     </span>
    </p>
   </div>
   <div class='ocr_carea' id='block_1_18' title="bbox 596 1653 2144 1710">
    <p class='ocr_par' dir='ltr' id='par_1_18' title="bbox 596 1653 2144 1710">
     <span class='ocr_line' id='line_1_18' title="bbox 596 1653 2144 1710; baseline -0.003 0"><span class='ocrx_word' id='word_1_127' title='bbox 596 1676 696 1710; x_wconf 88' lang='lat' dir='ltr'><strong>non</strong></span> <span class='ocrx_word' id='word_1_128' title='bbox 725 1658 936 1710; x_wconf 80' lang='lat' dir='ltr'><strong>dedistis</strong></span> <span class='ocrx_word' id='word_1_129' title='bbox 964 1658 1088 1709; x_wconf 85' lang='lat' dir='ltr'><strong>mihi</strong></span> <span class='ocrx_word' id='word_1_130' title='bbox 1119 1657 1451 1709; x_wconf 84' lang='lat' dir='ltr'><strong>manducare.</strong></span> <span class='ocrx_word' id='word_1_131' title='bbox 1478 1655 1542 1708; x_wconf 88' lang='lat' dir='ltr'><strong>Et</strong></span> <span class='ocrx_word' id='word_1_132' title='bbox 1563 1664 1776 1709; x_wconf 63' lang='lat' dir='ltr'><strong>caetera.</strong></span> <span class='ocrx_word' id='word_1_133' title='bbox 1801 1655 1876 1708; x_wconf 92' lang='lat' dir='ltr'><strong>De</strong></span> <span class='ocrx_word' id='word_1_134' title='bbox 1899 1653 2144 1706; x_wconf 82' lang='lat' dir='ltr'><strong>omnibus</strong></span> 
     </span>
    </p>
   </div>
   <div class='ocr_carea' id='block_1_19' title="bbox 2235 457 3793 533">
    <p class='ocr_par' dir='ltr' id='par_1_19' title="bbox 2235 457 3793 533">
     <span class='ocr_line' id='line_1_19' title="bbox 2235 457 3793 533; baseline -0.006 -14"><span class='ocrx_word' id='word_1_135' title='bbox 2235 464 2452 533; x_wconf 84' lang='lat' dir='ltr'><strong>respicit</strong></span> <span class='ocrx_word' id='word_1_136' title='bbox 2489 462 2629 532; x_wconf 90' lang='lat' dir='ltr'><strong>quod</strong></span> <span class='ocrx_word' id='word_1_137' title='bbox 2671 461 2802 514; x_wconf 74' lang='lat' dir='ltr'><strong>dixit</strong></span> <span class='ocrx_word' id='word_1_138' title='bbox 2838 457 3011 512; x_wconf 82' lang='lat' dir='ltr'><strong>Filius</strong></span> <span class='ocrx_word' id='word_1_139' title='bbox 3051 459 3272 510; x_wconf 84' lang='lat' dir='ltr'><strong>hominis</strong></span> <span class='ocrx_word' id='word_1_140' title='bbox 3313 458 3554 511; x_wconf 86' lang='lat' dir='ltr'><strong>tradetur</strong></span> <span class='ocrx_word' id='word_1_141' title='bbox 3581 469 3695 527; x_wconf 85' lang='lat' dir='ltr'><strong>post</strong></span> <span class='ocrx_word' id='word_1_142' title='bbox 3723 460 3793 510; x_wconf 75' lang='lat' dir='ltr'><strong>bi-</strong></span> 
     </span>
    </p>
   </div>
   <div class='ocr_carea' id='block_1_20' title="bbox 2235 549 3793 623">
    <p class='ocr_par' dir='ltr' id='par_1_20' title="bbox 2235 549 3793 623">
     <span class='ocr_line' id='line_1_20' title="bbox 2235 549 3793 623; baseline -0.005 -14"><span class='ocrx_word' id='word_1_143' title='bbox 2235 549 2415 609; x_wconf 84' lang='lat' dir='ltr'><strong>duum.</strong></span> <span class='ocrx_word' id='word_1_144' title='bbox 2459 554 2591 607; x_wconf 84' lang='lat' dir='ltr'><strong>Nam</strong></span> <span class='ocrx_word' id='word_1_145' title='bbox 2633 553 2830 623; x_wconf 89' lang='lat' dir='ltr'><strong>pascha</strong></span> <span class='ocrx_word' id='word_1_146' title='bbox 2871 559 2926 605; x_wconf 92' lang='lat' dir='ltr'><strong>et</strong></span> <span class='ocrx_word' id='word_1_147' title='bbox 2968 551 3258 604; x_wconf 90' lang='lat' dir='ltr'><strong>crastinum</strong></span> <span class='ocrx_word' id='word_1_148' title='bbox 3296 551 3632 604; x_wconf 86' lang='lat' dir='ltr'><strong>celebratum</strong></span> <span class='ocrx_word' id='word_1_149' title='bbox 3678 549 3793 613; x_wconf 82' lang='lat' dir='ltr'><strong>fuit,</strong></span> 
     </span>
    </p>
   </div>
   <div class='ocr_carea' id='block_1_21' title="bbox 2235 639 3799 715">
    <p class='ocr_par' dir='ltr' id='par_1_21' title="bbox 2235 639 3799 715">
     <span class='ocr_line' id='line_1_21' title="bbox 2235 639 3799 715; baseline -0.003 -16"><span class='ocrx_word' id='word_1_150' title='bbox 2235 646 2358 715; x_wconf 86' lang='lat' dir='ltr'><strong>quia</strong></span> <span class='ocrx_word' id='word_1_151' title='bbox 2390 653 2580 714; x_wconf 88' lang='lat' dir='ltr'><strong>quarta</strong></span> <span class='ocrx_word' id='word_1_152' title='bbox 2624 643 2756 698; x_wconf 80' lang='lat' dir='ltr'><strong>feria</strong></span> <span class='ocrx_word' id='word_1_153' title='bbox 2798 643 2909 696; x_wconf 78' lang='lat' dir='ltr'><strong>htec</strong></span> <span class='ocrx_word' id='word_1_154' title='bbox 2953 641 3298 710; x_wconf 83' lang='lat' dir='ltr'><strong>loquebatur,</strong></span> <span class='ocrx_word' id='word_1_155' title='bbox 3343 641 3395 694; x_wconf 91' lang='lat' dir='ltr'><strong>in</strong></span> <span class='ocrx_word' id='word_1_156' title='bbox 3440 643 3631 710; x_wconf 85' lang='lat' dir='ltr'><strong>quinta</strong></span> <span class='ocrx_word' id='word_1_157' title='bbox 3669 639 3799 695; x_wconf 77' lang='lat' dir='ltr'><strong>feria</strong></span> 
     </span>
    </p>
   </div>
   <div class='ocr_carea' id='block_1_22' title="bbox 2234 730 3798 807">
    <p class='ocr_par' dir='ltr' id='par_1_22' title="bbox 2234 730 3798 807">
     <span class='ocr_line' id='line_1_22' title="bbox 2234 730 3798 807; baseline -0.004 -17"><span class='ocrx_word' id='word_1_158' title='bbox 2234 737 2431 807; x_wconf 87' lang='lat' dir='ltr'><strong>pascha</strong></span> <span class='ocrx_word' id='word_1_159' title='bbox 2469 733 2787 794; x_wconf 85' lang='lat' dir='ltr'><strong>celebravit,</strong></span> <span class='ocrx_word' id='word_1_160' title='bbox 2833 731 2936 786; x_wconf 90' lang='lat' dir='ltr'><strong>hoc</strong></span> <span class='ocrx_word' id='word_1_161' title='bbox 2973 739 3086 793; x_wconf 91' lang='lat' dir='ltr'><strong>est,</strong></span> <span class='ocrx_word' id='word_1_162' title='bbox 3120 746 3315 802; x_wconf 82' lang='lat' dir='ltr'><strong>agnum</strong></span> <span class='ocrx_word' id='word_1_163' title='bbox 3354 730 3609 784; x_wconf 87' lang='lat' dir='ltr'><strong>comedit.</strong></span> <span class='ocrx_word' id='word_1_164' title='bbox 3639 730 3798 784; x_wconf 72' lang='lat' dir='ltr'><strong>Sexta</strong></span> 
     </span>
    </p>
   </div>
   <div class='ocr_carea' id='block_1_23' title="bbox 2236 818 3801 895">
    <p class='ocr_par' dir='ltr' id='par_1_23' title="bbox 2236 818 3801 895">
     <span class='ocr_line' id='line_1_23' title="bbox 2236 818 3801 895; baseline -0.007 -15"><span class='ocrx_word' id='word_1_165' title='bbox 2236 827 2387 888; x_wconf 80' lang='lat' dir='ltr'><strong>feria,</strong></span> <span class='ocrx_word' id='word_1_166' title='bbox 2418 825 2557 895; x_wconf 91' lang='lat' dir='ltr'><strong>quod</strong></span> <span class='ocrx_word' id='word_1_167' title='bbox 2585 831 2668 877; x_wconf 87' lang='lat' dir='ltr'><strong>est</strong></span> <span class='ocrx_word' id='word_1_168' title='bbox 2692 823 2932 885; x_wconf 87' lang='lat' dir='ltr'><strong>biduum,</strong></span> <span class='ocrx_word' id='word_1_169' title='bbox 2964 821 3189 874; x_wconf 89' lang='lat' dir='ltr'><strong>traditus</strong></span> <span class='ocrx_word' id='word_1_170' title='bbox 3210 829 3308 874; x_wconf 86' lang='lat' dir='ltr'><strong>est.</strong></span> <span class='ocrx_word' id='word_1_171' title='bbox 3340 819 3406 872; x_wconf 84' lang='lat' dir='ltr'><strong>Et</strong></span> <span class='ocrx_word' id='word_1_172' title='bbox 3433 818 3617 872; x_wconf 84' lang='lat' dir='ltr'><strong>Filius</strong></span> <span class='ocrx_word' id='word_1_173' title='bbox 3635 819 3801 873; x_wconf 80' lang='lat' dir='ltr'><strong>homi-</strong></span> 
     </span>
    </p>
   </div>
   <div class='ocr_carea' id='block_1_24' title="bbox 2237 909 3810 978">
    <p class='ocr_par' dir='ltr' id='par_1_24' title="bbox 2237 909 3810 978">
     <span class='ocr_line' id='line_1_24' title="bbox 2237 909 3810 978; baseline -0.004 -9"><span class='ocrx_word' id='word_1_174' title='bbox 2237 917 2316 970; x_wconf 85' lang='lat' dir='ltr'><strong>nis</strong></span> <span class='ocrx_word' id='word_1_175' title='bbox 2343 915 2593 967; x_wconf 82' lang='lat' dir='ltr'><strong>tradetur.</strong></span> <span class='ocrx_word' id='word_1_176' title='bbox 2628 912 2789 966; x_wconf 83' lang='lat' dir='ltr'><strong>Recte</strong></span> <span class='ocrx_word' id='word_1_177' title='bbox 2813 911 2975 964; x_wconf 82' lang='lat' dir='ltr'><strong>Filius</strong></span> <span class='ocrx_word' id='word_1_178' title='bbox 2997 909 3246 972; x_wconf 91' lang='lat' dir='ltr'><strong>hominis,</strong></span> <span class='ocrx_word' id='word_1_179' title='bbox 3272 910 3395 978; x_wconf 90' lang='lat' dir='ltr'><strong>quia</strong></span> <span class='ocrx_word' id='word_1_180' title='bbox 3425 910 3682 964; x_wconf 81' lang='lat' dir='ltr'><strong>divinitas</strong></span> <span class='ocrx_word' id='word_1_181' title='bbox 3707 910 3810 964; x_wconf 84' lang='lat' dir='ltr'><strong>im-</strong></span> 
     </span>
    </p>
   </div>
   <div class='ocr_carea' id='block_1_25' title="bbox 2237 999 3795 1074">
    <p class='ocr_par' dir='ltr' id='par_1_25' title="bbox 2237 999 3795 1074">
     <span class='ocr_line' id='line_1_25' title="bbox 2237 999 3795 1074; baseline -0.001 -18"><span class='ocrx_word' id='word_1_182' title='bbox 2237 1003 2505 1074; x_wconf 89' lang='lat' dir='ltr'><strong>passibilis</strong></span> <span class='ocrx_word' id='word_1_183' title='bbox 2531 1013 2585 1055; x_wconf 91' lang='lat' dir='ltr'><strong>et</strong></span> <span class='ocrx_word' id='word_1_184' title='bbox 2614 1001 2724 1055; x_wconf 88' lang='lat' dir='ltr'><strong>sola</strong></span> <span class='ocrx_word' id='word_1_185' title='bbox 2751 1016 2877 1055; x_wconf 87' lang='lat' dir='ltr'><strong>caro</strong></span> <span class='ocrx_word' id='word_1_186' title='bbox 2900 1015 3054 1069; x_wconf 88' lang='lat' dir='ltr'><strong>passa</strong></span> <span class='ocrx_word' id='word_1_187' title='bbox 3083 1009 3186 1054; x_wconf 89' lang='lat' dir='ltr'><strong>est.</strong></span> <span class='ocrx_word' id='word_1_188' title='bbox 3226 999 3491 1055; x_wconf 88' lang='lat' dir='ltr'><strong>Tradetur</strong></span> <span class='ocrx_word' id='word_1_189' title='bbox 3518 1017 3548 1054; x_wconf 89' lang='lat' dir='ltr'><strong>a</strong></span> <span class='ocrx_word' id='word_1_190' title='bbox 3583 1001 3795 1064; x_wconf 57' lang='lat' dir='ltr'><strong>ludatis,</strong></span> 
     </span>
    </p>
   </div>
   <div class='ocr_carea' id='block_1_26' title="bbox 2239 1093 3803 1165">
    <p class='ocr_par' dir='ltr' id='par_1_26' title="bbox 2239 1093 3803 1165">
     <span class='ocr_line' id='line_1_26' title="bbox 2239 1093 3803 1165; baseline 0.001 -18"><span class='ocrx_word' id='word_1_191' title='bbox 2239 1097 2362 1165; x_wconf 90' lang='lat' dir='ltr'><strong>quia</strong></span> <span class='ocrx_word' id='word_1_192' title='bbox 2399 1108 2771 1164; x_wconf 87' lang='lat' dir='ltr'><strong>quemcunque</strong></span> <span class='ocrx_word' id='word_1_193' title='bbox 2811 1093 3054 1147; x_wconf 90' lang='lat' dir='ltr'><strong>occidere</strong></span> <span class='ocrx_word' id='word_1_194' title='bbox 3098 1093 3374 1152; x_wconf 78' lang='lat' dir='ltr'><strong>volebant.</strong></span> <span class='ocrx_word' id='word_1_195' title='bbox 3428 1093 3803 1161; x_wconf 69' lang='lat' dir='ltr'><strong>adjudimbant</strong></span> 
     </span>
    </p>
   </div>
   <div class='ocr_carea' id='block_1_27' title="bbox 2239 1183 3802 1255">
    <p class='ocr_par' dir='ltr' id='par_1_27' title="bbox 2239 1183 3802 1255">
     <span class='ocr_line' id='line_1_27' title="bbox 2239 1183 3802 1255; baseline 0 -16"><span class='ocrx_word' id='word_1_196' title='bbox 2239 1200 2360 1239; x_wconf 88' lang='lat' dir='ltr'><strong>eum</strong></span> <span class='ocrx_word' id='word_1_197' title='bbox 2389 1185 2580 1247; x_wconf 87' lang='lat' dir='ltr'><strong>morti,</strong></span> <span class='ocrx_word' id='word_1_198' title='bbox 2619 1192 2674 1236; x_wconf 91' lang='lat' dir='ltr'><strong>et</strong></span> <span class='ocrx_word' id='word_1_199' title='bbox 2704 1191 2830 1236; x_wconf 90' lang='lat' dir='ltr'><strong>tunc</strong></span> <span class='ocrx_word' id='word_1_200' title='bbox 2868 1183 3066 1236; x_wconf 87' lang='lat' dir='ltr'><strong>dabant</strong></span> <span class='ocrx_word' id='word_1_201' title='bbox 3089 1185 3340 1252; x_wconf 87' lang='lat' dir='ltr'><strong>potestati</strong></span> <span class='ocrx_word' id='word_1_202' title='bbox 3370 1183 3655 1247; x_wconf 75' lang='lat' dir='ltr'><strong>Romamn,</strong></span> <span class='ocrx_word' id='word_1_203' title='bbox 3677 1187 3802 1255; x_wconf 84' lang='lat' dir='ltr'><strong>quia</strong></span> 
     </span>
    </p>
   </div>
   <div class='ocr_carea' id='block_1_28' title="bbox 2240 1258 3800 1345">
    <p class='ocr_par' dir='ltr' id='par_1_28' title="bbox 2240 1258 3800 1345">
     <span class='ocr_line' id='line_1_28' title="bbox 2240 1258 3800 1345; baseline 0.001 -17"><span class='ocrx_word' id='word_1_204' title='bbox 2240 1275 2370 1343; x_wconf 84' lang='lat' dir='ltr'><strong>ipsis</strong></span> <span class='ocrx_word' id='word_1_205' title='bbox 2397 1290 2502 1328; x_wconf 90' lang='lat' dir='ltr'><strong>non</strong></span> <span class='ocrx_word' id='word_1_206' title='bbox 2539 1273 2734 1328; x_wconf 88' lang='lat' dir='ltr'><strong>licebat</strong></span> <span class='ocrx_word' id='word_1_207' title='bbox 2765 1289 2864 1326; x_wconf 89' lang='lat' dir='ltr'><strong>nec</strong></span> <span class='ocrx_word' id='word_1_208' title='bbox 2898 1289 3044 1327; x_wconf 90' lang='lat' dir='ltr'><strong>arma</strong></span> <span class='ocrx_word' id='word_1_209' title='bbox 3073 1284 3318 1342; x_wconf 87' lang='lat' dir='ltr'><strong>portare,</strong></span> <span class='ocrx_word' id='word_1_210' title='bbox 3352 1291 3452 1330; x_wconf 90' lang='lat' dir='ltr'><strong>nec</strong></span> <span class='ocrx_word' id='word_1_211' title='bbox 3479 1258 3800 1345; x_wconf 71' lang='lat' dir='ltr'><strong>quemquam</strong></span> 
     </span>
    </p>
   </div>
   <div class='ocr_carea' id='block_1_29' title="bbox 2242 1363 3804 1434">
    <p class='ocr_par' dir='ltr' id='par_1_29' title="bbox 2242 1363 3804 1434">
     <span class='ocr_line' id='line_1_29' title="bbox 2242 1363 3804 1434; baseline 0 -16"><span class='ocrx_word' id='word_1_212' title='bbox 2242 1363 2506 1418; x_wconf 84' lang='lat' dir='ltr'><strong>occidere.</strong></span> <span class='ocrx_word' id='word_1_213' title='bbox 2549 1363 2692 1416; x_wconf 89' lang='lat' dir='ltr'><strong>Tunc</strong></span> <span class='ocrx_word' id='word_1_214' title='bbox 2719 1365 3012 1432; x_wconf 81' lang='lat' dir='ltr'><strong>congregati</strong></span> <span class='ocrx_word' id='word_1_215' title='bbox 3037 1375 3156 1417; x_wconf 88' lang='lat' dir='ltr'><strong>sunt</strong></span> <span class='ocrx_word' id='word_1_216' title='bbox 3193 1365 3448 1434; x_wconf 75' lang='lat' dir='ltr'><strong>principes</strong></span> <span class='ocrx_word' id='word_1_217' title='bbox 3477 1366 3804 1419; x_wconf 69' lang='lat' dir='ltr'><strong>sacerdotum</strong></span> 
     </span>
    </p>
   </div>
   <div class='ocr_carea' id='block_1_30' title="bbox 2242 1452 3802 1525">
    <p class='ocr_par' dir='ltr' id='par_1_30' title="bbox 2242 1452 3802 1525">
     <span class='ocr_line' id='line_1_30' title="bbox 2242 1452 3802 1525; baseline 0.001 -18"><span class='ocrx_word' id='word_1_218' title='bbox 2242 1454 2296 1507; x_wconf 91' lang='lat' dir='ltr'><strong>in</strong></span> <span class='ocrx_word' id='word_1_219' title='bbox 2317 1454 2507 1507; x_wconf 86' lang='lat' dir='ltr'><strong>atrium</strong></span> <span class='ocrx_word' id='word_1_220' title='bbox 2529 1452 2775 1523; x_wconf 82' lang='lat' dir='ltr'><strong>principis</strong></span> <span class='ocrx_word' id='word_1_221' title='bbox 2795 1454 3142 1518; x_wconf 84' lang='lat' dir='ltr'><strong>sacerdotum,</strong></span> <span class='ocrx_word' id='word_1_222' title='bbox 3162 1455 3250 1521; x_wconf 86' lang='lat' dir='ltr'><strong>qui</strong></span> <span class='ocrx_word' id='word_1_223' title='bbox 3269 1455 3540 1508; x_wconf 81' lang='lat' dir='ltr'><strong>dicebatur</strong></span> <span class='ocrx_word' id='word_1_224' title='bbox 3557 1455 3802 1525; x_wconf 73' lang='lat' dir='ltr'><strong>Caiphas.</strong></span> 
     </span>
    </p>
   </div>
   <div class='ocr_carea' id='block_1_31' title="bbox 2243 1530 3807 1612">
    <p class='ocr_par' dir='ltr' id='par_1_31' title="bbox 2243 1530 3807 1612">
     <span class='ocr_line' id='line_1_31' title="bbox 2243 1530 3807 1612; baseline 0.001 -17"><span class='ocrx_word' id='word_1_225' title='bbox 2243 1541 2375 1608; x_wconf 84' lang='lat' dir='ltr'><strong>Quia</strong></span> <span class='ocrx_word' id='word_1_226' title='bbox 2390 1541 2501 1612; x_wconf 89' lang='lat' dir='ltr'><strong>jam</strong></span> <span class='ocrx_word' id='word_1_227' title='bbox 2524 1530 2962 1610; x_wconf 39' lang='lat' dir='ltr'><strong>conspiravera&#39;nt</strong></span> <span class='ocrx_word' id='word_1_228' title='bbox 2984 1549 3040 1594; x_wconf 93' lang='lat' dir='ltr'><strong>ut</strong></span> <span class='ocrx_word' id='word_1_229' title='bbox 3056 1557 3176 1595; x_wconf 91' lang='lat' dir='ltr'><strong>cum</strong></span> <span class='ocrx_word' id='word_1_230' title='bbox 3200 1542 3526 1602; x_wconf 87' lang='lat' dir='ltr'><strong>occiderent,</strong></span> <span class='ocrx_word' id='word_1_231' title='bbox 3545 1560 3691 1597; x_wconf 89' lang='lat' dir='ltr'><strong>nunc</strong></span> <span class='ocrx_word' id='word_1_232' title='bbox 3713 1545 3807 1597; x_wconf 84' lang='lat' dir='ltr'><strong>ite-</strong></span> 
     </span>
    </p>
   </div>
   <div class='ocr_carea' id='block_1_32' title="bbox 2247 1632 3810 1703">
    <p class='ocr_par' dir='ltr' id='par_1_32' title="bbox 2247 1632 3810 1703">
     <span class='ocr_line' id='line_1_32' title="bbox 2247 1632 3810 1703; baseline 0.003 -18"><span class='ocrx_word' id='word_1_233' title='bbox 2247 1647 2364 1685; x_wconf 90' lang='lat' dir='ltr'><strong>rum</strong></span> <span class='ocrx_word' id='word_1_234' title='bbox 2389 1641 2783 1702; x_wconf 78' lang='lat' dir='ltr'><strong>congregantur</strong></span> <span class='ocrx_word' id='word_1_235' title='bbox 2801 1641 3018 1702; x_wconf 81' lang='lat' dir='ltr'><strong>agentes</strong></span> <span class='ocrx_word' id='word_1_236' title='bbox 3043 1632 3340 1696; x_wconf 87' lang='lat' dir='ltr'><strong>concilium,</strong></span> <span class='ocrx_word' id='word_1_237' title='bbox 3363 1649 3473 1703; x_wconf 92' lang='lat' dir='ltr'><strong>quo</strong></span> <span class='ocrx_word' id='word_1_238' title='bbox 3493 1635 3644 1688; x_wconf 90' lang='lat' dir='ltr'><strong>illum</strong></span> <span class='ocrx_word' id='word_1_239' title='bbox 3667 1651 3810 1690; x_wconf 79' lang='lat' dir='ltr'><strong>cem-</strong></span> 
     </span>
    </p>
   </div>
   <div class='ocr_carea' id='block_1_33' title="bbox 589 1721 3808 1822">
    <p class='ocr_par' dir='ltr' id='par_1_33' title="bbox 589 1721 3808 1822">
     <span class='ocr_line' id='line_1_33' title="bbox 589 1721 3808 1822; baseline 0.002 -21"><span class='ocrx_word' id='word_1_240' title='bbox 589 1750 784 1822; x_wconf 88' lang='lat' dir='ltr'><strong>quibus</strong></span> <span class='ocrx_word' id='word_1_241' title='bbox 825 1749 952 1816; x_wconf 84' lang='lat' dir='ltr'><strong>justi</strong></span> <span class='ocrx_word' id='word_1_242' title='bbox 991 1757 1316 1802; x_wconf 89' lang='lat' dir='ltr'><strong>coronantur</strong></span> <span class='ocrx_word' id='word_1_243' title='bbox 1354 1745 1499 1815; x_wconf 90' lang='lat' dir='ltr'><strong>impii</strong></span> <span class='ocrx_word' id='word_1_244' title='bbox 1538 1745 1977 1808; x_wconf 83' lang='lat' dir='ltr'><strong>condemnamur,</strong></span> <span class='ocrx_word' id='word_1_245' title='bbox 2020 1742 2144 1813; x_wconf 89' lang='lat' dir='ltr'><strong>quia</strong></span> <span class='ocrx_word' id='word_1_246' title='bbox 2173 1722 2218 1781; x_wconf 77' lang='grc' dir='ltr'><strong>Β</strong></span> <span class='ocrx_word' id='word_1_247' title='bbox 2246 1721 2581 1822; x_wconf 47' lang='grc' dir='ltr'><strong>Ρῗθυθηίίθηξ</strong></span> <span class='ocrx_word' id='word_1_248' title='bbox 2607 1722 2723 1774; x_wconf 64' lang='lat' dir='ltr'><strong>Sine</strong></span> <span class='ocrx_word' id='word_1_249' title='bbox 2757 1722 2947 1822; x_wconf 31' lang='lat' dir='ltr'><strong>{urbfs&#39;</strong></span> <span class='ocrx_word' id='word_1_250' title='bbox 2979 1721 3282 1822; x_wconf 56' lang='lat' dir='ltr'><strong>Creflebam</strong></span> <span class='ocrx_word' id='word_1_251' title='bbox 3313 1739 3547 1822; x_wconf 51' lang='lat' dir='ltr'><strong>Fami!“</strong></span> <span class='ocrx_word' id='word_1_252' title='bbox 3571 1726 3808 1822; x_wconf 66' lang='lat' dir='ltr'><strong>e“m_i&quot;&quot;</strong></span> 
     </span>
    </p>
   </div>
   <div class='ocr_carea' id='block_1_34' title="bbox 591 1833 2150 1908">
    <p class='ocr_par' dir='ltr' id='par_1_34' title="bbox 591 1833 2150 1908">
     <span class='ocr_line' id='line_1_34' title="bbox 591 1833 2150 1908; baseline -0.006 -13"><span class='ocrx_word' id='word_1_253' title='bbox 591 1839 856 1895; x_wconf 87' lang='lat' dir='ltr'><strong>contraria</strong></span> <span class='ocrx_word' id='word_1_254' title='bbox 881 1839 993 1908; x_wconf 84' lang='lat' dir='ltr'><strong>ejus</strong></span> <span class='ocrx_word' id='word_1_255' title='bbox 1011 1848 1250 1907; x_wconf 84' lang='lat' dir='ltr'><strong>egerunt.</strong></span> <span class='ocrx_word' id='word_1_256' title='bbox 1278 1834 1344 1890; x_wconf 84' lang='lat' dir='ltr'><strong>Et</strong></span> <span class='ocrx_word' id='word_1_257' title='bbox 1367 1837 1510 1890; x_wconf 87' lang='lat' dir='ltr'><strong>ibunt</strong></span> <span class='ocrx_word' id='word_1_258' title='bbox 1533 1837 1585 1888; x_wconf 88' lang='lat' dir='ltr'><strong>hi</strong></span> <span class='ocrx_word' id='word_1_259' title='bbox 1608 1837 1660 1887; x_wconf 90' lang='lat' dir='ltr'><strong>in</strong></span> <span class='ocrx_word' id='word_1_260' title='bbox 1681 1833 1987 1904; x_wconf 87' lang='lat' dir='ltr'><strong>supplicium</strong></span> <span class='ocrx_word' id='word_1_261' title='bbox 2007 1842 2150 1887; x_wconf 78' lang='lat' dir='ltr'><strong>teter-</strong></span> 
     </span>
    </p>
   </div>
   <div class='ocr_carea' id='block_1_35' title="bbox 593 1924 2150 1984">
    <p class='ocr_par' dir='ltr' id='par_1_35' title="bbox 593 1924 2150 1984">
     <span class='ocr_line' id='line_1_35' title="bbox 593 1924 2150 1984; baseline -0.003 -1"><span class='ocrx_word' id='word_1_262' title='bbox 593 1948 733 1983; x_wconf 87' lang='lat' dir='ltr'><strong>nunt.</strong></span> <span class='ocrx_word' id='word_1_263' title='bbox 779 1931 988 1984; x_wconf 89' lang='lat' dir='ltr'><strong>Duabus</strong></span> <span class='ocrx_word' id='word_1_264' title='bbox 1016 1929 1219 1984; x_wconf 86' lang='lat' dir='ltr'><strong>vicibus</strong></span> <span class='ocrx_word' id='word_1_265' title='bbox 1261 1929 1312 1982; x_wconf 91' lang='lat' dir='ltr'><strong>in</strong></span> <span class='ocrx_word' id='word_1_266' title='bbox 1349 1929 1450 1982; x_wconf 88' lang='lat' dir='ltr'><strong>hoc</strong></span> <span class='ocrx_word' id='word_1_267' title='bbox 1487 1927 1603 1981; x_wconf 90' lang='lat' dir='ltr'><strong>loco</strong></span> <span class='ocrx_word' id='word_1_268' title='bbox 1643 1925 1894 1979; x_wconf 89' lang='lat' dir='ltr'><strong>Dominus</strong></span> <span class='ocrx_word' id='word_1_269' title='bbox 1923 1924 2150 1980; x_wconf 85' lang='lat' dir='ltr'><strong>allirmat</strong></span> 
     </span>
    </p>
   </div>
   <div class='ocr_carea' id='block_1_36' title="bbox 595 2017 2152 2089">
    <p class='ocr_par' dir='ltr' id='par_1_36' title="bbox 595 2017 2152 2089">
     <span class='ocr_line' id='line_1_36' title="bbox 595 2017 2152 2089; baseline -0.001 -16"><span class='ocrx_word' id='word_1_270' title='bbox 595 2021 733 2088; x_wconf 91' lang='lat' dir='ltr'><strong>quod</strong></span> <span class='ocrx_word' id='word_1_271' title='bbox 780 2021 1034 2089; x_wconf 89' lang='lat' dir='ltr'><strong>supplicia</strong></span> <span class='ocrx_word' id='word_1_272' title='bbox 1079 2027 1274 2075; x_wconf 64' lang='lat' dir='ltr'><strong>aeterna</strong></span> <span class='ocrx_word' id='word_1_273' title='bbox 1317 2027 1476 2074; x_wconf 89' lang='lat' dir='ltr'><strong>erunt</strong></span> <span class='ocrx_word' id='word_1_274' title='bbox 1522 2019 1712 2088; x_wconf 91' lang='lat' dir='ltr'><strong>impiis.</strong></span> <span class='ocrx_word' id='word_1_275' title='bbox 1765 2017 1855 2072; x_wconf 87' lang='lat' dir='ltr'><strong>Sic</strong></span> <span class='ocrx_word' id='word_1_276' title='bbox 1903 2018 2152 2072; x_wconf 90' lang='lat' dir='ltr'><strong>dicuntur</strong></span> 
     </span>
    </p>
   </div>
   <div class='ocr_carea' id='block_1_37' title="bbox 596 2105 2152 2182">
    <p class='ocr_par' dir='ltr' id='par_1_37' title="bbox 596 2105 2152 2182">
     <span class='ocr_line' id='line_1_37' title="bbox 596 2105 2152 2182; baseline -0.002 -16"><span class='ocrx_word' id='word_1_277' title='bbox 596 2113 742 2182; x_wconf 90' lang='lat' dir='ltr'><strong>impii</strong></span> <span class='ocrx_word' id='word_1_278' title='bbox 780 2113 831 2166; x_wconf 91' lang='lat' dir='ltr'><strong>in</strong></span> <span class='ocrx_word' id='word_1_279' title='bbox 861 2111 1076 2166; x_wconf 72' lang='lat' dir='ltr'><strong>mtcrnis</strong></span> <span class='ocrx_word' id='word_1_280' title='bbox 1103 2110 1373 2180; x_wconf 85' lang='lat' dir='ltr'><strong>suppliciis</strong></span> <span class='ocrx_word' id='word_1_281' title='bbox 1401 2125 1518 2164; x_wconf 88' lang='lat' dir='ltr'><strong>esse</strong></span> <span class='ocrx_word' id='word_1_282' title='bbox 1540 2149 1555 2174; x_wconf 94' lang='lat'><strong>,</strong></span> <span class='ocrx_word' id='word_1_283' title='bbox 1586 2109 1725 2163; x_wconf 88' lang='lat' dir='ltr'><strong>sicut</strong></span> <span class='ocrx_word' id='word_1_284' title='bbox 1750 2108 2000 2162; x_wconf 91' lang='lat' dir='ltr'><strong>dicuntur</strong></span> <span class='ocrx_word' id='word_1_285' title='bbox 2019 2105 2152 2175; x_wconf 89' lang='lat' dir='ltr'><strong>justi</strong></span> 
     </span>
    </p>
   </div>
   <div class='ocr_carea' id='block_1_38' title="bbox 597 2191 2150 2272">
    <p class='ocr_par' dir='ltr' id='par_1_38' title="bbox 597 2191 2150 2272">
     <span class='ocr_line' id='line_1_38' title="bbox 597 2191 2150 2272; baseline -0.004 -13"><span class='ocrx_word' id='word_1_286' title='bbox 597 2205 648 2260; x_wconf 90' lang='lat' dir='ltr'><strong>in</strong></span> <span class='ocrx_word' id='word_1_287' title='bbox 676 2206 782 2259; x_wconf 92' lang='lat' dir='ltr'><strong>vita</strong></span> <span class='ocrx_word' id='word_1_288' title='bbox 809 2212 1027 2259; x_wconf 57' lang='lat' dir='ltr'><strong>aeterna.</strong></span> <span class='ocrx_word' id='word_1_289' title='bbox 1060 2203 1126 2258; x_wconf 90' lang='lat' dir='ltr'><strong>Et</strong></span> <span class='ocrx_word' id='word_1_290' title='bbox 1169 2204 1213 2257; x_wconf 92' lang='lat' dir='ltr'><strong>si</strong></span> <span class='ocrx_word' id='word_1_291' title='bbox 1252 2203 1399 2272; x_wconf 91' lang='lat' dir='ltr'><strong>impii</strong></span> <span class='ocrx_word' id='word_1_292' title='bbox 1437 2218 1540 2256; x_wconf 92' lang='lat' dir='ltr'><strong>non</strong></span> <span class='ocrx_word' id='word_1_293' title='bbox 1566 2191 1752 2256; x_wconf 85' lang='lat' dir='ltr'><strong>essent</strong></span> <span class='ocrx_word' id='word_1_294' title='bbox 1787 2210 2005 2270; x_wconf 86' lang='lat' dir='ltr'><strong>semper</strong></span> <span class='ocrx_word' id='word_1_295' title='bbox 2026 2216 2150 2254; x_wconf 88' lang='lat' dir='ltr'><strong>cru-</strong></span> 
     </span>
    </p>
   </div>
   <div class='ocr_carea' id='block_1_39' title="bbox 598 2291 2156 2364">
    <p class='ocr_par' dir='ltr' id='par_1_39' title="bbox 598 2291 2156 2364">
     <span class='ocr_line' id='line_1_39' title="bbox 598 2291 2156 2364; baseline -0.003 -15"><span class='ocrx_word' id='word_1_296' title='bbox 598 2296 810 2360; x_wconf 86' lang='lat' dir='ltr'><strong>eiandi,</strong></span> <span class='ocrx_word' id='word_1_297' title='bbox 858 2310 956 2349; x_wconf 87' lang='lat' dir='ltr'><strong>nec</strong></span> <span class='ocrx_word' id='word_1_298' title='bbox 983 2292 1116 2363; x_wconf 89' lang='lat' dir='ltr'><strong>justi</strong></span> <span class='ocrx_word' id='word_1_299' title='bbox 1158 2309 1368 2364; x_wconf 89' lang='lat' dir='ltr'><strong>semper</strong></span> <span class='ocrx_word' id='word_1_300' title='bbox 1409 2292 1766 2362; x_wconf 81' lang='lat' dir='ltr'><strong>gloriﬁcandi,</strong></span> <span class='ocrx_word' id='word_1_301' title='bbox 1805 2292 1944 2346; x_wconf 84' lang='lat' dir='ltr'><strong>sicut</strong></span> <span class='ocrx_word' id='word_1_302' title='bbox 1973 2291 2156 2346; x_wconf 92' lang='lat' dir='ltr'><strong>dicunt</strong></span> 
     </span>
    </p>
   </div>
   <div class='ocr_carea' id='block_1_40' title="bbox 599 2383 2156 2455">
    <p class='ocr_par' dir='ltr' id='par_1_40' title="bbox 599 2383 2156 2455">
     <span class='ocr_line' id='line_1_40' title="bbox 599 2383 2156 2455; baseline -0.003 -15"><span class='ocrx_word' id='word_1_303' title='bbox 599 2386 791 2440; x_wconf 68' lang='lat' dir='ltr'><strong>Gnaei.</strong></span> <span class='ocrx_word' id='word_1_304' title='bbox 821 2385 1076 2455; x_wconf 78' lang='lat' dir='ltr'><strong>Origenes</strong></span> <span class='ocrx_word' id='word_1_305' title='bbox 1104 2399 1290 2440; x_wconf 89' lang='lat' dir='ltr'><strong>eorum</strong></span> <span class='ocrx_word' id='word_1_306' title='bbox 1319 2385 1507 2439; x_wconf 90' lang='lat' dir='ltr'><strong>doctor</strong></span> <span class='ocrx_word' id='word_1_307' title='bbox 1541 2384 1767 2439; x_wconf 80' lang='lat' dir='ltr'><strong>eximius</strong></span> <span class='ocrx_word' id='word_1_308' title='bbox 1792 2383 2017 2445; x_wconf 89' lang='lat' dir='ltr'><strong>erravit,</strong></span> <span class='ocrx_word' id='word_1_309' title='bbox 2058 2397 2156 2452; x_wconf 88' lang='lat' dir='ltr'><strong>pu-</strong></span> 
     </span>
    </p>
   </div>
   <div class='ocr_carea' id='block_1_41' title="bbox 599 2473 2157 2545">
    <p class='ocr_par' dir='ltr' id='par_1_41' title="bbox 599 2473 2157 2545">
     <span class='ocr_line' id='line_1_41' title="bbox 599 2473 2157 2545; baseline -0.001 -17"><span class='ocrx_word' id='word_1_310' title='bbox 599 2485 720 2529; x_wconf 85' lang='lat' dir='ltr'><strong>tans</strong></span> <span class='ocrx_word' id='word_1_311' title='bbox 759 2476 896 2530; x_wconf 91' lang='lat' dir='ltr'><strong>diem</strong></span> <span class='ocrx_word' id='word_1_312' title='bbox 935 2475 1120 2545; x_wconf 90' lang='lat' dir='ltr'><strong>judicii</strong></span> <span class='ocrx_word' id='word_1_313' title='bbox 1158 2475 1387 2545; x_wconf 86' lang='lat' dir='ltr'><strong>spatium</strong></span> <span class='ocrx_word' id='word_1_314' title='bbox 1428 2475 1574 2529; x_wconf 90' lang='lat' dir='ltr'><strong>mille</strong></span> <span class='ocrx_word' id='word_1_315' title='bbox 1616 2489 1876 2528; x_wconf 89' lang='lat' dir='ltr'><strong>annorum</strong></span> <span class='ocrx_word' id='word_1_316' title='bbox 1918 2473 2157 2528; x_wconf 87' lang='lat' dir='ltr'><strong>obtinen-</strong></span> 
     </span>
    </p>
   </div>
   <div class='ocr_carea' id='block_1_42' title="bbox 601 2565 2158 2635">
    <p class='ocr_par' dir='ltr' id='par_1_42' title="bbox 601 2565 2158 2635">
     <span class='ocr_line' id='line_1_42' title="bbox 601 2565 2158 2635; baseline 0.001 -17"><span class='ocrx_word' id='word_1_317' title='bbox 601 2567 746 2631; x_wconf 87' lang='lat' dir='ltr'><strong>dmn,</strong></span> <span class='ocrx_word' id='word_1_318' title='bbox 774 2573 833 2619; x_wconf 90' lang='lat' dir='ltr'><strong>ut</strong></span> <span class='ocrx_word' id='word_1_319' title='bbox 862 2566 961 2620; x_wconf 93' lang='lat' dir='ltr'><strong>hoc</strong></span> <span class='ocrx_word' id='word_1_320' title='bbox 987 2565 1159 2634; x_wconf 88' lang='lat' dir='ltr'><strong>spatio</strong></span> <span class='ocrx_word' id='word_1_321' title='bbox 1185 2565 1427 2620; x_wconf 78' lang='lat' dir='ltr'><strong>venirent</strong></span> <span class='ocrx_word' id='word_1_322' title='bbox 1451 2581 1636 2620; x_wconf 90' lang='lat' dir='ltr'><strong>omnes</strong></span> <span class='ocrx_word' id='word_1_323' title='bbox 1668 2565 1813 2635; x_wconf 90' lang='lat' dir='ltr'><strong>impii</strong></span> <span class='ocrx_word' id='word_1_324' title='bbox 1839 2573 1959 2622; x_wconf 84' lang='lat' dir='ltr'><strong>acta</strong></span> <span class='ocrx_word' id='word_1_325' title='bbox 1987 2565 2158 2635; x_wconf 74' lang='lat' dir='ltr'><strong>pumi-</strong></span> 
     </span>
    </p>
   </div>
   <div class='ocr_carea' id='block_1_43' title="bbox 601 2653 2160 2723">
    <p class='ocr_par' dir='ltr' id='par_1_43' title="bbox 601 2653 2160 2723">
     <span class='ocr_line' id='line_1_43' title="bbox 601 2653 2160 2723; baseline 0.003 -17"><span class='ocrx_word' id='word_1_326' title='bbox 601 2653 767 2708; x_wconf 88' lang='lat' dir='ltr'><strong>tcutia</strong></span> <span class='ocrx_word' id='word_1_327' title='bbox 806 2653 871 2707; x_wconf 92' lang='lat' dir='ltr'><strong>ad</strong></span> <span class='ocrx_word' id='word_1_328' title='bbox 909 2655 1152 2717; x_wconf 87' lang='lat' dir='ltr'><strong>veniam,</strong></span> <span class='ocrx_word' id='word_1_329' title='bbox 1195 2662 1249 2707; x_wconf 93' lang='lat' dir='ltr'><strong>et</strong></span> <span class='ocrx_word' id='word_1_330' title='bbox 1289 2653 1400 2722; x_wconf 87' lang='lat' dir='ltr'><strong>ipse</strong></span> <span class='ocrx_word' id='word_1_331' title='bbox 1437 2653 1696 2708; x_wconf 89' lang='lat' dir='ltr'><strong>diabolus.</strong></span> <span class='ocrx_word' id='word_1_332' title='bbox 1738 2653 1804 2706; x_wconf 86' lang='lat' dir='ltr'><strong>Et</strong></span> <span class='ocrx_word' id='word_1_333' title='bbox 1839 2669 1935 2723; x_wconf 91' lang='lat' dir='ltr'><strong>per</strong></span> <span class='ocrx_word' id='word_1_334' title='bbox 1964 2654 2160 2709; x_wconf 89' lang='lat' dir='ltr'><strong>multos</strong></span> 
     </span>
    </p>
   </div>
   <div class='ocr_carea' id='block_1_44' title="bbox 603 2744 2157 2810">
    <p class='ocr_par' dir='ltr' id='par_1_44' title="bbox 603 2744 2157 2810">
     <span class='ocr_line' id='line_1_44' title="bbox 603 2744 2157 2810; baseline 0.001 -14"><span class='ocrx_word' id='word_1_335' title='bbox 603 2749 770 2799; x_wconf 87' lang='lat' dir='ltr'><strong>annos</strong></span> <span class='ocrx_word' id='word_1_336' title='bbox 794 2744 866 2798; x_wconf 87' lang='lat' dir='ltr'><strong>ita</strong></span> <span class='ocrx_word' id='word_1_337' title='bbox 891 2744 1085 2799; x_wconf 88' lang='lat' dir='ltr'><strong>docuit.</strong></span> <span class='ocrx_word' id='word_1_338' title='bbox 1110 2745 1240 2799; x_wconf 85' lang='lat' dir='ltr'><strong>Cum</strong></span> <span class='ocrx_word' id='word_1_339' title='bbox 1267 2754 1442 2799; x_wconf 85' lang='lat' dir='ltr'><strong>autem</strong></span> <span class='ocrx_word' id='word_1_340' title='bbox 1469 2744 1704 2799; x_wconf 90' lang='lat' dir='ltr'><strong>audisset</strong></span> <span class='ocrx_word' id='word_1_341' title='bbox 1728 2744 1832 2800; x_wconf 88' lang='lat' dir='ltr'><strong>ista</strong></span> <span class='ocrx_word' id='word_1_342' title='bbox 1849 2745 1954 2799; x_wconf 92' lang='lat' dir='ltr'><strong>duo</strong></span> <span class='ocrx_word' id='word_1_343' title='bbox 1975 2746 2157 2810; x_wconf 89' lang='lat' dir='ltr'><strong>verba,</strong></span> 
     </span>
    </p>
   </div>
   <div class='ocr_carea' id='block_1_45' title="bbox 601 2837 2161 2910">
    <p class='ocr_par' dir='ltr' id='par_1_45' title="bbox 601 2837 2161 2910">
     <span class='ocr_line' id='line_1_45' title="bbox 601 2837 2161 2910; baseline 0.001 -18"><span class='ocrx_word' id='word_1_344' title='bbox 601 2839 769 2908; x_wconf 86' lang='lat' dir='ltr'><strong>ignem</strong></span> <span class='ocrx_word' id='word_1_345' title='bbox 806 2849 1083 2904; x_wconf 72' lang='lat' dir='ltr'><strong>aternum,</strong></span> <span class='ocrx_word' id='word_1_346' title='bbox 1127 2847 1182 2893; x_wconf 91' lang='lat' dir='ltr'><strong>et</strong></span> <span class='ocrx_word' id='word_1_347' title='bbox 1207 2837 1512 2908; x_wconf 84' lang='lat' dir='ltr'><strong>supplicium</strong></span> <span class='ocrx_word' id='word_1_348' title='bbox 1540 2847 1814 2904; x_wconf 72' lang='lat' dir='ltr'><strong>mternum,</strong></span> <span class='ocrx_word' id='word_1_349' title='bbox 1851 2840 2161 2910; x_wconf 80' lang='lat' dir='ltr'><strong>recOgnovit</strong></span> 
     </span>
    </p>
   </div>
   <div class='ocr_carea' id='block_1_46' title="bbox 604 2929 2164 3000">
    <p class='ocr_par' dir='ltr' id='par_1_46' title="bbox 604 2929 2164 3000">
     <span class='ocr_line' id='line_1_46' title="bbox 604 2929 2164 3000; baseline 0.001 -17"><span class='ocrx_word' id='word_1_350' title='bbox 604 2943 841 2983; x_wconf 87' lang='lat' dir='ltr'><strong>errorem</strong></span> <span class='ocrx_word' id='word_1_351' title='bbox 869 2945 1019 2983; x_wconf 92' lang='lat' dir='ltr'><strong>suum</strong></span> <span class='ocrx_word' id='word_1_352' title='bbox 1041 2969 1056 2993; x_wconf 92' lang='lat'><strong>,</strong></span> <span class='ocrx_word' id='word_1_353' title='bbox 1081 2937 1136 2983; x_wconf 87' lang='lat' dir='ltr'><strong>et</strong></span> <span class='ocrx_word' id='word_1_354' title='bbox 1161 2929 1305 2982; x_wconf 86' lang='lat' dir='ltr'><strong>venit</strong></span> <span class='ocrx_word' id='word_1_355' title='bbox 1330 2929 1381 2982; x_wconf 91' lang='lat' dir='ltr'><strong>in</strong></span> <span class='ocrx_word' id='word_1_356' title='bbox 1407 2929 1663 3000; x_wconf 84' lang='lat' dir='ltr'><strong>synodum</strong></span> <span class='ocrx_word' id='word_1_357' title='bbox 1685 2970 1700 2995; x_wconf 97' lang='lat'><strong>,</strong></span> <span class='ocrx_word' id='word_1_358' title='bbox 1731 2938 1784 2984; x_wconf 91' lang='lat' dir='ltr'><strong>et</strong></span> <span class='ocrx_word' id='word_1_359' title='bbox 1806 2929 2014 3000; x_wconf 89' lang='lat' dir='ltr'><strong>publice</strong></span> <span class='ocrx_word' id='word_1_360' title='bbox 2035 2945 2164 2984; x_wconf 90' lang='lat' dir='ltr'><strong>eon-</strong></span> 
     </span>
    </p>
   </div>
   <div class='ocr_carea' id='block_1_47' title="bbox 607 3021 2162 3092">
    <p class='ocr_par' dir='ltr' id='par_1_47' title="bbox 607 3021 2162 3092">
     <span class='ocr_line' id='line_1_47' title="bbox 607 3021 2162 3092; baseline 0.003 -20"><span class='ocrx_word' id='word_1_361' title='bbox 607 3021 776 3075; x_wconf 71' lang='lat' dir='ltr'><strong>l‘essus</strong></span> <span class='ocrx_word' id='word_1_362' title='bbox 797 3029 877 3076; x_wconf 90' lang='lat' dir='ltr'><strong>est</strong></span> <span class='ocrx_word' id='word_1_363' title='bbox 898 3037 954 3076; x_wconf 90' lang='lat' dir='ltr'><strong>se</strong></span> <span class='ocrx_word' id='word_1_364' title='bbox 976 3022 1344 3092; x_wconf 81' lang='lat' dir='ltr'><strong>recognovisse</strong></span> <span class='ocrx_word' id='word_1_365' title='bbox 1367 3037 1598 3086; x_wconf 87' lang='lat' dir='ltr'><strong>errasse,</strong></span> <span class='ocrx_word' id='word_1_366' title='bbox 1613 3022 1752 3092; x_wconf 91' lang='lat' dir='ltr'><strong>quod</strong></span> <span class='ocrx_word' id='word_1_367' title='bbox 1775 3021 1922 3092; x_wconf 92' lang='lat' dir='ltr'><strong>impii</strong></span> <span class='ocrx_word' id='word_1_368' title='bbox 1938 3030 2162 3077; x_wconf 66' lang='lat' dir='ltr'><strong>aeterna-</strong></span> 
     </span>
    </p>
   </div>
   <div class='ocr_carea' id='block_1_48' title="bbox 2242 1813 3813 1883">
    <p class='ocr_par' dir='ltr' id='par_1_48' title="bbox 2242 1813 3813 1883">
     <span class='ocr_line' id='line_1_48' title="bbox 2242 1813 3813 1883; baseline 0.003 -17"><span class='ocrx_word' id='word_1_369' title='bbox 2242 1813 2411 1866; x_wconf 91' lang='lat' dir='ltr'><strong>vitum</strong></span> <span class='ocrx_word' id='word_1_370' title='bbox 2458 1813 2602 1883; x_wconf 85' lang='lat' dir='ltr'><strong>pati,</strong></span> <span class='ocrx_word' id='word_1_371' title='bbox 2640 1821 2696 1867; x_wconf 89' lang='lat' dir='ltr'><strong>et</strong></span> <span class='ocrx_word' id='word_1_372' title='bbox 2743 1813 3005 1868; x_wconf 89' lang='lat' dir='ltr'><strong>timebant</strong></span> <span class='ocrx_word' id='word_1_373' title='bbox 3047 1814 3092 1866; x_wconf 88' lang='lat' dir='ltr'><strong>si</strong></span> <span class='ocrx_word' id='word_1_374' title='bbox 3138 1829 3240 1867; x_wconf 90' lang='lat' dir='ltr'><strong>una</strong></span> <span class='ocrx_word' id='word_1_375' title='bbox 3284 1816 3400 1869; x_wconf 83' lang='lat' dir='ltr'><strong>vice</strong></span> <span class='ocrx_word' id='word_1_376' title='bbox 3445 1816 3516 1870; x_wconf 89' lang='lat' dir='ltr'><strong>de</strong></span> <span class='ocrx_word' id='word_1_377' title='bbox 3563 1818 3813 1871; x_wconf 84' lang='lat' dir='ltr'><strong>manibus</strong></span> 
     </span>
    </p>
   </div>
   <div class='ocr_carea' id='block_1_49' title="bbox 2244 1903 3809 1974">
    <p class='ocr_par' dir='ltr' id='par_1_49' title="bbox 2244 1903 3809 1974">
     <span class='ocr_line' id='line_1_49' title="bbox 2244 1903 3809 1974; baseline 0.004 -17"><span class='ocrx_word' id='word_1_378' title='bbox 2244 1917 2428 1957; x_wconf 85' lang='lat' dir='ltr'><strong>eorum</strong></span> <span class='ocrx_word' id='word_1_379' title='bbox 2456 1918 2774 1973; x_wconf 88' lang='lat' dir='ltr'><strong>quocunque</strong></span> <span class='ocrx_word' id='word_1_380' title='bbox 2801 1903 2959 1958; x_wconf 89' lang='lat' dir='ltr'><strong>modo</strong></span> <span class='ocrx_word' id='word_1_381' title='bbox 2982 1904 3246 1969; x_wconf 81' lang='lat' dir='ltr'><strong>evaderet,</strong></span> <span class='ocrx_word' id='word_1_382' title='bbox 3275 1907 3415 1974; x_wconf 93' lang='lat' dir='ltr'><strong>quod</strong></span> <span class='ocrx_word' id='word_1_383' title='bbox 3440 1908 3666 1964; x_wconf 83' lang='lat' dir='ltr'><strong>ulterius</strong></span> <span class='ocrx_word' id='word_1_384' title='bbox 3689 1926 3809 1964; x_wconf 78' lang='lat' dir='ltr'><strong>eum</strong></span> 
     </span>
    </p>
   </div>
   <div class='ocr_carea' id='block_1_50' title="bbox 2245 1993 3814 2066">
    <p class='ocr_par' dir='ltr' id='par_1_50' title="bbox 2245 1993 3814 2066">
     <span class='ocr_line' id='line_1_50' title="bbox 2245 1993 3814 2066; baseline 0.004 -19"><span class='ocrx_word' id='word_1_385' title='bbox 2245 2010 2353 2048; x_wconf 90' lang='lat' dir='ltr'><strong>non</strong></span> <span class='ocrx_word' id='word_1_386' title='bbox 2378 1993 2907 2063; x_wconf 88' lang='lat' dir='ltr'><strong>comprehenderent.</strong></span> <span class='ocrx_word' id='word_1_387' title='bbox 2944 1993 3334 2066; x_wconf 82' lang='lat' dir='ltr'><strong>Cougregantes</strong></span> <span class='ocrx_word' id='word_1_388' title='bbox 3357 2012 3417 2052; x_wconf 88' lang='lat' dir='ltr'><strong>se</strong></span> <span class='ocrx_word' id='word_1_389' title='bbox 3441 1998 3513 2052; x_wconf 86' lang='lat' dir='ltr'><strong>ad</strong></span> <span class='ocrx_word' id='word_1_390' title='bbox 3542 2014 3814 2054; x_wconf 85' lang='lat' dir='ltr'><strong>summum</strong></span> 
     </span>
    </p>
   </div>
   <div class='ocr_carea' id='block_1_51' title="bbox 2249 2091 3815 2162">
    <p class='ocr_par' dir='ltr' id='par_1_51' title="bbox 2249 2091 3815 2162">
     <span class='ocr_line' id='line_1_51' title="bbox 2249 2091 3815 2162; baseline 0.002 -15"><span class='ocrx_word' id='word_1_391' title='bbox 2249 2092 2610 2156; x_wconf 85' lang='lat' dir='ltr'><strong>sacerdotem,</strong></span> <span class='ocrx_word' id='word_1_392' title='bbox 2647 2091 2773 2162; x_wconf 88' lang='lat' dir='ltr'><strong>quia</strong></span> <span class='ocrx_word' id='word_1_393' title='bbox 2815 2091 2881 2145; x_wconf 92' lang='lat' dir='ltr'><strong>de</strong></span> <span class='ocrx_word' id='word_1_394' title='bbox 2910 2106 3006 2146; x_wconf 91' lang='lat' dir='ltr'><strong>sua</strong></span> <span class='ocrx_word' id='word_1_395' title='bbox 3037 2101 3192 2162; x_wconf 84' lang='lat' dir='ltr'><strong>gente</strong></span> <span class='ocrx_word' id='word_1_396' title='bbox 3221 2091 3478 2161; x_wconf 83' lang='lat' dir='ltr'><strong>majorem</strong></span> <span class='ocrx_word' id='word_1_397' title='bbox 3511 2110 3619 2149; x_wconf 89' lang='lat' dir='ltr'><strong>non</strong></span> <span class='ocrx_word' id='word_1_398' title='bbox 3655 2096 3815 2150; x_wconf 53' lang='lat' dir='ltr'><strong>habe.</strong></span> 
     </span>
    </p>
   </div>
   <div class='ocr_carea' id='block_1_52' title="bbox 2248 2182 3812 2256">
    <p class='ocr_par' dir='ltr' id='par_1_52' title="bbox 2248 2182 3812 2256">
     <span class='ocr_line' id='line_1_52' title="bbox 2248 2182 3812 2256; baseline 0.001 -18"><span class='ocrx_word' id='word_1_399' title='bbox 2248 2185 2398 2238; x_wconf 89' lang='lat' dir='ltr'><strong>bant.</strong></span> <span class='ocrx_word' id='word_1_400' title='bbox 2435 2183 2565 2237; x_wconf 88' lang='lat' dir='ltr'><strong>Post</strong></span> <span class='ocrx_word' id='word_1_401' title='bbox 2592 2182 3113 2252; x_wconf 81' lang='lat' dir='ltr'><strong>transmigrationem</strong></span> <span class='ocrx_word' id='word_1_402' title='bbox 3141 2182 3370 2252; x_wconf 83' lang='lat' dir='ltr'><strong>denique</strong></span> <span class='ocrx_word' id='word_1_403' title='bbox 3395 2200 3610 2256; x_wconf 88' lang='lat' dir='ltr'><strong>semper</strong></span> <span class='ocrx_word' id='word_1_404' title='bbox 3634 2203 3812 2242; x_wconf 86' lang='lat' dir='ltr'><strong>sacer-</strong></span> 
     </span>
    </p>
   </div>
   <div class='ocr_carea' id='block_1_53' title="bbox 2249 2271 3817 2343">
    <p class='ocr_par' dir='ltr' id='par_1_53' title="bbox 2249 2271 3817 2343">
     <span class='ocr_line' id='line_1_53' title="bbox 2249 2271 3817 2343; baseline 0.003 -16"><span class='ocrx_word' id='word_1_405' title='bbox 2249 2273 2401 2328; x_wconf 89' lang='lat' dir='ltr'><strong>dotes</strong></span> <span class='ocrx_word' id='word_1_406' title='bbox 2427 2274 2504 2327; x_wconf 90' lang='lat' dir='ltr'><strong>eis</strong></span> <span class='ocrx_word' id='word_1_407' title='bbox 2529 2271 2850 2341; x_wconf 66' lang='lat' dir='ltr'><strong>praefuerant</strong></span> <span class='ocrx_word' id='word_1_408' title='bbox 2881 2272 2932 2326; x_wconf 89' lang='lat' dir='ltr'><strong>in</strong></span> <span class='ocrx_word' id='word_1_409' title='bbox 2961 2272 3162 2326; x_wconf 87' lang='lat' dir='ltr'><strong>honore</strong></span> <span class='ocrx_word' id='word_1_410' title='bbox 3191 2273 3336 2343; x_wconf 86' lang='lat' dir='ltr'><strong>regio</strong></span> <span class='ocrx_word' id='word_1_411' title='bbox 3364 2289 3537 2343; x_wconf 89' lang='lat' dir='ltr'><strong>usque</strong></span> <span class='ocrx_word' id='word_1_412' title='bbox 3561 2274 3628 2328; x_wconf 88' lang='lat' dir='ltr'><strong>ad</strong></span> <span class='ocrx_word' id='word_1_413' title='bbox 3652 2274 3817 2331; x_wconf 77' lang='lat' dir='ltr'><strong>Hero-</strong></span> 
     </span>
    </p>
   </div>
   <div class='ocr_carea' id='block_1_54' title="bbox 2251 2360 3814 2430">
    <p class='ocr_par' dir='ltr' id='par_1_54' title="bbox 2251 2360 3814 2430">
     <span class='ocr_line' id='line_1_54' title="bbox 2251 2360 3814 2430; baseline 0.002 -14"><span class='ocrx_word' id='word_1_414' title='bbox 2251 2361 2398 2416; x_wconf 87' lang='lat' dir='ltr'><strong>dem.</strong></span> <span class='ocrx_word' id='word_1_415' title='bbox 2433 2360 2840 2430; x_wconf 82' lang='lat' dir='ltr'><strong>Congregantur</strong></span> <span class='ocrx_word' id='word_1_416' title='bbox 2884 2375 3011 2430; x_wconf 81' lang='lat' dir='ltr'><strong>ergo</strong></span> <span class='ocrx_word' id='word_1_417' title='bbox 3057 2376 3161 2414; x_wconf 90' lang='lat' dir='ltr'><strong>non</strong></span> <span class='ocrx_word' id='word_1_418' title='bbox 3209 2362 3457 2417; x_wconf 85' lang='lat' dir='ltr'><strong>timentes</strong></span> <span class='ocrx_word' id='word_1_419' title='bbox 3498 2365 3814 2419; x_wconf 84' lang='lat' dir='ltr'><strong>seditionem</strong></span> 
     </span>
    </p>
   </div>
   <div class='ocr_carea' id='block_1_55' title="bbox 2252 2450 3817 2522">
    <p class='ocr_par' dir='ltr' id='par_1_55' title="bbox 2252 2450 3817 2522">
     <span class='ocr_line' id='line_1_55' title="bbox 2252 2450 3817 2522; baseline 0.003 -18"><span class='ocrx_word' id='word_1_420' title='bbox 2252 2451 2460 2522; x_wconf 91' lang='lat' dir='ltr'><strong>populi,</strong></span> <span class='ocrx_word' id='word_1_421' title='bbox 2507 2452 2603 2506; x_wconf 91' lang='lat' dir='ltr'><strong>sed</strong></span> <span class='ocrx_word' id='word_1_422' title='bbox 2645 2459 2895 2506; x_wconf 88' lang='lat' dir='ltr'><strong>caventes</strong></span> <span class='ocrx_word' id='word_1_423' title='bbox 2925 2464 2990 2505; x_wconf 89' lang='lat' dir='ltr'><strong>ne</strong></span> <span class='ocrx_word' id='word_1_424' title='bbox 3026 2450 3222 2505; x_wconf 79' lang='lat' dir='ltr'><strong>auxilio</strong></span> <span class='ocrx_word' id='word_1_425' title='bbox 3259 2451 3430 2520; x_wconf 89' lang='lat' dir='ltr'><strong>populi</strong></span> <span class='ocrx_word' id='word_1_426' title='bbox 3469 2452 3535 2506; x_wconf 90' lang='lat' dir='ltr'><strong>de</strong></span> <span class='ocrx_word' id='word_1_427' title='bbox 3567 2453 3817 2508; x_wconf 85' lang='lat' dir='ltr'><strong>manibus</strong></span> 
     </span>
    </p>
   </div>
   <div class='ocr_carea' id='block_1_56' title="bbox 2254 2540 3816 2611">
    <p class='ocr_par' dir='ltr' id='par_1_56' title="bbox 2254 2540 3816 2611">
     <span class='ocr_line' id='line_1_56' title="bbox 2254 2540 3816 2611; baseline 0.003 -16"><span class='ocrx_word' id='word_1_428' title='bbox 2254 2555 2438 2596; x_wconf 91' lang='lat' dir='ltr'><strong>eorum</strong></span> <span class='ocrx_word' id='word_1_429' title='bbox 2465 2540 2763 2596; x_wconf 87' lang='lat' dir='ltr'><strong>tolleretur.</strong></span> <span class='ocrx_word' id='word_1_430' title='bbox 2788 2541 3019 2610; x_wconf 90' lang='lat' dir='ltr'><strong>Caiphas</strong></span> <span class='ocrx_word' id='word_1_431' title='bbox 3051 2543 3421 2611; x_wconf 83' lang='lat' dir='ltr'><strong>interpretatur</strong></span> <span class='ocrx_word' id='word_1_432' title='bbox 3443 2545 3687 2598; x_wconf 78' lang='lat' dir='ltr'><strong>inventor</strong></span> <span class='ocrx_word' id='word_1_433' title='bbox 3709 2564 3816 2600; x_wconf 75' lang='lat' dir='ltr'><strong>ma-</strong></span> 
     </span>
    </p>
   </div>
   <div class='ocr_carea' id='block_1_57' title="bbox 2254 2631 3820 2703">
    <p class='ocr_par' dir='ltr' id='par_1_57' title="bbox 2254 2631 3820 2703">
     <span class='ocr_line' id='line_1_57' title="bbox 2254 2631 3820 2703; baseline 0.004 -18"><span class='ocrx_word' id='word_1_434' title='bbox 2254 2631 2445 2688; x_wconf 88' lang='lat' dir='ltr'><strong>lorum.</strong></span> <span class='ocrx_word' id='word_1_435' title='bbox 2479 2631 2768 2688; x_wconf 86' lang='lat' dir='ltr'><strong>Consilium</strong></span> <span class='ocrx_word' id='word_1_436' title='bbox 2800 2633 3026 2703; x_wconf 80' lang='lat' dir='ltr'><strong>fecerunt</strong></span> <span class='ocrx_word' id='word_1_437' title='bbox 3057 2644 3110 2688; x_wconf 89' lang='lat' dir='ltr'><strong>ut</strong></span> <span class='ocrx_word' id='word_1_438' title='bbox 3137 2634 3317 2688; x_wconf 75' lang='lat' dir='ltr'><strong>Iesum</strong></span> <span class='ocrx_word' id='word_1_439' title='bbox 3343 2635 3458 2688; x_wconf 89' lang='lat' dir='ltr'><strong>dolo</strong></span> <span class='ocrx_word' id='word_1_440' title='bbox 3486 2647 3742 2701; x_wconf 85' lang='lat' dir='ltr'><strong>tenerent,</strong></span> <span class='ocrx_word' id='word_1_441' title='bbox 3774 2651 3820 2692; x_wconf 81' lang='lat' dir='ltr'><strong>et</strong></span> 
     </span>
    </p>
   </div>
   <div class='ocr_carea' id='block_1_58' title="bbox 2257 2723 3824 2799">
    <p class='ocr_par' dir='ltr' id='par_1_58' title="bbox 2257 2723 3824 2799">
     <span class='ocr_line' id='line_1_58' title="bbox 2257 2723 3824 2799; baseline 0.005 -24"><span class='ocrx_word' id='word_1_442' title='bbox 2257 2723 2564 2777; x_wconf 88' lang='lat' dir='ltr'><strong>occiderent.</strong></span> <span class='ocrx_word' id='word_1_443' title='bbox 2611 2723 2773 2779; x_wconf 90' lang='lat' dir='ltr'><strong>Dolus</strong></span> <span class='ocrx_word' id='word_1_444' title='bbox 2809 2735 2892 2780; x_wconf 86' lang='lat' dir='ltr'><strong>est</strong></span> <span class='ocrx_word' id='word_1_445' title='bbox 2935 2725 3129 2780; x_wconf 89' lang='lat' dir='ltr'><strong>mentis</strong></span> <span class='ocrx_word' id='word_1_446' title='bbox 3169 2726 3460 2791; x_wconf 85' lang='lat' dir='ltr'><strong>calliditas,</strong></span> <span class='ocrx_word' id='word_1_447' title='bbox 3487 2728 3557 2782; x_wconf 91' lang='lat' dir='ltr'><strong>ab</strong></span> <span class='ocrx_word' id='word_1_448' title='bbox 3590 2744 3658 2782; x_wconf 86' lang='lat' dir='ltr'><strong>eo</strong></span> <span class='ocrx_word' id='word_1_449' title='bbox 3683 2730 3824 2799; x_wconf 84' lang='lat' dir='ltr'><strong>quod</strong></span> 
     </span>
    </p>
   </div>
   <div class='ocr_carea' id='block_1_59' title="bbox 2258 2815 3823 2887">
    <p class='ocr_par' dir='ltr' id='par_1_59' title="bbox 2258 2815 3823 2887">
     <span class='ocr_line' id='line_1_59' title="bbox 2258 2815 3823 2887; baseline 0.005 -18"><span class='ocrx_word' id='word_1_450' title='bbox 2258 2815 2499 2877; x_wconf 88' lang='lat' dir='ltr'><strong>deludat,</strong></span> <span class='ocrx_word' id='word_1_451' title='bbox 2533 2831 2627 2871; x_wconf 89' lang='lat' dir='ltr'><strong>seu</strong></span> <span class='ocrx_word' id='word_1_452' title='bbox 2660 2816 2810 2873; x_wconf 84' lang='lat' dir='ltr'><strong>dolus</strong></span> <span class='ocrx_word' id='word_1_453' title='bbox 2847 2833 2966 2871; x_wconf 92' lang='lat' dir='ltr'><strong>cum</strong></span> <span class='ocrx_word' id='word_1_454' title='bbox 2999 2819 3118 2887; x_wconf 90' lang='lat' dir='ltr'><strong>quis</strong></span> <span class='ocrx_word' id='word_1_455' title='bbox 3141 2819 3282 2874; x_wconf 85' lang='lat' dir='ltr'><strong>aliud</strong></span> <span class='ocrx_word' id='word_1_456' title='bbox 3320 2821 3450 2875; x_wconf 89' lang='lat' dir='ltr'><strong>dicit</strong></span> <span class='ocrx_word' id='word_1_457' title='bbox 3477 2831 3532 2877; x_wconf 90' lang='lat' dir='ltr'><strong>et</strong></span> <span class='ocrx_word' id='word_1_458' title='bbox 3557 2823 3700 2877; x_wconf 85' lang='lat' dir='ltr'><strong>aliud</strong></span> <span class='ocrx_word' id='word_1_459' title='bbox 3729 2839 3823 2877; x_wconf 86' lang='lat' dir='ltr'><strong>co—</strong></span> 
     </span>
    </p>
   </div>
   <div class='ocr_carea' id='block_1_60' title="bbox 2260 2906 3822 2983">
    <p class='ocr_par' dir='ltr' id='par_1_60' title="bbox 2260 2906 3822 2983">
     <span class='ocr_line' id='line_1_60' title="bbox 2260 2906 3822 2983; baseline 0.008 -23"><span class='ocrx_word' id='word_1_460' title='bbox 2260 2907 2410 2978; x_wconf 81' lang='lat' dir='ltr'><strong>gitat.</strong></span> <span class='ocrx_word' id='word_1_461' title='bbox 2438 2906 2690 2963; x_wconf 84' lang='lat' dir='ltr'><strong>Sciebant</strong></span> <span class='ocrx_word' id='word_1_462' title='bbox 2710 2911 2852 2964; x_wconf 90' lang='lat' dir='ltr'><strong>enim</strong></span> <span class='ocrx_word' id='word_1_463' title='bbox 2874 2910 2997 2979; x_wconf 82' lang='lat' dir='ltr'><strong>quia</strong></span> <span class='ocrx_word' id='word_1_464' title='bbox 3020 2911 3132 2980; x_wconf 90' lang='lat' dir='ltr'><strong>ipse</strong></span> <span class='ocrx_word' id='word_1_465' title='bbox 3154 2928 3257 2967; x_wconf 91' lang='lat' dir='ltr'><strong>non</strong></span> <span class='ocrx_word' id='word_1_466' title='bbox 3280 2923 3397 2968; x_wconf 88' lang='lat' dir='ltr'><strong>erat</strong></span> <span class='ocrx_word' id='word_1_467' title='bbox 3417 2915 3611 2983; x_wconf 79' lang='lat' dir='ltr'><strong>dignus</strong></span> <span class='ocrx_word' id='word_1_468' title='bbox 3632 2926 3822 2982; x_wconf 87' lang='lat' dir='ltr'><strong>morte,</strong></span> 
     </span>
    </p>
   </div>
   <div class='ocr_carea' id='block_1_61' title="bbox 2262 2998 3004 3066">
    <p class='ocr_par' dir='ltr' id='par_1_61' title="bbox 2262 2998 3004 3066">
     <span class='ocr_line' id='line_1_61' title="bbox 2262 2998 3004 3066; baseline 0.003 -15"><span class='ocrx_word' id='word_1_469' title='bbox 2262 2998 2389 3053; x_wconf 92' lang='lat' dir='ltr'><strong>licet</strong></span> <span class='ocrx_word' id='word_1_470' title='bbox 2414 2998 2591 3066; x_wconf 79' lang='lat' dir='ltr'><strong>lingua</strong></span> <span class='ocrx_word' id='word_1_471' title='bbox 2619 2999 2722 3054; x_wconf 90' lang='lat' dir='ltr'><strong>hoc</strong></span> <span class='ocrx_word' id='word_1_472' title='bbox 2745 2999 3004 3054; x_wconf 88' lang='lat' dir='ltr'><strong>dicerent.</strong></span> 
     </span>
    </p>
   </div>
   <div class='ocr_carea' id='block_1_62' title="bbox 606 3071 2173 3181">
    <p class='ocr_par' dir='ltr' id='par_1_62' title="bbox 606 3071 2160 3181">
     <span class='ocr_line' id='line_1_62' title="bbox 609 3071 2135 3092; baseline 0.001 -18"><span class='ocrx_word' id='word_1_473' title='bbox 609 3071 618 3073; x_wconf 38' lang='grc' dir='ltr'><em>ν</em></span> <span class='ocrx_word' id='word_1_474' title='bbox 660 3071 773 3075; x_wconf 45' lang='lat'><strong>,_,__._</strong></span> <span class='ocrx_word' id='word_1_475' title='bbox 898 3071 951 3076; x_wconf 54' lang='grc' dir='ltr'><em>η,</em></span> <span class='ocrx_word' id='word_1_476' title='bbox 977 3071 989 3074; x_wconf 86' lang='grc'><strong>-</strong></span> <span class='ocrx_word' id='word_1_477' title='bbox 1010 3071 1197 3092; x_wconf 58' lang='grc' dir='ltr'><strong>---οη</strong></span> <span class='ocrx_word' id='word_1_478' title='bbox 1220 3071 1342 3077; x_wconf 55' lang='grc' dir='ltr'><strong>.--η</strong></span> <span class='ocrx_word' id='word_1_479' title='bbox 1373 3071 1598 3086; x_wconf 42' lang='lat' dir='ltr'><strong>mn&quot;,</strong></span> <span class='ocrx_word' id='word_1_480' title='bbox 1617 3071 1752 3092; x_wconf 53' lang='lat'><strong>1&quot;-</strong></span> <span class='ocrx_word' id='word_1_481' title='bbox 1775 3071 2135 3092; x_wconf 51' lang='grc' dir='ltr'><strong>---τ-ηπ----</strong></span> 
     </span>
     <span class='ocr_line' id='line_1_63' title="bbox 606 3113 2160 3181; baseline 0.002 -15"><span class='ocrx_word' id='word_1_482' title='bbox 606 3113 729 3166; x_wconf 91' lang='lat' dir='ltr'><strong>liter</strong></span> <span class='ocrx_word' id='word_1_483' title='bbox 761 3113 1066 3167; x_wconf 88' lang='lat' dir='ltr'><strong>debuissent</strong></span> <span class='ocrx_word' id='word_1_484' title='bbox 1087 3113 1337 3176; x_wconf 88' lang='lat' dir='ltr'><strong>cruciari,</strong></span> <span class='ocrx_word' id='word_1_485' title='bbox 1363 3113 1502 3168; x_wconf 91' lang='lat' dir='ltr'><strong>sicut</strong></span> <span class='ocrx_word' id='word_1_486' title='bbox 1521 3113 1721 3181; x_wconf 88' lang='lat' dir='ltr'><strong>etjusti</strong></span> <span class='ocrx_word' id='word_1_487' title='bbox 1745 3114 1797 3168; x_wconf 92' lang='lat' dir='ltr'><strong>in</strong></span> <span class='ocrx_word' id='word_1_488' title='bbox 1823 3115 1932 3168; x_wconf 87' lang='lat' dir='ltr'><strong>vita</strong></span> <span class='ocrx_word' id='word_1_489' title='bbox 1959 3123 2160 3169; x_wconf 68' lang='lat' dir='ltr'><strong>aeterna</strong></span> 
     </span>
    </p>
   </div>
   <div class='ocr_carea' id='block_1_63' title="bbox 2257 3071 3825 3181">
    <p class='ocr_par' dir='ltr' id='par_1_63' title="bbox 2336 3088 3825 3151">
     <span class='ocr_line' id='line_1_64' title="bbox 2336 3088 3825 3151; baseline 0.006 -9"><span class='ocrx_word' id='word_1_490' title='bbox 2336 3088 2466 3143; x_wconf 88' lang='lat' dir='ltr'><strong>Cum</strong></span> <span class='ocrx_word' id='word_1_491' title='bbox 2493 3100 2664 3144; x_wconf 87' lang='lat' dir='ltr'><strong>autem</strong></span> <span class='ocrx_word' id='word_1_492' title='bbox 2693 3100 2822 3146; x_wconf 86' lang='lat' dir='ltr'><strong>esset</strong></span> <span class='ocrx_word' id='word_1_493' title='bbox 2849 3092 3001 3146; x_wconf 86' lang='lat' dir='ltr'><strong>Jesus</strong></span> <span class='ocrx_word' id='word_1_494' title='bbox 3029 3094 3082 3146; x_wconf 90' lang='lat' dir='ltr'><strong>in</strong></span> <span class='ocrx_word' id='word_1_495' title='bbox 3103 3093 3356 3147; x_wconf 79' lang='lat' dir='ltr'><strong>Bethanra</strong></span> <span class='ocrx_word' id='word_1_496' title='bbox 3385 3096 3437 3148; x_wconf 89' lang='lat' dir='ltr'><strong>in</strong></span> <span class='ocrx_word' id='word_1_497' title='bbox 3463 3096 3622 3150; x_wconf 86' lang='lat' dir='ltr'><strong>domo</strong></span> <span class='ocrx_word' id='word_1_498' title='bbox 3655 3098 3825 3151; x_wconf 75' lang='lat' dir='ltr'><strong>Simo-</strong></span> 
     </span>
    </p>
   </div>
   <div class='ocr_carea' id='block_1_64' title="bbox 607 3200 2163 3270">
    <p class='ocr_par' dir='ltr' id='par_1_64' title="bbox 607 3200 2163 3270">
     <span class='ocr_line' id='line_1_65' title="bbox 607 3200 2163 3270; baseline 0.002 -15"><span class='ocrx_word' id='word_1_499' title='bbox 607 3200 927 3255; x_wconf 75' lang='lat' dir='ltr'><strong>:cternaliter</strong></span> <span class='ocrx_word' id='word_1_500' title='bbox 951 3200 1140 3264; x_wconf 64' lang='lat' dir='ltr'><strong>laetari,</strong></span> <span class='ocrx_word' id='word_1_501' title='bbox 1166 3209 1220 3254; x_wconf 92' lang='lat' dir='ltr'><strong>et</strong></span> <span class='ocrx_word' id='word_1_502' title='bbox 1248 3203 1453 3270; x_wconf 90' lang='lat' dir='ltr'><strong>accepit</strong></span> <span class='ocrx_word' id='word_1_503' title='bbox 1475 3203 1841 3270; x_wconf 78' lang='lat' dir='ltr'><strong>ptenitentiam</strong></span> <span class='ocrx_word' id='word_1_504' title='bbox 1859 3243 1874 3268; x_wconf 93' lang='lat'><strong>,</strong></span> <span class='ocrx_word' id='word_1_505' title='bbox 1905 3211 1961 3258; x_wconf 90' lang='lat' dir='ltr'><strong>et</strong></span> <span class='ocrx_word' id='word_1_506' title='bbox 1995 3204 2163 3259; x_wconf 85' lang='lat' dir='ltr'><strong>absti-</strong></span> 
     </span>
    </p>
   </div>
   <div class='ocr_carea' id='block_1_65' title="bbox 605 3289 2164 3357">
    <p class='ocr_par' dir='ltr' id='par_1_65' title="bbox 605 3289 2164 3357">
     <span class='ocr_line' id='line_1_66' title="bbox 605 3289 2164 3357; baseline 0.004 -15"><span class='ocrx_word' id='word_1_507' title='bbox 605 3291 718 3343; x_wconf 88' lang='lat' dir='ltr'><strong>nuit</strong></span> <span class='ocrx_word' id='word_1_508' title='bbox 752 3305 780 3343; x_wconf 90' lang='lat' dir='ltr'><strong>a</strong></span> <span class='ocrx_word' id='word_1_509' title='bbox 819 3289 995 3342; x_wconf 68' lang='lat' dir='ltr'><strong>missa:</strong></span> <span class='ocrx_word' id='word_1_510' title='bbox 1033 3289 1206 3344; x_wconf 88' lang='lat' dir='ltr'><strong>olIicio</strong></span> <span class='ocrx_word' id='word_1_511' title='bbox 1239 3305 1408 3357; x_wconf 90' lang='lat' dir='ltr'><strong>usque</strong></span> <span class='ocrx_word' id='word_1_512' title='bbox 1442 3291 1507 3344; x_wconf 91' lang='lat' dir='ltr'><strong>ad</strong></span> <span class='ocrx_word' id='word_1_513' title='bbox 1534 3291 1673 3344; x_wconf 89' lang='lat' dir='ltr'><strong>diem</strong></span> <span class='ocrx_word' id='word_1_514' title='bbox 1717 3293 1903 3347; x_wconf 91' lang='lat' dir='ltr'><strong>mortis</strong></span> <span class='ocrx_word' id='word_1_515' title='bbox 1939 3309 2065 3348; x_wconf 65' lang='lat' dir='ltr'><strong>suae.</strong></span> <span class='ocrx_word' id='word_1_516' title='bbox 2097 3294 2164 3349; x_wconf 85' lang='lat' dir='ltr'><strong>Et</strong></span> 
     </span>
    </p>
   </div>
   <div class='ocr_carea' id='block_1_66' title="bbox 607 3381 2163 3452">
    <p class='ocr_par' dir='ltr' id='par_1_66' title="bbox 607 3381 2163 3452">
     <span class='ocr_line' id='line_1_67' title="bbox 607 3381 2163 3452; baseline 0.003 -18"><span class='ocrx_word' id='word_1_517' title='bbox 607 3381 709 3434; x_wconf 92' lang='lat' dir='ltr'><strong>hoc</strong></span> <span class='ocrx_word' id='word_1_518' title='bbox 737 3382 1070 3435; x_wconf 90' lang='lat' dir='ltr'><strong>retinendum</strong></span> <span class='ocrx_word' id='word_1_519' title='bbox 1093 3382 1232 3451; x_wconf 88' lang='lat' dir='ltr'><strong>quod</strong></span> <span class='ocrx_word' id='word_1_520' title='bbox 1258 3382 1304 3436; x_wconf 89' lang='lat' dir='ltr'><strong>is</strong></span> <span class='ocrx_word' id='word_1_521' title='bbox 1325 3383 1412 3452; x_wconf 94' lang='lat' dir='ltr'><strong>qui</strong></span> <span class='ocrx_word' id='word_1_522' title='bbox 1429 3381 1767 3450; x_wconf 76' lang='lat' dir='ltr'><strong>iudicaturus</strong></span> <span class='ocrx_word' id='word_1_523' title='bbox 1786 3383 2000 3449; x_wconf 90' lang='lat' dir='ltr'><strong>dicitur,</strong></span> <span class='ocrx_word' id='word_1_524' title='bbox 2023 3385 2163 3440; x_wconf 89' lang='lat' dir='ltr'><strong>ﬁlius</strong></span> 
     </span>
    </p>
   </div>
   <div class='ocr_carea' id='block_1_67' title="bbox 608 3471 2144 3544">
    <p class='ocr_par' dir='ltr' id='par_1_67' title="bbox 608 3471 2144 3544">
     <span class='ocr_line' id='line_1_68' title="bbox 608 3471 2144 3544; baseline 0.003 -19"><span class='ocrx_word' id='word_1_525' title='bbox 608 3471 840 3526; x_wconf 83' lang='lat' dir='ltr'><strong>hominis</strong></span> <span class='ocrx_word' id='word_1_526' title='bbox 867 3481 1106 3535; x_wconf 90' lang='lat' dir='ltr'><strong>vocatur,</strong></span> <span class='ocrx_word' id='word_1_527' title='bbox 1138 3480 1196 3526; x_wconf 95' lang='lat' dir='ltr'><strong>ut</strong></span> <span class='ocrx_word' id='word_1_528' title='bbox 1234 3473 1466 3528; x_wconf 88' lang='lat' dir='ltr'><strong>sciamus</strong></span> <span class='ocrx_word' id='word_1_529' title='bbox 1503 3473 1626 3542; x_wconf 86' lang='lat' dir='ltr'><strong>quia</strong></span> <span class='ocrx_word' id='word_1_530' title='bbox 1655 3474 1743 3543; x_wconf 90' lang='lat' dir='ltr'><strong>qui</strong></span> <span class='ocrx_word' id='word_1_531' title='bbox 1767 3472 2035 3544; x_wconf 87' lang='lat' dir='ltr'><strong>judicatus</strong></span> <span class='ocrx_word' id='word_1_532' title='bbox 2058 3483 2144 3530; x_wconf 90' lang='lat' dir='ltr'><strong>est</strong></span> 
     </span>
    </p>
   </div>
   <div class='ocr_carea' id='block_1_68' title="bbox 609 3560 1397 3632">
    <p class='ocr_par' dir='ltr' id='par_1_68' title="bbox 609 3560 1397 3632">
     <span class='ocr_line' id='line_1_69' title="bbox 609 3560 1397 3632; baseline 0.005 -17"><span class='ocrx_word' id='word_1_533' title='bbox 609 3563 721 3632; x_wconf 80' lang='lat' dir='ltr'><strong>ipse</strong></span> <span class='ocrx_word' id='word_1_534' title='bbox 751 3563 891 3617; x_wconf 88' lang='lat' dir='ltr'><strong>idem</strong></span> <span class='ocrx_word' id='word_1_535' title='bbox 921 3563 1023 3617; x_wconf 90' lang='lat' dir='ltr'><strong>erit</strong></span> <span class='ocrx_word' id='word_1_536' title='bbox 1045 3560 1397 3630; x_wconf 73' lang='lat' dir='ltr'><strong>iudicaturus.</strong></span> 
     </span>
    </p>
   </div>
   <div class='ocr_carea' id='block_1_69' title="bbox 682 3650 2164 3720">
    <p class='ocr_par' dir='ltr' id='par_1_69' title="bbox 682 3650 2164 3720">
     <span class='ocr_line' id='line_1_70' title="bbox 682 3650 2164 3720; baseline 0.005 -17"><span class='ocrx_word' id='word_1_537' title='bbox 682 3650 744 3704; x_wconf 83' lang='lat' dir='ltr'><strong>Et</strong></span> <span class='ocrx_word' id='word_1_538' title='bbox 783 3651 978 3720; x_wconf 81' lang='lat' dir='ltr'><strong>factum</strong></span> <span class='ocrx_word' id='word_1_539' title='bbox 1011 3661 1085 3705; x_wconf 87' lang='lat' dir='ltr'><strong>est</strong></span> <span class='ocrx_word' id='word_1_540' title='bbox 1123 3655 1249 3705; x_wconf 75' lang='lat' dir='ltr'><strong>e&#39;um-</strong></span> <span class='ocrx_word' id='word_1_541' title='bbox 1273 3663 1675 3708; x_wconf 84' lang='lat' dir='ltr'><strong>consummasset</strong></span> <span class='ocrx_word' id='word_1_542' title='bbox 1712 3653 1866 3709; x_wconf 75' lang='lat' dir='ltr'><strong>Iesus</strong></span> <span class='ocrx_word' id='word_1_543' title='bbox 1907 3671 2164 3710; x_wconf 81' lang='lat' dir='ltr'><strong>sermones</strong></span> 
     </span>
    </p>
   </div>
   <div class='ocr_carea' id='block_1_70' title="bbox 609 3741 2161 3814">
    <p class='ocr_par' dir='ltr' id='par_1_70' title="bbox 609 3741 2161 3814">
     <span class='ocr_line' id='line_1_71' title="bbox 609 3741 2161 3814; baseline 0.003 -19"><span class='ocrx_word' id='word_1_544' title='bbox 609 3743 700 3795; x_wconf 81' lang='lat' dir='ltr'><strong>hos</strong></span> <span class='ocrx_word' id='word_1_545' title='bbox 730 3759 922 3796; x_wconf 88' lang='lat' dir='ltr'><strong>omnes.</strong></span> <span class='ocrx_word' id='word_1_546' title='bbox 958 3741 1358 3798; x_wconf 87' lang='lat' dir='ltr'><strong>Consummatio</strong></span> <span class='ocrx_word' id='word_1_547' title='bbox 1394 3743 1460 3797; x_wconf 91' lang='lat' dir='ltr'><strong>ad</strong></span> <span class='ocrx_word' id='word_1_548' title='bbox 1496 3743 1877 3812; x_wconf 87' lang='lat' dir='ltr'><strong>perfectionem</strong></span> <span class='ocrx_word' id='word_1_549' title='bbox 1911 3745 2161 3814; x_wconf 88' lang='lat' dir='ltr'><strong>pertinet.</strong></span> 
     </span>
    </p>
   </div>
   <div class='ocr_carea' id='block_1_71' title="bbox 611 3828 2167 3904">
    <p class='ocr_par' dir='ltr' id='par_1_71' title="bbox 611 3828 2167 3904">
     <span class='ocr_line' id='line_1_72' title="bbox 611 3828 2167 3904; baseline 0.004 -20"><span class='ocrx_word' id='word_1_550' title='bbox 611 3828 872 3884; x_wconf 67' lang='lat' dir='ltr'><strong>llo&#39;uorum</strong></span> <span class='ocrx_word' id='word_1_551' title='bbox 900 3831 1041 3885; x_wconf 91' lang='lat' dir='ltr'><strong>enim</strong></span> <span class='ocrx_word' id='word_1_552' title='bbox 1067 3839 1151 3886; x_wconf 89' lang='lat' dir='ltr'><strong>est</strong></span> <span class='ocrx_word' id='word_1_553' title='bbox 1179 3847 1569 3898; x_wconf 91' lang='lat' dir='ltr'><strong>consummare,</strong></span> <span class='ocrx_word' id='word_1_554' title='bbox 1602 3833 1657 3888; x_wconf 87' lang='lat' dir='ltr'><strong>id</strong></span> <span class='ocrx_word' id='word_1_555' title='bbox 1683 3841 1765 3888; x_wconf 91' lang='lat' dir='ltr'><strong>est</strong></span> <span class='ocrx_word' id='word_1_556' title='bbox 1791 3833 1855 3887; x_wconf 90' lang='lat' dir='ltr'><strong>ad</strong></span> <span class='ocrx_word' id='word_1_557' title='bbox 1883 3833 2167 3904; x_wconf 81' lang='lat' dir='ltr'><strong>perfectio-</strong></span> 
     </span>
    </p>
   </div>
   <div class='ocr_carea' id='block_1_72' title="bbox 612 3920 2168 3995">
    <p class='ocr_par' dir='ltr' id='par_1_72' title="bbox 612 3920 2168 3995">
     <span class='ocr_line' id='line_1_73' title="bbox 612 3920 2168 3995; baseline 0.004 -21"><span class='ocrx_word' id='word_1_558' title='bbox 612 3935 730 3974; x_wconf 77' lang='lat' dir='ltr'><strong>nem</strong></span> <span class='ocrx_word' id='word_1_559' title='bbox 772 3921 1052 3995; x_wconf 65' lang='lat' dir='ltr'><strong>deducere.</strong></span> <span class='ocrx_word' id='word_1_560' title='bbox 1090 3920 1522 3988; x_wconf 88' lang='lat' dir='ltr'><strong>Consummavit,</strong></span> <span class='ocrx_word' id='word_1_561' title='bbox 1566 3923 1656 3992; x_wconf 90' lang='lat' dir='ltr'><strong>qui</strong></span> <span class='ocrx_word' id='word_1_562' title='bbox 1701 3933 1958 3993; x_wconf 89' lang='lat' dir='ltr'><strong>quantum</strong></span> <span class='ocrx_word' id='word_1_563' title='bbox 2000 3926 2168 3981; x_wconf 89' lang='lat' dir='ltr'><strong>voluit</strong></span> 
     </span>
    </p>
   </div>
   <div class='ocr_carea' id='block_1_73' title="bbox 612 4012 1746 4081">
    <p class='ocr_par' dir='ltr' id='par_1_73' title="bbox 612 4012 1746 4081">
     <span class='ocr_line' id='line_1_74' title="bbox 612 4012 1746 4081; baseline 0.004 -17"><span class='ocrx_word' id='word_1_564' title='bbox 612 4012 748 4065; x_wconf 75' lang='lat' dir='ltr'><strong>dixit</strong></span> <span class='ocrx_word' id='word_1_565' title='bbox 778 4021 831 4066; x_wconf 89' lang='lat' dir='ltr'><strong>et</strong></span> <span class='ocrx_word' id='word_1_566' title='bbox 860 4013 1001 4081; x_wconf 85' lang='lat' dir='ltr'><strong>quod</strong></span> <span class='ocrx_word' id='word_1_567' title='bbox 1031 4013 1387 4067; x_wconf 88' lang='lat' dir='ltr'><strong>necessarium</strong></span> <span class='ocrx_word' id='word_1_568' title='bbox 1421 4029 1539 4068; x_wconf 88' lang='lat' dir='ltr'><strong>esse</strong></span> <span class='ocrx_word' id='word_1_569' title='bbox 1567 4013 1746 4068; x_wconf 88' lang='lat' dir='ltr'><strong>scivit.</strong></span> 
     </span>
    </p>
   </div>
   <div class='ocr_carea' id='block_1_74' title="bbox 615 4122 2168 4195">
    <p class='ocr_par' dir='ltr' id='par_1_74' title="bbox 615 4122 2168 4195">
     <span class='ocr_line' id='line_1_75' title="bbox 615 4122 2168 4195; baseline 0.005 -19"><span class='ocrx_word' id='word_1_570' title='bbox 615 4122 858 4195; x_wconf 85' lang='lat' dir='ltr'><strong>Sequitur</strong></span> <span class='ocrx_word' id='word_1_571' title='bbox 877 4123 1124 4193; x_wconf 72' lang='lat' dir='ltr'><strong>expositio</strong></span> <span class='ocrx_word' id='word_1_572' title='bbox 1149 4123 1431 4195; x_wconf 65' lang='lat' dir='ltr'><strong>Christiani</strong></span> <span class='ocrx_word' id='word_1_573' title='bbox 1455 4124 1758 4180; x_wconf 82' lang='lat' dir='ltr'><strong>Drutltmari</strong></span> <span class='ocrx_word' id='word_1_574' title='bbox 1780 4127 1835 4181; x_wconf 87' lang='lat' dir='ltr'><strong>in</strong></span> <span class='ocrx_word' id='word_1_575' title='bbox 1864 4126 2168 4183; x_wconf 86' lang='lat' dir='ltr'><strong>Passionem</strong></span> 
     </span>
    </p>
   </div>
   <div class='ocr_carea' id='block_1_75' title="bbox 1212 4193 1558 4250">
    <p class='ocr_par' dir='ltr' id='par_1_75' title="bbox 1212 4193 1558 4250">
     <span class='ocr_line' id='line_1_76' title="bbox 1212 4193 1558 4250; baseline 0 -2"><span class='ocrx_word' id='word_1_576' title='bbox 1212 4193 1558 4250; x_wconf 87' lang='lat' dir='ltr'><strong>Dominicam.</strong></span> 
     </span>
    </p>
   </div>
   <div class='ocr_carea' id='block_1_76' title="bbox 688 4285 2169 4358">
    <p class='ocr_par' dir='ltr' id='par_1_76' title="bbox 688 4285 2169 4358">
     <span class='ocr_line' id='line_1_77' title="bbox 688 4285 2169 4358; baseline 0.001 -16"><span class='ocrx_word' id='word_1_577' title='bbox 688 4289 826 4343; x_wconf 66' lang='lat' dir='ltr'><strong>Dicit</strong></span> <span class='ocrx_word' id='word_1_578' title='bbox 849 4285 1109 4355; x_wconf 78' lang='lat' dir='ltr'><strong>discipulis</strong></span> <span class='ocrx_word' id='word_1_579' title='bbox 1136 4287 1274 4341; x_wconf 90' lang='lat' dir='ltr'><strong>suis:</strong></span> <span class='ocrx_word' id='word_1_580' title='bbox 1291 4286 1446 4342; x_wconf 90' lang='lat' dir='ltr'><strong>Scitis</strong></span> <span class='ocrx_word' id='word_1_581' title='bbox 1465 4287 1587 4357; x_wconf 88' lang='lat' dir='ltr'><strong>quia</strong></span> <span class='ocrx_word' id='word_1_582' title='bbox 1611 4295 1724 4358; x_wconf 85' lang='lat' dir='ltr'><strong>post</strong></span> <span class='ocrx_word' id='word_1_583' title='bbox 1745 4287 1956 4342; x_wconf 87' lang='lat' dir='ltr'><strong>biduum</strong></span> <span class='ocrx_word' id='word_1_584' title='bbox 1978 4289 2169 4358; x_wconf 86' lang='lat' dir='ltr'><strong>pascha</strong></span> 
     </span>
    </p>
   </div>
   <div class='ocr_carea' id='block_1_77' title="bbox 615 4375 2167 4443">
    <p class='ocr_par' dir='ltr' id='par_1_77' title="bbox 615 4375 2167 4443">
     <span class='ocr_line' id='line_1_78' title="bbox 615 4375 2167 4443; baseline 0.003 -15"><span class='ocrx_word' id='word_1_585' title='bbox 615 4375 723 4443; x_wconf 83' lang='lat' dir='ltr'><strong>ﬁet.</strong></span> <span class='ocrx_word' id='word_1_586' title='bbox 750 4375 946 4430; x_wconf 84' lang='lat' dir='ltr'><strong>Pascha</strong></span> <span class='ocrx_word' id='word_1_587' title='bbox 974 4375 1250 4430; x_wconf 75' lang='lat' dir='ltr'><strong>Hebrzeum</strong></span> <span class='ocrx_word' id='word_1_588' title='bbox 1269 4384 1369 4442; x_wconf 90' lang='lat' dir='ltr'><strong>est,</strong></span> <span class='ocrx_word' id='word_1_589' title='bbox 1392 4392 1497 4431; x_wconf 91' lang='lat' dir='ltr'><strong>non</strong></span> <span class='ocrx_word' id='word_1_590' title='bbox 1525 4375 1789 4443; x_wconf 63' lang='lat' dir='ltr'><strong>Graecum,</strong></span> <span class='ocrx_word' id='word_1_591' title='bbox 1808 4392 1907 4433; x_wconf 89' lang='lat' dir='ltr'><strong>nec</strong></span> <span class='ocrx_word' id='word_1_592' title='bbox 1932 4377 2123 4432; x_wconf 91' lang='lat' dir='ltr'><strong>dicitur</strong></span> <span class='ocrx_word' id='word_1_593' title='bbox 2139 4394 2167 4432; x_wconf 92' lang='lat' dir='ltr'><strong>a</strong></span> 
     </span>
    </p>
   </div>
   <div class='ocr_carea' id='block_1_78' title="bbox 617 4448 2171 4536">
    <p class='ocr_par' dir='ltr' id='par_1_78' title="bbox 617 4448 2171 4536">
     <span class='ocr_line' id='line_1_79' title="bbox 617 4448 2171 4536; baseline 0.003 -21"><span class='ocrx_word' id='word_1_594' title='bbox 617 4464 880 4532; x_wconf 85' lang='lat' dir='ltr'><strong>passione,</strong></span> <span class='ocrx_word' id='word_1_595' title='bbox 911 4448 1000 4517; x_wconf 81' lang='lat' dir='ltr'><strong>sed</strong></span> <span class='ocrx_word' id='word_1_596' title='bbox 1022 4479 1050 4516; x_wconf 90' lang='lat' dir='ltr'><strong>a</strong></span> <span class='ocrx_word' id='word_1_597' title='bbox 1077 4464 1319 4528; x_wconf 85' lang='lat' dir='ltr'><strong>transitu,</strong></span> <span class='ocrx_word' id='word_1_598' title='bbox 1344 4479 1408 4519; x_wconf 90' lang='lat' dir='ltr'><strong>eo</strong></span> <span class='ocrx_word' id='word_1_599' title='bbox 1429 4465 1567 4534; x_wconf 91' lang='lat' dir='ltr'><strong>quod</strong></span> <span class='ocrx_word' id='word_1_600' title='bbox 1593 4481 1874 4535; x_wconf 90' lang='lat' dir='ltr'><strong>percussor</strong></span> <span class='ocrx_word' id='word_1_601' title='bbox 1895 4465 2171 4536; x_wconf 67' lang='lat' dir='ltr'><strong>Egyptio—</strong></span> 
     </span>
    </p>
   </div>
   <div class='ocr_carea' id='block_1_79' title="bbox 621 4552 2171 4626">
    <p class='ocr_par' dir='ltr' id='par_1_79' title="bbox 621 4552 2171 4626">
     <span class='ocr_line' id='line_1_80' title="bbox 621 4552 2171 4626; baseline 0.005 -22"><span class='ocrx_word' id='word_1_602' title='bbox 621 4567 758 4616; x_wconf 88' lang='lat' dir='ltr'><strong>rum,</strong></span> <span class='ocrx_word' id='word_1_603' title='bbox 775 4552 863 4621; x_wconf 88' lang='lat' dir='ltr'><strong>qui</strong></span> <span class='ocrx_word' id='word_1_604' title='bbox 879 4552 1115 4607; x_wconf 90' lang='lat' dir='ltr'><strong>diabolus</strong></span> <span class='ocrx_word' id='word_1_605' title='bbox 1138 4553 1468 4624; x_wconf 81' lang='lat' dir='ltr'><strong>intelligitur,</strong></span> <span class='ocrx_word' id='word_1_606' title='bbox 1485 4555 1744 4624; x_wconf 90' lang='lat' dir='ltr'><strong>percussis</strong></span> <span class='ocrx_word' id='word_1_607' title='bbox 1766 4553 2050 4626; x_wconf 66' lang='lat' dir='ltr'><strong>Egyptiis,</strong></span> <span class='ocrx_word' id='word_1_608' title='bbox 2065 4571 2171 4611; x_wconf 90' lang='lat' dir='ltr'><strong>non</strong></span> 
     </span>
    </p>
   </div>
   <div class='ocr_carea' id='block_1_80' title="bbox 620 4641 2172 4718">
    <p class='ocr_par' dir='ltr' id='par_1_80' title="bbox 620 4641 2172 4718">
     <span class='ocr_line' id='line_1_81' title="bbox 620 4641 2172 4718; baseline 0.006 -23"><span class='ocrx_word' id='word_1_609' title='bbox 620 4641 779 4695; x_wconf 82' lang='lat' dir='ltr'><strong>fuerit</strong></span> <span class='ocrx_word' id='word_1_610' title='bbox 817 4659 978 4697; x_wconf 89' lang='lat' dir='ltr'><strong>ausus</strong></span> <span class='ocrx_word' id='word_1_611' title='bbox 1012 4643 1232 4699; x_wconf 88' lang='lat' dir='ltr'><strong>introire</strong></span> <span class='ocrx_word' id='word_1_612' title='bbox 1266 4645 1318 4697; x_wconf 93' lang='lat' dir='ltr'><strong>in</strong></span> <span class='ocrx_word' id='word_1_613' title='bbox 1359 4645 1541 4700; x_wconf 91' lang='lat' dir='ltr'><strong>domos</strong></span> <span class='ocrx_word' id='word_1_614' title='bbox 1582 4645 1923 4701; x_wconf 54' lang='lat' dir='ltr'><strong>Hebraeorum</strong></span> <span class='ocrx_word' id='word_1_615' title='bbox 1953 4657 2172 4718; x_wconf 89' lang='lat' dir='ltr'><strong>propter</strong></span> 
     </span>
    </p>
   </div>
   <div class='ocr_carea' id='block_1_81' title="bbox 622 4733 2171 4804">
    <p class='ocr_par' dir='ltr' id='par_1_81' title="bbox 622 4733 2171 4804">
     <span class='ocr_line' id='line_1_82' title="bbox 622 4733 2171 4804; baseline 0.005 -17"><span class='ocrx_word' id='word_1_616' title='bbox 622 4733 931 4801; x_wconf 85' lang='lat' dir='ltr'><strong>sanguinem</strong></span> <span class='ocrx_word' id='word_1_617' title='bbox 966 4734 1105 4804; x_wconf 90' lang='lat' dir='ltr'><strong>agni,</strong></span> <span class='ocrx_word' id='word_1_618' title='bbox 1137 4749 1295 4804; x_wconf 88' lang='lat' dir='ltr'><strong>quem</strong></span> <span class='ocrx_word' id='word_1_619' title='bbox 1323 4734 1377 4788; x_wconf 93' lang='lat' dir='ltr'><strong>in</strong></span> <span class='ocrx_word' id='word_1_620' title='bbox 1414 4735 1653 4804; x_wconf 89' lang='lat' dir='ltr'><strong>postibus</strong></span> <span class='ocrx_word' id='word_1_621' title='bbox 1681 4736 1911 4792; x_wconf 89' lang='lat' dir='ltr'><strong>videbat.</strong></span> <span class='ocrx_word' id='word_1_622' title='bbox 1944 4739 2038 4793; x_wconf 85' lang='lat' dir='ltr'><strong>Vel</strong></span> <span class='ocrx_word' id='word_1_623' title='bbox 2067 4740 2171 4796; x_wconf 91' lang='lat' dir='ltr'><strong>alio</strong></span> 
     </span>
    </p>
   </div>
   <div class='ocr_carea' id='block_1_82' title="bbox 623 4823 2170 4896">
    <p class='ocr_par' dir='ltr' id='par_1_82' title="bbox 623 4823 2170 4896">
     <span class='ocr_line' id='line_1_83' title="bbox 623 4823 2170 4896; baseline 0.006 -20"><span class='ocrx_word' id='word_1_624' title='bbox 623 4823 781 4877; x_wconf 89' lang='lat' dir='ltr'><strong>modo</strong></span> <span class='ocrx_word' id='word_1_625' title='bbox 810 4838 840 4875; x_wconf 91' lang='lat' dir='ltr'><strong>a</strong></span> <span class='ocrx_word' id='word_1_626' title='bbox 879 4823 1101 4877; x_wconf 89' lang='lat' dir='ltr'><strong>transitu</strong></span> <span class='ocrx_word' id='word_1_627' title='bbox 1138 4823 1330 4880; x_wconf 91' lang='lat' dir='ltr'><strong>dicitur</strong></span> <span class='ocrx_word' id='word_1_628' title='bbox 1360 4826 1592 4894; x_wconf 88' lang='lat' dir='ltr'><strong>pascha,</strong></span> <span class='ocrx_word' id='word_1_629' title='bbox 1631 4827 1881 4896; x_wconf 91' lang='lat' dir='ltr'><strong>quoniam</strong></span> <span class='ocrx_word' id='word_1_630' title='bbox 1916 4829 2170 4885; x_wconf 89' lang='lat' dir='ltr'><strong>Dominus</strong></span> 
     </span>
    </p>
   </div>
   <div class='ocr_carea' id='block_1_83' title="bbox 623 4897 2172 4989">
    <p class='ocr_par' dir='ltr' id='par_1_83' title="bbox 623 4897 2172 4989">
     <span class='ocr_line' id='line_1_84' title="bbox 623 4897 2172 4989; baseline 0.005 -23"><span class='ocrx_word' id='word_1_631' title='bbox 623 4926 720 4983; x_wconf 85' lang='lat' dir='ltr'><strong>per</strong></span> <span class='ocrx_word' id='word_1_632' title='bbox 745 4913 926 4967; x_wconf 92' lang='lat' dir='ltr'><strong>domos</strong></span> <span class='ocrx_word' id='word_1_633' title='bbox 954 4897 1294 4968; x_wconf 73' lang='lat' dir='ltr'><strong>Hebraeorum</strong></span> <span class='ocrx_word' id='word_1_634' title='bbox 1335 4915 1578 4969; x_wconf 86' lang='lat' dir='ltr'><strong>transivit</strong></span> <span class='ocrx_word' id='word_1_635' title='bbox 1614 4915 1726 4985; x_wconf 88' lang='lat' dir='ltr'><strong>ipsa</strong></span> <span class='ocrx_word' id='word_1_636' title='bbox 1760 4925 1936 4989; x_wconf 83' lang='lat' dir='ltr'><strong>nocte,</strong></span> <span class='ocrx_word' id='word_1_637' title='bbox 1962 4919 2172 4988; x_wconf 88' lang='lat' dir='ltr'><strong>quando</strong></span> 
     </span>
    </p>
   </div>
   <div class='ocr_carea' id='block_1_84' title="bbox 527 5000 2168 5077">
    <p class='ocr_par' dir='ltr' id='par_1_84' title="bbox 527 5000 2168 5077">
     <span class='ocr_line' id='line_1_85' title="bbox 527 5000 2168 5077; baseline 0.006 -25"><span class='ocrx_word' id='word_1_638' title='bbox 527 5047 530 5052; x_wconf 88' lang='lat'><strong>.</strong></span> <span class='ocrx_word' id='word_1_639' title='bbox 626 5003 859 5074; x_wconf 62' lang='lat' dir='ltr'><strong>lEgyptii</strong></span> <span class='ocrx_word' id='word_1_640' title='bbox 890 5000 1340 5072; x_wconf 73' lang='lat' dir='ltr'><strong>perc’utiebantur,</strong></span> <span class='ocrx_word' id='word_1_641' title='bbox 1377 5012 1436 5058; x_wconf 93' lang='lat' dir='ltr'><strong>ut</strong></span> <span class='ocrx_word' id='word_1_642' title='bbox 1465 5005 1692 5060; x_wconf 85' lang='lat' dir='ltr'><strong>salvaret</strong></span> <span class='ocrx_word' id='word_1_643' title='bbox 1718 5007 1966 5077; x_wconf 89' lang='lat' dir='ltr'><strong>populum</strong></span> <span class='ocrx_word' id='word_1_644' title='bbox 1996 5024 2168 5063; x_wconf 91' lang='lat' dir='ltr'><strong>suum.</strong></span> 
     </span>
    </p>
   </div>
   <div class='ocr_carea' id='block_1_85' title="bbox 627 5093 2172 5168">
    <p class='ocr_par' dir='ltr' id='par_1_85' title="bbox 627 5093 2172 5168">
     <span class='ocr_line' id='line_1_86' title="bbox 627 5093 2172 5168; baseline 0.005 -21"><span class='ocrx_word' id='word_1_645' title='bbox 627 5093 739 5147; x_wconf 93' lang='lat' dir='ltr'><strong>lloc</strong></span> <span class='ocrx_word' id='word_1_646' title='bbox 759 5105 934 5148; x_wconf 87' lang='lat' dir='ltr'><strong>autem</strong></span> <span class='ocrx_word' id='word_1_647' title='bbox 958 5093 1116 5148; x_wconf 87' lang='lat' dir='ltr'><strong>distat</strong></span> <span class='ocrx_word' id='word_1_648' title='bbox 1139 5094 1278 5149; x_wconf 91' lang='lat' dir='ltr'><strong>inter</strong></span> <span class='ocrx_word' id='word_1_649' title='bbox 1298 5096 1495 5165; x_wconf 88' lang='lat' dir='ltr'><strong>pascha</strong></span> <span class='ocrx_word' id='word_1_650' title='bbox 1522 5103 1574 5151; x_wconf 90' lang='lat' dir='ltr'><strong>et</strong></span> <span class='ocrx_word' id='word_1_651' title='bbox 1600 5111 1805 5167; x_wconf 87' lang='lat' dir='ltr'><strong>azyma,</strong></span> <span class='ocrx_word' id='word_1_652' title='bbox 1830 5099 1951 5167; x_wconf 88' lang='lat' dir='ltr'><strong>quia</strong></span> <span class='ocrx_word' id='word_1_653' title='bbox 1974 5101 2172 5168; x_wconf 89' lang='lat' dir='ltr'><strong>pascha</strong></span> 
     </span>
    </p>
   </div>
   <div class='ocr_carea' id='block_1_86' title="bbox 628 5183 2172 5258">
    <p class='ocr_par' dir='ltr' id='par_1_86' title="bbox 628 5183 2172 5258">
     <span class='ocr_line' id='line_1_87' title="bbox 628 5183 2172 5258; baseline 0.005 -22"><span class='ocrx_word' id='word_1_654' title='bbox 628 5183 741 5251; x_wconf 90' lang='lat' dir='ltr'><strong>ipsa</strong></span> <span class='ocrx_word' id='word_1_655' title='bbox 789 5184 959 5252; x_wconf 90' lang='lat' dir='ltr'><strong>prima</strong></span> <span class='ocrx_word' id='word_1_656' title='bbox 1009 5184 1122 5239; x_wconf 89' lang='lat' dir='ltr'><strong>dies</strong></span> <span class='ocrx_word' id='word_1_657' title='bbox 1164 5186 1528 5255; x_wconf 79' lang='lat' dir='ltr'><strong>erat,quando</strong></span> <span class='ocrx_word' id='word_1_658' title='bbox 1567 5203 1760 5258; x_wconf 81' lang='lat' dir='ltr'><strong>agnum</strong></span> <span class='ocrx_word' id='word_1_659' title='bbox 1805 5190 2172 5243; x_wconf 90' lang='lat' dir='ltr'><strong>comedebant.</strong></span> 
     </span>
    </p>
   </div>
   <div class='ocr_carea' id='block_1_87' title="bbox 627 5270 2173 5345">
    <p class='ocr_par' dir='ltr' id='par_1_87' title="bbox 627 5270 2173 5345">
     <span class='ocr_line' id='line_1_88' title="bbox 627 5270 2173 5345; baseline 0.006 -23"><span class='ocrx_word' id='word_1_660' title='bbox 627 5270 826 5341; x_wconf 82' lang='lat' dir='ltr'><strong>Azyma</strong></span> <span class='ocrx_word' id='word_1_661' title='bbox 853 5280 1027 5326; x_wconf 88' lang='lat' dir='ltr'><strong>autem</strong></span> <span class='ocrx_word' id='word_1_662' title='bbox 1049 5279 1249 5342; x_wconf 89' lang='lat' dir='ltr'><strong>septem</strong></span> <span class='ocrx_word' id='word_1_663' title='bbox 1271 5274 1384 5329; x_wconf 83' lang='lat' dir='ltr'><strong>dies</strong></span> <span class='ocrx_word' id='word_1_664' title='bbox 1409 5275 1499 5343; x_wconf 91' lang='lat' dir='ltr'><strong>qui</strong></span> <span class='ocrx_word' id='word_1_665' title='bbox 1525 5278 1882 5345; x_wconf 88' lang='lat' dir='ltr'><strong>sequebantur</strong></span> <span class='ocrx_word' id='word_1_666' title='bbox 1906 5277 1958 5331; x_wconf 94' lang='lat' dir='ltr'><strong>in</strong></span> <span class='ocrx_word' id='word_1_667' title='bbox 1982 5278 2173 5345; x_wconf 91' lang='lat' dir='ltr'><strong>quibus</strong></span> 
     </span>
    </p>
   </div>
   <div class='ocr_carea' id='block_1_88' title="bbox 631 5361 2174 5431">
    <p class='ocr_par' dir='ltr' id='par_1_88' title="bbox 631 5361 2174 5431">
     <span class='ocr_line' id='line_1_89' title="bbox 631 5361 2174 5431; baseline 0.005 -19"><span class='ocrx_word' id='word_1_668' title='bbox 631 5375 734 5413; x_wconf 90' lang='lat' dir='ltr'><strong>non</strong></span> <span class='ocrx_word' id='word_1_669' title='bbox 759 5361 1022 5415; x_wconf 90' lang='lat' dir='ltr'><strong>audebant</strong></span> <span class='ocrx_word' id='word_1_670' title='bbox 1049 5377 1241 5430; x_wconf 89' lang='lat' dir='ltr'><strong>panem</strong></span> <span class='ocrx_word' id='word_1_671' title='bbox 1268 5365 1546 5420; x_wconf 88' lang='lat' dir='ltr'><strong>comedere</strong></span> <span class='ocrx_word' id='word_1_672' title='bbox 1572 5367 1636 5420; x_wconf 89' lang='lat' dir='ltr'><strong>de</strong></span> <span class='ocrx_word' id='word_1_673' title='bbox 1674 5366 1872 5421; x_wconf 76' lang='lat' dir='ltr'><strong>fecibus</strong></span> <span class='ocrx_word' id='word_1_674' title='bbox 1897 5366 2174 5431; x_wconf 79' lang='lat' dir='ltr'><strong>infectum,</strong></span> 
     </span>
    </p>
   </div>
   <div class='ocr_carea' id='block_1_89' title="bbox 631 5451 2177 5524">
    <p class='ocr_par' dir='ltr' id='par_1_89' title="bbox 631 5451 2177 5524">
     <span class='ocr_line' id='line_1_90' title="bbox 631 5451 2177 5524; baseline 0.003 -20"><span class='ocrx_word' id='word_1_675' title='bbox 631 5459 685 5504; x_wconf 90' lang='lat' dir='ltr'><strong>et</strong></span> <span class='ocrx_word' id='word_1_676' title='bbox 723 5451 840 5504; x_wconf 91' lang='lat' dir='ltr'><strong>ideo</strong></span> <span class='ocrx_word' id='word_1_677' title='bbox 861 5451 1033 5522; x_wconf 86' lang='lat' dir='ltr'><strong>azymi</strong></span> <span class='ocrx_word' id='word_1_678' title='bbox 1059 5453 1367 5507; x_wconf 88' lang='lat' dir='ltr'><strong>dicebantur</strong></span> <span class='ocrx_word' id='word_1_679' title='bbox 1389 5454 1488 5524; x_wconf 90' lang='lat' dir='ltr'><strong>ipsi</strong></span> <span class='ocrx_word' id='word_1_680' title='bbox 1511 5454 1643 5509; x_wconf 89' lang='lat' dir='ltr'><strong>dies.</strong></span> <span class='ocrx_word' id='word_1_681' title='bbox 1669 5454 1737 5509; x_wconf 86' lang='lat' dir='ltr'><strong>Et</strong></span> <span class='ocrx_word' id='word_1_682' title='bbox 1762 5453 1931 5509; x_wconf 84' lang='lat' dir='ltr'><strong>Filius</strong></span> <span class='ocrx_word' id='word_1_683' title='bbox 1956 5457 2177 5510; x_wconf 85' lang='lat' dir='ltr'><strong>hominis</strong></span> 
     </span>
    </p>
   </div>
   <div class='ocr_carea' id='block_1_90' title="bbox 633 5540 2180 5618">
    <p class='ocr_par' dir='ltr' id='par_1_90' title="bbox 633 5540 2180 5618">
     <span class='ocr_line' id='line_1_91' title="bbox 633 5540 2180 5618; baseline 0.005 -26"><span class='ocrx_word' id='word_1_684' title='bbox 633 5540 867 5594; x_wconf 85' lang='lat' dir='ltr'><strong>tradetur</strong></span> <span class='ocrx_word' id='word_1_685' title='bbox 904 5552 958 5594; x_wconf 88' lang='lat' dir='ltr'><strong>ut</strong></span> <span class='ocrx_word' id='word_1_686' title='bbox 1003 5542 1358 5612; x_wconf 79' lang='lat' dir='ltr'><strong>cruciﬁgatur.</strong></span> <span class='ocrx_word' id='word_1_687' title='bbox 1412 5545 1636 5600; x_wconf 89' lang='lat' dir='ltr'><strong>Biduum</strong></span> <span class='ocrx_word' id='word_1_688' title='bbox 1685 5546 2032 5618; x_wconf 90' lang='lat' dir='ltr'><strong>compositum</strong></span> <span class='ocrx_word' id='word_1_689' title='bbox 2086 5561 2180 5600; x_wconf 91' lang='lat' dir='ltr'><strong>no-</strong></span> 
     </span>
    </p>
   </div>
   <div class='ocr_carea' id='block_1_91' title="bbox 636 5631 2176 5701">
    <p class='ocr_par' dir='ltr' id='par_1_91' title="bbox 636 5631 2176 5701">
     <span class='ocr_line' id='line_1_92' title="bbox 636 5631 2176 5701; baseline 0.005 -21"><span class='ocrx_word' id='word_1_690' title='bbox 636 5642 754 5683; x_wconf 85' lang='lat' dir='ltr'><strong>men</strong></span> <span class='ocrx_word' id='word_1_691' title='bbox 781 5638 864 5684; x_wconf 89' lang='lat' dir='ltr'><strong>est</strong></span> <span class='ocrx_word' id='word_1_692' title='bbox 894 5646 958 5685; x_wconf 74' lang='lat' dir='ltr'><strong>ex</strong></span> <span class='ocrx_word' id='word_1_693' title='bbox 993 5631 1242 5688; x_wconf 88' lang='lat' dir='ltr'><strong>adverbio</strong></span> <span class='ocrx_word' id='word_1_694' title='bbox 1269 5633 1345 5687; x_wconf 86' lang='lat' dir='ltr'><strong>bis</strong></span> <span class='ocrx_word' id='word_1_695' title='bbox 1380 5643 1433 5689; x_wconf 91' lang='lat' dir='ltr'><strong>et</strong></span> <span class='ocrx_word' id='word_1_696' title='bbox 1467 5637 1652 5691; x_wconf 74' lang='lat' dir='ltr'><strong>Grznco</strong></span> <span class='ocrx_word' id='word_1_697' title='bbox 1682 5637 1799 5701; x_wconf 84' lang='lat' dir='ltr'><strong>dio,</strong></span> <span class='ocrx_word' id='word_1_698' title='bbox 1840 5637 1891 5691; x_wconf 92' lang='lat' dir='ltr'><strong>id</strong></span> <span class='ocrx_word' id='word_1_699' title='bbox 1932 5645 2013 5692; x_wconf 92' lang='lat' dir='ltr'><strong>est</strong></span> <span class='ocrx_word' id='word_1_700' title='bbox 2053 5636 2176 5690; x_wconf 91' lang='lat' dir='ltr'><strong>duo.</strong></span> 
     </span>
    </p>
   </div>
   <div class='ocr_carea' id='block_1_92' title="bbox 2262 3179 3825 3251">
    <p class='ocr_par' dir='ltr' id='par_1_92' title="bbox 2262 3179 3825 3251">
     <span class='ocr_line' id='line_1_93' title="bbox 2262 3179 3825 3251; baseline 0.007 -19"><span class='ocrx_word' id='word_1_701' title='bbox 2262 3180 2342 3233; x_wconf 89' lang='lat' dir='ltr'><strong>nis</strong></span> <span class='ocrx_word' id='word_1_702' title='bbox 2369 3179 2574 3250; x_wconf 89' lang='lat' dir='ltr'><strong>leprosi.</strong></span> <span class='ocrx_word' id='word_1_703' title='bbox 2596 3179 2708 3236; x_wconf 81' lang='lat' dir='ltr'><strong>Hoc</strong></span> <span class='ocrx_word' id='word_1_704' title='bbox 2730 3189 3011 3251; x_wconf 87' lang='lat' dir='ltr'><strong>antequam</strong></span> <span class='ocrx_word' id='word_1_705' title='bbox 3033 3181 3285 3238; x_wconf 90' lang='lat' dir='ltr'><strong>Dominus</strong></span> <span class='ocrx_word' id='word_1_706' title='bbox 3308 3183 3602 3240; x_wconf 82' lang='lat' dir='ltr'><strong>Jerusalem</strong></span> <span class='ocrx_word' id='word_1_707' title='bbox 3635 3188 3825 3243; x_wconf 83' lang='lat' dir='ltr'><strong>sedens</strong></span> 
     </span>
    </p>
   </div>
   <div class='ocr_carea' id='block_1_93' title="bbox 2263 3270 3824 3346">
    <p class='ocr_par' dir='ltr' id='par_1_93' title="bbox 2263 3270 3824 3346">
     <span class='ocr_line' id='line_1_94' title="bbox 2263 3270 3824 3346; baseline 0.006 -22"><span class='ocrx_word' id='word_1_708' title='bbox 2263 3285 2422 3339; x_wconf 90' lang='lat' dir='ltr'><strong>super</strong></span> <span class='ocrx_word' id='word_1_709' title='bbox 2450 3270 2656 3324; x_wconf 89' lang='lat' dir='ltr'><strong>asinam</strong></span> <span class='ocrx_word' id='word_1_710' title='bbox 2684 3272 2886 3326; x_wconf 87' lang='lat' dir='ltr'><strong>veniret</strong></span> <span class='ocrx_word' id='word_1_711' title='bbox 2912 3271 3112 3328; x_wconf 78' lang='lat' dir='ltr'><strong>factum</strong></span> <span class='ocrx_word' id='word_1_712' title='bbox 3141 3282 3238 3328; x_wconf 84' lang='lat' dir='ltr'><strong>est.</strong></span> <span class='ocrx_word' id='word_1_713' title='bbox 3263 3273 3362 3328; x_wconf 87' lang='lat' dir='ltr'><strong>Sed</strong></span> <span class='ocrx_word' id='word_1_714' title='bbox 3390 3275 3685 3332; x_wconf 74' lang='lat' dir='ltr'><strong>Matthaeus</strong></span> <span class='ocrx_word' id='word_1_715' title='bbox 3709 3294 3824 3346; x_wconf 87' lang='lat' dir='ltr'><strong>pro-</strong></span> 
     </span>
    </p>
   </div>
   <div class='ocr_carea' id='block_1_94' title="bbox 2260 3362 3819 3439">
    <p class='ocr_par' dir='ltr' id='par_1_94' title="bbox 2260 3362 3819 3439">
     <span class='ocr_line' id='line_1_95' title="bbox 2260 3362 3819 3439; baseline 0.008 -27"><span class='ocrx_word' id='word_1_716' title='bbox 2260 3369 2442 3429; x_wconf 88' lang='lat' dir='ltr'><strong>pterea</strong></span> <span class='ocrx_word' id='word_1_717' title='bbox 2473 3362 2694 3432; x_wconf 87' lang='lat' dir='ltr'><strong>repetit,</strong></span> <span class='ocrx_word' id='word_1_718' title='bbox 2724 3364 2846 3432; x_wconf 89' lang='lat' dir='ltr'><strong>quia</strong></span> <span class='ocrx_word' id='word_1_719' title='bbox 2878 3364 2946 3418; x_wconf 91' lang='lat' dir='ltr'><strong>ad</strong></span> <span class='ocrx_word' id='word_1_720' title='bbox 2971 3374 3198 3420; x_wconf 89' lang='lat' dir='ltr'><strong>mortem</strong></span> <span class='ocrx_word' id='word_1_721' title='bbox 3232 3366 3340 3436; x_wconf 87' lang='lat' dir='ltr'><strong>ejus</strong></span> <span class='ocrx_word' id='word_1_722' title='bbox 3366 3368 3819 3439; x_wconf 71' lang='lat' dir='ltr'><strong>prtcﬁgurandam</strong></span> 
     </span>
    </p>
   </div>
   <div class='ocr_carea' id='block_1_95' title="bbox 2263 3447 3834 3522">
    <p class='ocr_par' dir='ltr' id='par_1_95' title="bbox 2263 3447 3834 3522">
     <span class='ocr_line' id='line_1_96' title="bbox 2263 3447 3834 3522; baseline 0.008 -21"><span class='ocrx_word' id='word_1_723' title='bbox 2263 3447 2462 3504; x_wconf 78' lang='lat' dir='ltr'><strong>factum</strong></span> <span class='ocrx_word' id='word_1_724' title='bbox 2509 3460 2609 3506; x_wconf 90' lang='lat' dir='ltr'><strong>est.</strong></span> <span class='ocrx_word' id='word_1_725' title='bbox 2650 3452 2716 3506; x_wconf 84' lang='lat' dir='ltr'><strong>Et</strong></span> <span class='ocrx_word' id='word_1_726' title='bbox 2749 3453 3014 3521; x_wconf 80' lang='lat' dir='ltr'><strong>signiﬁcat</strong></span> <span class='ocrx_word' id='word_1_727' title='bbox 3065 3454 3227 3510; x_wconf 81' lang='lat' dir='ltr'><strong>Maria</strong></span> <span class='ocrx_word' id='word_1_728' title='bbox 3267 3455 3560 3511; x_wconf 83' lang='lat' dir='ltr'><strong>Ecclesiam</strong></span> <span class='ocrx_word' id='word_1_729' title='bbox 3603 3458 3834 3522; x_wconf 75' lang='lat' dir='ltr'><strong>Christi,-</strong></span> 
     </span>
    </p>
   </div>
   <div class='ocr_carea' id='block_1_96' title="bbox 2263 3542 3820 3612">
    <p class='ocr_par' dir='ltr' id='par_1_96' title="bbox 2263 3542 3820 3612">
     <span class='ocr_line' id='line_1_97' title="bbox 2263 3542 3820 3612; baseline 0.006 -19"><span class='ocrx_word' id='word_1_730' title='bbox 2263 3556 2381 3609; x_wconf 79' lang='lat' dir='ltr'><strong>quze</strong></span> <span class='ocrx_word' id='word_1_731' title='bbox 2408 3542 2741 3612; x_wconf 75' lang='lat' dir='ltr'><strong>Spiritaliter,</strong></span> <span class='ocrx_word' id='word_1_732' title='bbox 2766 3559 2885 3599; x_wconf 90' lang='lat' dir='ltr'><strong>cum</strong></span> <span class='ocrx_word' id='word_1_733' title='bbox 2907 3544 3105 3599; x_wconf 90' lang='lat' dir='ltr'><strong>bonum</strong></span> <span class='ocrx_word' id='word_1_734' title='bbox 3132 3547 3348 3601; x_wconf 89' lang='lat' dir='ltr'><strong>odorem</strong></span> <span class='ocrx_word' id='word_1_735' title='bbox 3374 3547 3578 3602; x_wconf 77' lang='lat' dir='ltr'><strong>notitize</strong></span> <span class='ocrx_word' id='word_1_736' title='bbox 3601 3549 3820 3603; x_wconf 87' lang='lat' dir='ltr'><strong>Domino</strong></span> 
     </span>
    </p>
   </div>
   <div class='ocr_carea' id='block_1_97' title="bbox 2263 3631 3817 3702">
    <p class='ocr_par' dir='ltr' id='par_1_97' title="bbox 2263 3631 3817 3702">
     <span class='ocr_line' id='line_1_98' title="bbox 2263 3631 3817 3702; baseline 0.005 -16"><span class='ocrx_word' id='word_1_737' title='bbox 2263 3631 2428 3696; x_wconf 89' lang='lat' dir='ltr'><strong>dedit,</strong></span> <span class='ocrx_word' id='word_1_738' title='bbox 2467 3642 2522 3688; x_wconf 89' lang='lat' dir='ltr'><strong>et</strong></span> <span class='ocrx_word' id='word_1_739' title='bbox 2560 3635 2794 3702; x_wconf 89' lang='lat' dir='ltr'><strong>quotidie</strong></span> <span class='ocrx_word' id='word_1_740' title='bbox 2831 3634 2957 3690; x_wconf 85' lang='lat' dir='ltr'><strong>facit</strong></span> <span class='ocrx_word' id='word_1_741' title='bbox 2995 3638 3356 3693; x_wconf 89' lang='lat' dir='ltr'><strong>annuntiando</strong></span> <span class='ocrx_word' id='word_1_742' title='bbox 3383 3638 3446 3692; x_wconf 87' lang='lat' dir='ltr'><strong>de</strong></span> <span class='ocrx_word' id='word_1_743' title='bbox 3471 3638 3558 3692; x_wconf 87' lang='lat' dir='ltr'><strong>die</strong></span> <span class='ocrx_word' id='word_1_744' title='bbox 3586 3639 3644 3692; x_wconf 92' lang='lat' dir='ltr'><strong>in</strong></span> <span class='ocrx_word' id='word_1_745' title='bbox 3683 3641 3817 3695; x_wconf 84' lang='lat' dir='ltr'><strong>diem</strong></span> 
     </span>
    </p>
   </div>
   <div class='ocr_carea' id='block_1_98' title="bbox 2266 3723 3820 3800">
    <p class='ocr_par' dir='ltr' id='par_1_98' title="bbox 2266 3723 3820 3800">
     <span class='ocr_line' id='line_1_99' title="bbox 2266 3723 3820 3800; baseline 0.005 -22"><span class='ocrx_word' id='word_1_746' title='bbox 2266 3723 2496 3780; x_wconf 89' lang='lat' dir='ltr'><strong>salutare</strong></span> <span class='ocrx_word' id='word_1_747' title='bbox 2521 3726 2652 3796; x_wconf 89' lang='lat' dir='ltr'><strong>ejus.</strong></span> <span class='ocrx_word' id='word_1_748' title='bbox 2676 3726 2839 3781; x_wconf 86' lang='lat' dir='ltr'><strong>Maria</strong></span> <span class='ocrx_word' id='word_1_749' title='bbox 2855 3735 3031 3781; x_wconf 88' lang='lat' dir='ltr'><strong>autem</strong></span> <span class='ocrx_word' id='word_1_750' title='bbox 3054 3737 3136 3782; x_wconf 89' lang='lat' dir='ltr'><strong>est</strong></span> <span class='ocrx_word' id='word_1_751' title='bbox 3159 3744 3317 3783; x_wconf 90' lang='lat' dir='ltr'><strong>soror</strong></span> <span class='ocrx_word' id='word_1_752' title='bbox 3336 3728 3542 3794; x_wconf 81' lang='lat' dir='ltr'><strong>Lazari,</strong></span> <span class='ocrx_word' id='word_1_753' title='bbox 3570 3745 3694 3798; x_wconf 70' lang='lat' dir='ltr'><strong>quae</strong></span> <span class='ocrx_word' id='word_1_754' title='bbox 3716 3732 3820 3800; x_wconf 82' lang='lat' dir='ltr'><strong>jam</strong></span> 
     </span>
    </p>
   </div>
   <div class='ocr_carea' id='block_1_99' title="bbox 2265 3813 3819 3889">
    <p class='ocr_par' dir='ltr' id='par_1_99' title="bbox 2265 3813 3819 3889">
     <span class='ocr_line' id='line_1_100' title="bbox 2265 3813 3819 3889; baseline 0.004 -23"><span class='ocrx_word' id='word_1_755' title='bbox 2265 3813 2471 3868; x_wconf 87' lang='lat' dir='ltr'><strong>laverat</strong></span> <span class='ocrx_word' id='word_1_756' title='bbox 2508 3815 2670 3884; x_wconf 87' lang='lat' dir='ltr'><strong>pedes</strong></span> <span class='ocrx_word' id='word_1_757' title='bbox 2698 3814 2812 3884; x_wconf 89' lang='lat' dir='ltr'><strong>ejus</strong></span> <span class='ocrx_word' id='word_1_758' title='bbox 2851 3825 2905 3871; x_wconf 90' lang='lat' dir='ltr'><strong>et</strong></span> <span class='ocrx_word' id='word_1_759' title='bbox 2932 3826 3230 3872; x_wconf 76' lang='lat' dir='ltr'><strong>exterserat</strong></span> <span class='ocrx_word' id='word_1_760' title='bbox 3264 3818 3467 3887; x_wconf 86' lang='lat' dir='ltr'><strong>capillis</strong></span> <span class='ocrx_word' id='word_1_761' title='bbox 3499 3821 3696 3889; x_wconf 87' lang='lat' dir='ltr'><strong>capitis</strong></span> <span class='ocrx_word' id='word_1_762' title='bbox 3723 3819 3819 3884; x_wconf 85' lang='lat' dir='ltr'><strong>sui,</strong></span> 
     </span>
    </p>
   </div>
   <div class='ocr_carea' id='block_1_100' title="bbox 2266 3904 3822 3980">
    <p class='ocr_par' dir='ltr' id='par_1_100' title="bbox 2266 3904 3822 3980">
     <span class='ocr_line' id='line_1_101' title="bbox 2266 3904 3822 3980; baseline 0.004 -21"><span class='ocrx_word' id='word_1_763' title='bbox 2266 3905 2404 3960; x_wconf 90' lang='lat' dir='ltr'><strong>sicut</strong></span> <span class='ocrx_word' id='word_1_764' title='bbox 2425 3904 2657 3961; x_wconf 82' lang='lat' dir='ltr'><strong>Joannes</strong></span> <span class='ocrx_word' id='word_1_765' title='bbox 2686 3907 3018 3978; x_wconf 83' lang='lat' dir='ltr'><strong>Evangelista</strong></span> <span class='ocrx_word' id='word_1_766' title='bbox 3044 3907 3294 3973; x_wconf 82' lang='lat' dir='ltr'><strong>aﬂ‘rrma‘t,</strong></span> <span class='ocrx_word' id='word_1_767' title='bbox 3320 3918 3373 3964; x_wconf 89' lang='lat' dir='ltr'><strong>et</strong></span> <span class='ocrx_word' id='word_1_768' title='bbox 3394 3910 3551 3965; x_wconf 92' lang='lat' dir='ltr'><strong>bonis</strong></span> <span class='ocrx_word' id='word_1_769' title='bbox 3575 3911 3822 3980; x_wconf 86' lang='lat' dir='ltr'><strong>operibus</strong></span> 
     </span>
    </p>
   </div>
   <div class='ocr_carea' id='block_1_101' title="bbox 2267 3983 3821 4066">
    <p class='ocr_par' dir='ltr' id='par_1_101' title="bbox 2267 3983 3821 4066">
     <span class='ocr_line' id='line_1_102' title="bbox 2267 3983 3821 4066; baseline 0.003 -15"><span class='ocrx_word' id='word_1_770' title='bbox 2267 3983 2574 4053; x_wconf 73' lang='lat' dir='ltr'><strong>inhterendo</strong></span> <span class='ocrx_word' id='word_1_771' title='bbox 2611 4005 2666 4052; x_wconf 91' lang='lat' dir='ltr'><strong>et</strong></span> <span class='ocrx_word' id='word_1_772' title='bbox 2702 3999 2928 4054; x_wconf 87' lang='lat' dir='ltr'><strong>amando</strong></span> <span class='ocrx_word' id='word_1_773' title='bbox 2967 4006 3020 4055; x_wconf 89' lang='lat' dir='ltr'><strong>et</strong></span> <span class='ocrx_word' id='word_1_774' title='bbox 3063 4001 3344 4056; x_wconf 86' lang='lat' dir='ltr'><strong>serviendo</strong></span> <span class='ocrx_word' id='word_1_775' title='bbox 3383 3999 3686 4066; x_wconf 88' lang='lat' dir='ltr'><strong>Salvatori,</strong></span> <span class='ocrx_word' id='word_1_776' title='bbox 3728 4002 3821 4056; x_wconf 86' lang='lat' dir='ltr'><strong>hoc</strong></span> 
     </span>
    </p>
   </div>
   <div class='ocr_carea' id='block_1_102' title="bbox 2266 4089 3822 4161">
    <p class='ocr_par' dir='ltr' id='par_1_102' title="bbox 2266 4089 3822 4161">
     <span class='ocr_line' id='line_1_103' title="bbox 2266 4089 3822 4161; baseline 0.003 -20"><span class='ocrx_word' id='word_1_777' title='bbox 2266 4089 2583 4158; x_wconf 90' lang='lat' dir='ltr'><strong>promeruit,</strong></span> <span class='ocrx_word' id='word_1_778' title='bbox 2613 4098 2672 4143; x_wconf 92' lang='lat' dir='ltr'><strong>ut</strong></span> <span class='ocrx_word' id='word_1_779' title='bbox 2696 4089 2852 4160; x_wconf 87' lang='lat' dir='ltr'><strong>digna</strong></span> <span class='ocrx_word' id='word_1_780' title='bbox 2878 4090 3030 4145; x_wconf 87' lang='lat' dir='ltr'><strong>ﬁeret</strong></span> <span class='ocrx_word' id='word_1_781' title='bbox 3055 4107 3244 4145; x_wconf 87' lang='lat' dir='ltr'><strong>manus</strong></span> <span class='ocrx_word' id='word_1_782' title='bbox 3269 4107 3431 4161; x_wconf 90' lang='lat' dir='ltr'><strong>super</strong></span> <span class='ocrx_word' id='word_1_783' title='bbox 3461 4103 3627 4161; x_wconf 90' lang='lat' dir='ltr'><strong>caput</strong></span> <span class='ocrx_word' id='word_1_784' title='bbox 3652 4092 3822 4150; x_wconf 83' lang='lat' dir='ltr'><strong>Salva-</strong></span> 
     </span>
    </p>
   </div>
   <div class='ocr_carea' id='block_1_103' title="bbox 2268 4179 3820 4252">
    <p class='ocr_par' dir='ltr' id='par_1_103' title="bbox 2268 4179 3820 4252">
     <span class='ocr_line' id='line_1_104' title="bbox 2268 4179 3820 4252; baseline 0.002 -21"><span class='ocrx_word' id='word_1_785' title='bbox 2268 4179 2400 4233; x_wconf 90' lang='lat' dir='ltr'><strong>toris</strong></span> <span class='ocrx_word' id='word_1_786' title='bbox 2427 4179 2657 4243; x_wconf 90' lang='lat' dir='ltr'><strong>mittere,</strong></span> <span class='ocrx_word' id='word_1_787' title='bbox 2690 4180 2893 4234; x_wconf 93' lang='lat' dir='ltr'><strong>cunctis</strong></span> <span class='ocrx_word' id='word_1_788' title='bbox 2915 4180 3294 4248; x_wconf 62' lang='lat' dir='ltr'><strong>paenitentibus</strong></span> <span class='ocrx_word' id='word_1_789' title='bbox 3315 4195 3462 4249; x_wconf 86' lang='lat' dir='ltr'><strong>spem</strong></span> <span class='ocrx_word' id='word_1_790' title='bbox 3491 4182 3667 4236; x_wconf 66' lang='lat' dir='ltr'><strong>venite</strong></span> <span class='ocrx_word' id='word_1_791' title='bbox 3690 4197 3820 4252; x_wconf 51' lang='lat' dir='ltr'><strong>prta-</strong></span> 
     </span>
    </p>
   </div>
   <div class='ocr_carea' id='block_1_104' title="bbox 2273 4269 3820 4343">
    <p class='ocr_par' dir='ltr' id='par_1_104' title="bbox 2273 4269 3820 4343">
     <span class='ocr_line' id='line_1_105' title="bbox 2273 4269 3820 4343; baseline 0.001 -19"><span class='ocrx_word' id='word_1_792' title='bbox 2273 4271 2508 4335; x_wconf 90' lang='lat' dir='ltr'><strong>tendens,</strong></span> <span class='ocrx_word' id='word_1_793' title='bbox 2542 4271 2584 4324; x_wconf 90' lang='lat' dir='ltr'><strong>si</strong></span> <span class='ocrx_word' id='word_1_794' title='bbox 2610 4285 2675 4324; x_wconf 81' lang='lat' dir='ltr'><strong>ex</strong></span> <span class='ocrx_word' id='word_1_795' title='bbox 2705 4269 2867 4324; x_wconf 88' lang='lat' dir='ltr'><strong>corde</strong></span> <span class='ocrx_word' id='word_1_796' title='bbox 2895 4271 3270 4340; x_wconf 77' lang='lat' dir='ltr'><strong>pmnituerint,</strong></span> <span class='ocrx_word' id='word_1_797' title='bbox 3301 4272 3677 4328; x_wconf 87' lang='lat' dir='ltr'><strong>remissionem</strong></span> <span class='ocrx_word' id='word_1_798' title='bbox 3703 4289 3820 4343; x_wconf 87' lang='lat' dir='ltr'><strong>per-</strong></span> 
     </span>
    </p>
   </div>
   <div class='ocr_carea' id='block_1_105' title="bbox 2272 4358 3822 4433">
    <p class='ocr_par' dir='ltr' id='par_1_105' title="bbox 2272 4358 3822 4433">
     <span class='ocr_line' id='line_1_106' title="bbox 2272 4358 3822 4433; baseline 0.004 -21"><span class='ocrx_word' id='word_1_799' title='bbox 2272 4358 2466 4414; x_wconf 79' lang='lat' dir='ltr'><strong>fectam</strong></span> <span class='ocrx_word' id='word_1_800' title='bbox 2493 4370 2886 4415; x_wconf 90' lang='lat' dir='ltr'><strong>consecuturos.</strong></span> <span class='ocrx_word' id='word_1_801' title='bbox 2914 4361 3143 4415; x_wconf 82' lang='lat' dir='ltr'><strong>Simonis</strong></span> <span class='ocrx_word' id='word_1_802' title='bbox 3162 4361 3367 4431; x_wconf 86' lang='lat' dir='ltr'><strong>leprosi.</strong></span> <span class='ocrx_word' id='word_1_803' title='bbox 3398 4363 3514 4418; x_wconf 84' lang='lat' dir='ltr'><strong>Non</strong></span> <span class='ocrx_word' id='word_1_804' title='bbox 3535 4365 3680 4433; x_wconf 88' lang='lat' dir='ltr'><strong>quod</strong></span> <span class='ocrx_word' id='word_1_805' title='bbox 3704 4373 3822 4418; x_wconf 84' lang='lat' dir='ltr'><strong>tunc</strong></span> 
     </span>
    </p>
   </div>
   <div class='ocr_carea' id='block_1_106' title="bbox 2273 4450 3820 4522">
    <p class='ocr_par' dir='ltr' id='par_1_106' title="bbox 2273 4450 3820 4522">
     <span class='ocr_line' id='line_1_107' title="bbox 2273 4450 3820 4522; baseline 0.003 -20"><span class='ocrx_word' id='word_1_806' title='bbox 2273 4450 2508 4520; x_wconf 88' lang='lat' dir='ltr'><strong>leprosus</strong></span> <span class='ocrx_word' id='word_1_807' title='bbox 2535 4450 2692 4506; x_wconf 80' lang='lat' dir='ltr'><strong>fuerit</strong></span> <span class='ocrx_word' id='word_1_808' title='bbox 2713 4491 2726 4516; x_wconf 93' lang='lat'><strong>,</strong></span> <span class='ocrx_word' id='word_1_809' title='bbox 2761 4451 2884 4521; x_wconf 86' lang='lat' dir='ltr'><strong>quia</strong></span> <span class='ocrx_word' id='word_1_810' title='bbox 2924 4451 3099 4506; x_wconf 92' lang='lat' dir='ltr'><strong>nullus</strong></span> <span class='ocrx_word' id='word_1_811' title='bbox 3136 4453 3378 4522; x_wconf 90' lang='lat' dir='ltr'><strong>leprosus</strong></span> <span class='ocrx_word' id='word_1_812' title='bbox 3417 4454 3470 4508; x_wconf 90' lang='lat' dir='ltr'><strong>in</strong></span> <span class='ocrx_word' id='word_1_813' title='bbox 3499 4454 3719 4510; x_wconf 82' lang='lat' dir='ltr'><strong>civitate</strong></span> <span class='ocrx_word' id='word_1_814' title='bbox 3745 4452 3820 4508; x_wconf 86' lang='lat' dir='ltr'><strong>vel</strong></span> 
     </span>
    </p>
   </div>
   <div class='ocr_carea' id='block_1_107' title="bbox 2271 4526 3820 4616">
    <p class='ocr_par' dir='ltr' id='par_1_107' title="bbox 2271 4526 3820 4616">
     <span class='ocr_line' id='line_1_108' title="bbox 2271 4526 3820 4616; baseline 0.003 -20"><span class='ocrx_word' id='word_1_815' title='bbox 2271 4541 2324 4596; x_wconf 90' lang='lat' dir='ltr'><strong>in</strong></span> <span class='ocrx_word' id='word_1_816' title='bbox 2353 4541 2478 4596; x_wconf 91' lang='lat' dir='ltr'><strong>villa</strong></span> <span class='ocrx_word' id='word_1_817' title='bbox 2505 4558 2626 4597; x_wconf 92' lang='lat' dir='ltr'><strong>cum</strong></span> <span class='ocrx_word' id='word_1_818' title='bbox 2650 4542 2766 4597; x_wconf 89' lang='lat' dir='ltr'><strong>aliis</strong></span> <span class='ocrx_word' id='word_1_819' title='bbox 2798 4526 3096 4597; x_wconf 69' lang='lat' dir='ltr'><strong>hominibus</strong></span> <span class='ocrx_word' id='word_1_820' title='bbox 3121 4545 3396 4607; x_wconf 91' lang='lat' dir='ltr'><strong>manebat,</strong></span> <span class='ocrx_word' id='word_1_821' title='bbox 3429 4545 3524 4599; x_wconf 87' lang='lat' dir='ltr'><strong>sed</strong></span> <span class='ocrx_word' id='word_1_822' title='bbox 3557 4547 3684 4616; x_wconf 89' lang='lat' dir='ltr'><strong>quia</strong></span> <span class='ocrx_word' id='word_1_823' title='bbox 3709 4555 3820 4601; x_wconf 87' lang='lat' dir='ltr'><strong>ante</strong></span> 
     </span>
    </p>
   </div>
   <div class='ocr_carea' id='block_1_108' title="bbox 2270 4629 3817 4700">
    <p class='ocr_par' dir='ltr' id='par_1_108' title="bbox 2270 4629 3817 4700">
     <span class='ocr_line' id='line_1_109' title="bbox 2270 4629 3817 4700; baseline 0.006 -17"><span class='ocrx_word' id='word_1_824' title='bbox 2270 4629 2512 4699; x_wconf 88' lang='lat' dir='ltr'><strong>leprosus</strong></span> <span class='ocrx_word' id='word_1_825' title='bbox 2539 4631 2746 4696; x_wconf 83' lang='lat' dir='ltr'><strong>fuerat,</strong></span> <span class='ocrx_word' id='word_1_826' title='bbox 2775 4640 2829 4686; x_wconf 91' lang='lat' dir='ltr'><strong>et</strong></span> <span class='ocrx_word' id='word_1_827' title='bbox 2855 4648 2885 4685; x_wconf 94' lang='lat' dir='ltr'><strong>a</strong></span> <span class='ocrx_word' id='word_1_828' title='bbox 2913 4631 3136 4687; x_wconf 89' lang='lat' dir='ltr'><strong>Domino</strong></span> <span class='ocrx_word' id='word_1_829' title='bbox 3164 4643 3414 4700; x_wconf 88' lang='lat' dir='ltr'><strong>curatus,</strong></span> <span class='ocrx_word' id='word_1_830' title='bbox 3442 4644 3506 4688; x_wconf 90' lang='lat' dir='ltr'><strong>ut</strong></span> <span class='ocrx_word' id='word_1_831' title='bbox 3531 4637 3707 4691; x_wconf 83' lang='lat' dir='ltr'><strong>virtus</strong></span> <span class='ocrx_word' id='word_1_832' title='bbox 3733 4639 3817 4692; x_wconf 53' lang='lat' dir='ltr'><strong>De</strong></span> 
     </span>
    </p>
   </div>
   <div class='ocr_carea' id='block_1_109' title="bbox 2271 4721 3815 4793">
    <p class='ocr_par' dir='ltr' id='par_1_109' title="bbox 2271 4721 3815 4793">
     <span class='ocr_line' id='line_1_110' title="bbox 2271 4721 3815 4793; baseline 0.003 -17"><span class='ocrx_word' id='word_1_833' title='bbox 2271 4721 2399 4776; x_wconf 90' lang='lat' dir='ltr'><strong>mini</strong></span> <span class='ocrx_word' id='word_1_834' title='bbox 2427 4731 2767 4787; x_wconf 90' lang='lat' dir='ltr'><strong>memoretur,</strong></span> <span class='ocrx_word' id='word_1_835' title='bbox 2797 4722 3006 4776; x_wconf 87' lang='lat' dir='ltr'><strong>nomine</strong></span> <span class='ocrx_word' id='word_1_836' title='bbox 3031 4724 3255 4793; x_wconf 89' lang='lat' dir='ltr'><strong>pristino</strong></span> <span class='ocrx_word' id='word_1_837' title='bbox 3281 4725 3619 4781; x_wconf 87' lang='lat' dir='ltr'><strong>inscribitur.</strong></span> <span class='ocrx_word' id='word_1_838' title='bbox 3649 4727 3815 4782; x_wconf 85' lang='lat' dir='ltr'><strong>Simon</strong></span> 
     </span>
    </p>
   </div>
   <div class='ocr_carea' id='block_1_110' title="bbox 2271 4794 3814 4880">
    <p class='ocr_par' dir='ltr' id='par_1_110' title="bbox 2271 4794 3814 4880">
     <span class='ocr_line' id='line_1_111' title="bbox 2271 4794 3814 4880; baseline 0.002 -15"><span class='ocrx_word' id='word_1_839' title='bbox 2271 4794 2649 4880; x_wconf 66' lang='lat' dir='ltr'><strong>interpretattir</strong></span> <span class='ocrx_word' id='word_1_840' title='bbox 2681 4813 2948 4877; x_wconf 81' lang='lat' dir='ltr'><strong>obediens,</strong></span> <span class='ocrx_word' id='word_1_841' title='bbox 2983 4813 3237 4867; x_wconf 87' lang='lat' dir='ltr'><strong>Bethania</strong></span> <span class='ocrx_word' id='word_1_842' title='bbox 3273 4815 3459 4869; x_wconf 86' lang='lat' dir='ltr'><strong>domus</strong></span> <span class='ocrx_word' id='word_1_843' title='bbox 3504 4817 3814 4870; x_wconf 68' lang='lat' dir='ltr'><strong>obedimtia.</strong></span> 
     </span>
    </p>
   </div>
   <div class='ocr_carea' id='block_1_111' title="bbox 2270 4901 3816 4971">
    <p class='ocr_par' dir='ltr' id='par_1_111' title="bbox 2270 4901 3816 4971">
     <span class='ocr_line' id='line_1_112' title="bbox 2270 4901 3816 4971; baseline 0.004 -17"><span class='ocrx_word' id='word_1_844' title='bbox 2270 4901 2604 4956; x_wconf 83' lang='lat' dir='ltr'><strong>Alabastrum</strong></span> <span class='ocrx_word' id='word_1_845' title='bbox 2629 4919 2796 4971; x_wconf 82' lang='lat' dir='ltr'><strong>genus</strong></span> <span class='ocrx_word' id='word_1_846' title='bbox 2819 4913 2900 4958; x_wconf 89' lang='lat' dir='ltr'><strong>est</strong></span> <span class='ocrx_word' id='word_1_847' title='bbox 2926 4905 3208 4960; x_wconf 91' lang='lat' dir='ltr'><strong>marmoris</strong></span> <span class='ocrx_word' id='word_1_848' title='bbox 3230 4906 3463 4971; x_wconf 89' lang='lat' dir='ltr'><strong>candidi,</strong></span> <span class='ocrx_word' id='word_1_849' title='bbox 3491 4909 3664 4962; x_wconf 83' lang='lat' dir='ltr'><strong>variis</strong></span> <span class='ocrx_word' id='word_1_850' title='bbox 3691 4908 3816 4962; x_wconf 76' lang='lat' dir='ltr'><strong>colo-</strong></span> 
     </span>
    </p>
   </div>
   <div class='ocr_carea' id='block_1_112' title="bbox 2273 4990 3817 5063">
    <p class='ocr_par' dir='ltr' id='par_1_112' title="bbox 2273 4990 3817 5063">
     <span class='ocr_line' id='line_1_113' title="bbox 2273 4990 3817 5063; baseline 0.005 -18"><span class='ocrx_word' id='word_1_851' title='bbox 2273 4990 2419 5046; x_wconf 89' lang='lat' dir='ltr'><strong>ribus</strong></span> <span class='ocrx_word' id='word_1_852' title='bbox 2448 4993 2739 5047; x_wconf 88' lang='lat' dir='ltr'><strong>intertincti</strong></span> <span class='ocrx_word' id='word_1_853' title='bbox 2761 5033 2775 5058; x_wconf 95' lang='lat'><strong>,</strong></span> <span class='ocrx_word' id='word_1_854' title='bbox 2805 4993 2870 5048; x_wconf 90' lang='lat' dir='ltr'><strong>de</strong></span> <span class='ocrx_word' id='word_1_855' title='bbox 2894 5010 3001 5063; x_wconf 93' lang='lat' dir='ltr'><strong>quo</strong></span> <span class='ocrx_word' id='word_1_856' title='bbox 3025 4995 3202 5049; x_wconf 90' lang='lat' dir='ltr'><strong>solent</strong></span> <span class='ocrx_word' id='word_1_857' title='bbox 3235 4996 3451 5050; x_wconf 84' lang='lat' dir='ltr'><strong>vascula</strong></span> <span class='ocrx_word' id='word_1_858' title='bbox 3490 5012 3692 5052; x_wconf 85' lang='lat' dir='ltr'><strong>cavare</strong></span> <span class='ocrx_word' id='word_1_859' title='bbox 3724 5012 3817 5051; x_wconf 83' lang='lat' dir='ltr'><strong>mc-</strong></span> 
     </span>
    </p>
   </div>
   <div class='ocr_carea' id='block_1_113' title="bbox 2272 5082 3822 5154">
    <p class='ocr_par' dir='ltr' id='par_1_113' title="bbox 2272 5082 3822 5154">
     <span class='ocr_line' id='line_1_114' title="bbox 2272 5082 3822 5154; baseline 0.002 -18"><span class='ocrx_word' id='word_1_860' title='bbox 2272 5082 2375 5137; x_wconf 89' lang='lat' dir='ltr'><strong>dici</strong></span> <span class='ocrx_word' id='word_1_861' title='bbox 2405 5092 2458 5137; x_wconf 91' lang='lat' dir='ltr'><strong>et</strong></span> <span class='ocrx_word' id='word_1_862' title='bbox 2482 5083 2533 5136; x_wconf 90' lang='lat' dir='ltr'><strong>in</strong></span> <span class='ocrx_word' id='word_1_863' title='bbox 2561 5097 2625 5136; x_wconf 90' lang='lat' dir='ltr'><strong>eo</strong></span> <span class='ocrx_word' id='word_1_864' title='bbox 2651 5100 2847 5153; x_wconf 90' lang='lat' dir='ltr'><strong>ponere</strong></span> <span class='ocrx_word' id='word_1_865' title='bbox 2865 5126 2878 5148; x_wconf 95' lang='lat'><strong>,</strong></span> <span class='ocrx_word' id='word_1_866' title='bbox 2904 5085 3027 5154; x_wconf 87' lang='lat' dir='ltr'><strong>quia</strong></span> <span class='ocrx_word' id='word_1_867' title='bbox 3054 5085 3124 5139; x_wconf 86' lang='lat' dir='ltr'><strong>ibi</strong></span> <span class='ocrx_word' id='word_1_868' title='bbox 3163 5085 3352 5140; x_wconf 88' lang='lat' dir='ltr'><strong>melius</strong></span> <span class='ocrx_word' id='word_1_869' title='bbox 3380 5098 3757 5152; x_wconf 79' lang='lat' dir='ltr'><strong>conservatur,</strong></span> <span class='ocrx_word' id='word_1_870' title='bbox 3775 5095 3822 5141; x_wconf 87' lang='lat' dir='ltr'><strong>et</strong></span> 
     </span>
    </p>
   </div>
   <div class='ocr_carea' id='block_1_114' title="bbox 2274 5175 3820 5248">
    <p class='ocr_par' dir='ltr' id='par_1_114' title="bbox 2274 5175 3820 5248">
     <span class='ocr_line' id='line_1_115' title="bbox 2274 5175 3820 5248; baseline 0.002 -20"><span class='ocrx_word' id='word_1_871' title='bbox 2274 5177 2339 5230; x_wconf 91' lang='lat' dir='ltr'><strong>ab</strong></span> <span class='ocrx_word' id='word_1_872' title='bbox 2362 5175 2474 5245; x_wconf 92' lang='lat' dir='ltr'><strong>ipso</strong></span> <span class='ocrx_word' id='word_1_873' title='bbox 2499 5191 2764 5231; x_wconf 88' lang='lat' dir='ltr'><strong>marmore</strong></span> <span class='ocrx_word' id='word_1_874' title='bbox 2785 5176 2954 5246; x_wconf 91' lang='lat' dir='ltr'><strong>ipsum</strong></span> <span class='ocrx_word' id='word_1_875' title='bbox 2979 5187 3304 5247; x_wconf 83' lang='lat' dir='ltr'><strong>unguentum</strong></span> <span class='ocrx_word' id='word_1_876' title='bbox 3331 5186 3575 5241; x_wconf 86' lang='lat' dir='ltr'><strong>vocatur,</strong></span> <span class='ocrx_word' id='word_1_877' title='bbox 3600 5194 3670 5233; x_wconf 86' lang='lat' dir='ltr'><strong>eo</strong></span> <span class='ocrx_word' id='word_1_878' title='bbox 3693 5177 3820 5248; x_wconf 79' lang='lat' dir='ltr'><strong>quod</strong></span> 
     </span>
    </p>
   </div>
   <div class='ocr_carea' id='block_1_115' title="bbox 2274 5265 3823 5339">
    <p class='ocr_par' dir='ltr' id='par_1_115' title="bbox 2274 5265 3823 5339">
     <span class='ocr_line' id='line_1_116' title="bbox 2274 5265 3823 5339; baseline 0.003 -21"><span class='ocrx_word' id='word_1_879' title='bbox 2274 5267 2601 5334; x_wconf 77' lang='lat' dir='ltr'><strong>frequentius</strong></span> <span class='ocrx_word' id='word_1_880' title='bbox 2629 5265 2702 5319; x_wconf 86' lang='lat' dir='ltr'><strong>ibi</strong></span> <span class='ocrx_word' id='word_1_881' title='bbox 2732 5275 3089 5331; x_wconf 68' lang='lat' dir='ltr'><strong>conservetur,</strong></span> <span class='ocrx_word' id='word_1_882' title='bbox 3121 5277 3173 5322; x_wconf 90' lang='lat' dir='ltr'><strong>et</strong></span> <span class='ocrx_word' id='word_1_883' title='bbox 3201 5283 3299 5337; x_wconf 89' lang='lat' dir='ltr'><strong>per</strong></span> <span class='ocrx_word' id='word_1_884' title='bbox 3327 5269 3565 5338; x_wconf 82' lang='lat' dir='ltr'><strong>speciem</strong></span> <span class='ocrx_word' id='word_1_885' title='bbox 3592 5280 3823 5339; x_wconf 78' lang='lat' dir='ltr'><strong>metony-</strong></span> 
     </span>
    </p>
   </div>
   <div class='ocr_carea' id='block_1_116' title="bbox 2274 5358 3824 5430">
    <p class='ocr_par' dir='ltr' id='par_1_116' title="bbox 2274 5358 3824 5430">
     <span class='ocr_line' id='line_1_117' title="bbox 2274 5358 3824 5430; baseline 0.003 -17"><span class='ocrx_word' id='word_1_886' title='bbox 2274 5358 2465 5423; x_wconf 89' lang='lat' dir='ltr'><strong>miam,</strong></span> <span class='ocrx_word' id='word_1_887' title='bbox 2503 5373 2598 5428; x_wconf 89' lang='lat' dir='ltr'><strong>per</strong></span> <span class='ocrx_word' id='word_1_888' title='bbox 2637 5360 2998 5414; x_wconf 87' lang='lat' dir='ltr'><strong>continentem</strong></span> <span class='ocrx_word' id='word_1_889' title='bbox 3035 5361 3086 5415; x_wconf 93' lang='lat' dir='ltr'><strong>id</strong></span> <span class='ocrx_word' id='word_1_890' title='bbox 3131 5362 3269 5430; x_wconf 90' lang='lat' dir='ltr'><strong>quod</strong></span> <span class='ocrx_word' id='word_1_891' title='bbox 3306 5362 3618 5417; x_wconf 88' lang='lat' dir='ltr'><strong>continetur</strong></span> <span class='ocrx_word' id='word_1_892' title='bbox 3657 5371 3824 5417; x_wconf 85' lang='lat' dir='ltr'><strong>osten-</strong></span> 
     </span>
    </p>
   </div>
   <div class='ocr_carea' id='block_1_117' title="bbox 2277 5449 3828 5521">
    <p class='ocr_par' dir='ltr' id='par_1_117' title="bbox 2277 5449 3828 5521">
     <span class='ocr_line' id='line_1_118' title="bbox 2277 5449 3828 5521; baseline 0.001 -17"><span class='ocrx_word' id='word_1_893' title='bbox 2277 5450 2423 5508; x_wconf 86' lang='lat' dir='ltr'><strong>dens.</strong></span> <span class='ocrx_word' id='word_1_894' title='bbox 2461 5449 2754 5503; x_wconf 88' lang='lat' dir='ltr'><strong>Pretiosum</strong></span> <span class='ocrx_word' id='word_1_895' title='bbox 2797 5450 3012 5516; x_wconf 91' lang='lat' dir='ltr'><strong>dicitur,</strong></span> <span class='ocrx_word' id='word_1_896' title='bbox 3055 5451 3179 5521; x_wconf 87' lang='lat' dir='ltr'><strong>quia</strong></span> <span class='ocrx_word' id='word_1_897' title='bbox 3218 5453 3356 5507; x_wconf 89' lang='lat' dir='ltr'><strong>sicut</strong></span> <span class='ocrx_word' id='word_1_898' title='bbox 3389 5452 3587 5507; x_wconf 86' lang='lat' dir='ltr'><strong>medici</strong></span> <span class='ocrx_word' id='word_1_899' title='bbox 3619 5451 3828 5506; x_wconf 57' lang='lat' dir='ltr'><strong>Graeco—</strong></span> 
     </span>
    </p>
   </div>
   <div class='ocr_carea' id='block_1_118' title="bbox 2281 5539 3830 5610">
    <p class='ocr_par' dir='ltr' id='par_1_118' title="bbox 2281 5539 3830 5610">
     <span class='ocr_line' id='line_1_119' title="bbox 2281 5539 3830 5610; baseline 0.001 -20"><span class='ocrx_word' id='word_1_900' title='bbox 2281 5553 2400 5594; x_wconf 88' lang='lat' dir='ltr'><strong>rum</strong></span> <span class='ocrx_word' id='word_1_901' title='bbox 2419 5539 2629 5604; x_wconf 89' lang='lat' dir='ltr'><strong>dicunt,</strong></span> <span class='ocrx_word' id='word_1_902' title='bbox 2655 5541 2836 5595; x_wconf 90' lang='lat' dir='ltr'><strong>omnia</strong></span> <span class='ocrx_word' id='word_1_903' title='bbox 2875 5542 2977 5596; x_wconf 89' lang='lat' dir='ltr'><strong>alia</strong></span> <span class='ocrx_word' id='word_1_904' title='bbox 3006 5552 3270 5610; x_wconf 85' lang='lat' dir='ltr'><strong>unguenta</strong></span> <span class='ocrx_word' id='word_1_905' title='bbox 3298 5541 3588 5595; x_wconf 87' lang='lat' dir='ltr'><strong>antecellit.</strong></span> <span class='ocrx_word' id='word_1_906' title='bbox 3622 5541 3830 5594; x_wconf 75' lang='lat' dir='ltr'><strong>Marcus</strong></span> 
     </span>
    </p>
   </div>
   <div class='ocr_carea' id='block_1_119' title="bbox 2280 5631 3832 5718">
    <p class='ocr_par' dir='ltr' id='par_1_119' title="bbox 2280 5631 3832 5718">
     <span class='ocr_line' id='line_1_120' title="bbox 2280 5631 3832 5718; baseline 0 -34"><span class='ocrx_word' id='word_1_907' title='bbox 2280 5631 2448 5702; x_wconf 86' lang='lat' dir='ltr'><strong>ipsam</strong></span> <span class='ocrx_word' id='word_1_908' title='bbox 2496 5631 2713 5687; x_wconf 84' lang='lat' dir='ltr'><strong>herbam</strong></span> <span class='ocrx_word' id='word_1_909' title='bbox 2752 5635 3094 5718; x_wconf 78' lang='lat' dir='ltr'><strong>aromaticam</strong></span> <span class='ocrx_word' id='word_1_910' title='bbox 3121 5634 3300 5705; x_wconf 88' lang='lat' dir='ltr'><strong>ponit,</strong></span> <span class='ocrx_word' id='word_1_911' title='bbox 3336 5634 3477 5691; x_wconf 89' lang='lat' dir='ltr'><strong>unde</strong></span> <span class='ocrx_word' id='word_1_912' title='bbox 3517 5634 3688 5704; x_wconf 84' lang='lat' dir='ltr'><strong>ipsum</strong></span> <span class='ocrx_word' id='word_1_913' title='bbox 3726 5647 3832 5684; x_wconf 62' lang='lat' dir='ltr'><strong>uno</strong></span> 
     </span>
    </p>
   </div>
  </div>
