3988 6186
191 348 333 411 1373

1311 337 1667 399 Exrosmo
1705 336 1770 392 IN
1810 336 2237 424 Murranum.
2290 368 2314 387 .

3269 338 3404 393 H75

188 474 447 540 gnentum
478 461 783 518 conﬁcitur.
814 460 1026 516 Nat-dus
1059 459 1199 514 enim
1241 457 1534 512 aromatica
1574 453 1746 506 frutex
1776 458 1823 515 Α
1854 449 1940 503 isti
1970 448 2179 504 mulieri
2208 449 2312 503 hoc
2342 448 2442 503 sibi
2470 447 2679 512 facere,
2711 456 2769 502 u‘t
2800 458 2855 503 et
2880 455 3103 503 mortem
3133 463 3283 503 suam
3316 466 3411 518 per

188 566 274 614 est
313 557 518 612 habens
550 556 755 625 nigram
781 563 837 608 et
863 569 1098 609 crassam
1130 552 1361 606 radicem
1389 560 1443 604 et
1486 547 1747 617 fragilem,

186 649 283 704 sed
312 649 586 719 pinguem.
613 646 757 703 Odor
778 644 895 714 ejus
919 660 1039 700 cum
1065 658 1314 714 cypresso
1341 641 1634 712 proximus,
1662 654 1750 694 sa-

185 753 319 809 pore
343 753 558 807 aspero,
583 736 707 791 folia
735 750 901 805 parva
928 743 983 790 et
1006 738 1191 796 densa,
1220 730 1378 800 cujus
1393 730 1668 785 cacumina
1697 730 1749 783 in

186 833 384 887 aristas
423 837 778 894 excrescunt,
821 844 941 899 quae
981 836 1036 882 et
1075 826 1235 896 spicae
1274 824 1637 878 nominantur.
1684 821 1751 874 Et

184 922 312 977 inde
340 922 470 977 dicit
512 920 750 985 Marcus,
798 918 969 973 Nardi
1009 916 1226 988 spicati,
1268 915 1320 969 id
1359 922 1444 967 est
1478 913 1544 967 de
1583 912 1751 966 nardo

183 1016 364 1086 spicas
404 1014 687 1068 habentem
706 1054 721 1076 ,
747 1011 874 1080 quia
909 1019 1086 1063 autem
1112 1006 1378 1077 pretiosus
1403 1011 1576 1066 esset,
1603 1012 1659 1056 et
1684 1003 1750 1056 de

128 1152 143 1165 .,
185 1105 455 1159 radicibus
474 1101 607 1157 etde
628 1098 789 1171 spicis
809 1109 865 1154 et
886 1100 950 1154 de
976 1098 1137 1159 foliis,
1162 1095 1335 1151 factus
1387 1093 1579 1147 fuerat.
1595 1090 1751 1145 Joan-

184 1212 285 1251 nes
309 1208 487 1249 autem
516 1195 669 1248 nardi
694 1193 862 1263 pistici
886 1191 1081 1261 posuit.
1116 1190 1273 1244 Pistis
1296 1189 1425 1256 [ades
1455 1186 1639 1241 Grzcce
1669 1186 1748 1239 di-

182 1288 350 1349 citur,
380 1297 434 1341 et
459 1301 489 1337 a
519 1284 641 1353 pisti
664 1283 888 1353 pisticus
909 1281 1197 1336 derivatur.
1232 1279 1297 1331 Et
1325 1277 1521 1331 dicitur
1550 1275 1750 1331 nardus

182 1378 380 1444 ﬁdelis,
413 1393 477 1433 eo
501 1377 642 1445 quod
670 1392 791 1430 eum
821 1374 1050 1427 veritate
1082 1370 1273 1434 lactus,
1306 1368 1500 1422 nullam
1533 1366 1751 1438 imposi-

182 1480 365 1524 turam
401 1479 494 1524 aut
539 1469 816 1522 misturam
863 1465 1016 1520 malae
1058 1463 1133 1518 rei
1174 1461 1440 1516 habuerit.
1483 1460 1752 1527 Quaeritur

179 1574 364 1618 autem
415 1577 582 1631 quare
628 1561 730 1614 ista
770 1556 962 1612 mulier
1007 1565 1133 1610 tunc
1167 1554 1268 1608 hoc
1310 1551 1537 1623 voluerit
1571 1549 1749 1605 facere

180 1654 411 1709 Domino
436 1653 578 1722 quod
605 1659 727 1704 ante
751 1663 854 1703 non
881 1648 1111 1712 fecerat,
1141 1645 1223 1700 vel
1251 1659 1419 1715 quare
1443 1642 1749 1713 permiserit

178 1743 288 1798 sibi
330 1742 445 1797 ﬁeri
486 1742 588 1796 hoc
627 1740 918 1810 pretiosum
959 1753 1112 1807 opus.
1157 1737 1445 1805 Postquam
1492 1734 1748 1789 Dominus

174 1836 444 1891 Lazarum
472 1824 827 1889 suscitaverat
852 1833 903 1886 in
926 1830 1239 1887 Bethaniam
1268 1845 1372 1883 non
1403 1833 1623 1882 venerat
1642 1825 1745 1880 nisi

178 1939 312 1985 tunc
344 1930 610 1999 primum,
646 1935 701 1981 et
732 1926 818 1980 illa
847 1940 951 1979 non
981 1923 1154 1994 potuit
1177 1921 1404 1991 amplius
1430 1918 1747 1989 obsequium

172 2018 362 2073 facere
385 2033 482 2089 pro
509 2018 767 2072 suscitato
800 2016 986 2070 fratre.
1026 2014 1168 2068 Emit
1195 2014 1290 2067 hoc
1318 2020 1635 2083 unguentum
1652 2050 1667 2075 ,
1697 2018 1746 2064 et

171 2109 330 2163 unxit
372 2118 525 2179 caput
562 2108 696 2178 ejus.
740 2106 876 2174 Quia
910 2113 1026 2160 erat
1069 2103 1399 2159 consuetudo
1442 2100 1746 2157 Iudaeorum

169 2207 341 2267 caput
363 2212 561 2268 ungere
585 2197 653 2252 de
679 2196 940 2252 confectis
964 2194 1272 2266 unguentis,
1294 2192 1548 2263 quoniam
1574 2192 1748 2246 inerat

167 2286 258 2341 eis
280 2286 437 2356 copia
466 2285 818 2350 de'balsamo,
854 2285 995 2354 quod
1022 2285 1076 2338 in
1103 2298 1288 2339 eorum
1314 2290 1459 2338 terra
1486 2281 1745 2336 nasceba-

168 2384 287 2438 tur,
314 2384 365 2429 et
390 2389 487 2443 pro
513 2374 613 2429 hac
643 2373 1025 2430 consuetudine
1046 2371 1237 2427 divites
1266 2379 1322 2427 et
1343 2384 1603 2440 pauperes
1626 2375 1746 2439 post

167 2466 501 2521 lavationem
534 2465 688 2521 faciei
718 2465 988 2536 angebant
1015 2470 1196 2534 caput.
1228 2462 1380 2519 Unde
1404 2469 1460 2517 et
1490 2462 1746 2516 Dominus

167 2558 313 2611 dicit
340 2575 354 2611 :
382 2555 459 2609 Tu
486 2567 657 2610 autent
683 2572 799 2610 cum
819 2554 1053 2627 jejunus,
1079 2569 1213 2625 unge
1236 2562 1389 2624 caput
1408 2562 1573 2618 tuum,
1595 2560 1643 2613 et
1664 2551 1746 2618 fa-

165 2648 310 2700 ciem
339 2656 483 2700 tuam
512 2646 649 2702 ιαυα.
680 2648 757 2701 Ex
790 2647 893 2701 hac
923 2660 1050 2717 ergo
1084 2644 1469 2729 consuetudine
1493 2641 1746 2698 Dominus

165 2750 340 2807 caput
381 2740 647 2810 angebat.
687 2746 742 2794 et
785 2740 905 2794 ideo
945 2738 1044 2793 sibi
1083 2736 1329 2807 permisit
1366 2735 1501 2791 ﬁeri.
1549 2733 1746 2806 Typice

167 2838 357 2885 autem
400 2831 640 2886 Ecclesia
681 2830 879 2886 Christi
914 2837 1074 2898 caput
1117 2829 1300 2896 ungit,
1340 2843 1461 2883 cum
1492 2826 1747 2898 mysteria

168 2933 470 2992 assumpta:
488 2922 841 2976 humanitatis
865 2922 1024 2992 digna
1054 2920 1354 2975 reverentia
1383 2918 1623 2988 suscipit.
1657 2915 1748 2972 Vi-

169 3018 356 3070 dentes
393 3025 567 3067 autent
611 3013 882 3083 discipuli,
921 3012 1178 3082 indignati
1217 3020 1334 3065 sunt
1367 3011 1608 3065 dicentes.
1647 3006 1750 3064 Per

170 3106 416 3177 speciem
459 3105 795 3175 synecdoche
836 3102 988 3158 multi
1019 3118 1116 3173 pro
1153 3118 1261 3157 uno
1289 3100 1550 3170 indignati
1583 3098 1748 3154 fuisse

171 3200 452 3260 dicuntur,
482 3211 602 3252 cum
630 3195 865 3250 Joannes
893 3195 1064 3250 solum
1086 3192 1278 3248 ludam
1300 3192 1445 3247 dicat
1469 3190 1635 3246 fuisse
1661 3190 1746 3245 in-

172 3290 481 3359 dignatum.
512 3285 691 3341 Potuit
717 3287 852 3341 enim
880 3285 1021 3340 istud
1044 3283 1326 3339 venundari
1352 3281 1537 3347 multo,
1563 3292 1610 3335 et
1631 3280 1749 3334 dari

173 3378 514 3450 pauperibus.
546 3377 622 3432 De
656 3378 757 3431 ista
790 3392 953 3432 causa
980 3373 1145 3429 ludas
1181 3371 1491 3429 scandalum
1521 3370 1750 3440 sumpsit
1810 3446 1821 3453 ἐ

176 3480 372 3526 contra
412 3469 723 3530 Dominum,
756 3483 877 3521 cum
910 3475 1034 3520 ante
1069 3480 1283 3535 semper
1310 3461 1616 3519 incredulus
1639 3461 1751 3514 lue-

179 3568 293 3617 rat.
331 3559 397 3615 Et
444 3560 612 3614 iratus
658 3566 740 3614 est
776 3556 1029 3627 quoniam
1072 3570 1180 3609 non
1229 3553 1379 3607 licuit
1426 3542 1474 3607 el
1522 3543 1763 3604 vendere

181 3651 364 3721 ipsum
386 3658 732 3720 unguentum,
747 3656 803 3702 et
812 3646 1017 3717 putavit
1032 3659 1137 3699 non
1157 3658 1276 3698 esse
1290 3641 1476 3705 Deum,
1500 3639 1753 3710 quoniam

183 3740 282 3811 qui
309 3754 521 3810 semper
548 3740 801 3809 despecte
820 3738 1045 3803 vixerat,
1068 3743 1123 3790 et
1142 3733 1369 3806 gloriam
1393 3731 1552 3802 hujus
1572 3728 1755 3785 saeculi

185 3849 289 3907 pro
324 3832 492 3889 nihilo
531 3831 791 3897 duxerat,
824 3840 951 3886 tunc
989 3826 1334 3899 permittebat
1370 3838 1429 3879 se
1473 3821 1600 3893 ungi
1647 3829 1755 3875 tam

185 3925 430 3997 pretioso
456 3929 748 3994 unguento.
778 3922 905 3975 Erat
939 3932 1170 3989 namque
1197 3913 1525 3972 consuetudo
1552 3913 1606 3967 in
1641 3911 1756 3982 ipsa

188 4026 337 4071 terra
356 4054 374 4082 ,
408 4021 464 4068 et
490 4013 544 4068 in
574 4012 753 4067 multis
779 4011 939 4066 terris
957 4050 972 4073 ,
1000 4009 1052 4063 in
1077 4008 1271 4079 quibus
1299 4019 1404 4060 non
1436 4010 1660 4073 possunt
1679 4001 1758 4056 vi-

186 4122 319 4163 vere
343 4122 443 4178 pro
471 4103 798 4161 abundantia
825 4100 1173 4171 serpentium,
1202 4096 1303 4152 nisi
1335 4094 1565 4150 habeant
1591 4093 1760 4154 medi-

188 4200 375 4261 cinas,
413 4204 474 4251 ut
500 4194 691 4250 medici
723 4192 959 4248 facerent
985 4197 1039 4245 et
1079 4194 1349 4258 unguenta
1384 4193 1437 4239 et
1471 4182 1756 4247 theriacas,

189 4289 323 4360 quia
357 4286 632 4342 abundant
671 4284 750 4340 eis
796 4282 973 4338 herbae
1012 4288 1067 4335 et
1103 4279 1405 4349 pigmenta,
1442 4282 1497 4331 et
1528 4272 1762 4327 vendant

190 4377 280 4436 his
319 4377 412 4448 qui
445 4376 548 4432 hoc
584 4367 689 4430 non
728 4371 945 4428 habent.
991 4369 1142 4427 Unde
1170 4362 1235 4423 'et
1266 4374 1526 4422 vestrates
1561 4375 1764 4419 scamo-

191 4468 343 4524 niam
368 4474 705 4536 comparant,
729 4465 870 4534 quod
898 4463 971 4518 illi
1000 4462 1091 4533 qui
1121 4460 1355 4519 vendunt
1383 4460 1448 4515 de
1472 4457 1565 4512 vili
1594 4455 1760 4512 herba
1786 4484 1838 4545 Ι)

192 4556 506 4615 conﬁciunt.
535 4555 683 4610 Dixit
708 4564 880 4609 autem
902 4553 937 4608 .I
944 4554 1073 4608 udas
1089 4567 1106 4605 :
1124 4550 1190 4607 Ut
1215 4550 1338 4623 quid
1364 4548 1585 4621 perditio
1611 4545 1761 4600 lucc?

191 4652 364 4724 potuit
388 4652 523 4705 enim
541 4650 682 4705 istud
709 4630 1196 4709 venundari'multo,
1220 4655 1268 4700 et
1286 4644 1404 4698 dari
1424 4640 1758 4714 pauperibus.

205 4743 510 4799 Venundari
538 4743 698 4799 multo
716 4783 733 4809 ,
756 4741 881 4811 quia
910 4738 1164 4795 trecentis
1189 4734 1457 4798 denariis,
1488 4731 1540 4787 id
1569 4740 1651 4787 est
1680 4731 1761 4786 vi-

195 4834 335 4907 ginti
371 4834 606 4904 quinque
652 4831 842 4888 solidis
883 4829 1179 4886 venundari
1228 4825 1509 4897 potuisset.
1560 4822 1763 4877 Tamen

196 4924 439 4981 Joannes
464 4921 616 4989 dicit,
636 4923 762 4993 quia
787 4922 922 4977 libra
944 4918 1202 4991 unguenti
1223 4917 1345 4972 fuit.
1373 4915 1484 4970 Hoc
1510 4922 1593 4969 est
1621 4912 1764 4982 quod

196 5028 331 5070 eum
355 5027 460 5068 una
488 5011 623 5068 libra
653 5019 863 5082 poterat
890 5007 1209 5078 comparari.
1241 5004 1357 5061 Non
1394 5006 1522 5060 dare
1553 5002 1766 5059 volebat

196 5107 562 5182 pauperibus,
603 5106 699 5161 sed
722 5104 1007 5159 avaritiam
1046 5114 1199 5156 suam
1233 5110 1542 5169 aggregare.
1582 5092 1764 5149 Sciens

200 5176 381 5251 autem
417 5194 571 5249 Jesus
591 5234 606 5260 ,
643 5194 719 5246 ait
750 5190 856 5245 illis
888 5203 906 5241 :
935 5188 1075 5255 Quid
1111 5186 1312 5242 molesti
1348 5184 1468 5239 estis
1497 5182 1617 5236 huic
1650 5176 1791 5234 mu-'

202 5286 370 5341 lieni?
414 5284 665 5341 Molestus
707 5280 901 5337 dicitur
940 5279 1136 5343 durus,
1177 5277 1363 5332 iratus.
1405 5272 1546 5344 Opus
1577 5271 1765 5325 bonum

206 5386 424 5449 operata
445 5384 521 5431 est
549 5376 603 5429 in
630 5391 730 5429 me.
759 5371 863 5427 Alii
888 5370 1224 5440 evangelista;
1255 5367 1437 5423 dicunt
1461 5378 1629 5434 quare
1656 5364 1768 5418 Deo

207 5470 474 5543 placuerit
497 5483 633 5539 opus
656 5467 758 5522 hoc
782 5464 1075 5537 pretiosum
1104 5460 1240 5516 ﬁeri.
1266 5456 1545 5519 Prwvenit,
1574 5452 1769 5522 inquit,

207 5576 404 5630 ungere
436 5568 588 5630 caput
618 5574 818 5623 meum,
851 5556 906 5610 in
931 5551 1248 5624 sepulturam
1282 5563 1469 5602 meam.
1506 5543 1770 5611 Quoniam

214 5653 334 5721 ipse
356 5668 460 5707 nou
485 5658 604 5706 erat
631 5649 684 5702 in
709 5652 1052 5702 monumento
1079 5652 1185 5697 tam
1213 5639 1301 5695 diu
1328 5646 1389 5693 ut
1410 5634 1770 5692 necessarium

1851 541 1953 594 hoc
1981 539 2179 594 factum
2212 539 2548 603 ostenderet,
2583 547 2635 593 et
2667 538 2947 593 devotione
2980 540 3218 595 mulieris
3248 542 3412 595 adim-

1848 631 2019 701 pleret
2048 646 2166 700 quae
2189 631 2258 685 ob
2279 628 2382 685 hoc
2408 630 2581 699 ipsum
2604 643 2929 699 unguentum
2959 641 3181 685 emerat.
3207 629 3412 703 Paupe-

1850 745 1929 782 res
1951 727 2083 781 enim
2111 742 2308 796 semper
2329 724 2527 779 habetis
2552 725 2832 789 vobiscum,
2855 742 2934 780 me
2963 735 3133 779 autem
3159 743 3258 779 non
3279 744 3413 780 scm-

1847 837 1941 890 per
1964 818 2233 873 habebitis.
2260 818 2336 870 De
2355 815 2639 885 praasentia
2669 820 2909 884 corporis
2938 814 3267 884 loquebatur,
3289 819 3411 886 quia

1848 923 2158 963 recessurus
2199 914 2311 960 erat
2349 906 2416 959 ab
2459 905 2556 958 eis.
2608 903 2741 957 Nam
2781 905 3062 974 przeseutia
3118 906 3413 959 divinitatis

1848 1012 2063 1068 semper
2093 996 2243 1050 adest
2280 993 2530 1048 omnibus
2569 992 2756 1048 electis
2796 993 2936 1053 suis.
2978 994 3115 1057 sicut
3151 994 3261 1063 ipse
3295 1003 3416 1063 post

1849 1086 2295 1141 resurrectionem
2323 1085 2433 1138 suis
2465 1076 2930 1153 discipulis'dixit:
2964 1082 3097 1136 Ecce
3122 1101 3213 1153 ego
3236 1086 3416 1138 vobis-

1848 1196 1967 1233 cum
1991 1195 2106 1232 sum
2137 1194 2296 1249 usque
2322 1177 2390 1230 ad
2417 1177 2907 1230 consummationem
2936 1175 3133 1230 swculi.

1919 1267 2129 1322 Mittens
2148 1268 2283 1360 enim
2302 1265 2413 1320 lucc
2434 1266 2748 1321 subauditur
2762 1264 2969 1328 mulier,
2985 1274 3298 1336 unguentum
3320 1267 3416 1319 hoc
3460 1314 3473 1323 .

1848 1357 1903 1411 in
1930 1373 2124 1427 corpus
2164 1352 2360 1418 mcum,
2403 1355 2472 1408 ad
2513 1354 2857 1425 sepeliendum
2895 1371 2974 1407 me
3009 1354 3146 1423 fecit.
3185 1352 3295 1409 Hoc
3333 1366 3416 1410 est

1848 1447 2079 1504 oﬁicium
2118 1447 2261 1517 quod
2298 1453 2419 1517 post
2458 1455 2683 1500 mortem
2732 1460 2905 1499 meam
2948 1445 3079 1498 mihi
3113 1444 3413 1499 faciendum

1847 1540 1970 1603 erit,
1998 1536 2261 1609 praevenit
2283 1537 2480 1602 facere,
2508 1554 2594 1591 me
2616 1536 2930 1607 inspirante,
2958 1536 3099 1605 quod
3119 1552 3228 1606 prae
3251 1535 3415 1592 celeri

1849 1628 2243 1683 resurrectione
2285 1626 2464 1681 facere
2499 1641 2602 1681 non
2642 1626 2854 1695 poterit.
2899 1624 3062 1678 Amen
3100 1626 3215 1679 dico
3251 1626 3411 1689 vobis,

1847 1721 2134 1791 ubicunque
2157 1720 2497 1789 praedicatum
2527 1718 2682 1787 fuerit
2711 1718 2808 1771 hoc
2850 1716 3185 1787 Evangelium
3226 1718 3279 1770 in
3309 1728 3414 1770 toto

1774 1804 1820 1863 B
1846 1812 2061 1866 mundo.
2096 1810 2173 1866 Ac
2202 1811 2248 1866 si
2284 1810 2428 1865 dicat
2458 1827 2472 1881 ;
2503 1807 2636 1863 Cum
2664 1806 3040 1877 praedicabitur
3064 1806 3405 1877 Evangelium

1848 1920 2050 1971 meum,
2082 1904 2292 1959 dicetur
2319 1910 2375 1957 et
2397 1901 2539 1971 quod
2562 1900 2675 1955 haec
2702 1898 2828 1954 fecit
2858 1898 2910 1953 in
2939 1898 3253 1953 memoriam
3277 1894 3409 1963 ejus.

1845 1997 1950 2055 Per
1970 2012 2182 2052 onmem
2207 1994 2464 2063 mundum
2484 2000 2540 2047 et
2565 1991 2682 2062 ipsa
2705 1990 3007 2045 laudabitur
3032 1998 3087 2043 et
3110 1989 3410 2058 exemplum

1847 2089 1915 2144 ab
1942 2089 2054 2159 ipsa
2083 2086 2329 2158 capietur
2354 2083 2579 2139 Domino
2608 2081 2905 2146 serviendi;
2937 2089 2992 2134 et
3014 2080 3323 2151 spiritaliter
3346 2081 3412 2133 de

1844 2183 2084 2239 Ecclesia
2115 2187 2293 2251 potest
2330 2175 2519 2246 accipi.
2552 2173 2618 2229 Et
2657 2174 2981 2239 contristati,
3014 2182 3271 2241 eruperunt
3312 2172 3417 2226 sin-

1845 2273 1956 2345 guli
1991 2273 2161 2327 dicere
2198 2286 2217 2326 :
2257 2267 2511 2339 Nunquid
2545 2282 2637 2337 ego
2676 2281 2820 2330 sum,
2862 2263 3128 2319 Domine?
3156 2262 3412 2331 Quamvis

1845 2362 2046 2420 conscii
2085 2361 2187 2416 sibi
2221 2367 2405 2416 essent
2441 2356 2575 2412 nihil
2612 2355 2718 2411 tale
2753 2355 3231 2425 erga‘magistrum
3271 2354 3412 2424 cogi-

1846 2465 2020 2518 tasse,
2061 2463 2239 2509 tamen
2272 2450 2392 2522 plus
2426 2449 2655 2504 credunt
2685 2446 2943 2516 magistro
2976 2459 3136 2515 quam
3180 2444 3302 2498 sibi.
3347 2444 3415 2497 Et
3469 2444 3481 2461 ‘

1844 2545 2235 2602 contristantur
2254 2555 2319 2595 eo
2341 2539 2482 2610 quod
2504 2537 2628 2592 talis
2652 2537 2723 2591 sit
2745 2537 2887 2591 inter
2909 2549 3003 2590 eos
3022 2534 3125 2605 qui
3142 2533 3243 2588 hoc
3265 2533 3411 2612 cogi-

1844 2637 1996 2692 tavit.
2035 2634 2102 2688 At
2140 2634 2248 2703 ipse
2286 2629 2626 2701 respondens,
2659 2629 2734 2682 ait
2770 2641 2790 2680 :
2821 2626 2926 2692 Qui
2964 2625 3171 2695 intingit
3216 2640 3415 2678 mecum

1845 2741 2059 2784 manum
2083 2724 2136 2778 in
2161 2721 2436 2795 paropside
2455 2761 2469 2786 ,
2506 2719 2591 2773 ltic
2625 2735 2704 2772 me
2731 2716 2920 2771 tradet.
2955 2714 3220 2769 Paulatim
3243 2722 3300 2768 et
3322 2729 3419 2783 pur

1848 2816 2068 2879 indicia,
2093 2814 2232 2868 sicut
2253 2812 2375 2882 pius
2397 2810 2646 2865 dominus
2671 2815 2726 2864 et
2749 2806 3027 2877 magister,
3054 2820 3178 2860 eum
3205 2804 3420 2859 volebat

1847 2906 2133 2975 castigare,
2163 2902 2256 2958 sed
2279 2902 2393 2970 ipse
2420 2900 2721 2954 irreverens
2743 2895 2932 2958 factus,
2963 2909 3071 2949 non
3098 2893 3268 2948 solum
3291 2907 3421 2947 con-

1849 2995 2094 3051 tristatus
2119 3007 2228 3046 non
2254 2999 2375 3046 erat
2400 2998 2460 3043 ut
2485 2988 2665 3043 cseteri
2684 3026 2700 3052 ,
2727 2985 2821 3041 sed
2850 2984 3016 3040 etiam
3042 2998 3263 3038 manum
3294 2997 3418 3037 cum

1848 3087 2110 3158 magistro
2134 3084 2190 3138 in
2214 3082 2490 3138 vasculum
2516 3080 2779 3135 mittebat.
2808 3076 3097 3133 Peccatum
3120 3076 3262 3132 enim
3289 3090 3418 3128 ava-

1774 3150 1819 3212 C
1850 3150 1986 3232 ritiie
2014 3166 2156 3247 quod
2182 3174 2236 3229 in
2258 3181 2439 3228 mente
2460 3169 2714 3232 habebat,
2737 3167 2899 3223 etiam
2931 3182 2962 3220 a
2991 3173 3188 3222 cmtero
3212 3166 3421 3220 invere-

1847 3266 2082 3321 cundum
2110 3261 2385 3319 reddebat.
2417 3258 2669 3329 Paropsis
2692 3266 2873 3311 autem
2903 3262 2987 3311 est
3014 3270 3111 3310 vas
3144 3254 3419 3326 quadran-

1848 3356 2028 3425 gulum
2061 3362 2116 3410 et
2140 3351 2580 3425 quadrilaterum,
2612 3348 2664 3404 id
2692 3357 2776 3404 est
2807 3348 3027 3418 paribus
3054 3345 3350 3403 absidibus.

1922 3467 2068 3522 Tunc
2095 3465 2220 3519 abiit
2243 3480 2377 3519 unus
2396 3463 2459 3517 de
2480 3461 2771 3516 duodecim.
2795 3458 2949 3527 Quod
2970 3458 3316 3530 evangelista:
3337 3457 3419 3512 di-

1849 3567 1978 3615 cunt
2001 3555 2166 3611 Judas
2182 3564 2306 3625 post
2330 3554 2636 3609 unctionem
2663 3552 2856 3622 capitis
2891 3550 3103 3604 Domini
3131 3549 3197 3604 ad
3222 3548 3418 3603 Phari-

1850 3663 1988 3705 seeos
2017 3648 2163 3713 ierit,
2194 3653 2250 3700 et
2279 3645 2475 3700 iterum
2517 3641 2758 3697 referunt
2808 3641 2949 3711 quod
2974 3650 3097 3711 post
3124 3637 3421 3694 buccellam

1852 3739 2067 3805 abierit,
2096 3736 2370 3794 sciendum
2401 3733 2543 3805 quod
2564 3748 2631 3788 ex
2659 3733 2746 3788 illa
2781 3732 2911 3787 hora
2945 3731 3125 3786 animo
3153 3720 3427 3785 delibera-7

1853 3833 1992 3888 verit
2019 3846 2078 3887 se
2127 3828 2348 3884 iturum.
2390 3826 2643 3882 Auditum
2671 3823 2814 3879 enim
2838 3822 3072 3882 habebat
3103 3820 3229 3890 quia
3266 3818 3418 3889 prin-

1854 3923 2002 3995 cipes
2020 3919 2355 3977 sacerdotum
2376 3918 2649 3973 decretum
2676 3914 2945 3969 habebant
2971 3919 3031 3965 ut
3066 3911 3112 3965 si
3141 3909 3262 3981 quis
3291 3923 3415 3964 eum

1857 4020 2040 4070 nosset
2059 4011 2327 4083 proderet.
2362 4006 2466 4074 Qui
2507 4005 2701 4060 dicitur
2741 4002 2913 4058 ludas
2944 4000 3245 4056 lscariotes.
3277 3999 3423 4054 lsca-

1856 4104 2040 4167 riotes,
2077 4117 2110 4155 a
2145 4100 2265 4156 vico
2298 4097 2352 4152 in
2389 4111 2496 4167 quo
2539 4102 2691 4150 ortus
2736 4100 2819 4149 est
2857 4092 2935 4148 sic
2988 4098 3232 4145 vocatur.
3280 4087 3420 4154 Quid

1855 4192 2009 4250 vultis
2028 4191 2157 4245 mihi
2181 4190 2329 4253 dare,
2352 4196 2399 4241 et
2419 4203 2511 4257 ego
2532 4184 2671 4240 vobis
2692 4199 2809 4238 eum
2830 4181 3032 4235 tradam
3057 4181 3082 4235 .’
3107 4179 3234 4235 Inde
3253 4179 3419 4234 etiam

1856 4281 2121 4352 pessimus
2157 4276 2341 4338 ludas,
2364 4275 2488 4345 quia
2527 4274 2641 4344 ipse
2663 4271 2812 4343 prior
2832 4269 2964 4324 abiit
2989 4271 3056 4324 ad
3085 4266 3414 4329 Pbarisacos,

1858 4379 1914 4427 et
1938 4368 2169 4440 pretium
2206 4358 2416 4422 Domini
2452 4364 2506 4421 in
2540 4369 2809 4435 potestate
2847 4360 3058 4415 illorum
3106 4357 3328 4415 dimisit.
3357 4358 3424 4413 Et

1862 4463 2165 4534 quicunque
2193 4458 2530 4515 Christianus
2576 4454 2860 4510 veritatem
2889 4450 3035 4534 celat
3051 4466 3149 4520 pro
3174 4465 3420 4514 munere,

1862 4526 1944 4609 vel
1979 4526 2279 4607 membrum
2304 4547 2504 4615 Christi
2529 4552 2749 4619 pr0pter
2766 4557 2990 4599 munera
3013 4526 3211 4611 injuste
3238 4541 3418 4610 oppri-

1861 4646 1978 4710 mit,
2002 4641 2193 4699 similis
2209 4638 2359 4694 Judte
2394 4646 2495 4703 est,
2526 4635 2651 4708 quia
2681 4634 2797 4705 ipse
2829 4632 2962 4689 dixit
2991 4645 3006 4686 :
3039 4630 3150 4701 Ego
3186 4646 3301 4684 sum
3332 4646 3420 4683 ue-

1863 4737 2011 4790 ritas.
2071 4729 2224 4796 Quod
2261 4729 2355 4783 uni
2394 4743 2459 4782 ex
2481 4725 2707 4781 minimis
2731 4724 2857 4779 meis
2883 4722 3099 4793 fecistis,
3142 4719 3268 4775 mihi
3298 4719 3423 4786 feci-

1861 4827 1975 4879 stis.
2027 4820 2230 4877 Similis
2253 4828 2309 4874 et
2336 4819 2423 4874 ille
2467 4820 2561 4887 qui
2591 4814 2931 4871 concordiam
2980 4799 3233 4867 fraternai
3275 4810 3426 4879 pacis

1863 4913 2106 4984 dissipat,
2134 4911 2259 4981 quia
2281 4908 2424 4966 Deus
2444 4906 2681 4963 cbaritas
2692 4915 2794 4959 est.
2810 4903 2876 4956 At
2896 4901 2972 4956 illi
2987 4900 3357 4957 constituerunt
3376 4897 3435 4950 ei“

1866 5005 2079 5075 triginta
2124 5010 2412 5074 argenteos.
2438 4998 2554 5054 Non
2579 5005 2661 5052 est
2684 4994 3065 5051 inconveniens
3089 4991 3275 5047 eodem
3303 5003 3425 5058 pre-

1870 5095 1944 5151 tio
1964 5094 2184 5150 credere
2214 5091 2409 5161 Josepb
2440 5088 2734 5151 venditum,
2780 5083 3028 5155 quamvis
3075 5088 3323 5135 auctores
3355 5075 3422 5132 de

1867 5185 1970 5240 hoc
2016 5183 2249 5247 varient,
2304 5179 2553 5250 quoniam
2599 5175 2793 5245 Josepb
2838 5175 2891 5229 in
2940 5174 3163 5244 ﬁguram
3212 5167 3423 5224 Domini

1867 5274 2164 5347 praecessit,
2195 5280 2251 5328 et
2283 5270 2479 5340 Joseph
2509 5267 2753 5323 venditus
2778 5273 2862 5319 est
2882 5265 2936 5319 in
2977 5261 3200 5319 servitio
3223 5273 3423 5330 perpe-

1869 5374 1980 5429 tuo,
2031 5362 2287 5417 Dominus
2322 5367 2500 5414 autem
2554 5355 2885 5412 solummodo
2927 5350 3299 5409 manifestatus
3339 5358 3424 5405 est

1870 5455 1997 5512 sine
2028 5452 2201 5509 turbis
2225 5462 2364 5507 esse.
2411 5446 2815 5503 Constituerunt
2856 5443 2907 5499 ei
2939 5457 2998 5498 se
3026 5442 3262 5502 daturos,
3312 5453 3423 5493 non

1868 5554 2051 5599 tamen
2081 5542 2357 5603 dederunt,
2378 5537 2482 5592 nisi
2500 5544 2623 5609 post
2645 5532 3019 5606 perditionem.
3048 5528 3253 5584 Exinde
3279 5543 3424 5598 quaz-
3474 5600 3483 5609 ο

1872 5636 2015 5691 rebat
2069 5631 2521 5703 opportunitatem,
2565 5638 2619 5682 ut
2653 5640 2771 5681 eum
2802 5623 3046 5679 traderet.
3095 5618 3423 5676 Subauditur

217 5707 360 5799 t‘Ioret
400 5742 616 5800 condire
649 5754 841 5809 corpus
872 5738 988 5809 ejus
1034 5737 1099 5795 de
1140 5730 1483 5790 aromatibus.
1527 5726 1775 5792 Pennisl‘
1875 5724 2007 5786 Sine
2048 5722 2221 5781 turbis
2247 5721 2484 5779 traderet
2530 5727 2586 5776 et
2618 5717 2759 5786 aliis,
2788 5723 2844 5772 et
2869 5714 2983 5787 ipse
3021 5725 3130 5768 non
3179 5707 3417 5765 haberet.
