  <div class='ocr_page' id='page_1' title='image "/cluster/home/n/w/nwhite01/storage/ocr_20150623/106/hvd.32044054759717/743.png"; bbox 0 0 3952 6186; ppageno 0'>
   <div class='ocr_carea' id='block_1_1' title="bbox 556 211 3762 325">
    <p class='ocr_par' dir='ltr' id='par_1_1' title="bbox 556 211 3762 325">
     <span class='ocr_line' id='line_1_1' title="bbox 556 211 3762 325; baseline -0.008 0"><span class='ocrx_word' id='word_1_1' title='bbox 556 271 691 325; x_wconf 67' lang='grc' dir='ltr'><strong>Ητῦ</strong></span> <span class='ocrx_word' id='word_1_2' title='bbox 1313 257 1692 316; x_wconf 69' lang='lat' dir='ltr'><strong>CHRISTIASI</strong></span> <span class='ocrx_word' id='word_1_3' title='bbox 1730 255 2130 313; x_wconf 55' lang='lat' dir='ltr'><strong>DRUTHMAR!</strong></span> <span class='ocrx_word' id='word_1_4' title='bbox 2170 252 2607 310; x_wconf 75' lang='lat' dir='ltr'><strong>CORBElENSlS</strong></span> <span class='ocrx_word' id='word_1_5' title='bbox 2646 211 2946 306; x_wconf 36' lang='lat' dir='ltr'><strong>MOSAClll</strong></span> <span class='ocrx_word' id='word_1_6' title='bbox 3630 249 3762 301; x_wconf 54' lang='lat'><strong>“&#39;46</strong></span> 
     </span>
    </p>
   </div>
   <div class='ocr_carea' id='block_1_2' title="bbox 558 359 3769 445">
    <p class='ocr_par' dir='ltr' id='par_1_2' title="bbox 558 359 3769 445">
     <span class='ocr_line' id='line_1_2' title="bbox 558 359 3769 445; baseline -0.007 -6"><span class='ocrx_word' id='word_1_7' title='bbox 558 385 739 444; x_wconf 77' lang='lat' dir='ltr'><strong>Prima</strong></span> <span class='ocrx_word' id='word_1_8' title='bbox 760 394 931 435; x_wconf 81' lang='lat' dir='ltr'><strong>autem</strong></span> <span class='ocrx_word' id='word_1_9' title='bbox 955 391 1273 445; x_wconf 74' lang='lat' dir='ltr'><strong>azymorum.</strong></span> <span class='ocrx_word' id='word_1_10' title='bbox 1300 373 1413 428; x_wconf 77' lang='lat' dir='ltr'><strong>Hoc</strong></span> <span class='ocrx_word' id='word_1_11' title='bbox 1441 379 1524 427; x_wconf 88' lang='lat' dir='ltr'><strong>est</strong></span> <span class='ocrx_word' id='word_1_12' title='bbox 1550 370 1718 442; x_wconf 85' lang='lat' dir='ltr'><strong>prima</strong></span> <span class='ocrx_word' id='word_1_13' title='bbox 1754 369 1839 424; x_wconf 90' lang='lat' dir='ltr'><strong>die</strong></span> <span class='ocrx_word' id='word_1_14' title='bbox 1866 382 1971 437; x_wconf 87' lang='lat' dir='ltr'><strong>quo</strong></span> <span class='ocrx_word' id='word_1_15' title='bbox 1994 366 2101 419; x_wconf 85' lang='lat' dir='ltr'><strong>fer—</strong></span> <span class='ocrx_word' id='word_1_16' title='bbox 2133 372 2177 426; x_wconf 80' lang='grc' dir='ltr'><strong>Α</strong></span> <span class='ocrx_word' id='word_1_17' title='bbox 2206 364 2329 434; x_wconf 86' lang='lat' dir='ltr'><strong>quia</strong></span> <span class='ocrx_word' id='word_1_18' title='bbox 2365 380 2462 434; x_wconf 88' lang='lat' dir='ltr'><strong>pro</strong></span> <span class='ocrx_word' id='word_1_19' title='bbox 2505 365 2722 418; x_wconf 82' lang='lat' dir='ltr'><strong>avaritia</strong></span> <span class='ocrx_word' id='word_1_20' title='bbox 2766 380 2861 417; x_wconf 86' lang='lat' dir='ltr'><strong>sua</strong></span> <span class='ocrx_word' id='word_1_21' title='bbox 2889 363 3036 415; x_wconf 89' lang='lat' dir='ltr'><strong>illum</strong></span> <span class='ocrx_word' id='word_1_22' title='bbox 3088 361 3275 415; x_wconf 82' lang='lat' dir='ltr'><strong>tradet.</strong></span> <span class='ocrx_word' id='word_1_23' title='bbox 3316 359 3456 414; x_wconf 83' lang='lat' dir='ltr'><strong>Nam</strong></span> <span class='ocrx_word' id='word_1_24' title='bbox 3503 371 3561 414; x_wconf 88' lang='lat' dir='ltr'><strong>et</strong></span> <span class='ocrx_word' id='word_1_25' title='bbox 3608 360 3769 416; x_wconf 72' lang='lat' dir='ltr'><strong>Pater</strong></span> 
     </span>
    </p>
   </div>
   <div class='ocr_carea' id='block_1_3' title="bbox 558 451 3773 538">
    <p class='ocr_par' dir='ltr' id='par_1_3' title="bbox 558 451 3773 538">
     <span class='ocr_line' id='line_1_3' title="bbox 558 451 3773 538; baseline -0.001 -30"><span class='ocrx_word' id='word_1_26' title='bbox 558 481 823 531; x_wconf 55' lang='grc' dir='ltr'><strong>ιηρηιηιοε</strong></span> <span class='ocrx_word' id='word_1_27' title='bbox 868 483 1030 538; x_wconf 55' lang='lat' dir='ltr'><strong>panes</strong></span> <span class='ocrx_word' id='word_1_28' title='bbox 1060 465 1398 535; x_wconf 58' lang='lat' dir='ltr'><strong>abjiciebam,</strong></span> <span class='ocrx_word' id='word_1_29' title='bbox 1443 463 1557 532; x_wconf 69' lang='lat' dir='ltr'><strong>ipsa</strong></span> <span class='ocrx_word' id='word_1_30' title='bbox 1590 463 1703 516; x_wconf 76' lang='lat' dir='ltr'><strong>dies</strong></span> <span class='ocrx_word' id='word_1_31' title='bbox 1732 460 1943 529; x_wconf 67' lang='lat' dir='ltr'><strong>pascha:</strong></span> <span class='ocrx_word' id='word_1_32' title='bbox 1973 472 2107 525; x_wconf 85' lang='lat' dir='ltr'><strong>quo-</strong></span> <span class='ocrx_word' id='word_1_33' title='bbox 2211 455 2425 508; x_wconf 90' lang='lat' dir='ltr'><strong>tradidit</strong></span> <span class='ocrx_word' id='word_1_34' title='bbox 2454 454 2622 515; x_wconf 87' lang='lat' dir='ltr'><strong>illum,</strong></span> <span class='ocrx_word' id='word_1_35' title='bbox 2668 465 2719 507; x_wconf 89' lang='lat' dir='ltr'><strong>et</strong></span> <span class='ocrx_word' id='word_1_36' title='bbox 2766 453 2932 506; x_wconf 81' lang='lat' dir='ltr'><strong>Filius</strong></span> <span class='ocrx_word' id='word_1_37' title='bbox 2960 452 3179 506; x_wconf 86' lang='lat' dir='ltr'><strong>tradidit</strong></span> <span class='ocrx_word' id='word_1_38' title='bbox 3226 452 3488 521; x_wconf 84' lang='lat' dir='ltr'><strong>seipsum.</strong></span> <span class='ocrx_word' id='word_1_39' title='bbox 3523 451 3639 506; x_wconf 70' lang='lat' dir='ltr'><strong>Scal</strong></span> <span class='ocrx_word' id='word_1_40' title='bbox 3674 451 3773 505; x_wconf 55' lang='lat' dir='ltr'><strong>Pa.</strong></span> 
     </span>
    </p>
   </div>
   <div class='ocr_carea' id='block_1_4' title="bbox 556 541 3783 625">
    <p class='ocr_par' dir='ltr' id='par_1_4' title="bbox 556 541 3783 625">
     <span class='ocr_line' id='line_1_4' title="bbox 556 541 3783 625; baseline -0.007 -9"><span class='ocrx_word' id='word_1_41' title='bbox 556 563 700 616; x_wconf 85' lang='lat' dir='ltr'><strong>niam</strong></span> <span class='ocrx_word' id='word_1_42' title='bbox 732 566 857 611; x_wconf 86' lang='lat' dir='ltr'><strong>tunc</strong></span> <span class='ocrx_word' id='word_1_43' title='bbox 888 555 1049 609; x_wconf 87' lang='lat' dir='ltr'><strong>etiam</strong></span> <span class='ocrx_word' id='word_1_44' title='bbox 1086 568 1300 625; x_wconf 86' lang='lat' dir='ltr'><strong>azymos</strong></span> <span class='ocrx_word' id='word_1_45' title='bbox 1335 552 1700 607; x_wconf 86' lang='lat' dir='ltr'><strong>eomedehant.</strong></span> <span class='ocrx_word' id='word_1_46' title='bbox 1733 549 1886 602; x_wconf 79' lang='lat' dir='ltr'><strong>Mane</strong></span> <span class='ocrx_word' id='word_1_47' title='bbox 1928 546 2109 614; x_wconf 85' lang='lat' dir='ltr'><strong>quinta</strong></span> <span class='ocrx_word' id='word_1_48' title='bbox 2210 552 2293 597; x_wconf 88' lang='lat' dir='ltr'><strong>ter</strong></span> <span class='ocrx_word' id='word_1_49' title='bbox 2316 544 2427 597; x_wconf 87' lang='lat' dir='ltr'><strong>etF</strong></span> <span class='ocrx_word' id='word_1_50' title='bbox 2436 544 2556 598; x_wconf 82' lang='lat' dir='ltr'><strong>ilius</strong></span> <span class='ocrx_word' id='word_1_51' title='bbox 2580 559 2675 612; x_wconf 90' lang='lat' dir='ltr'><strong>pro</strong></span> <span class='ocrx_word' id='word_1_52' title='bbox 2711 543 2986 597; x_wconf 85' lang='lat' dir='ltr'><strong>charitate.</strong></span> <span class='ocrx_word' id='word_1_53' title='bbox 3036 541 3202 595; x_wconf 76' lang='lat' dir='ltr'><strong>ludas</strong></span> <span class='ocrx_word' id='word_1_54' title='bbox 3238 557 3337 612; x_wconf 89' lang='lat' dir='ltr'><strong>pro</strong></span> <span class='ocrx_word' id='word_1_55' title='bbox 3375 544 3637 597; x_wconf 79' lang='lat' dir='ltr'><strong>avaritia.</strong></span> <span class='ocrx_word' id='word_1_56' title='bbox 3678 543 3783 596; x_wconf 77' lang='lat' dir='ltr'><strong>lio-</strong></span> 
     </span>
    </p>
   </div>
   <div class='ocr_carea' id='block_1_5' title="bbox 559 631 3784 713">
    <p class='ocr_par' dir='ltr' id='par_1_5' title="bbox 559 631 3784 713">
     <span class='ocr_line' id='line_1_5' title="bbox 559 631 3784 713; baseline -0.005 -10"><span class='ocrx_word' id='word_1_57' title='bbox 559 649 689 705; x_wconf 86' lang='lat' dir='ltr'><strong>feria</strong></span> <span class='ocrx_word' id='word_1_58' title='bbox 716 649 1194 713; x_wconf 86' lang='lat' dir='ltr'><strong>interrogaverunt,</strong></span> <span class='ocrx_word' id='word_1_59' title='bbox 1224 651 1277 697; x_wconf 87' lang='lat' dir='ltr'><strong>et</strong></span> <span class='ocrx_word' id='word_1_60' title='bbox 1300 657 1520 711; x_wconf 76' lang='lat' dir='ltr'><strong>vespere</strong></span> <span class='ocrx_word' id='word_1_61' title='bbox 1555 640 1699 694; x_wconf 89' lang='lat' dir='ltr'><strong>venit</strong></span> <span class='ocrx_word' id='word_1_62' title='bbox 1721 640 1834 708; x_wconf 85' lang='lat' dir='ltr'><strong>ipse</strong></span> <span class='ocrx_word' id='word_1_63' title='bbox 1874 646 1991 706; x_wconf 87' lang='lat' dir='ltr'><strong>post</strong></span> <span class='ocrx_word' id='word_1_64' title='bbox 2020 650 2111 690; x_wconf 90' lang='lat' dir='ltr'><strong>eos</strong></span> <span class='ocrx_word' id='word_1_65' title='bbox 2210 650 2332 687; x_wconf 87' lang='lat' dir='ltr'><strong>num</strong></span> <span class='ocrx_word' id='word_1_66' title='bbox 2379 644 2488 686; x_wconf 84' lang='lat' dir='ltr'><strong>erat</strong></span> <span class='ocrx_word' id='word_1_67' title='bbox 2524 635 2571 686; x_wconf 83' lang='lat' dir='ltr'><strong>ei</strong></span> <span class='ocrx_word' id='word_1_68' title='bbox 2610 634 2655 687; x_wconf 98' lang='lat' dir='ltr'><strong>si</strong></span> <span class='ocrx_word' id='word_1_69' title='bbox 2679 643 2828 686; x_wconf 86' lang='lat' dir='ltr'><strong>natus</strong></span> <span class='ocrx_word' id='word_1_70' title='bbox 2871 649 2969 686; x_wconf 87' lang='lat' dir='ltr'><strong>non</strong></span> <span class='ocrx_word' id='word_1_71' title='bbox 2996 632 3199 702; x_wconf 85' lang='lat' dir='ltr'><strong>fuisset.</strong></span> <span class='ocrx_word' id='word_1_72' title='bbox 3231 631 3348 687; x_wconf 75' lang='lat' dir='ltr'><strong>Non</strong></span> <span class='ocrx_word' id='word_1_73' title='bbox 3372 636 3523 703; x_wconf 85' lang='lat' dir='ltr'><strong>quod</strong></span> <span class='ocrx_word' id='word_1_74' title='bbox 3551 634 3784 703; x_wconf 73' lang='lat' dir='ltr'><strong>aliquod</strong></span> 
     </span>
    </p>
   </div>
   <div class='ocr_carea' id='block_1_6' title="bbox 559 723 3784 803">
    <p class='ocr_par' dir='ltr' id='par_1_6' title="bbox 559 723 3784 803">
     <span class='ocr_line' id='line_1_6' title="bbox 559 723 3784 803; baseline -0.007 -5"><span class='ocrx_word' id='word_1_75' title='bbox 559 744 612 799; x_wconf 84' lang='lat' dir='ltr'><strong>in</strong></span> <span class='ocrx_word' id='word_1_76' title='bbox 640 741 908 796; x_wconf 80' lang='lat' dir='ltr'><strong>civitatem</strong></span> <span class='ocrx_word' id='word_1_77' title='bbox 936 734 1214 791; x_wconf 90' lang='lat' dir='ltr'><strong>comedere</strong></span> <span class='ocrx_word' id='word_1_78' title='bbox 1252 748 1466 803; x_wconf 87' lang='lat' dir='ltr'><strong>agnum.</strong></span> <span class='ocrx_word' id='word_1_79' title='bbox 1497 732 1832 785; x_wconf 73' lang='lat' dir='ltr'><strong>Accesserant</strong></span> <span class='ocrx_word' id='word_1_80' title='bbox 1872 725 2113 794; x_wconf 77' lang='lat' dir='ltr'><strong>discipuli</strong></span> <span class='ocrx_word' id='word_1_81' title='bbox 2208 724 2404 778; x_wconf 89' lang='lat' dir='ltr'><strong>bonum</strong></span> <span class='ocrx_word' id='word_1_82' title='bbox 2443 725 2723 779; x_wconf 88' lang='lat' dir='ltr'><strong>habiturus</strong></span> <span class='ocrx_word' id='word_1_83' title='bbox 2750 723 2869 792; x_wconf 87' lang='lat' dir='ltr'><strong>quis</strong></span> <span class='ocrx_word' id='word_1_84' title='bbox 2893 723 2961 776; x_wconf 87' lang='lat' dir='ltr'><strong>sit</strong></span> <span class='ocrx_word' id='word_1_85' title='bbox 3001 724 3103 777; x_wconf 86' lang='lat' dir='ltr'><strong>nisi</strong></span> <span class='ocrx_word' id='word_1_86' title='bbox 3131 733 3401 788; x_wconf 84' lang='lat' dir='ltr'><strong>nascatur,</strong></span> <span class='ocrx_word' id='word_1_87' title='bbox 3437 726 3533 778; x_wconf 84' lang='lat' dir='ltr'><strong>sed</strong></span> <span class='ocrx_word' id='word_1_88' title='bbox 3561 725 3784 795; x_wconf 77' lang='lat' dir='ltr'><strong>simpli-</strong></span> 
     </span>
    </p>
   </div>
   <div class='ocr_carea' id='block_1_7' title="bbox 559 813 3783 904">
    <p class='ocr_par' dir='ltr' id='par_1_7' title="bbox 559 813 3783 904">
     <span class='ocr_line' id='line_1_7' title="bbox 559 813 3783 904; baseline -0.006 -16"><span class='ocrx_word' id='word_1_89' title='bbox 559 836 692 904; x_wconf 79' lang='lat' dir='ltr'><strong>ejus,</strong></span> <span class='ocrx_word' id='word_1_90' title='bbox 724 833 902 887; x_wconf 82' lang='lat' dir='ltr'><strong>Petrus</strong></span> <span class='ocrx_word' id='word_1_91' title='bbox 924 840 968 883; x_wconf 83' lang='lat' dir='ltr'><strong>et</strong></span> <span class='ocrx_word' id='word_1_92' title='bbox 996 828 1227 881; x_wconf 79' lang='lat' dir='ltr'><strong>Andreas</strong></span> <span class='ocrx_word' id='word_1_93' title='bbox 1269 826 1357 896; x_wconf 85' lang='lat' dir='ltr'><strong>qui</strong></span> <span class='ocrx_word' id='word_1_94' title='bbox 1399 823 1646 885; x_wconf 82' lang='lat' dir='ltr'><strong>seniores,</strong></span> <span class='ocrx_word' id='word_1_95' title='bbox 1686 830 1731 874; x_wconf 90' lang='lat' dir='ltr'><strong>et</strong></span> <span class='ocrx_word' id='word_1_96' title='bbox 1757 829 1907 873; x_wconf 62' lang='lat' dir='ltr'><strong>aetate</strong></span> <span class='ocrx_word' id='word_1_97' title='bbox 1932 826 1979 870; x_wconf 89' lang='lat' dir='ltr'><strong>et</strong></span> <span class='ocrx_word' id='word_1_98' title='bbox 2022 834 2111 870; x_wconf 89' lang='lat' dir='ltr'><strong>sa-</strong></span> <span class='ocrx_word' id='word_1_99' title='bbox 2208 815 2344 870; x_wconf 87' lang='lat' dir='ltr'><strong>citer</strong></span> <span class='ocrx_word' id='word_1_100' title='bbox 2366 815 2603 883; x_wconf 88' lang='lat' dir='ltr'><strong>loquitur</strong></span> <span class='ocrx_word' id='word_1_101' title='bbox 2646 815 2785 884; x_wconf 90' lang='lat' dir='ltr'><strong>quod</strong></span> <span class='ocrx_word' id='word_1_102' title='bbox 2819 814 3004 868; x_wconf 83' lang='lat' dir='ltr'><strong>melius</strong></span> <span class='ocrx_word' id='word_1_103' title='bbox 3032 813 3188 868; x_wconf 88' lang='lat' dir='ltr'><strong>fuerit</strong></span> <span class='ocrx_word' id='word_1_104' title='bbox 3214 816 3263 869; x_wconf 93' lang='lat' dir='ltr'><strong>ei</strong></span> <span class='ocrx_word' id='word_1_105' title='bbox 3298 831 3402 868; x_wconf 91' lang='lat' dir='ltr'><strong>non</strong></span> <span class='ocrx_word' id='word_1_106' title='bbox 3436 831 3563 870; x_wconf 84' lang='lat' dir='ltr'><strong>esse</strong></span> <span class='ocrx_word' id='word_1_107' title='bbox 3612 833 3783 886; x_wconf 77' lang='lat' dir='ltr'><strong>quam</strong></span> 
     </span>
    </p>
   </div>
   <div class='ocr_carea' id='block_1_8' title="bbox 559 904 3784 994">
    <p class='ocr_par' dir='ltr' id='par_1_8' title="bbox 559 904 3784 994">
     <span class='ocr_line' id='line_1_8' title="bbox 559 904 3784 994; baseline -0.006 -16"><span class='ocrx_word' id='word_1_108' title='bbox 559 925 749 994; x_wconf 82' lang='lat' dir='ltr'><strong>pientia</strong></span> <span class='ocrx_word' id='word_1_109' title='bbox 779 931 945 976; x_wconf 82' lang='lat' dir='ltr'><strong>erant.</strong></span> <span class='ocrx_word' id='word_1_110' title='bbox 993 918 1125 973; x_wconf 80' lang='lat' dir='ltr'><strong>Nam</strong></span> <span class='ocrx_word' id='word_1_111' title='bbox 1153 915 1383 971; x_wconf 80' lang='lat' dir='ltr'><strong>Joannes</strong></span> <span class='ocrx_word' id='word_1_112' title='bbox 1430 914 1618 970; x_wconf 84' lang='lat' dir='ltr'><strong>Junior</strong></span> <span class='ocrx_word' id='word_1_113' title='bbox 1645 904 1751 966; x_wconf 79' lang='lat' dir='ltr'><strong>illic</strong></span> <span class='ocrx_word' id='word_1_114' title='bbox 1793 918 1907 963; x_wconf 87' lang='lat' dir='ltr'><strong>erat</strong></span> <span class='ocrx_word' id='word_1_115' title='bbox 1932 924 1946 961; x_wconf 89' lang='lat'><strong>:</strong></span> <span class='ocrx_word' id='word_1_116' title='bbox 1976 909 2115 961; x_wconf 91' lang='lat' dir='ltr'><strong>inter</strong></span> <span class='ocrx_word' id='word_1_117' title='bbox 2211 905 2347 960; x_wconf 87' lang='lat' dir='ltr'><strong>male</strong></span> <span class='ocrx_word' id='word_1_118' title='bbox 2370 920 2506 961; x_wconf 89' lang='lat' dir='ltr'><strong>esse.</strong></span> <span class='ocrx_word' id='word_1_119' title='bbox 2528 905 2865 976; x_wconf 80' lang='lat' dir='ltr'><strong>Respondeas</strong></span> <span class='ocrx_word' id='word_1_120' title='bbox 2895 916 3068 959; x_wconf 88' lang='lat' dir='ltr'><strong>autem</strong></span> <span class='ocrx_word' id='word_1_121' title='bbox 3088 906 3259 959; x_wconf 83' lang='lat' dir='ltr'><strong>Judas</strong></span> <span class='ocrx_word' id='word_1_122' title='bbox 3279 907 3412 959; x_wconf 72' lang='lat' dir='ltr'><strong>dixit</strong></span> <span class='ocrx_word' id='word_1_123' title='bbox 3442 923 3463 960; x_wconf 88' lang='lat'><strong><em>:</em></strong></span> <span class='ocrx_word' id='word_1_124' title='bbox 3498 906 3784 976; x_wconf 65' lang='lat' dir='ltr'><strong>Numquid</strong></span> 
     </span>
    </p>
   </div>
   <div class='ocr_carea' id='block_1_9' title="bbox 561 998 2112 1077">
    <p class='ocr_par' dir='ltr' id='par_1_9' title="bbox 561 998 2112 1077">
     <span class='ocr_line' id='line_1_9' title="bbox 561 998 2112 1077; baseline -0.012 -10"><span class='ocrx_word' id='word_1_125' title='bbox 561 1029 654 1067; x_wconf 83' lang='lat' dir='ltr'><strong>eos</strong></span> <span class='ocrx_word' id='word_1_126' title='bbox 695 1011 794 1065; x_wconf 90' lang='lat' dir='ltr'><strong>fuit</strong></span> <span class='ocrx_word' id='word_1_127' title='bbox 827 1009 1007 1071; x_wconf 77' lang='lat' dir='ltr'><strong>ludas,</strong></span> <span class='ocrx_word' id='word_1_128' title='bbox 1067 1008 1167 1077; x_wconf 78' lang='lat' dir='ltr'><strong>qui</strong></span> <span class='ocrx_word' id='word_1_129' title='bbox 1188 1006 1465 1075; x_wconf 79' lang='lat' dir='ltr'><strong>pecuniam</strong></span> <span class='ocrx_word' id='word_1_130' title='bbox 1516 1002 1723 1057; x_wconf 87' lang='lat' dir='ltr'><strong>Domini</strong></span> <span class='ocrx_word' id='word_1_131' title='bbox 1761 998 2112 1055; x_wconf 77' lang='lat' dir='ltr'><strong>custodiebat.</strong></span> 
     </span>
    </p>
   </div>
   <div class='ocr_carea' id='block_1_10' title="bbox 567 1080 2118 1164">
    <p class='ocr_par' dir='ltr' id='par_1_10' title="bbox 567 1080 2118 1164">
     <span class='ocr_line' id='line_1_10' title="bbox 567 1080 2118 1164; baseline -0.01 -13"><span class='ocrx_word' id='word_1_132' title='bbox 567 1098 661 1151; x_wconf 88' lang='lat' dir='ltr'><strong>Ubi</strong></span> <span class='ocrx_word' id='word_1_133' title='bbox 684 1100 759 1151; x_wconf 86' lang='lat' dir='ltr'><strong>vis</strong></span> <span class='ocrx_word' id='word_1_134' title='bbox 781 1080 1017 1164; x_wconf 82' lang='lat' dir='ltr'><strong>paremus</strong></span> <span class='ocrx_word' id='word_1_135' title='bbox 1040 1095 1129 1147; x_wconf 88' lang='lat' dir='ltr'><strong>tibi</strong></span> <span class='ocrx_word' id='word_1_136' title='bbox 1155 1092 1416 1146; x_wconf 70' lang='lat' dir='ltr'><strong>comedere</strong></span> <span class='ocrx_word' id='word_1_137' title='bbox 1441 1088 1674 1159; x_wconf 80' lang='lat' dir='ltr'><strong>pascha?</strong></span> <span class='ocrx_word' id='word_1_138' title='bbox 1700 1087 2026 1155; x_wconf 72' lang='lat' dir='ltr'><strong>Przcceptutn</strong></span> <span class='ocrx_word' id='word_1_139' title='bbox 2061 1090 2118 1136; x_wconf 90' lang='lat' dir='ltr'><strong>et</strong></span> 
     </span>
    </p>
   </div>
   <div class='ocr_carea' id='block_1_11' title="bbox 567 1175 2116 1246">
    <p class='ocr_par' dir='ltr' id='par_1_11' title="bbox 567 1175 2116 1246">
     <span class='ocr_line' id='line_1_11' title="bbox 567 1175 2116 1246; baseline -0.011 -3"><span class='ocrx_word' id='word_1_140' title='bbox 567 1206 694 1243; x_wconf 82' lang='lat' dir='ltr'><strong>usus</strong></span> <span class='ocrx_word' id='word_1_141' title='bbox 736 1197 853 1241; x_wconf 82' lang='lat' dir='ltr'><strong>erat</strong></span> <span class='ocrx_word' id='word_1_142' title='bbox 904 1188 957 1241; x_wconf 91' lang='lat' dir='ltr'><strong>in</strong></span> <span class='ocrx_word' id='word_1_143' title='bbox 991 1186 1076 1238; x_wconf 83' lang='lat' dir='ltr'><strong>illa</strong></span> <span class='ocrx_word' id='word_1_144' title='bbox 1111 1194 1271 1245; x_wconf 87' lang='lat' dir='ltr'><strong>terra,</strong></span> <span class='ocrx_word' id='word_1_145' title='bbox 1315 1183 1380 1235; x_wconf 89' lang='lat' dir='ltr'><strong>ad</strong></span> <span class='ocrx_word' id='word_1_146' title='bbox 1410 1180 1540 1235; x_wconf 82' lang='lat' dir='ltr'><strong>festa</strong></span> <span class='ocrx_word' id='word_1_147' title='bbox 1577 1176 1830 1246; x_wconf 66' lang='lat' dir='ltr'><strong>praeclara</strong></span> <span class='ocrx_word' id='word_1_148' title='bbox 1884 1175 1951 1229; x_wconf 88' lang='lat' dir='ltr'><strong>ad</strong></span> <span class='ocrx_word' id='word_1_149' title='bbox 1981 1181 2116 1227; x_wconf 87' lang='lat' dir='ltr'><strong>tem-</strong></span> 
     </span>
    </p>
   </div>
   <div class='ocr_carea' id='block_1_12' title="bbox 566 1266 2118 1347">
    <p class='ocr_par' dir='ltr' id='par_1_12' title="bbox 566 1266 2118 1347">
     <span class='ocr_line' id='line_1_12' title="bbox 566 1266 2118 1347; baseline -0.01 -15"><span class='ocrx_word' id='word_1_150' title='bbox 566 1279 711 1347; x_wconf 89' lang='lat' dir='ltr'><strong>plum</strong></span> <span class='ocrx_word' id='word_1_151' title='bbox 765 1277 970 1330; x_wconf 86' lang='lat' dir='ltr'><strong>Domini</strong></span> <span class='ocrx_word' id='word_1_152' title='bbox 1010 1276 1210 1332; x_wconf 82' lang='lat' dir='ltr'><strong>venire.</strong></span> <span class='ocrx_word' id='word_1_153' title='bbox 1240 1287 1431 1343; x_wconf 81' lang='lat' dir='ltr'><strong>agnum</strong></span> <span class='ocrx_word' id='word_1_154' title='bbox 1463 1279 1636 1323; x_wconf 80' lang='lat' dir='ltr'><strong>tamen</strong></span> <span class='ocrx_word' id='word_1_155' title='bbox 1689 1266 1972 1322; x_wconf 84' lang='lat' dir='ltr'><strong>comedere</strong></span> <span class='ocrx_word' id='word_1_156' title='bbox 1994 1278 2118 1317; x_wconf 88' lang='lat' dir='ltr'><strong>eum</strong></span> 
     </span>
    </p>
   </div>
   <div class='ocr_carea' id='block_1_13' title="bbox 571 1354 2118 1441">
    <p class='ocr_par' dir='ltr' id='par_1_13' title="bbox 571 1354 2118 1441">
     <span class='ocr_line' id='line_1_13' title="bbox 571 1354 2118 1441; baseline -0.012 -17"><span class='ocrx_word' id='word_1_157' title='bbox 571 1384 679 1440; x_wconf 88' lang='lat' dir='ltr'><strong>quo</strong></span> <span class='ocrx_word' id='word_1_158' title='bbox 703 1368 980 1429; x_wconf 85' lang='lat' dir='ltr'><strong>voluisset,</strong></span> <span class='ocrx_word' id='word_1_159' title='bbox 1014 1373 1217 1418; x_wconf 86' lang='lat' dir='ltr'><strong>tantum</strong></span> <span class='ocrx_word' id='word_1_160' title='bbox 1249 1363 1293 1441; x_wconf 83' lang='lat' dir='ltr'><strong>si</strong></span> <span class='ocrx_word' id='word_1_161' title='bbox 1325 1362 1497 1415; x_wconf 88' lang='lat' dir='ltr'><strong>minor</strong></span> <span class='ocrx_word' id='word_1_162' title='bbox 1519 1369 1659 1413; x_wconf 85' lang='lat' dir='ltr'><strong>esset</strong></span> <span class='ocrx_word' id='word_1_163' title='bbox 1696 1355 1894 1410; x_wconf 77' lang='lat' dir='ltr'><strong>familia</strong></span> <span class='ocrx_word' id='word_1_164' title='bbox 1940 1354 1992 1408; x_wconf 87' lang='lat' dir='ltr'><strong>in</strong></span> <span class='ocrx_word' id='word_1_165' title='bbox 2021 1354 2118 1407; x_wconf 90' lang='lat' dir='ltr'><strong>do-</strong></span> 
     </span>
    </p>
   </div>
   <div class='ocr_carea' id='block_1_14' title="bbox 571 1445 2123 1521">
    <p class='ocr_par' dir='ltr' id='par_1_14' title="bbox 571 1445 2123 1521">
     <span class='ocr_line' id='line_1_14' title="bbox 571 1445 2123 1521; baseline -0.01 -8"><span class='ocrx_word' id='word_1_166' title='bbox 571 1475 679 1521; x_wconf 87' lang='lat' dir='ltr'><strong>mo,</strong></span> <span class='ocrx_word' id='word_1_167' title='bbox 718 1463 1015 1512; x_wconf 84' lang='lat' dir='ltr'><strong>assumeret</strong></span> <span class='ocrx_word' id='word_1_168' title='bbox 1059 1455 1291 1508; x_wconf 89' lang='lat' dir='ltr'><strong>vicinum</strong></span> <span class='ocrx_word' id='word_1_169' title='bbox 1323 1452 1525 1521; x_wconf 72' lang='lat' dir='ltr'><strong>domus</strong></span> <span class='ocrx_word' id='word_1_170' title='bbox 1557 1465 1684 1503; x_wconf 71' lang='lat' dir='ltr'><strong>sure.</strong></span> <span class='ocrx_word' id='word_1_171' title='bbox 1730 1446 1929 1502; x_wconf 80' lang='lat' dir='ltr'><strong>idcirco</strong></span> <span class='ocrx_word' id='word_1_172' title='bbox 1954 1445 2123 1499; x_wconf 85' lang='lat' dir='ltr'><strong>inter-</strong></span> 
     </span>
    </p>
   </div>
   <div class='ocr_carea' id='block_1_15' title="bbox 570 1532 2122 1619">
    <p class='ocr_par' dir='ltr' id='par_1_15' title="bbox 570 1532 2122 1619">
     <span class='ocr_line' id='line_1_15' title="bbox 570 1532 2122 1619; baseline -0.01 -16"><span class='ocrx_word' id='word_1_173' title='bbox 570 1550 829 1619; x_wconf 83' lang='lat' dir='ltr'><strong>rogabant</strong></span> <span class='ocrx_word' id='word_1_174' title='bbox 870 1546 961 1600; x_wconf 88' lang='lat' dir='ltr'><strong>ubi</strong></span> <span class='ocrx_word' id='word_1_175' title='bbox 1010 1545 1137 1598; x_wconf 86' lang='lat' dir='ltr'><strong>velit</strong></span> <span class='ocrx_word' id='word_1_176' title='bbox 1170 1557 1362 1614; x_wconf 83' lang='lat' dir='ltr'><strong>agnum</strong></span> <span class='ocrx_word' id='word_1_177' title='bbox 1411 1540 1755 1601; x_wconf 84' lang='lat' dir='ltr'><strong>manducare,</strong></span> <span class='ocrx_word' id='word_1_178' title='bbox 1804 1535 1927 1604; x_wconf 85' lang='lat' dir='ltr'><strong>quia</strong></span> <span class='ocrx_word' id='word_1_179' title='bbox 1975 1532 2122 1588; x_wconf 76' lang='lat' dir='ltr'><strong>ludze</strong></span> 
     </span>
    </p>
   </div>
   <div class='ocr_carea' id='block_1_16' title="bbox 571 1624 2121 1709">
    <p class='ocr_par' dir='ltr' id='par_1_16' title="bbox 571 1624 2121 1709">
     <span class='ocr_line' id='line_1_16' title="bbox 571 1624 2121 1709; baseline -0.013 -12"><span class='ocrx_word' id='word_1_180' title='bbox 571 1640 928 1709; x_wconf 84' lang='lat' dir='ltr'><strong>ministerium</strong></span> <span class='ocrx_word' id='word_1_181' title='bbox 974 1646 1093 1691; x_wconf 88' lang='lat' dir='ltr'><strong>erat</strong></span> <span class='ocrx_word' id='word_1_182' title='bbox 1145 1637 1316 1707; x_wconf 85' lang='lat' dir='ltr'><strong>ipsum</strong></span> <span class='ocrx_word' id='word_1_183' title='bbox 1350 1648 1545 1703; x_wconf 86' lang='lat' dir='ltr'><strong>agnum</strong></span> <span class='ocrx_word' id='word_1_184' title='bbox 1588 1639 1641 1684; x_wconf 90' lang='lat' dir='ltr'><strong>et</strong></span> <span class='ocrx_word' id='word_1_185' title='bbox 1685 1629 1786 1683; x_wconf 88' lang='lat' dir='ltr'><strong>alia</strong></span> <span class='ocrx_word' id='word_1_186' title='bbox 1817 1624 2121 1681; x_wconf 86' lang='lat' dir='ltr'><strong>necessaria</strong></span> 
     </span>
    </p>
   </div>
   <div class='ocr_carea' id='block_1_17' title="bbox 569 1707 2194 1801">
    <p class='ocr_par' dir='ltr' id='par_1_17' title="bbox 569 1707 2194 1801">
     <span class='ocr_line' id='line_1_17' title="bbox 569 1707 2194 1801; baseline -0.014 -14"><span class='ocrx_word' id='word_1_187' title='bbox 569 1746 900 1801; x_wconf 88' lang='lat' dir='ltr'><strong>comparare.</strong></span> <span class='ocrx_word' id='word_1_188' title='bbox 959 1731 1025 1783; x_wconf 82' lang='lat' dir='ltr'><strong>At</strong></span> <span class='ocrx_word' id='word_1_189' title='bbox 1073 1727 1225 1782; x_wconf 82' lang='lat' dir='ltr'><strong>Jesus</strong></span> <span class='ocrx_word' id='word_1_190' title='bbox 1271 1726 1400 1779; x_wconf 69' lang='lat' dir='ltr'><strong>dixit</strong></span> <span class='ocrx_word' id='word_1_191' title='bbox 1446 1737 1463 1775; x_wconf 91' lang='lat'><strong><em>:</em></strong></span> <span class='ocrx_word' id='word_1_192' title='bbox 1515 1722 1596 1777; x_wconf 90' lang='lat' dir='ltr'><strong>Ite</strong></span> <span class='ocrx_word' id='word_1_193' title='bbox 1643 1721 1696 1773; x_wconf 88' lang='lat' dir='ltr'><strong>in</strong></span> <span class='ocrx_word' id='word_1_194' title='bbox 1738 1720 1995 1774; x_wconf 85' lang='lat' dir='ltr'><strong>civitatem</strong></span> <span class='ocrx_word' id='word_1_195' title='bbox 2051 1716 2119 1771; x_wconf 90' lang='lat' dir='ltr'><strong>ad</strong></span> <span class='ocrx_word' id='word_1_196' title='bbox 2147 1707 2194 1765; x_wconf 89' lang='lat' dir='ltr'><strong>B</strong></span> 
     </span>
    </p>
   </div>
   <div class='ocr_carea' id='block_1_18' title="bbox 569 1807 2123 1893">
    <p class='ocr_par' dir='ltr' id='par_1_18' title="bbox 569 1807 2123 1893">
     <span class='ocr_line' id='line_1_18' title="bbox 569 1807 2123 1893; baseline -0.012 -17"><span class='ocrx_word' id='word_1_197' title='bbox 569 1821 843 1893; x_wconf 83' lang='lat' dir='ltr'><strong>quemdam</strong></span> <span class='ocrx_word' id='word_1_198' title='bbox 865 1830 909 1874; x_wconf 92' lang='lat' dir='ltr'><strong>et</strong></span> <span class='ocrx_word' id='word_1_199' title='bbox 930 1820 1082 1873; x_wconf 84' lang='lat' dir='ltr'><strong>dicite</strong></span> <span class='ocrx_word' id='word_1_200' title='bbox 1105 1819 1169 1872; x_wconf 79' lang='lat' dir='ltr'><strong>ei.</strong></span> <span class='ocrx_word' id='word_1_201' title='bbox 1197 1816 1333 1884; x_wconf 83' lang='lat' dir='ltr'><strong>Quid</strong></span> <span class='ocrx_word' id='word_1_202' title='bbox 1356 1828 1571 1869; x_wconf 87' lang='lat' dir='ltr'><strong>necesse</strong></span> <span class='ocrx_word' id='word_1_203' title='bbox 1592 1820 1710 1866; x_wconf 88' lang='lat' dir='ltr'><strong>erat</strong></span> <span class='ocrx_word' id='word_1_204' title='bbox 1732 1823 1922 1864; x_wconf 90' lang='lat' dir='ltr'><strong>nomen</strong></span> <span class='ocrx_word' id='word_1_205' title='bbox 1946 1807 2123 1861; x_wconf 87' lang='lat' dir='ltr'><strong>dicere</strong></span> 
     </span>
    </p>
   </div>
   <div class='ocr_carea' id='block_1_19' title="bbox 570 1894 2127 1982">
    <p class='ocr_par' dir='ltr' id='par_1_19' title="bbox 570 1894 2127 1982">
     <span class='ocr_line' id='line_1_19' title="bbox 570 1894 2127 1982; baseline -0.013 -13"><span class='ocrx_word' id='word_1_206' title='bbox 570 1929 691 1969; x_wconf 89' lang='lat' dir='ltr'><strong>cum</strong></span> <span class='ocrx_word' id='word_1_207' title='bbox 724 1913 836 1982; x_wconf 90' lang='lat' dir='ltr'><strong>ipse</strong></span> <span class='ocrx_word' id='word_1_208' title='bbox 890 1911 1079 1966; x_wconf 85' lang='lat' dir='ltr'><strong>ducem</strong></span> <span class='ocrx_word' id='word_1_209' title='bbox 1122 1923 1276 1963; x_wconf 87' lang='lat' dir='ltr'><strong>suum</strong></span> <span class='ocrx_word' id='word_1_210' title='bbox 1329 1905 1408 1961; x_wconf 90' lang='lat' dir='ltr'><strong>eis</strong></span> <span class='ocrx_word' id='word_1_211' title='bbox 1445 1902 1749 1958; x_wconf 86' lang='lat' dir='ltr'><strong>ostenderet</strong></span> <span class='ocrx_word' id='word_1_212' title='bbox 1775 1900 1957 1954; x_wconf 85' lang='lat' dir='ltr'><strong>dicens</strong></span> <span class='ocrx_word' id='word_1_213' title='bbox 1988 1915 2001 1951; x_wconf 90' lang='lat'><strong>:</strong></span> <span class='ocrx_word' id='word_1_214' title='bbox 2036 1894 2127 1949; x_wconf 87' lang='lat' dir='ltr'><strong>In-</strong></span> 
     </span>
    </p>
   </div>
   <div class='ocr_carea' id='block_1_20' title="bbox 570 1990 2124 2059">
    <p class='ocr_par' dir='ltr' id='par_1_20' title="bbox 570 1990 2124 2059">
     <span class='ocr_line' id='line_1_20' title="bbox 570 1990 2124 2059; baseline -0.012 -1"><span class='ocrx_word' id='word_1_215' title='bbox 570 2002 890 2058; x_wconf 80' lang='lat' dir='ltr'><strong>troeuntibus</strong></span> <span class='ocrx_word' id='word_1_216' title='bbox 907 2000 1041 2055; x_wconf 90' lang='lat' dir='ltr'><strong>vobis</strong></span> <span class='ocrx_word' id='word_1_217' title='bbox 1062 2000 1113 2052; x_wconf 88' lang='lat' dir='ltr'><strong>in</strong></span> <span class='ocrx_word' id='word_1_218' title='bbox 1139 1998 1416 2059; x_wconf 86' lang='lat' dir='ltr'><strong>civitatem,</strong></span> <span class='ocrx_word' id='word_1_219' title='bbox 1440 2002 1669 2048; x_wconf 86' lang='lat' dir='ltr'><strong>occurret</strong></span> <span class='ocrx_word' id='word_1_220' title='bbox 1692 1990 1827 2046; x_wconf 83' lang='lat' dir='ltr'><strong>vobis</strong></span> <span class='ocrx_word' id='word_1_221' title='bbox 1848 1990 1999 2042; x_wconf 84' lang='lat' dir='ltr'><strong>homo</strong></span> <span class='ocrx_word' id='word_1_222' title='bbox 2018 2003 2124 2040; x_wconf 89' lang='lat' dir='ltr'><strong>am-</strong></span> 
     </span>
    </p>
   </div>
   <div class='ocr_carea' id='block_1_21' title="bbox 569 2080 2125 2165">
    <p class='ocr_par' dir='ltr' id='par_1_21' title="bbox 569 2080 2125 2165">
     <span class='ocr_line' id='line_1_21' title="bbox 569 2080 2125 2165; baseline -0.011 -17"><span class='ocrx_word' id='word_1_223' title='bbox 569 2095 786 2165; x_wconf 81' lang='lat' dir='ltr'><strong>phoram</strong></span> <span class='ocrx_word' id='word_1_224' title='bbox 833 2108 982 2163; x_wconf 79' lang='lat' dir='ltr'><strong>aqua:</strong></span> <span class='ocrx_word' id='word_1_225' title='bbox 1017 2100 1247 2161; x_wconf 82' lang='lat' dir='ltr'><strong>portans,</strong></span> <span class='ocrx_word' id='word_1_226' title='bbox 1297 2086 1567 2157; x_wconf 86' lang='lat' dir='ltr'><strong>sequimini</strong></span> <span class='ocrx_word' id='word_1_227' title='bbox 1595 2101 1710 2139; x_wconf 87' lang='lat' dir='ltr'><strong>eum</strong></span> <span class='ocrx_word' id='word_1_228' title='bbox 1740 2084 1795 2137; x_wconf 89' lang='lat' dir='ltr'><strong>in</strong></span> <span class='ocrx_word' id='word_1_229' title='bbox 1817 2084 2026 2135; x_wconf 88' lang='lat' dir='ltr'><strong>domum</strong></span> <span class='ocrx_word' id='word_1_230' title='bbox 2070 2080 2125 2132; x_wconf 90' lang='lat' dir='ltr'><strong>in</strong></span> 
     </span>
    </p>
   </div>
   <div class='ocr_carea' id='block_1_22' title="bbox 528 2163 2125 2251">
    <p class='ocr_par' dir='ltr' id='par_1_22' title="bbox 528 2163 2125 2251">
     <span class='ocr_line' id='line_1_22' title="bbox 528 2163 2125 2251; baseline -0.011 -17"><span class='ocrx_word' id='word_1_231' title='bbox 528 2244 535 2249; x_wconf 30' lang='grc' dir='ltr'><strong><em>η</em></strong></span> <span class='ocrx_word' id='word_1_232' title='bbox 570 2163 729 2251; x_wconf 82' lang='lat' dir='ltr'><strong>quam</strong></span> <span class='ocrx_word' id='word_1_233' title='bbox 780 2180 962 2243; x_wconf 81' lang='lat' dir='ltr'><strong>intrat,</strong></span> <span class='ocrx_word' id='word_1_234' title='bbox 989 2187 1035 2231; x_wconf 87' lang='lat' dir='ltr'><strong>et</strong></span> <span class='ocrx_word' id='word_1_235' title='bbox 1074 2174 1254 2229; x_wconf 82' lang='lat' dir='ltr'><strong>dicetis</strong></span> <span class='ocrx_word' id='word_1_236' title='bbox 1297 2169 1667 2243; x_wconf 78' lang='lat' dir='ltr'><strong>patrifamilias</strong></span> <span class='ocrx_word' id='word_1_237' title='bbox 1722 2166 1952 2221; x_wconf 79' lang='lat' dir='ltr'><strong>domus?</strong></span> <span class='ocrx_word' id='word_1_238' title='bbox 1973 2163 2125 2231; x_wconf 82' lang='lat' dir='ltr'><strong>Quod</strong></span> 
     </span>
    </p>
   </div>
   <div class='ocr_carea' id='block_1_23' title="bbox 575 2257 2126 2328">
    <p class='ocr_par' dir='ltr' id='par_1_23' title="bbox 575 2257 2126 2328">
     <span class='ocr_line' id='line_1_23' title="bbox 575 2257 2126 2328; baseline -0.009 -3"><span class='ocrx_word' id='word_1_239' title='bbox 575 2271 851 2325; x_wconf 71' lang='lat' dir='ltr'><strong>Matlhteus</strong></span> <span class='ocrx_word' id='word_1_240' title='bbox 895 2268 1174 2325; x_wconf 85' lang='lat' dir='ltr'><strong>intendens</strong></span> <span class='ocrx_word' id='word_1_241' title='bbox 1219 2265 1285 2319; x_wconf 90' lang='lat' dir='ltr'><strong>ad</strong></span> <span class='ocrx_word' id='word_1_242' title='bbox 1328 2263 1446 2328; x_wconf 88' lang='lat' dir='ltr'><strong>alia,</strong></span> <span class='ocrx_word' id='word_1_243' title='bbox 1489 2261 1644 2318; x_wconf 87' lang='lat' dir='ltr'><strong>alteri</strong></span> <span class='ocrx_word' id='word_1_244' title='bbox 1682 2259 1961 2315; x_wconf 90' lang='lat' dir='ltr'><strong>dicendum</strong></span> <span class='ocrx_word' id='word_1_245' title='bbox 2003 2257 2126 2311; x_wconf 84' lang='lat' dir='ltr'><strong>reli-</strong></span> 
     </span>
    </p>
   </div>
   <div class='ocr_carea' id='block_1_24' title="bbox 572 2349 2128 2432">
    <p class='ocr_par' dir='ltr' id='par_1_24' title="bbox 572 2349 2128 2432">
     <span class='ocr_line' id='line_1_24' title="bbox 572 2349 2128 2432; baseline -0.009 -17"><span class='ocrx_word' id='word_1_246' title='bbox 572 2363 689 2432; x_wconf 88' lang='lat' dir='ltr'><strong>quit</strong></span> <span class='ocrx_word' id='word_1_247' title='bbox 710 2360 931 2414; x_wconf 80' lang='lat' dir='ltr'><strong>Marcus.</strong></span> <span class='ocrx_word' id='word_1_248' title='bbox 957 2356 1199 2413; x_wconf 79' lang='lat' dir='ltr'><strong>similiter</strong></span> <span class='ocrx_word' id='word_1_249' title='bbox 1226 2356 1292 2410; x_wconf 90' lang='lat' dir='ltr'><strong>de</strong></span> <span class='ocrx_word' id='word_1_250' title='bbox 1317 2354 1502 2425; x_wconf 82' lang='lat' dir='ltr'><strong>lagona</strong></span> <span class='ocrx_word' id='word_1_251' title='bbox 1527 2351 1676 2407; x_wconf 88' lang='lat' dir='ltr'><strong>dicit.</strong></span> <span class='ocrx_word' id='word_1_252' title='bbox 1721 2349 1825 2405; x_wconf 89' lang='lat' dir='ltr'><strong>Sed</strong></span> <span class='ocrx_word' id='word_1_253' title='bbox 1871 2349 2128 2417; x_wconf 82' lang='lat' dir='ltr'><strong>amphora</strong></span> 
     </span>
    </p>
   </div>
   <div class='ocr_carea' id='block_1_25' title="bbox 574 2444 2127 2522">
    <p class='ocr_par' dir='ltr' id='par_1_25' title="bbox 574 2444 2127 2522">
     <span class='ocr_line' id='line_1_25' title="bbox 574 2444 2127 2522; baseline -0.008 -15"><span class='ocrx_word' id='word_1_254' title='bbox 574 2463 630 2507; x_wconf 89' lang='lat' dir='ltr'><strong>et</strong></span> <span class='ocrx_word' id='word_1_255' title='bbox 673 2452 857 2522; x_wconf 82' lang='lat' dir='ltr'><strong>lagena</strong></span> <span class='ocrx_word' id='word_1_256' title='bbox 891 2465 989 2520; x_wconf 92' lang='lat' dir='ltr'><strong>pro</strong></span> <span class='ocrx_word' id='word_1_257' title='bbox 1015 2463 1122 2503; x_wconf 91' lang='lat' dir='ltr'><strong>uno</strong></span> <span class='ocrx_word' id='word_1_258' title='bbox 1148 2456 1419 2517; x_wconf 90' lang='lat' dir='ltr'><strong>ponuntur</strong></span> <span class='ocrx_word' id='word_1_259' title='bbox 1446 2453 1501 2501; x_wconf 90' lang='lat' dir='ltr'><strong>et</strong></span> <span class='ocrx_word' id='word_1_260' title='bbox 1525 2460 1555 2499; x_wconf 91' lang='lat' dir='ltr'><strong>a</strong></span> <span class='ocrx_word' id='word_1_261' title='bbox 1576 2444 1761 2499; x_wconf 68' lang='lat' dir='ltr'><strong>Gl‘iBCO</strong></span> <span class='ocrx_word' id='word_1_262' title='bbox 1780 2451 2004 2522; x_wconf 82' lang='lat' dir='ltr'><strong>utraque</strong></span> <span class='ocrx_word' id='word_1_263' title='bbox 2032 2457 2127 2495; x_wconf 90' lang='lat' dir='ltr'><strong>no-</strong></span> 
     </span>
    </p>
   </div>
   <div class='ocr_carea' id='block_1_26' title="bbox 575 2518 2127 2608">
    <p class='ocr_par' dir='ltr' id='par_1_26' title="bbox 575 2518 2127 2608">
     <span class='ocr_line' id='line_1_26' title="bbox 575 2518 2127 2608; baseline -0.006 -12"><span class='ocrx_word' id='word_1_264' title='bbox 575 2518 1037 2596; x_wconf 36' lang='lat' dir='ltr'><strong>minaveriuutur.</strong></span> <span class='ocrx_word' id='word_1_265' title='bbox 1082 2536 1395 2608; x_wconf 83' lang='lat' dir='ltr'><strong>Significant</strong></span> <span class='ocrx_word' id='word_1_266' title='bbox 1438 2542 1614 2589; x_wconf 90' lang='lat' dir='ltr'><strong>autem</strong></span> <span class='ocrx_word' id='word_1_267' title='bbox 1662 2518 1931 2588; x_wconf 82' lang='lat' dir='ltr'><strong>vasculum</strong></span> <span class='ocrx_word' id='word_1_268' title='bbox 1965 2531 2127 2587; x_wconf 82' lang='lat' dir='ltr'><strong>fictile</strong></span> 
     </span>
    </p>
   </div>
   <div class='ocr_carea' id='block_1_27' title="bbox 578 2624 2126 2698">
    <p class='ocr_par' dir='ltr' id='par_1_27' title="bbox 578 2624 2126 2698">
     <span class='ocr_line' id='line_1_27' title="bbox 578 2624 2126 2698; baseline -0.007 -11"><span class='ocrx_word' id='word_1_269' title='bbox 578 2647 740 2687; x_wconf 82' lang='lat' dir='ltr'><strong>ansas</strong></span> <span class='ocrx_word' id='word_1_270' title='bbox 788 2631 921 2685; x_wconf 87' lang='lat' dir='ltr'><strong>duas</strong></span> <span class='ocrx_word' id='word_1_271' title='bbox 956 2629 1177 2691; x_wconf 83' lang='lat' dir='ltr'><strong>habens,</strong></span> <span class='ocrx_word' id='word_1_272' title='bbox 1216 2643 1336 2698; x_wconf 71' lang='lat' dir='ltr'><strong>qua:</strong></span> <span class='ocrx_word' id='word_1_273' title='bbox 1379 2626 1565 2681; x_wconf 90' lang='lat' dir='ltr'><strong>rustici</strong></span> <span class='ocrx_word' id='word_1_274' title='bbox 1592 2624 1658 2678; x_wconf 89' lang='lat' dir='ltr'><strong>ad</strong></span> <span class='ocrx_word' id='word_1_275' title='bbox 1707 2624 2126 2678; x_wconf 78' lang='lat' dir='ltr'><strong>conservandam</strong></span> 
     </span>
    </p>
   </div>
   <div class='ocr_carea' id='block_1_28' title="bbox 576 2712 2128 2792">
    <p class='ocr_par' dir='ltr' id='par_1_28' title="bbox 576 2712 2128 2792">
     <span class='ocr_line' id='line_1_28' title="bbox 576 2712 2128 2792; baseline -0.006 -14"><span class='ocrx_word' id='word_1_276' title='bbox 576 2737 771 2792; x_wconf 86' lang='lat' dir='ltr'><strong>aquam</strong></span> <span class='ocrx_word' id='word_1_277' title='bbox 806 2720 975 2776; x_wconf 91' lang='lat' dir='ltr'><strong>solent</strong></span> <span class='ocrx_word' id='word_1_278' title='bbox 999 2720 1215 2774; x_wconf 86' lang='lat' dir='ltr'><strong>habere.</strong></span> <span class='ocrx_word' id='word_1_279' title='bbox 1257 2717 1477 2789; x_wconf 81' lang='lat' dir='ltr'><strong>Mystice</strong></span> <span class='ocrx_word' id='word_1_280' title='bbox 1513 2731 1609 2787; x_wconf 87' lang='lat' dir='ltr'><strong>per</strong></span> <span class='ocrx_word' id='word_1_281' title='bbox 1637 2730 1828 2784; x_wconf 88' lang='lat' dir='ltr'><strong>aquam</strong></span> <span class='ocrx_word' id='word_1_282' title='bbox 1856 2712 2128 2769; x_wconf 78' lang='lat' dir='ltr'><strong>lavacrum</strong></span> 
     </span>
    </p>
   </div>
   <div class='ocr_carea' id='block_1_29' title="bbox 576 2802 2131 2882">
    <p class='ocr_par' dir='ltr' id='par_1_29' title="bbox 576 2802 2131 2882">
     <span class='ocr_line' id='line_1_29' title="bbox 576 2802 2131 2882; baseline -0.006 -16"><span class='ocrx_word' id='word_1_283' title='bbox 576 2828 674 2882; x_wconf 90' lang='lat' dir='ltr'><strong>pro</strong></span> <span class='ocrx_word' id='word_1_284' title='bbox 702 2809 970 2864; x_wconf 89' lang='lat' dir='ltr'><strong>ablutione</strong></span> <span class='ocrx_word' id='word_1_285' title='bbox 996 2804 1175 2862; x_wconf 86' lang='lat' dir='ltr'><strong>mundi</strong></span> <span class='ocrx_word' id='word_1_286' title='bbox 1206 2805 1519 2869; x_wconf 68' lang='lat' dir='ltr'><strong>ostenditur,</strong></span> <span class='ocrx_word' id='word_1_287' title='bbox 1544 2803 1743 2874; x_wconf 84' lang='lat' dir='ltr'><strong>pascha</strong></span> <span class='ocrx_word' id='word_1_288' title='bbox 1770 2802 2011 2873; x_wconf 88' lang='lat' dir='ltr'><strong>spiritale</strong></span> <span class='ocrx_word' id='word_1_289' title='bbox 2036 2818 2131 2857; x_wconf 85' lang='lat' dir='ltr'><strong>vo-</strong></span> 
     </span>
    </p>
   </div>
   <div class='ocr_carea' id='block_1_30' title="bbox 576 2890 2119 2964">
    <p class='ocr_par' dir='ltr' id='par_1_30' title="bbox 576 2890 2119 2964">
     <span class='ocr_line' id='line_1_30' title="bbox 576 2890 2119 2964; baseline -0.005 -10"><span class='ocrx_word' id='word_1_290' title='bbox 576 2901 809 2955; x_wconf 88' lang='lat' dir='ltr'><strong>lentibus</strong></span> <span class='ocrx_word' id='word_1_291' title='bbox 836 2898 1126 2953; x_wconf 87' lang='lat' dir='ltr'><strong>celebrare.</strong></span> <span class='ocrx_word' id='word_1_292' title='bbox 1176 2895 1278 2951; x_wconf 82' lang='lat' dir='ltr'><strong>Per</strong></span> <span class='ocrx_word' id='word_1_293' title='bbox 1307 2895 1619 2964; x_wconf 86' lang='lat' dir='ltr'><strong>amphoram</strong></span> <span class='ocrx_word' id='word_1_294' title='bbox 1653 2901 1709 2948; x_wconf 89' lang='lat' dir='ltr'><strong>et</strong></span> <span class='ocrx_word' id='word_1_295' title='bbox 1748 2892 1990 2964; x_wconf 88' lang='lat' dir='ltr'><strong>lagenam</strong></span> <span class='ocrx_word' id='word_1_296' title='bbox 2018 2890 2119 2947; x_wconf 85' lang='lat' dir='ltr'><strong>fra-</strong></span> 
     </span>
    </p>
   </div>
   <div class='ocr_carea' id='block_1_31' title="bbox 577 2983 2125 3062">
    <p class='ocr_par' dir='ltr' id='par_1_31' title="bbox 577 2983 2125 3062">
     <span class='ocr_line' id='line_1_31' title="bbox 577 2983 2125 3062; baseline -0.006 -19"><span class='ocrx_word' id='word_1_297' title='bbox 577 2992 755 3062; x_wconf 83' lang='lat' dir='ltr'><strong>gilitas</strong></span> <span class='ocrx_word' id='word_1_298' title='bbox 805 2998 1009 3052; x_wconf 88' lang='lat' dir='ltr'><strong>nostra,</strong></span> <span class='ocrx_word' id='word_1_299' title='bbox 1061 3002 1180 3057; x_wconf 76' lang='lat' dir='ltr'><strong>quae</strong></span> <span class='ocrx_word' id='word_1_300' title='bbox 1212 2995 1330 3041; x_wconf 87' lang='lat' dir='ltr'><strong>erat</strong></span> <span class='ocrx_word' id='word_1_301' title='bbox 1375 2984 1634 3041; x_wconf 87' lang='lat' dir='ltr'><strong>abluenda</strong></span> <span class='ocrx_word' id='word_1_302' title='bbox 1662 3000 1757 3055; x_wconf 90' lang='lat' dir='ltr'><strong>per</strong></span> <span class='ocrx_word' id='word_1_303' title='bbox 1784 2983 2125 3054; x_wconf 84' lang='lat' dir='ltr'><strong>baptismum.</strong></span> 
     </span>
    </p>
   </div>
   <div class='ocr_carea' id='block_1_32' title="bbox 2211 997 3786 1069">
    <p class='ocr_par' dir='ltr' id='par_1_32' title="bbox 2211 997 3786 1069">
     <span class='ocr_line' id='line_1_32' title="bbox 2211 997 3786 1069; baseline 0.001 -18"><span class='ocrx_word' id='word_1_304' title='bbox 2211 1015 2302 1069; x_wconf 88' lang='lat' dir='ltr'><strong>ego</strong></span> <span class='ocrx_word' id='word_1_305' title='bbox 2350 998 2671 1067; x_wconf 75' lang='lat' dir='ltr'><strong>sum,llabbi</strong></span> <span class='ocrx_word' id='word_1_306' title='bbox 2693 999 2717 1051; x_wconf 87' lang='lat'><strong><em>?</em></strong></span> <span class='ocrx_word' id='word_1_307' title='bbox 2741 997 2999 1066; x_wconf 89' lang='lat' dir='ltr'><strong>Superbia</strong></span> <span class='ocrx_word' id='word_1_308' title='bbox 3028 1009 3247 1066; x_wconf 82' lang='lat' dir='ltr'><strong>apparet</strong></span> <span class='ocrx_word' id='word_1_309' title='bbox 3272 1000 3325 1052; x_wconf 89' lang='lat' dir='ltr'><strong>in</strong></span> <span class='ocrx_word' id='word_1_310' title='bbox 3354 1014 3490 1053; x_wconf 80' lang='lat' dir='ltr'><strong>voce</strong></span> <span class='ocrx_word' id='word_1_311' title='bbox 3520 1001 3699 1067; x_wconf 80' lang='lat' dir='ltr'><strong>ipsius</strong></span> <span class='ocrx_word' id='word_1_312' title='bbox 3732 1011 3786 1053; x_wconf 79' lang='lat' dir='ltr'><strong>et</strong></span> 
     </span>
    </p>
   </div>
   <div class='ocr_carea' id='block_1_33' title="bbox 2214 1085 3783 1155">
    <p class='ocr_par' dir='ltr' id='par_1_33' title="bbox 2214 1085 3783 1155">
     <span class='ocr_line' id='line_1_33' title="bbox 2214 1085 3783 1155; baseline 0.001 -14"><span class='ocrx_word' id='word_1_313' title='bbox 2214 1088 2575 1151; x_wconf 80' lang='lat' dir='ltr'><strong>incredulitas,</strong></span> <span class='ocrx_word' id='word_1_314' title='bbox 2599 1103 2716 1141; x_wconf 88' lang='lat' dir='ltr'><strong>cum</strong></span> <span class='ocrx_word' id='word_1_315' title='bbox 2759 1087 2846 1141; x_wconf 87' lang='lat' dir='ltr'><strong>alii</strong></span> <span class='ocrx_word' id='word_1_316' title='bbox 2879 1085 3108 1155; x_wconf 83' lang='lat' dir='ltr'><strong>majores</strong></span> <span class='ocrx_word' id='word_1_317' title='bbox 3134 1088 3222 1139; x_wconf 89' lang='lat' dir='ltr'><strong>illo</strong></span> <span class='ocrx_word' id='word_1_318' title='bbox 3262 1089 3501 1142; x_wconf 75' lang='lat' dir='ltr'><strong>dixerint</strong></span> <span class='ocrx_word' id='word_1_319' title='bbox 3527 1089 3783 1151; x_wconf 68' lang='lat' dir='ltr'><strong>Domine,</strong></span> 
     </span>
    </p>
   </div>
   <div class='ocr_carea' id='block_1_34' title="bbox 2213 1176 3783 1247">
    <p class='ocr_par' dir='ltr' id='par_1_34' title="bbox 2213 1176 3783 1247">
     <span class='ocr_line' id='line_1_34' title="bbox 2213 1176 3783 1247; baseline -0.001 -15"><span class='ocrx_word' id='word_1_320' title='bbox 2213 1186 2267 1232; x_wconf 88' lang='lat' dir='ltr'><strong>et</strong></span> <span class='ocrx_word' id='word_1_321' title='bbox 2295 1179 2412 1241; x_wconf 88' lang='lat' dir='ltr'><strong>iste,</strong></span> <span class='ocrx_word' id='word_1_322' title='bbox 2441 1180 2592 1247; x_wconf 87' lang='lat' dir='ltr'><strong>quasi</strong></span> <span class='ocrx_word' id='word_1_323' title='bbox 2623 1192 2724 1230; x_wconf 90' lang='lat' dir='ltr'><strong>non</strong></span> <span class='ocrx_word' id='word_1_324' title='bbox 2746 1184 2885 1230; x_wconf 89' lang='lat' dir='ltr'><strong>esset</strong></span> <span class='ocrx_word' id='word_1_325' title='bbox 2908 1176 3065 1238; x_wconf 88' lang='lat' dir='ltr'><strong>Deus,</strong></span> <span class='ocrx_word' id='word_1_326' title='bbox 3089 1177 3235 1240; x_wconf 88' lang='lat' dir='ltr'><strong>dicit,</strong></span> <span class='ocrx_word' id='word_1_327' title='bbox 3264 1176 3539 1247; x_wconf 80' lang='lat' dir='ltr'><strong>Magister.</strong></span> <span class='ocrx_word' id='word_1_328' title='bbox 3564 1178 3783 1246; x_wconf 73' lang='lat' dir='ltr'><strong>Exspe-</strong></span> 
     </span>
    </p>
   </div>
   <div class='ocr_carea' id='block_1_35' title="bbox 2215 1271 3785 1343">
    <p class='ocr_par' dir='ltr' id='par_1_35' title="bbox 2215 1271 3785 1343">
     <span class='ocr_line' id='line_1_35' title="bbox 2215 1271 3785 1343; baseline 0.001 -16"><span class='ocrx_word' id='word_1_329' title='bbox 2215 1273 2381 1327; x_wconf 89' lang='lat' dir='ltr'><strong>ctavit</strong></span> <span class='ocrx_word' id='word_1_330' title='bbox 2401 1272 2541 1326; x_wconf 92' lang='lat' dir='ltr'><strong>enim</strong></span> <span class='ocrx_word' id='word_1_331' title='bbox 2565 1280 2619 1326; x_wconf 91' lang='lat' dir='ltr'><strong>et</strong></span> <span class='ocrx_word' id='word_1_332' title='bbox 2644 1287 2746 1325; x_wconf 91' lang='lat' dir='ltr'><strong>non</strong></span> <span class='ocrx_word' id='word_1_333' title='bbox 2773 1286 2893 1324; x_wconf 89' lang='lat' dir='ltr'><strong>cum</strong></span> <span class='ocrx_word' id='word_1_334' title='bbox 2919 1271 3038 1325; x_wconf 88' lang='lat' dir='ltr'><strong>aliis</strong></span> <span class='ocrx_word' id='word_1_335' title='bbox 3065 1287 3123 1326; x_wconf 90' lang='lat' dir='ltr'><strong>se</strong></span> <span class='ocrx_word' id='word_1_336' title='bbox 3142 1273 3446 1337; x_wconf 74' lang='lat' dir='ltr'><strong>excusavit,</strong></span> <span class='ocrx_word' id='word_1_337' title='bbox 3474 1275 3601 1343; x_wconf 82' lang='lat' dir='ltr'><strong>quia</strong></span> <span class='ocrx_word' id='word_1_338' title='bbox 3642 1278 3785 1329; x_wconf 73' lang='lat' dir='ltr'><strong>vole-</strong></span> 
     </span>
    </p>
   </div>
   <div class='ocr_carea' id='block_1_36' title="bbox 2216 1361 3786 1430">
    <p class='ocr_par' dir='ltr' id='par_1_36' title="bbox 2216 1361 3786 1430">
     <span class='ocr_line' id='line_1_36' title="bbox 2216 1361 3786 1430; baseline 0.003 -14"><span class='ocrx_word' id='word_1_339' title='bbox 2216 1362 2309 1417; x_wconf 89' lang='lat' dir='ltr'><strong>bat</strong></span> <span class='ocrx_word' id='word_1_340' title='bbox 2347 1371 2407 1415; x_wconf 88' lang='lat' dir='ltr'><strong>ut</strong></span> <span class='ocrx_word' id='word_1_341' title='bbox 2474 1362 2614 1416; x_wconf 89' lang='lat' dir='ltr'><strong>Deus</strong></span> <span class='ocrx_word' id='word_1_342' title='bbox 2637 1361 2783 1414; x_wconf 88' lang='lat' dir='ltr'><strong>illum</strong></span> <span class='ocrx_word' id='word_1_343' title='bbox 2801 1362 3049 1430; x_wconf 85' lang='lat' dir='ltr'><strong>proderet</strong></span> <span class='ocrx_word' id='word_1_344' title='bbox 3092 1361 3392 1426; x_wconf 87' lang='lat' dir='ltr'><strong>manifeste,</strong></span> <span class='ocrx_word' id='word_1_345' title='bbox 3444 1373 3509 1418; x_wconf 89' lang='lat' dir='ltr'><strong>ut</strong></span> <span class='ocrx_word' id='word_1_346' title='bbox 3555 1367 3786 1421; x_wconf 72' lang='lat' dir='ltr'><strong>haberet</strong></span> 
     </span>
    </p>
   </div>
   <div class='ocr_carea' id='block_1_37' title="bbox 2217 1450 3787 1527">
    <p class='ocr_par' dir='ltr' id='par_1_37' title="bbox 2217 1450 3787 1527">
     <span class='ocr_line' id='line_1_37' title="bbox 2217 1450 3787 1527; baseline 0.003 -18"><span class='ocrx_word' id='word_1_347' title='bbox 2217 1455 2549 1509; x_wconf 84' lang='lat' dir='ltr'><strong>occasionem</strong></span> <span class='ocrx_word' id='word_1_348' title='bbox 2573 1462 2632 1506; x_wconf 89' lang='lat' dir='ltr'><strong>ut</strong></span> <span class='ocrx_word' id='word_1_349' title='bbox 2666 1453 2866 1506; x_wconf 87' lang='lat' dir='ltr'><strong>diceret</strong></span> <span class='ocrx_word' id='word_1_350' title='bbox 2894 1470 2907 1506; x_wconf 92' lang='lat'>:</span> <span class='ocrx_word' id='word_1_351' title='bbox 2931 1450 3049 1506; x_wconf 83' lang='lat' dir='ltr'><strong>Jam</strong></span> <span class='ocrx_word' id='word_1_352' title='bbox 3070 1454 3197 1523; x_wconf 86' lang='lat' dir='ltr'><strong>quia</strong></span> <span class='ocrx_word' id='word_1_353' title='bbox 3220 1463 3277 1506; x_wconf 90' lang='lat' dir='ltr'><strong>tu</strong></span> <span class='ocrx_word' id='word_1_354' title='bbox 3310 1455 3412 1508; x_wconf 84' lang='lat' dir='ltr'><strong>ista</strong></span> <span class='ocrx_word' id='word_1_355' title='bbox 3440 1456 3787 1527; x_wconf 77' lang='lat' dir='ltr'><strong>improperas</strong></span> 
     </span>
    </p>
   </div>
   <div class='ocr_carea' id='block_1_38' title="bbox 2219 1542 3785 1616">
    <p class='ocr_par' dir='ltr' id='par_1_38' title="bbox 2219 1542 3785 1616">
     <span class='ocr_line' id='line_1_38' title="bbox 2219 1542 3785 1616; baseline 0.001 -18"><span class='ocrx_word' id='word_1_356' title='bbox 2219 1561 2336 1616; x_wconf 75' lang='lat' dir='ltr'><strong>qua:</strong></span> <span class='ocrx_word' id='word_1_357' title='bbox 2361 1560 2466 1599; x_wconf 88' lang='lat' dir='ltr'><strong>non</strong></span> <span class='ocrx_word' id='word_1_358' title='bbox 2514 1543 2637 1608; x_wconf 84' lang='lat' dir='ltr'><strong>feci,</strong></span> <span class='ocrx_word' id='word_1_359' title='bbox 2668 1542 2832 1598; x_wconf 89' lang='lat' dir='ltr'><strong>debeo</strong></span> <span class='ocrx_word' id='word_1_360' title='bbox 2865 1552 2916 1597; x_wconf 91' lang='lat' dir='ltr'><strong>te</strong></span> <span class='ocrx_word' id='word_1_361' title='bbox 2946 1542 3337 1613; x_wconf 88' lang='lat' dir='ltr'><strong>derelinquere,</strong></span> <span class='ocrx_word' id='word_1_362' title='bbox 3363 1554 3418 1599; x_wconf 89' lang='lat' dir='ltr'><strong>et</strong></span> <span class='ocrx_word' id='word_1_363' title='bbox 3469 1546 3638 1599; x_wconf 81' lang='lat' dir='ltr'><strong>alium</strong></span> <span class='ocrx_word' id='word_1_364' title='bbox 3664 1564 3785 1600; x_wconf 78' lang='lat' dir='ltr'><strong>ma—</strong></span> 
     </span>
    </p>
   </div>
   <div class='ocr_carea' id='block_1_39' title="bbox 2221 1631 3783 1706">
    <p class='ocr_par' dir='ltr' id='par_1_39' title="bbox 2221 1631 3783 1706">
     <span class='ocr_line' id='line_1_39' title="bbox 2221 1631 3783 1706; baseline 0.003 -18"><span class='ocrx_word' id='word_1_365' title='bbox 2221 1636 2443 1706; x_wconf 87' lang='lat' dir='ltr'><strong>gistrum</strong></span> <span class='ocrx_word' id='word_1_366' title='bbox 2478 1647 2735 1703; x_wconf 74' lang='lat' dir='ltr'><strong>qumrere.</strong></span> <span class='ocrx_word' id='word_1_367' title='bbox 2778 1631 2883 1686; x_wconf 89' lang='lat' dir='ltr'><strong>Sed</strong></span> <span class='ocrx_word' id='word_1_368' title='bbox 2910 1633 3049 1687; x_wconf 90' lang='lat' dir='ltr'><strong>Deus</strong></span> <span class='ocrx_word' id='word_1_369' title='bbox 3072 1635 3326 1702; x_wconf 78' lang='lat' dir='ltr'><strong>praescius</strong></span> <span class='ocrx_word' id='word_1_370' title='bbox 3354 1636 3783 1705; x_wconf 80' lang='lat' dir='ltr'><strong>cogitationum;</strong></span> 
     </span>
    </p>
   </div>
   <div class='ocr_carea' id='block_1_40' title="bbox 2220 1721 3789 1785">
    <p class='ocr_par' dir='ltr' id='par_1_40' title="bbox 2220 1721 3789 1785">
     <span class='ocr_line' id='line_1_40' title="bbox 2220 1721 3789 1785; baseline 0.003 -7"><span class='ocrx_word' id='word_1_371' title='bbox 2220 1740 2327 1778; x_wconf 90' lang='lat' dir='ltr'><strong>non</strong></span> <span class='ocrx_word' id='word_1_372' title='bbox 2347 1724 2581 1778; x_wconf 83' lang='lat' dir='ltr'><strong>inve&#39;niet</strong></span> <span class='ocrx_word' id='word_1_373' title='bbox 2598 1723 2649 1778; x_wconf 90' lang='lat' dir='ltr'><strong>in</strong></span> <span class='ocrx_word' id='word_1_374' title='bbox 2665 1721 2757 1777; x_wconf 90' lang='lat' dir='ltr'><strong>illo</strong></span> <span class='ocrx_word' id='word_1_375' title='bbox 2768 1723 3121 1777; x_wconf 87' lang='lat' dir='ltr'><strong>occasionem.</strong></span> <span class='ocrx_word' id='word_1_376' title='bbox 3139 1725 3223 1777; x_wconf 76' lang='lat' dir='ltr'><strong>Ait</strong></span> <span class='ocrx_word' id='word_1_377' title='bbox 3238 1725 3316 1777; x_wconf 90' lang='lat' dir='ltr'><strong>illi</strong></span> <span class='ocrx_word' id='word_1_378' title='bbox 3338 1742 3358 1778; x_wconf 92' lang='lat'><strong><em>:</em></strong></span> <span class='ocrx_word' id='word_1_379' title='bbox 3384 1725 3465 1779; x_wconf 83' lang='lat' dir='ltr'><strong>Tu</strong></span> <span class='ocrx_word' id='word_1_380' title='bbox 3488 1729 3695 1781; x_wconf 70' lang='lat' dir='ltr'><strong>dixisti.</strong></span> <span class='ocrx_word' id='word_1_381' title='bbox 3710 1732 3789 1785; x_wconf 79' lang='lat' dir='ltr'><strong>Ae</strong></span> 
     </span>
    </p>
   </div>
   <div class='ocr_carea' id='block_1_41' title="bbox 2219 1813 3789 1882">
    <p class='ocr_par' dir='ltr' id='par_1_41' title="bbox 2219 1813 3789 1882">
     <span class='ocr_line' id='line_1_41' title="bbox 2219 1813 3789 1882; baseline 0.003 -12"><span class='ocrx_word' id='word_1_382' title='bbox 2219 1816 2264 1870; x_wconf 91' lang='lat' dir='ltr'><strong>si</strong></span> <span class='ocrx_word' id='word_1_383' title='bbox 2311 1815 2454 1870; x_wconf 86' lang='lat' dir='ltr'><strong>dicat</strong></span> <span class='ocrx_word' id='word_1_384' title='bbox 2486 1832 2498 1868; x_wconf 93' lang='lat'><strong>:</strong></span> <span class='ocrx_word' id='word_1_385' title='bbox 2529 1813 2649 1867; x_wconf 87' lang='lat' dir='ltr'><strong>Non</strong></span> <span class='ocrx_word' id='word_1_386' title='bbox 2678 1830 2768 1882; x_wconf 88' lang='lat' dir='ltr'><strong>ego</strong></span> <span class='ocrx_word' id='word_1_387' title='bbox 2793 1813 2931 1878; x_wconf 87' lang='lat' dir='ltr'><strong>dico,</strong></span> <span class='ocrx_word' id='word_1_388' title='bbox 2973 1814 3161 1868; x_wconf 88' lang='lat' dir='ltr'><strong>sedtu.</strong></span> <span class='ocrx_word' id='word_1_389' title='bbox 3185 1813 3300 1870; x_wconf 82' lang='lat' dir='ltr'><strong>Non</strong></span> <span class='ocrx_word' id='word_1_390' title='bbox 3334 1816 3583 1873; x_wconf 75' lang='lat' dir='ltr'><strong>invenies</strong></span> <span class='ocrx_word' id='word_1_391' title='bbox 3612 1821 3670 1873; x_wconf 89' lang='lat' dir='ltr'><strong>in</strong></span> <span class='ocrx_word' id='word_1_392' title='bbox 3701 1838 3789 1876; x_wconf 77' lang='lat' dir='ltr'><strong>me</strong></span> 
     </span>
    </p>
   </div>
   <div class='ocr_carea' id='block_1_42' title="bbox 2220 1903 3789 1973">
    <p class='ocr_par' dir='ltr' id='par_1_42' title="bbox 2220 1903 3789 1973">
     <span class='ocr_line' id='line_1_42' title="bbox 2220 1903 3789 1973; baseline 0.004 -14"><span class='ocrx_word' id='word_1_393' title='bbox 2220 1905 2553 1959; x_wconf 86' lang='lat' dir='ltr'><strong>occasionem</strong></span> <span class='ocrx_word' id='word_1_394' title='bbox 2597 1911 2656 1959; x_wconf 84' lang='lat' dir='ltr'><strong>ut</strong></span> <span class='ocrx_word' id='word_1_395' title='bbox 2709 1920 2794 1958; x_wconf 89' lang='lat' dir='ltr'><strong>me</strong></span> <span class='ocrx_word' id='word_1_396' title='bbox 2843 1903 3197 1973; x_wconf 87' lang='lat' dir='ltr'><strong>derelinquas.</strong></span> <span class='ocrx_word' id='word_1_397' title='bbox 3239 1904 3580 1962; x_wconf 70' lang='grc' dir='ltr'><strong>ϐωησηεὶὺκε</strong></span> <span class='ocrx_word' id='word_1_398' title='bbox 3609 1923 3789 1965; x_wconf 69' lang='lat' dir='ltr'><strong>cum</strong></span> 
     </span>
    </p>
   </div>
   <div class='ocr_carea' id='block_1_43' title="bbox 2219 1992 3788 2072">
    <p class='ocr_par' dir='ltr' id='par_1_43' title="bbox 2219 1992 3788 2072">
     <span class='ocr_line' id='line_1_43' title="bbox 2219 1992 3788 2072; baseline 0.003 -22"><span class='ocrx_word' id='word_1_399' title='bbox 2219 1998 2294 2050; x_wconf 88' lang='lat' dir='ltr'><strong>eis</strong></span> <span class='ocrx_word' id='word_1_400' title='bbox 2345 1994 2536 2064; x_wconf 86' lang='lat' dir='ltr'><strong>accepit</strong></span> <span class='ocrx_word' id='word_1_401' title='bbox 2586 1992 2742 2048; x_wconf 83' lang='lat' dir='ltr'><strong>Jesus</strong></span> <span class='ocrx_word' id='word_1_402' title='bbox 2784 2011 2987 2065; x_wconf 85' lang='lat' dir='ltr'><strong>panem,</strong></span> <span class='ocrx_word' id='word_1_403' title='bbox 3034 2004 3084 2049; x_wconf 90' lang='lat' dir='ltr'><strong>et</strong></span> <span class='ocrx_word' id='word_1_404' title='bbox 3146 1996 3441 2062; x_wconf 75' lang='lat' dir='ltr'><strong>benedixit,</strong></span> <span class='ocrx_word' id='word_1_405' title='bbox 3496 2017 3561 2053; x_wconf 77' lang='lat' dir='ltr'><strong>ac</strong></span> <span class='ocrx_word' id='word_1_406' title='bbox 3606 2000 3788 2072; x_wconf 71' lang='lat' dir='ltr'><strong>fregit.</strong></span> 
     </span>
    </p>
   </div>
   <div class='ocr_carea' id='block_1_44' title="bbox 2220 2085 3792 2156">
    <p class='ocr_par' dir='ltr' id='par_1_44' title="bbox 2220 2085 3792 2156">
     <span class='ocr_line' id='line_1_44' title="bbox 2220 2085 3792 2156; baseline 0.001 -16"><span class='ocrx_word' id='word_1_407' title='bbox 2220 2085 2511 2155; x_wconf 87' lang='lat' dir='ltr'><strong>Postquam</strong></span> <span class='ocrx_word' id='word_1_408' title='bbox 2558 2086 2755 2140; x_wconf 80' lang='lat' dir='ltr'><strong>veteris</strong></span> <span class='ocrx_word' id='word_1_409' title='bbox 2805 2085 3015 2154; x_wconf 68' lang='lat' dir='ltr'><strong>pascha:</strong></span> <span class='ocrx_word' id='word_1_410' title='bbox 3048 2085 3187 2154; x_wconf 84' lang='lat' dir='ltr'><strong>quod</strong></span> <span class='ocrx_word' id='word_1_411' title='bbox 3232 2096 3565 2156; x_wconf 75' lang='lat' dir='ltr'><strong>pra-ceptum</strong></span> <span class='ocrx_word' id='word_1_412' title='bbox 3607 2089 3792 2144; x_wconf 73' lang='lat' dir='ltr'><strong>fuerat</strong></span> 
     </span>
    </p>
   </div>
   <div class='ocr_carea' id='block_1_45' title="bbox 2222 2174 3791 2245">
    <p class='ocr_par' dir='ltr' id='par_1_45' title="bbox 2222 2174 3791 2245">
     <span class='ocr_line' id='line_1_45' title="bbox 2222 2174 3791 2245; baseline 0.002 -14"><span class='ocrx_word' id='word_1_413' title='bbox 2222 2175 2631 2239; x_wconf 83' lang='lat' dir='ltr'><strong>consummavit,</strong></span> <span class='ocrx_word' id='word_1_414' title='bbox 2659 2183 2712 2230; x_wconf 89' lang='lat' dir='ltr'><strong>et</strong></span> <span class='ocrx_word' id='word_1_415' title='bbox 2733 2174 2892 2229; x_wconf 83' lang='lat' dir='ltr'><strong>linem</strong></span> <span class='ocrx_word' id='word_1_416' title='bbox 2915 2174 3044 2230; x_wconf 85' lang='lat' dir='ltr'><strong>fecit</strong></span> <span class='ocrx_word' id='word_1_417' title='bbox 3070 2177 3384 2231; x_wconf 84' lang='lat' dir='ltr'><strong>umbrarum</strong></span> <span class='ocrx_word' id='word_1_418' title='bbox 3409 2186 3684 2245; x_wconf 84' lang='lat' dir='ltr'><strong>veterum,</strong></span> <span class='ocrx_word' id='word_1_419' title='bbox 3715 2183 3791 2234; x_wconf 69' lang='lat' dir='ltr'><strong>ir.~</strong></span> 
     </span>
    </p>
   </div>
   <div class='ocr_carea' id='block_1_46' title="bbox 2223 2265 3789 2337">
    <p class='ocr_par' dir='ltr' id='par_1_46' title="bbox 2223 2265 3789 2337">
     <span class='ocr_line' id='line_1_46' title="bbox 2223 2265 3789 2337; baseline 0.001 -16"><span class='ocrx_word' id='word_1_420' title='bbox 2223 2267 2387 2336; x_wconf 68' lang='lat' dir='ltr'><strong>coepit</strong></span> <span class='ocrx_word' id='word_1_421' title='bbox 2408 2266 2619 2321; x_wconf 87' lang='lat' dir='ltr'><strong>initiare</strong></span> <span class='ocrx_word' id='word_1_422' title='bbox 2641 2265 2848 2319; x_wconf 90' lang='lat' dir='ltr'><strong>initium</strong></span> <span class='ocrx_word' id='word_1_423' title='bbox 2880 2280 3027 2319; x_wconf 72' lang='lat' dir='ltr'><strong>nova:</strong></span> <span class='ocrx_word' id='word_1_424' title='bbox 3050 2267 3232 2336; x_wconf 72' lang='lat' dir='ltr'><strong>gratizc</strong></span> <span class='ocrx_word' id='word_1_425' title='bbox 3252 2268 3477 2337; x_wconf 75' lang='lat' dir='ltr'><strong>novique</strong></span> <span class='ocrx_word' id='word_1_426' title='bbox 3504 2274 3789 2326; x_wconf 74' lang='lat' dir='ltr'><strong>sacriﬁcii.</strong></span> 
     </span>
    </p>
   </div>
   <div class='ocr_carea' id='block_1_47' title="bbox 2222 2357 3788 2434">
    <p class='ocr_par' dir='ltr' id='par_1_47' title="bbox 2222 2357 3788 2434">
     <span class='ocr_line' id='line_1_47' title="bbox 2222 2357 3788 2434; baseline 0.003 -19"><span class='ocrx_word' id='word_1_427' title='bbox 2222 2358 2441 2428; x_wconf 83' lang='lat' dir='ltr'><strong>Accepit</strong></span> <span class='ocrx_word' id='word_1_428' title='bbox 2463 2372 2653 2428; x_wconf 90' lang='lat' dir='ltr'><strong>panem</strong></span> <span class='ocrx_word' id='word_1_429' title='bbox 2705 2359 2793 2427; x_wconf 89' lang='lat' dir='ltr'><strong>qui</strong></span> <span class='ocrx_word' id='word_1_430' title='bbox 2825 2357 3092 2413; x_wconf 89' lang='lat' dir='ltr'><strong>confortat</strong></span> <span class='ocrx_word' id='word_1_431' title='bbox 3131 2375 3225 2415; x_wconf 89' lang='lat' dir='ltr'><strong>cor</strong></span> <span class='ocrx_word' id='word_1_432' title='bbox 3253 2361 3494 2427; x_wconf 85' lang='lat' dir='ltr'><strong>hominis,</strong></span> <span class='ocrx_word' id='word_1_433' title='bbox 3538 2374 3595 2416; x_wconf 76' lang='lat' dir='ltr'><strong>et</strong></span> <span class='ocrx_word' id='word_1_434' title='bbox 3632 2370 3788 2434; x_wconf 66' lang='grc' dir='ltr'><strong>(μιοΰ</strong></span> 
     </span>
    </p>
   </div>
   <div class='ocr_carea' id='block_1_48' title="bbox 2225 2449 3790 2521">
    <p class='ocr_par' dir='ltr' id='par_1_48' title="bbox 2225 2449 3790 2521">
     <span class='ocr_line' id='line_1_48' title="bbox 2225 2449 3790 2521; baseline 0.001 -13"><span class='ocrx_word' id='word_1_435' title='bbox 2225 2466 2446 2521; x_wconf 88' lang='lat' dir='ltr'><strong>corpora</strong></span> <span class='ocrx_word' id='word_1_436' title='bbox 2470 2451 2701 2505; x_wconf 83' lang='lat' dir='ltr'><strong>humana</strong></span> <span class='ocrx_word' id='word_1_437' title='bbox 2728 2449 2845 2519; x_wconf 88' lang='lat' dir='ltr'><strong>plus</strong></span> <span class='ocrx_word' id='word_1_438' title='bbox 2871 2450 3128 2510; x_wconf 85' lang='lat' dir='ltr'><strong>continet,</strong></span> <span class='ocrx_word' id='word_1_439' title='bbox 3172 2459 3224 2505; x_wconf 88' lang='lat' dir='ltr'><strong>et</strong></span> <span class='ocrx_word' id='word_1_440' title='bbox 3250 2452 3390 2521; x_wconf 87' lang='lat' dir='ltr'><strong>ponit</strong></span> <span class='ocrx_word' id='word_1_441' title='bbox 3414 2453 3467 2506; x_wconf 89' lang='lat' dir='ltr'><strong>in</strong></span> <span class='ocrx_word' id='word_1_442' title='bbox 3496 2468 3565 2507; x_wconf 90' lang='lat' dir='ltr'><strong>eo</strong></span> <span class='ocrx_word' id='word_1_443' title='bbox 3597 2470 3790 2509; x_wconf 59' lang='lat' dir='ltr'><strong>sacra.</strong></span> 
     </span>
    </p>
   </div>
   <div class='ocr_carea' id='block_1_49' title="bbox 2225 2532 3791 2615">
    <p class='ocr_par' dir='ltr' id='par_1_49' title="bbox 2225 2532 3791 2615">
     <span class='ocr_line' id='line_1_49' title="bbox 2225 2532 3791 2615; baseline 0.001 -18"><span class='ocrx_word' id='word_1_444' title='bbox 2225 2532 2462 2597; x_wconf 81' lang='lat' dir='ltr'><strong>mentum</strong></span> <span class='ocrx_word' id='word_1_445' title='bbox 2510 2541 2589 2596; x_wconf 87' lang='lat' dir='ltr'><strong>sui</strong></span> <span class='ocrx_word' id='word_1_446' title='bbox 2619 2540 2835 2596; x_wconf 84' lang='lat' dir='ltr'><strong>amoris.</strong></span> <span class='ocrx_word' id='word_1_447' title='bbox 2863 2538 2966 2595; x_wconf 82' lang='lat' dir='ltr'><strong>Sed</strong></span> <span class='ocrx_word' id='word_1_448' title='bbox 3000 2541 3168 2595; x_wconf 88' lang='lat' dir='ltr'><strong>multo</strong></span> <span class='ocrx_word' id='word_1_449' title='bbox 3192 2542 3351 2611; x_wconf 83' lang='lat' dir='ltr'><strong>magis</strong></span> <span class='ocrx_word' id='word_1_450' title='bbox 3377 2541 3465 2594; x_wconf 86' lang='lat' dir='ltr'><strong>ille</strong></span> <span class='ocrx_word' id='word_1_451' title='bbox 3487 2545 3659 2613; x_wconf 82' lang='lat' dir='ltr'><strong>panis</strong></span> <span class='ocrx_word' id='word_1_452' title='bbox 3686 2547 3791 2615; x_wconf 59' lang='lat' dir='ltr'><strong>spio</strong></span> 
     </span>
    </p>
   </div>
   <div class='ocr_carea' id='block_1_50' title="bbox 2226 2628 3791 2700">
    <p class='ocr_par' dir='ltr' id='par_1_50' title="bbox 2226 2628 3791 2700">
     <span class='ocr_line' id='line_1_50' title="bbox 2226 2628 3791 2700; baseline 0.002 -14"><span class='ocrx_word' id='word_1_453' title='bbox 2226 2631 2397 2686; x_wconf 87' lang='lat' dir='ltr'><strong>ritalis</strong></span> <span class='ocrx_word' id='word_1_454' title='bbox 2427 2630 2579 2700; x_wconf 86' lang='lat' dir='ltr'><strong>plene</strong></span> <span class='ocrx_word' id='word_1_455' title='bbox 2622 2628 2888 2685; x_wconf 86' lang='lat' dir='ltr'><strong>confortat</strong></span> <span class='ocrx_word' id='word_1_456' title='bbox 2932 2644 3147 2685; x_wconf 88' lang='lat' dir='ltr'><strong>omnem</strong></span> <span class='ocrx_word' id='word_1_457' title='bbox 3188 2631 3455 2686; x_wconf 81' lang='lat' dir='ltr'><strong>hominem</strong></span> <span class='ocrx_word' id='word_1_458' title='bbox 3483 2643 3545 2687; x_wconf 87' lang='lat' dir='ltr'><strong>et</strong></span> <span class='ocrx_word' id='word_1_459' title='bbox 3581 2648 3791 2689; x_wconf 74' lang='lat' dir='ltr'><strong>creatu-</strong></span> 
     </span>
    </p>
   </div>
   <div class='ocr_carea' id='block_1_51' title="bbox 2228 2723 3787 2793">
    <p class='ocr_par' dir='ltr' id='par_1_51' title="bbox 2228 2723 3787 2793">
     <span class='ocr_line' id='line_1_51' title="bbox 2228 2723 3787 2793; baseline -0.001 -12"><span class='ocrx_word' id='word_1_460' title='bbox 2228 2739 2368 2791; x_wconf 85' lang='lat' dir='ltr'><strong>ram,</strong></span> <span class='ocrx_word' id='word_1_461' title='bbox 2419 2723 2543 2793; x_wconf 85' lang='lat' dir='ltr'><strong>quia</strong></span> <span class='ocrx_word' id='word_1_462' title='bbox 2593 2723 2648 2777; x_wconf 90' lang='lat' dir='ltr'><strong>in</strong></span> <span class='ocrx_word' id='word_1_463' title='bbox 2687 2723 2800 2792; x_wconf 87' lang='lat' dir='ltr'><strong>ipso</strong></span> <span class='ocrx_word' id='word_1_464' title='bbox 2848 2737 3123 2777; x_wconf 84' lang='lat' dir='ltr'><strong>movemur</strong></span> <span class='ocrx_word' id='word_1_465' title='bbox 3167 2732 3221 2777; x_wconf 88' lang='lat' dir='ltr'><strong>et</strong></span> <span class='ocrx_word' id='word_1_466' title='bbox 3262 2739 3470 2779; x_wconf 85' lang='lat' dir='ltr'><strong>sumus.</strong></span> <span class='ocrx_word' id='word_1_467' title='bbox 3516 2725 3787 2780; x_wconf 66' lang='lat' dir='ltr'><strong>Benedixit</strong></span> 
     </span>
    </p>
   </div>
   <div class='ocr_carea' id='block_1_52' title="bbox 2226 2812 3789 2886">
    <p class='ocr_par' dir='ltr' id='par_1_52' title="bbox 2226 2812 3789 2886">
     <span class='ocr_line' id='line_1_52' title="bbox 2226 2812 3789 2886; baseline 0.002 -17"><span class='ocrx_word' id='word_1_468' title='bbox 2226 2815 2480 2885; x_wconf 87' lang='lat' dir='ltr'><strong>prinmm,</strong></span> <span class='ocrx_word' id='word_1_469' title='bbox 2502 2813 2625 2884; x_wconf 88' lang='lat' dir='ltr'><strong>quia</strong></span> <span class='ocrx_word' id='word_1_470' title='bbox 2652 2813 2703 2867; x_wconf 91' lang='lat' dir='ltr'><strong>in</strong></span> <span class='ocrx_word' id='word_1_471' title='bbox 2734 2814 2847 2882; x_wconf 82' lang='lat' dir='ltr'><strong>ipso</strong></span> <span class='ocrx_word' id='word_1_472' title='bbox 2882 2812 3096 2867; x_wconf 89' lang='lat' dir='ltr'><strong>homine</strong></span> <span class='ocrx_word' id='word_1_473' title='bbox 3121 2813 3401 2869; x_wconf 83' lang='lat' dir='ltr'><strong>hominum</strong></span> <span class='ocrx_word' id='word_1_474' title='bbox 3435 2832 3609 2886; x_wconf 84' lang='lat' dir='ltr'><strong>genus</strong></span> <span class='ocrx_word' id='word_1_475' title='bbox 3633 2819 3789 2872; x_wconf 71' lang='lat' dir='ltr'><strong>bene-</strong></span> 
     </span>
    </p>
   </div>
   <div class='ocr_carea' id='block_1_53' title="bbox 2229 2902 3787 2977">
    <p class='ocr_par' dir='ltr' id='par_1_53' title="bbox 2229 2902 3787 2977">
     <span class='ocr_line' id='line_1_53' title="bbox 2229 2902 3787 2977; baseline 0 -15"><span class='ocrx_word' id='word_1_476' title='bbox 2229 2905 2383 2968; x_wconf 72' lang='lat' dir='ltr'><strong>dixit,</strong></span> <span class='ocrx_word' id='word_1_477' title='bbox 2406 2902 2457 2959; x_wconf 85' lang='lat' dir='ltr'><strong>et</strong></span> <span class='ocrx_word' id='word_1_478' title='bbox 2488 2912 2624 2974; x_wconf 87' lang='lat' dir='ltr'><strong>post,</strong></span> <span class='ocrx_word' id='word_1_479' title='bbox 2654 2918 2813 2972; x_wconf 90' lang='lat' dir='ltr'><strong>quem</strong></span> <span class='ocrx_word' id='word_1_480' title='bbox 2848 2904 2914 2957; x_wconf 89' lang='lat' dir='ltr'><strong>de</strong></span> <span class='ocrx_word' id='word_1_481' title='bbox 2934 2910 3115 2957; x_wconf 88' lang='lat' dir='ltr'><strong>sancta</strong></span> <span class='ocrx_word' id='word_1_482' title='bbox 3154 2903 3322 2958; x_wconf 77' lang='lat' dir='ltr'><strong>Maria</strong></span> <span class='ocrx_word' id='word_1_483' title='bbox 3364 2908 3668 2977; x_wconf 80' lang='lat' dir='ltr'><strong>assumpsit</strong></span> <span class='ocrx_word' id='word_1_484' title='bbox 3701 2909 3787 2962; x_wconf 84' lang='lat' dir='ltr'><strong>be-</strong></span> 
     </span>
    </p>
   </div>
   <div class='ocr_carea' id='block_1_54' title="bbox 2231 2994 3782 3066">
    <p class='ocr_par' dir='ltr' id='par_1_54' title="bbox 2231 2994 3782 3066">
     <span class='ocr_line' id='line_1_54' title="bbox 2231 2994 3782 3066; baseline -0.002 -14"><span class='ocrx_word' id='word_1_485' title='bbox 2231 2996 2583 3052; x_wconf 88' lang='lat' dir='ltr'><strong>nedictionem</strong></span> <span class='ocrx_word' id='word_1_486' title='bbox 2638 2995 2828 3049; x_wconf 79' lang='lat' dir='ltr'><strong>divinae</strong></span> <span class='ocrx_word' id='word_1_487' title='bbox 2879 2994 3318 3059; x_wconf 82' lang='lat' dir='ltr'><strong>immortalitatis,</strong></span> <span class='ocrx_word' id='word_1_488' title='bbox 3368 3005 3425 3049; x_wconf 87' lang='lat' dir='ltr'><strong>et</strong></span> <span class='ocrx_word' id='word_1_489' title='bbox 3492 2999 3782 3066; x_wconf 74' lang='lat' dir='ltr'><strong>potentiam</strong></span> 
     </span>
    </p>
   </div>
   <div class='ocr_carea' id='block_1_55' title="bbox 581 3045 3781 3157">
    <p class='ocr_par' dir='ltr' id='par_1_55' title="bbox 581 3045 3781 3157">
     <span class='ocr_line' id='line_1_55' title="bbox 581 3045 3781 3157; baseline -0.008 -23"><span class='ocrx_word' id='word_1_490' title='bbox 581 3079 835 3149; x_wconf 79' lang='lat' dir='ltr'><strong>Magister</strong></span> <span class='ocrx_word' id='word_1_491' title='bbox 863 3077 1210 3146; x_wconf 72' lang='lat' dir='ltr'><strong>dicituempus</strong></span> <span class='ocrx_word' id='word_1_492' title='bbox 1251 3091 1419 3132; x_wconf 86' lang='lat' dir='ltr'><strong>meum</strong></span> <span class='ocrx_word' id='word_1_493' title='bbox 1452 3089 1609 3144; x_wconf 83' lang='lat' dir='ltr'><strong>prope</strong></span> <span class='ocrx_word' id='word_1_494' title='bbox 1629 3081 1723 3138; x_wconf 87' lang='lat' dir='ltr'><strong>est,</strong></span> <span class='ocrx_word' id='word_1_495' title='bbox 1754 3071 1894 3143; x_wconf 88' lang='lat' dir='ltr'><strong>apud</strong></span> <span class='ocrx_word' id='word_1_496' title='bbox 1917 3081 1966 3125; x_wconf 85' lang='lat' dir='ltr'><strong>te</strong></span> <span class='ocrx_word' id='word_1_497' title='bbox 1990 3070 2127 3140; x_wconf 90' lang='lat' dir='ltr'><strong>facio</strong></span> <span class='ocrx_word' id='word_1_498' title='bbox 2156 3045 2199 3108; x_wconf 58' lang='grc' dir='ltr'><strong>(ἶ</strong></span> <span class='ocrx_word' id='word_1_499' title='bbox 2231 3089 2495 3144; x_wconf 50' lang='lat' dir='ltr'><strong>veraciter</strong></span> <span class='ocrx_word' id='word_1_500' title='bbox 2518 3088 2693 3142; x_wconf 61' lang='lat' dir='ltr'><strong>inesse</strong></span> <span class='ocrx_word' id='word_1_501' title='bbox 2716 3085 3048 3140; x_wconf 49' lang='lat' dir='ltr'><strong>nmmum“.</strong></span> <span class='ocrx_word' id='word_1_502' title='bbox 3080 3083 3279 3156; x_wconf 31' lang='lat' dir='ltr'><strong>prem-ﬂ</strong></span> <span class='ocrx_word' id='word_1_503' title='bbox 3311 3045 3546 3157; x_wconf 45' lang='lat'><strong>56395“;</strong></span> <span class='ocrx_word' id='word_1_504' title='bbox 3574 3102 3781 3157; x_wconf 45' lang='lat' dir='ltr'><strong>Nam.</strong></span> 
     </span>
    </p>
   </div>
   <div class='ocr_carea' id='block_1_56' title="bbox 576 3160 2131 3238">
    <p class='ocr_par' dir='ltr' id='par_1_56' title="bbox 576 3160 2131 3238">
     <span class='ocr_line' id='line_1_56' title="bbox 576 3160 2131 3238; baseline -0.005 -18"><span class='ocrx_word' id='word_1_505' title='bbox 576 3168 788 3238; x_wconf 80' lang='lat' dir='ltr'><strong>pascha.</strong></span> <span class='ocrx_word' id='word_1_506' title='bbox 822 3165 977 3232; x_wconf 79' lang='lat' dir='ltr'><strong>Quod</strong></span> <span class='ocrx_word' id='word_1_507' title='bbox 997 3164 1125 3219; x_wconf 83' lang='lat' dir='ltr'><strong>dicit</strong></span> <span class='ocrx_word' id='word_1_508' title='bbox 1162 3173 1358 3232; x_wconf 84' lang='lat' dir='ltr'><strong>tempus</strong></span> <span class='ocrx_word' id='word_1_509' title='bbox 1384 3179 1551 3216; x_wconf 86' lang='lat' dir='ltr'><strong>meum</strong></span> <span class='ocrx_word' id='word_1_510' title='bbox 1578 3178 1732 3231; x_wconf 85' lang='lat' dir='ltr'><strong>prope</strong></span> <span class='ocrx_word' id='word_1_511' title='bbox 1757 3169 1849 3226; x_wconf 89' lang='lat' dir='ltr'><strong>est,</strong></span> <span class='ocrx_word' id='word_1_512' title='bbox 1884 3160 2131 3215; x_wconf 86' lang='lat' dir='ltr'><strong>subaudi-</strong></span> 
     </span>
    </p>
   </div>
   <div class='ocr_carea' id='block_1_57' title="bbox 578 3240 2132 3321">
    <p class='ocr_par' dir='ltr' id='par_1_57' title="bbox 578 3240 2132 3321">
     <span class='ocr_line' id='line_1_57' title="bbox 578 3240 2132 3321; baseline -0.002 -13"><span class='ocrx_word' id='word_1_513' title='bbox 578 3267 684 3320; x_wconf 88' lang='lat' dir='ltr'><strong>tur,</strong></span> <span class='ocrx_word' id='word_1_514' title='bbox 707 3258 772 3309; x_wconf 85' lang='lat' dir='ltr'><strong>ad</strong></span> <span class='ocrx_word' id='word_1_515' title='bbox 794 3254 1165 3308; x_wconf 87' lang='lat' dir='ltr'><strong>celebrandum</strong></span> <span class='ocrx_word' id='word_1_516' title='bbox 1189 3253 1403 3321; x_wconf 86' lang='lat' dir='ltr'><strong>pascha.</strong></span> <span class='ocrx_word' id='word_1_517' title='bbox 1428 3250 1608 3320; x_wconf 81' lang='lat' dir='ltr'><strong>Neque</strong></span> <span class='ocrx_word' id='word_1_518' title='bbox 1626 3240 1770 3305; x_wconf 89' lang='lat' dir='ltr'><strong>enim</strong></span> <span class='ocrx_word' id='word_1_519' title='bbox 1792 3251 1879 3305; x_wconf 87' lang='lat' dir='ltr'><strong>ille</strong></span> <span class='ocrx_word' id='word_1_520' title='bbox 1903 3252 1981 3306; x_wconf 91' lang='lat' dir='ltr'><strong>sic</strong></span> <span class='ocrx_word' id='word_1_521' title='bbox 2002 3250 2132 3305; x_wconf 84' lang='lat' dir='ltr'><strong>lide-</strong></span> 
     </span>
    </p>
   </div>
   <div class='ocr_carea' id='block_1_58' title="bbox 578 3360 2134 3434">
    <p class='ocr_par' dir='ltr' id='par_1_58' title="bbox 578 3360 2134 3434">
     <span class='ocr_line' id='line_1_58' title="bbox 578 3360 2134 3434; baseline -0.001 -17"><span class='ocrx_word' id='word_1_522' title='bbox 578 3363 644 3419; x_wconf 90' lang='lat' dir='ltr'><strong>lis</strong></span> <span class='ocrx_word' id='word_1_523' title='bbox 673 3372 809 3434; x_wconf 80' lang='lat' dir='ltr'><strong>erat,</strong></span> <span class='ocrx_word' id='word_1_524' title='bbox 846 3371 904 3417; x_wconf 90' lang='lat' dir='ltr'><strong>ut</strong></span> <span class='ocrx_word' id='word_1_525' title='bbox 931 3362 979 3417; x_wconf 91' lang='lat' dir='ltr'><strong>ei</strong></span> <span class='ocrx_word' id='word_1_526' title='bbox 1012 3362 1077 3418; x_wconf 90' lang='lat' dir='ltr'><strong>de</strong></span> <span class='ocrx_word' id='word_1_527' title='bbox 1103 3376 1200 3416; x_wconf 89' lang='lat' dir='ltr'><strong>sua</strong></span> <span class='ocrx_word' id='word_1_528' title='bbox 1246 3360 1421 3415; x_wconf 90' lang='lat' dir='ltr'><strong>vicina</strong></span> <span class='ocrx_word' id='word_1_529' title='bbox 1451 3371 1622 3415; x_wconf 90' lang='lat' dir='ltr'><strong>morte</strong></span> <span class='ocrx_word' id='word_1_530' title='bbox 1658 3362 1897 3417; x_wconf 89' lang='lat' dir='ltr'><strong>indicare</strong></span> <span class='ocrx_word' id='word_1_531' title='bbox 1922 3361 2134 3417; x_wconf 89' lang='lat' dir='ltr'><strong>debuis-</strong></span> 
     </span>
    </p>
   </div>
   <div class='ocr_carea' id='block_1_59' title="bbox 577 3450 2129 3525">
    <p class='ocr_par' dir='ltr' id='par_1_59' title="bbox 577 3450 2129 3525">
     <span class='ocr_line' id='line_1_59' title="bbox 577 3450 2129 3525; baseline -0.004 -13"><span class='ocrx_word' id='word_1_532' title='bbox 577 3465 681 3521; x_wconf 89' lang='lat' dir='ltr'><strong>set,</strong></span> <span class='ocrx_word' id='word_1_533' title='bbox 712 3455 834 3525; x_wconf 87' lang='lat' dir='ltr'><strong>quia</strong></span> <span class='ocrx_word' id='word_1_534' title='bbox 863 3455 907 3509; x_wconf 90' lang='lat' dir='ltr'><strong>si</strong></span> <span class='ocrx_word' id='word_1_535' title='bbox 933 3452 1102 3509; x_wconf 88' lang='lat' dir='ltr'><strong>lidclis</strong></span> <span class='ocrx_word' id='word_1_536' title='bbox 1128 3451 1334 3516; x_wconf 82' lang='lat' dir='ltr'><strong>fuisset,</strong></span> <span class='ocrx_word' id='word_1_537' title='bbox 1361 3450 1606 3522; x_wconf 90' lang='lat' dir='ltr'><strong>discipuli</strong></span> <span class='ocrx_word' id='word_1_538' title='bbox 1639 3451 1855 3506; x_wconf 91' lang='lat' dir='ltr'><strong>domum</strong></span> <span class='ocrx_word' id='word_1_539' title='bbox 1889 3461 2129 3518; x_wconf 90' lang='lat' dir='ltr'><strong>nossent,</strong></span> 
     </span>
    </p>
   </div>
   <div class='ocr_carea' id='block_1_60' title="bbox 576 3538 2130 3616">
    <p class='ocr_par' dir='ltr' id='par_1_60' title="bbox 576 3538 2130 3616">
     <span class='ocr_line' id='line_1_60' title="bbox 576 3538 2130 3616; baseline -0.005 -13"><span class='ocrx_word' id='word_1_540' title='bbox 576 3538 634 3603; x_wconf 86' lang='lat' dir='ltr'><strong>et</strong></span> <span class='ocrx_word' id='word_1_541' title='bbox 654 3545 982 3616; x_wconf 86' lang='lat' dir='ltr'><strong>frequentius</strong></span> <span class='ocrx_word' id='word_1_542' title='bbox 1003 3543 1285 3598; x_wconf 89' lang='lat' dir='ltr'><strong>Dominum</strong></span> <span class='ocrx_word' id='word_1_543' title='bbox 1308 3542 1648 3611; x_wconf 88' lang='lat' dir='ltr'><strong>suscepisset.</strong></span> <span class='ocrx_word' id='word_1_544' title='bbox 1667 3541 1734 3595; x_wconf 83' lang='lat' dir='ltr'><strong>Et</strong></span> <span class='ocrx_word' id='word_1_545' title='bbox 1766 3542 1995 3612; x_wconf 79' lang='lat' dir='ltr'><strong>feceram</strong></span> <span class='ocrx_word' id='word_1_546' title='bbox 2018 3542 2130 3596; x_wconf 86' lang='lat' dir='ltr'><strong>dis-</strong></span> 
     </span>
    </p>
   </div>
   <div class='ocr_carea' id='block_1_61' title="bbox 576 3632 2132 3708">
    <p class='ocr_par' dir='ltr' id='par_1_61' title="bbox 576 3632 2132 3708">
     <span class='ocr_line' id='line_1_61' title="bbox 576 3632 2132 3708; baseline -0.003 -16"><span class='ocrx_word' id='word_1_547' title='bbox 576 3638 736 3708; x_wconf 87' lang='lat' dir='ltr'><strong>cipuli</strong></span> <span class='ocrx_word' id='word_1_548' title='bbox 759 3637 891 3692; x_wconf 87' lang='lat' dir='ltr'><strong>sicut</strong></span> <span class='ocrx_word' id='word_1_549' title='bbox 929 3635 1193 3689; x_wconf 86' lang='lat' dir='ltr'><strong>constituit</strong></span> <span class='ocrx_word' id='word_1_550' title='bbox 1210 3632 1319 3688; x_wconf 90' lang='lat' dir='ltr'><strong>illis</strong></span> <span class='ocrx_word' id='word_1_551' title='bbox 1347 3634 1525 3699; x_wconf 84' lang='lat' dir='ltr'><strong>Jesus,</strong></span> <span class='ocrx_word' id='word_1_552' title='bbox 1579 3643 1624 3688; x_wconf 86' lang='lat' dir='ltr'><strong>et</strong></span> <span class='ocrx_word' id='word_1_553' title='bbox 1665 3644 1976 3705; x_wconf 87' lang='lat' dir='ltr'><strong>paraverunt</strong></span> <span class='ocrx_word' id='word_1_554' title='bbox 2013 3651 2132 3704; x_wconf 89' lang='lat' dir='ltr'><strong>pas-</strong></span> 
     </span>
    </p>
   </div>
   <div class='ocr_carea' id='block_1_62' title="bbox 577 3726 2134 3796">
    <p class='ocr_par' dir='ltr' id='par_1_62' title="bbox 577 3726 2134 3796">
     <span class='ocr_line' id='line_1_62' title="bbox 577 3726 2134 3796; baseline -0.003 -14"><span class='ocrx_word' id='word_1_555' title='bbox 577 3729 696 3782; x_wconf 87' lang='lat' dir='ltr'><strong>cha.</strong></span> <span class='ocrx_word' id='word_1_556' title='bbox 742 3726 998 3782; x_wconf 72' lang='lat' dir='ltr'><strong>Videlicet</strong></span> <span class='ocrx_word' id='word_1_557' title='bbox 1046 3734 1366 3796; x_wconf 86' lang='lat' dir='ltr'><strong>paraverunt</strong></span> <span class='ocrx_word' id='word_1_558' title='bbox 1392 3740 1512 3795; x_wconf 63' lang='lat' dir='ltr'><strong>quae</strong></span> <span class='ocrx_word' id='word_1_559' title='bbox 1544 3728 2048 3789; x_wconf 82' lang='lat' dir='ltr'><strong>necessaria.erant,</strong></span> <span class='ocrx_word' id='word_1_560' title='bbox 2077 3732 2134 3779; x_wconf 92' lang='lat' dir='ltr'><strong>et</strong></span> 
     </span>
    </p>
   </div>
   <div class='ocr_carea' id='block_1_63' title="bbox 577 3814 2131 3887">
    <p class='ocr_par' dir='ltr' id='par_1_63' title="bbox 577 3814 2131 3887">
     <span class='ocr_line' id='line_1_63' title="bbox 577 3814 2131 3887; baseline -0.004 -13"><span class='ocrx_word' id='word_1_561' title='bbox 577 3827 902 3875; x_wconf 87' lang='lat' dir='ltr'><strong>ornaverunt</strong></span> <span class='ocrx_word' id='word_1_562' title='bbox 935 3819 1169 3873; x_wconf 90' lang='lat' dir='ltr'><strong>domum.</strong></span> <span class='ocrx_word' id='word_1_563' title='bbox 1221 3816 1438 3887; x_wconf 84' lang='lat' dir='ltr'><strong>Vespere</strong></span> <span class='ocrx_word' id='word_1_564' title='bbox 1475 3826 1643 3869; x_wconf 87' lang='lat' dir='ltr'><strong>autem</strong></span> <span class='ocrx_word' id='word_1_565' title='bbox 1671 3816 1807 3885; x_wconf 87' lang='lat' dir='ltr'><strong>facto</strong></span> <span class='ocrx_word' id='word_1_566' title='bbox 1845 3814 2131 3869; x_wconf 86' lang='lat' dir='ltr'><strong>discumbe-</strong></span> 
     </span>
    </p>
   </div>
   <div class='ocr_carea' id='block_1_64' title="bbox 581 3906 2132 3978">
    <p class='ocr_par' dir='ltr' id='par_1_64' title="bbox 581 3906 2132 3978">
     <span class='ocr_line' id='line_1_64' title="bbox 581 3906 2132 3978; baseline -0.003 -13"><span class='ocrx_word' id='word_1_567' title='bbox 581 3913 666 3967; x_wconf 81' lang='lat' dir='ltr'><strong>bat</strong></span> <span class='ocrx_word' id='word_1_568' title='bbox 715 3928 831 3966; x_wconf 90' lang='lat' dir='ltr'><strong>cum</strong></span> <span class='ocrx_word' id='word_1_569' title='bbox 882 3910 1151 3965; x_wconf 87' lang='lat' dir='ltr'><strong>duodecim</strong></span> <span class='ocrx_word' id='word_1_570' title='bbox 1200 3906 1465 3978; x_wconf 81' lang='lat' dir='ltr'><strong>discipulis</strong></span> <span class='ocrx_word' id='word_1_571' title='bbox 1500 3908 1629 3961; x_wconf 87' lang='lat' dir='ltr'><strong>suis.</strong></span> <span class='ocrx_word' id='word_1_572' title='bbox 1676 3906 1857 3976; x_wconf 89' lang='lat' dir='ltr'><strong>Agnus</strong></span> <span class='ocrx_word' id='word_1_573' title='bbox 1900 3906 1967 3960; x_wconf 89' lang='lat' dir='ltr'><strong>ad</strong></span> <span class='ocrx_word' id='word_1_574' title='bbox 2012 3920 2132 3961; x_wconf 83' lang='lat' dir='ltr'><strong>ves-</strong></span> 
     </span>
    </p>
   </div>
   <div class='ocr_carea' id='block_1_65' title="bbox 578 3997 2128 4072">
    <p class='ocr_par' dir='ltr' id='par_1_65' title="bbox 578 3997 2128 4072">
     <span class='ocr_line' id='line_1_65' title="bbox 578 3997 2128 4072; baseline -0.003 -17"><span class='ocrx_word' id='word_1_575' title='bbox 578 4017 764 4072; x_wconf 89' lang='lat' dir='ltr'><strong>peram</strong></span> <span class='ocrx_word' id='word_1_576' title='bbox 788 3999 969 4070; x_wconf 84' lang='lat' dir='ltr'><strong>jussus</strong></span> <span class='ocrx_word' id='word_1_577' title='bbox 993 4008 1076 4054; x_wconf 88' lang='lat' dir='ltr'><strong>est</strong></span> <span class='ocrx_word' id='word_1_578' title='bbox 1108 3998 1395 4069; x_wconf 88' lang='lat' dir='ltr'><strong>immolari,</strong></span> <span class='ocrx_word' id='word_1_579' title='bbox 1432 3999 1544 4067; x_wconf 91' lang='lat' dir='ltr'><strong>ipsa</strong></span> <span class='ocrx_word' id='word_1_580' title='bbox 1573 4009 1729 4051; x_wconf 88' lang='lat' dir='ltr'><strong>nocte</strong></span> <span class='ocrx_word' id='word_1_581' title='bbox 1762 3997 1971 4068; x_wconf 83' lang='lat' dir='ltr'><strong>quando</strong></span> <span class='ocrx_word' id='word_1_582' title='bbox 2006 4012 2128 4066; x_wconf 28' lang='lat' dir='ltr'><strong>per.-</strong></span> 
     </span>
    </p>
   </div>
   <div class='ocr_carea' id='block_1_66' title="bbox 577 4086 2131 4157">
    <p class='ocr_par' dir='ltr' id='par_1_66' title="bbox 577 4086 2131 4157">
     <span class='ocr_line' id='line_1_66' title="bbox 577 4086 2131 4157; baseline -0.004 -12"><span class='ocrx_word' id='word_1_583' title='bbox 577 4105 764 4145; x_wconf 89' lang='lat' dir='ltr'><strong>cussor</strong></span> <span class='ocrx_word' id='word_1_584' title='bbox 783 4089 1010 4145; x_wconf 87' lang='lat' dir='ltr'><strong>debebat</strong></span> <span class='ocrx_word' id='word_1_585' title='bbox 1056 4088 1304 4151; x_wconf 85' lang='lat' dir='ltr'><strong>transire,</strong></span> <span class='ocrx_word' id='word_1_586' title='bbox 1335 4087 1446 4141; x_wconf 89' lang='lat' dir='ltr'><strong>sive</strong></span> <span class='ocrx_word' id='word_1_587' title='bbox 1467 4086 1589 4157; x_wconf 88' lang='lat' dir='ltr'><strong>quia</strong></span> <span class='ocrx_word' id='word_1_588' title='bbox 1620 4096 1774 4141; x_wconf 87' lang='lat' dir='ltr'><strong>nocte</strong></span> <span class='ocrx_word' id='word_1_589' title='bbox 1810 4086 1931 4140; x_wconf 91' lang='lat' dir='ltr'><strong>luna</strong></span> <span class='ocrx_word' id='word_1_590' title='bbox 1964 4091 2131 4139; x_wconf 75' lang='lat' dir='ltr'><strong>muta-</strong></span> 
     </span>
    </p>
   </div>
   <div class='ocr_carea' id='block_1_67' title="bbox 579 4178 2132 4251">
    <p class='ocr_par' dir='ltr' id='par_1_67' title="bbox 579 4178 2132 4251">
     <span class='ocr_line' id='line_1_67' title="bbox 579 4178 2132 4251; baseline -0.003 -15"><span class='ocrx_word' id='word_1_591' title='bbox 579 4191 691 4246; x_wconf 87' lang='lat' dir='ltr'><strong>tur,</strong></span> <span class='ocrx_word' id='word_1_592' title='bbox 746 4181 958 4251; x_wconf 89' lang='lat' dir='ltr'><strong>quando</strong></span> <span class='ocrx_word' id='word_1_593' title='bbox 1002 4179 1061 4234; x_wconf 90' lang='lat' dir='ltr'><strong>lit</strong></span> <span class='ocrx_word' id='word_1_594' title='bbox 1110 4179 1163 4234; x_wconf 93' lang='lat' dir='ltr'><strong>in</strong></span> <span class='ocrx_word' id='word_1_595' title='bbox 1205 4188 1395 4249; x_wconf 89' lang='lat' dir='ltr'><strong>quarta</strong></span> <span class='ocrx_word' id='word_1_596' title='bbox 1441 4178 1665 4243; x_wconf 87' lang='lat' dir='ltr'><strong>decima,</strong></span> <span class='ocrx_word' id='word_1_597' title='bbox 1720 4178 1844 4248; x_wconf 90' lang='lat' dir='ltr'><strong>quia</strong></span> <span class='ocrx_word' id='word_1_598' title='bbox 1898 4185 2132 4246; x_wconf 84' lang='lat' dir='ltr'><strong>potestas</strong></span> 
     </span>
    </p>
   </div>
   <div class='ocr_carea' id='block_1_68' title="bbox 580 4268 2129 4340">
    <p class='ocr_par' dir='ltr' id='par_1_68' title="bbox 580 4268 2129 4340">
     <span class='ocr_line' id='line_1_68' title="bbox 580 4268 2129 4340; baseline -0.003 -13"><span class='ocrx_word' id='word_1_599' title='bbox 580 4270 718 4327; x_wconf 69' lang='lat' dir='ltr'><strong>luna:</strong></span> <span class='ocrx_word' id='word_1_600' title='bbox 747 4272 801 4327; x_wconf 90' lang='lat' dir='ltr'><strong>in</strong></span> <span class='ocrx_word' id='word_1_601' title='bbox 832 4281 987 4326; x_wconf 76' lang='lat' dir='ltr'><strong>nocte</strong></span> <span class='ocrx_word' id='word_1_602' title='bbox 1034 4279 1135 4336; x_wconf 91' lang='lat' dir='ltr'><strong>est,</strong></span> <span class='ocrx_word' id='word_1_603' title='bbox 1182 4270 1294 4326; x_wconf 89' lang='lat' dir='ltr'><strong>sive</strong></span> <span class='ocrx_word' id='word_1_604' title='bbox 1332 4270 1455 4340; x_wconf 87' lang='lat' dir='ltr'><strong>quia</strong></span> <span class='ocrx_word' id='word_1_605' title='bbox 1484 4269 1707 4340; x_wconf 83' lang='lat' dir='ltr'><strong>pepulus</strong></span> <span class='ocrx_word' id='word_1_606' title='bbox 1740 4268 1899 4323; x_wconf 87' lang='lat' dir='ltr'><strong>Israel</strong></span> <span class='ocrx_word' id='word_1_607' title='bbox 1925 4269 1977 4322; x_wconf 93' lang='lat' dir='ltr'><strong>in</strong></span> <span class='ocrx_word' id='word_1_608' title='bbox 2016 4269 2129 4340; x_wconf 82' lang='lat' dir='ltr'><strong>ipsa</strong></span> 
     </span>
    </p>
   </div>
   <div class='ocr_carea' id='block_1_69' title="bbox 2230 3174 3782 3251">
    <p class='ocr_par' dir='ltr' id='par_1_69' title="bbox 2230 3174 3782 3251">
     <span class='ocr_line' id='line_1_69' title="bbox 2230 3174 3782 3251; baseline -0.001 -19"><span class='ocrx_word' id='word_1_609' title='bbox 2230 3178 2356 3251; x_wconf 88' lang='lat' dir='ltr'><strong>quia</strong></span> <span class='ocrx_word' id='word_1_610' title='bbox 2380 3178 2491 3247; x_wconf 91' lang='lat' dir='ltr'><strong>ipse</strong></span> <span class='ocrx_word' id='word_1_611' title='bbox 2519 3192 2578 3233; x_wconf 92' lang='lat' dir='ltr'><strong>se</strong></span> <span class='ocrx_word' id='word_1_612' title='bbox 2624 3175 2949 3231; x_wconf 88' lang='lat' dir='ltr'><strong>voluntarius</strong></span> <span class='ocrx_word' id='word_1_613' title='bbox 2982 3174 3171 3230; x_wconf 86' lang='lat' dir='ltr'><strong>obtulit</strong></span> <span class='ocrx_word' id='word_1_614' title='bbox 3219 3174 3287 3229; x_wconf 89' lang='lat' dir='ltr'><strong>ad</strong></span> <span class='ocrx_word' id='word_1_615' title='bbox 3325 3177 3655 3245; x_wconf 61' lang='lat' dir='ltr'><strong>pusionem,</strong></span> <span class='ocrx_word' id='word_1_616' title='bbox 3704 3180 3782 3231; x_wconf 81' lang='lat' dir='ltr'><strong>ubi</strong></span> 
     </span>
    </p>
   </div>
   <div class='ocr_carea' id='block_1_70' title="bbox 2228 3267 3781 3340">
    <p class='ocr_par' dir='ltr' id='par_1_70' title="bbox 2228 3267 3781 3340">
     <span class='ocr_line' id='line_1_70' title="bbox 2228 3267 3781 3340; baseline 0.003 -16"><span class='ocrx_word' id='word_1_617' title='bbox 2228 3285 2326 3340; x_wconf 87' lang='lat' dir='ltr'><strong>pro</strong></span> <span class='ocrx_word' id='word_1_618' title='bbox 2349 3270 2593 3324; x_wconf 86' lang='lat' dir='ltr'><strong>satietate</strong></span> <span class='ocrx_word' id='word_1_619' title='bbox 2621 3277 2802 3324; x_wconf 88' lang='lat' dir='ltr'><strong>nostra</strong></span> <span class='ocrx_word' id='word_1_620' title='bbox 2843 3267 3004 3339; x_wconf 83' lang='lat' dir='ltr'><strong>fregit</strong></span> <span class='ocrx_word' id='word_1_621' title='bbox 3046 3267 3410 3323; x_wconf 79' lang='lat' dir='ltr'><strong>habitaculum</strong></span> <span class='ocrx_word' id='word_1_622' title='bbox 3439 3273 3637 3327; x_wconf 67' lang='lat' dir='ltr'><strong>anima:</strong></span> <span class='ocrx_word' id='word_1_623' title='bbox 3664 3290 3781 3331; x_wconf 62' lang='lat' dir='ltr'><strong>sum.</strong></span> 
     </span>
    </p>
   </div>
   <div class='ocr_carea' id='block_1_71' title="bbox 2229 3360 3781 3433">
    <p class='ocr_par' dir='ltr' id='par_1_71' title="bbox 2229 3360 3781 3433">
     <span class='ocr_line' id='line_1_71' title="bbox 2229 3360 3781 3433; baseline -0.001 -15"><span class='ocrx_word' id='word_1_624' title='bbox 2229 3362 2368 3418; x_wconf 86' lang='lat' dir='ltr'><strong>sicut</strong></span> <span class='ocrx_word' id='word_1_625' title='bbox 2397 3362 2510 3431; x_wconf 89' lang='lat' dir='ltr'><strong>ipse</strong></span> <span class='ocrx_word' id='word_1_626' title='bbox 2533 3361 2685 3416; x_wconf 80' lang='lat' dir='ltr'><strong>dixit.</strong></span> <span class='ocrx_word' id='word_1_627' title='bbox 2712 3360 3034 3415; x_wconf 83' lang='lat' dir='ltr'><strong>Potestatem</strong></span> <span class='ocrx_word' id='word_1_628' title='bbox 3079 3361 3251 3416; x_wconf 86' lang='lat' dir='ltr'><strong>habeo</strong></span> <span class='ocrx_word' id='word_1_629' title='bbox 3275 3363 3506 3433; x_wconf 84' lang='lat' dir='ltr'><strong>ponendi</strong></span> <span class='ocrx_word' id='word_1_630' title='bbox 3553 3366 3781 3418; x_wconf 74' lang='lat' dir='ltr'><strong>animam</strong></span> 
     </span>
    </p>
   </div>
   <div class='ocr_carea' id='block_1_72' title="bbox 2230 3455 3781 3524">
    <p class='ocr_par' dir='ltr' id='par_1_72' title="bbox 2230 3455 3781 3524">
     <span class='ocr_line' id='line_1_72' title="bbox 2230 3455 3781 3524; baseline 0.001 -13"><span class='ocrx_word' id='word_1_631' title='bbox 2230 3471 2424 3522; x_wconf 88' lang='lat' dir='ltr'><strong>meam,</strong></span> <span class='ocrx_word' id='word_1_632' title='bbox 2456 3465 2510 3511; x_wconf 90' lang='lat' dir='ltr'><strong>et</strong></span> <span class='ocrx_word' id='word_1_633' title='bbox 2538 3462 2853 3524; x_wconf 87' lang='lat' dir='ltr'><strong>potestatem</strong></span> <span class='ocrx_word' id='word_1_634' title='bbox 2883 3456 3055 3510; x_wconf 89' lang='lat' dir='ltr'><strong>habeo</strong></span> <span class='ocrx_word' id='word_1_635' title='bbox 3093 3455 3287 3511; x_wconf 90' lang='lat' dir='ltr'><strong>iterum</strong></span> <span class='ocrx_word' id='word_1_636' title='bbox 3316 3460 3616 3511; x_wconf 64' lang='lat' dir='ltr'><strong>assumendi</strong></span> <span class='ocrx_word' id='word_1_637' title='bbox 3644 3475 3781 3512; x_wconf 74' lang='lat' dir='ltr'><strong>eam.</strong></span> 
     </span>
    </p>
   </div>
   <div class='ocr_carea' id='block_1_73' title="bbox 2228 3546 3784 3619">
    <p class='ocr_par' dir='ltr' id='par_1_73' title="bbox 2228 3546 3784 3619">
     <span class='ocr_line' id='line_1_73' title="bbox 2228 3546 3784 3619; baseline 0.003 -18"><span class='ocrx_word' id='word_1_638' title='bbox 2228 3546 2481 3618; x_wconf 85' lang='lat' dir='ltr'><strong>Deditque</strong></span> <span class='ocrx_word' id='word_1_639' title='bbox 2521 3546 2921 3617; x_wconf 79' lang='lat' dir='ltr'><strong>discipulissuis</strong></span> <span class='ocrx_word' id='word_1_640' title='bbox 2952 3556 2999 3600; x_wconf 88' lang='lat' dir='ltr'><strong>et</strong></span> <span class='ocrx_word' id='word_1_641' title='bbox 3036 3548 3111 3600; x_wconf 85' lang='lat' dir='ltr'><strong>ait</strong></span> <span class='ocrx_word' id='word_1_642' title='bbox 3143 3560 3163 3597; x_wconf 91' lang='lat'><strong><em>:</em></strong></span> <span class='ocrx_word' id='word_1_643' title='bbox 3184 3547 3413 3619; x_wconf 78' lang='lat' dir='ltr'><strong>Accipite</strong></span> <span class='ocrx_word' id='word_1_644' title='bbox 3436 3560 3479 3601; x_wconf 85' lang='lat' dir='ltr'><strong>et</strong></span> <span class='ocrx_word' id='word_1_645' title='bbox 3506 3553 3784 3615; x_wconf 59' lang='lat' dir='ltr'><strong>comedi“,</strong></span> 
     </span>
    </p>
   </div>
   <div class='ocr_carea' id='block_1_74' title="bbox 2228 3636 3788 3707">
    <p class='ocr_par' dir='ltr' id='par_1_74' title="bbox 2228 3636 3788 3707">
     <span class='ocr_line' id='line_1_74' title="bbox 2228 3636 3788 3707; baseline 0.002 -17"><span class='ocrx_word' id='word_1_646' title='bbox 2228 3636 2326 3690; x_wconf 91' lang='lat' dir='ltr'><strong>hoc</strong></span> <span class='ocrx_word' id='word_1_647' title='bbox 2353 3645 2428 3690; x_wconf 87' lang='lat' dir='ltr'><strong>est</strong></span> <span class='ocrx_word' id='word_1_648' title='bbox 2450 3652 2633 3706; x_wconf 89' lang='lat' dir='ltr'><strong>corpus</strong></span> <span class='ocrx_word' id='word_1_649' title='bbox 2658 3652 2847 3689; x_wconf 85' lang='lat' dir='ltr'><strong>meum.</strong></span> <span class='ocrx_word' id='word_1_650' title='bbox 2872 3636 3023 3691; x_wconf 82' lang='lat' dir='ltr'><strong>Dedit</strong></span> <span class='ocrx_word' id='word_1_651' title='bbox 3051 3637 3331 3707; x_wconf 79' lang='lat' dir='ltr'><strong>discipulis</strong></span> <span class='ocrx_word' id='word_1_652' title='bbox 3350 3639 3457 3693; x_wconf 85' lang='lat' dir='ltr'><strong>suis</strong></span> <span class='ocrx_word' id='word_1_653' title='bbox 3477 3654 3788 3696; x_wconf 76' lang='lat' dir='ltr'><strong>sacramen—</strong></span> 
     </span>
    </p>
   </div>
   <div class='ocr_carea' id='block_1_75' title="bbox 2231 3726 3785 3797">
    <p class='ocr_par' dir='ltr' id='par_1_75' title="bbox 2231 3726 3785 3797">
     <span class='ocr_line' id='line_1_75' title="bbox 2231 3726 3785 3797; baseline 0.006 -19"><span class='ocrx_word' id='word_1_654' title='bbox 2231 3733 2341 3781; x_wconf 91' lang='lat' dir='ltr'><strong>tum</strong></span> <span class='ocrx_word' id='word_1_655' title='bbox 2364 3726 2602 3795; x_wconf 85' lang='lat' dir='ltr'><strong>corporis</strong></span> <span class='ocrx_word' id='word_1_656' title='bbox 2627 3726 2709 3781; x_wconf 91' lang='lat' dir='ltr'><strong>sui</strong></span> <span class='ocrx_word' id='word_1_657' title='bbox 2736 3726 2787 3779; x_wconf 89' lang='lat' dir='ltr'><strong>in</strong></span> <span class='ocrx_word' id='word_1_658' title='bbox 2812 3726 3179 3783; x_wconf 83' lang='lat' dir='ltr'><strong>remissionem</strong></span> <span class='ocrx_word' id='word_1_659' title='bbox 3199 3738 3572 3797; x_wconf 79' lang='lat' dir='ltr'><strong>peccatorum,</strong></span> <span class='ocrx_word' id='word_1_660' title='bbox 3598 3741 3785 3787; x_wconf 75' lang='lat' dir='ltr'><strong>etcen-</strong></span> 
     </span>
    </p>
   </div>
   <div class='ocr_carea' id='block_1_76' title="bbox 2230 3816 3791 3893">
    <p class='ocr_par' dir='ltr' id='par_1_76' title="bbox 2230 3816 3791 3893">
     <span class='ocr_line' id='line_1_76' title="bbox 2230 3816 3791 3893; baseline 0.004 -22"><span class='ocrx_word' id='word_1_661' title='bbox 2230 3816 2582 3871; x_wconf 86' lang='lat' dir='ltr'><strong>servationem</strong></span> <span class='ocrx_word' id='word_1_662' title='bbox 2598 3817 2895 3883; x_wconf 87' lang='lat' dir='ltr'><strong>charitatis,</strong></span> <span class='ocrx_word' id='word_1_663' title='bbox 2911 3827 2971 3871; x_wconf 91' lang='lat' dir='ltr'><strong>ut</strong></span> <span class='ocrx_word' id='word_1_664' title='bbox 2983 3833 3245 3875; x_wconf 88' lang='lat' dir='ltr'><strong>memores</strong></span> <span class='ocrx_word' id='word_1_665' title='bbox 3260 3821 3406 3876; x_wconf 90' lang='lat' dir='ltr'><strong>illius</strong></span> <span class='ocrx_word' id='word_1_666' title='bbox 3416 3822 3569 3887; x_wconf 84' lang='lat' dir='ltr'><strong>facti,</strong></span> <span class='ocrx_word' id='word_1_667' title='bbox 3584 3839 3791 3893; x_wconf 77' lang='lat' dir='ltr'><strong>semper</strong></span> 
     </span>
    </p>
   </div>
   <div class='ocr_carea' id='block_1_77' title="bbox 2229 3905 3792 3978">
    <p class='ocr_par' dir='ltr' id='par_1_77' title="bbox 2229 3905 3792 3978">
     <span class='ocr_line' id='line_1_77' title="bbox 2229 3905 3792 3978; baseline 0.006 -19"><span class='ocrx_word' id='word_1_668' title='bbox 2229 3905 2331 3961; x_wconf 90' lang='lat' dir='ltr'><strong>hoc</strong></span> <span class='ocrx_word' id='word_1_669' title='bbox 2360 3907 2413 3960; x_wconf 91' lang='lat' dir='ltr'><strong>in</strong></span> <span class='ocrx_word' id='word_1_670' title='bbox 2435 3906 2598 3977; x_wconf 82' lang='lat' dir='ltr'><strong>ﬁgura</strong></span> <span class='ocrx_word' id='word_1_671' title='bbox 2614 3906 2868 3970; x_wconf 87' lang='lat' dir='ltr'><strong>facerent,</strong></span> <span class='ocrx_word' id='word_1_672' title='bbox 2902 3909 3039 3977; x_wconf 86' lang='lat' dir='ltr'><strong>quod</strong></span> <span class='ocrx_word' id='word_1_673' title='bbox 3053 3923 3149 3978; x_wconf 88' lang='lat' dir='ltr'><strong>pro</strong></span> <span class='ocrx_word' id='word_1_674' title='bbox 3165 3910 3243 3965; x_wconf 89' lang='lat' dir='ltr'><strong>eis</strong></span> <span class='ocrx_word' id='word_1_675' title='bbox 3258 3919 3480 3966; x_wconf 87' lang='lat' dir='ltr'><strong>acturus</strong></span> <span class='ocrx_word' id='word_1_676' title='bbox 3508 3923 3655 3978; x_wconf 85' lang='lat' dir='ltr'><strong>erat,</strong></span> <span class='ocrx_word' id='word_1_677' title='bbox 3689 3931 3792 3968; x_wconf 85' lang='lat' dir='ltr'><strong>non</strong></span> 
     </span>
    </p>
   </div>
   <div class='ocr_carea' id='block_1_78' title="bbox 2229 3998 3793 4071">
    <p class='ocr_par' dir='ltr' id='par_1_78' title="bbox 2229 3998 3793 4071">
     <span class='ocr_line' id='line_1_78' title="bbox 2229 3998 3793 4071; baseline 0.005 -19"><span class='ocrx_word' id='word_1_678' title='bbox 2229 3998 2687 4054; x_wconf 87' lang='lat' dir='ltr'><strong>obliviscerentur.</strong></span> <span class='ocrx_word' id='word_1_679' title='bbox 2705 3998 2818 4055; x_wconf 87' lang='lat' dir='ltr'><strong>Hoc</strong></span> <span class='ocrx_word' id='word_1_680' title='bbox 2834 4009 2905 4054; x_wconf 86' lang='lat' dir='ltr'><strong>est</strong></span> <span class='ocrx_word' id='word_1_681' title='bbox 2919 4016 3103 4071; x_wconf 85' lang='lat' dir='ltr'><strong>corpus</strong></span> <span class='ocrx_word' id='word_1_682' title='bbox 3118 4018 3309 4056; x_wconf 86' lang='lat' dir='ltr'><strong>mcum.</strong></span> <span class='ocrx_word' id='word_1_683' title='bbox 3336 4003 3391 4057; x_wconf 76' lang='grc' dir='ltr'>ω</span> <span class='ocrx_word' id='word_1_684' title='bbox 3414 4014 3517 4067; x_wconf 84' lang='lat' dir='ltr'><strong>est,</strong></span> <span class='ocrx_word' id='word_1_685' title='bbox 3546 4005 3604 4059; x_wconf 88' lang='lat' dir='ltr'><strong>in</strong></span> <span class='ocrx_word' id='word_1_686' title='bbox 3619 4022 3793 4060; x_wconf 78' lang='lat' dir='ltr'><strong>sacra—</strong></span> 
     </span>
    </p>
   </div>
   <div class='ocr_carea' id='block_1_79' title="bbox 2233 4088 3791 4164">
    <p class='ocr_par' dir='ltr' id='par_1_79' title="bbox 2233 4088 3791 4164">
     <span class='ocr_line' id='line_1_79' title="bbox 2233 4088 3791 4164; baseline 0.004 -22"><span class='ocrx_word' id='word_1_687' title='bbox 2233 4097 2415 4145; x_wconf 88' lang='lat' dir='ltr'><strong>mento</strong></span> <span class='ocrx_word' id='word_1_688' title='bbox 2430 4102 2477 4143; x_wconf 77' lang='grc' dir='ltr'><strong>ει.</strong></span> <span class='ocrx_word' id='word_1_689' title='bbox 2498 4088 2561 4143; x_wconf 84' lang='lat' dir='ltr'><strong>Et</strong></span> <span class='ocrx_word' id='word_1_690' title='bbox 2577 4091 2830 4163; x_wconf 84' lang='lat' dir='ltr'><strong>accipiens</strong></span> <span class='ocrx_word' id='word_1_691' title='bbox 2847 4090 3075 4157; x_wconf 86' lang='lat' dir='ltr'><strong>calicem,</strong></span> <span class='ocrx_word' id='word_1_692' title='bbox 3091 4094 3290 4163; x_wconf 86' lang='lat' dir='ltr'><strong>gratias</strong></span> <span class='ocrx_word' id='word_1_693' title='bbox 3308 4095 3429 4164; x_wconf 82' lang='lat' dir='ltr'><strong>egit,</strong></span> <span class='ocrx_word' id='word_1_694' title='bbox 3444 4106 3493 4152; x_wconf 87' lang='lat' dir='ltr'><strong>et</strong></span> <span class='ocrx_word' id='word_1_695' title='bbox 3506 4095 3654 4149; x_wconf 77' lang='lat' dir='ltr'><strong>dedit</strong></span> <span class='ocrx_word' id='word_1_696' title='bbox 3671 4096 3791 4158; x_wconf 85' lang='lat' dir='ltr'><strong>illis,</strong></span> 
     </span>
    </p>
   </div>
   <div class='ocr_carea' id='block_1_80' title="bbox 2235 4180 3792 4256">
    <p class='ocr_par' dir='ltr' id='par_1_80' title="bbox 2235 4180 3792 4256">
     <span class='ocr_line' id='line_1_80' title="bbox 2235 4180 3792 4256; baseline 0.004 -22"><span class='ocrx_word' id='word_1_697' title='bbox 2235 4180 2408 4235; x_wconf 86' lang='lat' dir='ltr'><strong>dicens</strong></span> <span class='ocrx_word' id='word_1_698' title='bbox 2427 4195 2444 4234; x_wconf 91' lang='lat'><strong><em>:</em></strong></span> <span class='ocrx_word' id='word_1_699' title='bbox 2468 4181 2601 4249; x_wconf 87' lang='lat' dir='ltr'><strong>Quia</strong></span> <span class='ocrx_word' id='word_1_700' title='bbox 2616 4182 2755 4237; x_wconf 87' lang='lat' dir='ltr'><strong>inter</strong></span> <span class='ocrx_word' id='word_1_701' title='bbox 2765 4197 2950 4237; x_wconf 89' lang='lat' dir='ltr'><strong>omnes</strong></span> <span class='ocrx_word' id='word_1_702' title='bbox 2964 4183 3085 4237; x_wconf 73' lang='lat' dir='ltr'><strong>vita:</strong></span> <span class='ocrx_word' id='word_1_703' title='bbox 3099 4183 3383 4240; x_wconf 85' lang='lat' dir='ltr'><strong>alimonias</strong></span> <span class='ocrx_word' id='word_1_704' title='bbox 3395 4187 3556 4241; x_wconf 82' lang='lat' dir='ltr'><strong>cibus</strong></span> <span class='ocrx_word' id='word_1_705' title='bbox 3578 4189 3792 4256; x_wconf 79' lang='lat' dir='ltr'><strong>pauiset</strong></span> 
     </span>
    </p>
   </div>
   <div class='ocr_carea' id='block_1_81' title="bbox 2229 4274 3793 4335">
    <p class='ocr_par' dir='ltr' id='par_1_81' title="bbox 2229 4274 3793 4335">
     <span class='ocr_line' id='line_1_81' title="bbox 2229 4274 3793 4335; baseline 0.003 -8"><span class='ocrx_word' id='word_1_706' title='bbox 2229 4274 2410 4328; x_wconf 86' lang='lat' dir='ltr'><strong>vinum</strong></span> <span class='ocrx_word' id='word_1_707' title='bbox 2425 4275 2599 4330; x_wconf 82' lang='lat' dir='ltr'><strong>valent</strong></span> <span class='ocrx_word' id='word_1_708' title='bbox 2616 4275 2680 4330; x_wconf 89' lang='lat' dir='ltr'><strong>ad</strong></span> <span class='ocrx_word' id='word_1_709' title='bbox 2696 4276 3111 4333; x_wconf 86' lang='lat' dir='ltr'><strong>confirmandam</strong></span> <span class='ocrx_word' id='word_1_710' title='bbox 3127 4285 3182 4332; x_wconf 87' lang='lat' dir='ltr'><strong>et</strong></span> <span class='ocrx_word' id='word_1_711' title='bbox 3195 4282 3545 4334; x_wconf 80' lang='lat' dir='ltr'><strong>recreandam</strong></span> <span class='ocrx_word' id='word_1_712' title='bbox 3557 4290 3793 4335; x_wconf 81' lang='lat' dir='ltr'><strong>nostram</strong></span> 
     </span>
    </p>
   </div>
   <div class='ocr_carea' id='block_1_82' title="bbox 579 4336 3793 4444">
    <p class='ocr_par' dir='ltr' id='par_1_82' title="bbox 579 4336 3793 4444">
     <span class='ocr_line' id='line_1_82' title="bbox 579 4336 3793 4444; baseline -0.003 -27"><span class='ocrx_word' id='word_1_713' title='bbox 579 4373 737 4417; x_wconf 75' lang='lat' dir='ltr'><strong>nocte</strong></span> <span class='ocrx_word' id='word_1_714' title='bbox 759 4360 893 4433; x_wconf 86' lang='lat' dir='ltr'><strong>fugit</strong></span> <span class='ocrx_word' id='word_1_715' title='bbox 911 4363 976 4417; x_wconf 86' lang='lat' dir='ltr'><strong>de</strong></span> <span class='ocrx_word' id='word_1_716' title='bbox 1022 4368 1163 4417; x_wconf 87' lang='lat' dir='ltr'><strong>terra</strong></span> <span class='ocrx_word' id='word_1_717' title='bbox 1196 4336 1590 4431; x_wconf 65' lang='lat' dir='ltr'><strong>Egyptioruni.</strong></span> <span class='ocrx_word' id='word_1_718' title='bbox 1639 4358 1707 4412; x_wconf 84' lang='lat' dir='ltr'><strong>Et</strong></span> <span class='ocrx_word' id='word_1_719' title='bbox 1735 4358 1998 4412; x_wconf 84' lang='lat' dir='ltr'><strong>edentibus</strong></span> <span class='ocrx_word' id='word_1_720' title='bbox 2026 4336 2129 4410; x_wconf 63' lang='lat' dir='ltr'><strong>illis</strong></span> <span class='ocrx_word' id='word_1_721' title='bbox 2155 4385 2207 4444; x_wconf 71' lang='grc' dir='ltr'><strong>Β</strong></span> <span class='ocrx_word' id='word_1_722' title='bbox 2233 4363 2616 4428; x_wconf 64' lang='lat' dir='ltr'><strong>inﬁrmitatem,</strong></span> <span class='ocrx_word' id='word_1_723' title='bbox 2667 4375 2809 4421; x_wconf 59' lang='lat' dir='ltr'><strong>recte</strong></span> <span class='ocrx_word' id='word_1_724' title='bbox 2852 4381 2947 4436; x_wconf 65' lang='lat' dir='ltr'><strong>per</strong></span> <span class='ocrx_word' id='word_1_725' title='bbox 2996 4366 3112 4422; x_wconf 46' lang='lat' dir='ltr'><strong>haec</strong></span> <span class='ocrx_word' id='word_1_726' title='bbox 3160 4368 3264 4421; x_wconf 75' lang='lat' dir='ltr'><strong>duo</strong></span> <span class='ocrx_word' id='word_1_727' title='bbox 3342 4370 3669 4443; x_wconf 46' lang='lat' dir='ltr'><strong>mysterium</strong></span> <span class='ocrx_word' id='word_1_728' title='bbox 3718 4371 3793 4424; x_wconf 46' lang='lat' dir='ltr'><strong>sui</strong></span> 
     </span>
    </p>
   </div>
   <div class='ocr_carea' id='block_1_83' title="bbox 579 4448 2130 4533">
    <p class='ocr_par' dir='ltr' id='par_1_83' title="bbox 579 4448 2130 4533">
     <span class='ocr_line' id='line_1_83' title="bbox 579 4448 2130 4533; baseline -0.006 -25"><span class='ocrx_word' id='word_1_729' title='bbox 579 4453 712 4533; x_wconf 64' lang='lat' dir='ltr'><strong>dixit</strong></span> <span class='ocrx_word' id='word_1_730' title='bbox 738 4469 756 4507; x_wconf 92' lang='lat'><strong><em>:</em></strong></span> <span class='ocrx_word' id='word_1_731' title='bbox 783 4454 946 4507; x_wconf 84' lang='lat' dir='ltr'><strong>Amen</strong></span> <span class='ocrx_word' id='word_1_732' title='bbox 967 4452 1082 4506; x_wconf 88' lang='lat' dir='ltr'><strong>dico</strong></span> <span class='ocrx_word' id='word_1_733' title='bbox 1121 4452 1258 4507; x_wconf 88' lang='lat' dir='ltr'><strong>vobis</strong></span> <span class='ocrx_word' id='word_1_734' title='bbox 1302 4451 1424 4522; x_wconf 84' lang='lat' dir='ltr'><strong>quia</strong></span> <span class='ocrx_word' id='word_1_735' title='bbox 1440 4466 1572 4504; x_wconf 88' lang='lat' dir='ltr'><strong>unus</strong></span> <span class='ocrx_word' id='word_1_736' title='bbox 1594 4460 1814 4504; x_wconf 86' lang='lat' dir='ltr'><strong>vestrum</strong></span> <span class='ocrx_word' id='word_1_737' title='bbox 1842 4464 1924 4501; x_wconf 87' lang='lat' dir='ltr'><strong>me</strong></span> <span class='ocrx_word' id='word_1_738' title='bbox 1964 4448 2130 4501; x_wconf 87' lang='lat' dir='ltr'><strong>tradi-</strong></span> 
     </span>
    </p>
   </div>
   <div class='ocr_carea' id='block_1_84' title="bbox 581 4539 2133 4610">
    <p class='ocr_par' dir='ltr' id='par_1_84' title="bbox 581 4539 2133 4610">
     <span class='ocr_line' id='line_1_84' title="bbox 581 4539 2133 4610; baseline -0.003 -13"><span class='ocrx_word' id='word_1_739' title='bbox 581 4554 729 4597; x_wconf 88' lang='lat' dir='ltr'><strong>turus</strong></span> <span class='ocrx_word' id='word_1_740' title='bbox 757 4550 850 4594; x_wconf 84' lang='lat' dir='ltr'><strong>est.</strong></span> <span class='ocrx_word' id='word_1_741' title='bbox 886 4539 989 4607; x_wconf 88' lang='lat' dir='ltr'><strong>Qui</strong></span> <span class='ocrx_word' id='word_1_742' title='bbox 1031 4539 1097 4594; x_wconf 90' lang='lat' dir='ltr'><strong>de</strong></span> <span class='ocrx_word' id='word_1_743' title='bbox 1140 4540 1389 4609; x_wconf 89' lang='lat' dir='ltr'><strong>passione</strong></span> <span class='ocrx_word' id='word_1_744' title='bbox 1411 4542 1750 4609; x_wconf 60' lang='lat' dir='ltr'><strong>praedixerat,</strong></span> <span class='ocrx_word' id='word_1_745' title='bbox 1788 4539 2034 4610; x_wconf 73' lang='lat' dir='ltr'><strong>prmdixit</strong></span> <span class='ocrx_word' id='word_1_746' title='bbox 2068 4539 2133 4593; x_wconf 87' lang='lat' dir='ltr'><strong>de</strong></span> 
     </span>
    </p>
   </div>
   <div class='ocr_carea' id='block_1_85' title="bbox 581 4628 2135 4699">
    <p class='ocr_par' dir='ltr' id='par_1_85' title="bbox 581 4628 2135 4699">
     <span class='ocr_line' id='line_1_85' title="bbox 581 4628 2135 4699; baseline -0.002 -14"><span class='ocrx_word' id='word_1_747' title='bbox 581 4631 887 4694; x_wconf 85' lang='lat' dir='ltr'><strong>traditione,</strong></span> <span class='ocrx_word' id='word_1_748' title='bbox 908 4637 968 4683; x_wconf 89' lang='lat' dir='ltr'><strong>ut</strong></span> <span class='ocrx_word' id='word_1_749' title='bbox 992 4637 1114 4699; x_wconf 89' lang='lat' dir='ltr'><strong>agat</strong></span> <span class='ocrx_word' id='word_1_750' title='bbox 1137 4630 1382 4683; x_wconf 89' lang='lat' dir='ltr'><strong>conscius</strong></span> <span class='ocrx_word' id='word_1_751' title='bbox 1412 4630 1811 4697; x_wconf 79' lang='lat' dir='ltr'><strong>pcenitentiam;</strong></span> <span class='ocrx_word' id='word_1_752' title='bbox 1836 4639 1887 4683; x_wconf 91' lang='lat' dir='ltr'><strong>et</strong></span> <span class='ocrx_word' id='word_1_753' title='bbox 1912 4643 2017 4682; x_wconf 90' lang='lat' dir='ltr'><strong>non</strong></span> <span class='ocrx_word' id='word_1_754' title='bbox 2044 4628 2135 4682; x_wconf 79' lang='lat' dir='ltr'><strong>de-</strong></span> 
     </span>
    </p>
   </div>
   <div class='ocr_carea' id='block_1_86' title="bbox 578 4717 2136 4791">
    <p class='ocr_par' dir='ltr' id='par_1_86' title="bbox 578 4717 2136 4791">
     <span class='ocr_line' id='line_1_86' title="bbox 578 4717 2136 4791; baseline -0.003 -16"><span class='ocrx_word' id='word_1_755' title='bbox 578 4722 751 4791; x_wconf 87' lang='lat' dir='ltr'><strong>signat</strong></span> <span class='ocrx_word' id='word_1_756' title='bbox 774 4735 896 4791; x_wconf 57' lang='lat' dir='ltr'><strong>e&#39;tm</strong></span> <span class='ocrx_word' id='word_1_757' title='bbox 917 4719 1236 4790; x_wconf 87' lang='lat' dir='ltr'><strong>specialiter,</strong></span> <span class='ocrx_word' id='word_1_758' title='bbox 1252 4735 1318 4774; x_wconf 91' lang='lat' dir='ltr'><strong>ne</strong></span> <span class='ocrx_word' id='word_1_759' title='bbox 1335 4720 1643 4790; x_wconf 82' lang='lat' dir='ltr'><strong>imprudens</strong></span> <span class='ocrx_word' id='word_1_760' title='bbox 1657 4720 1844 4785; x_wconf 86' lang='lat' dir='ltr'><strong>factus,</strong></span> <span class='ocrx_word' id='word_1_761' title='bbox 1870 4717 2019 4789; x_wconf 85' lang='lat' dir='ltr'><strong>pejor</strong></span> <span class='ocrx_word' id='word_1_762' title='bbox 2045 4717 2136 4771; x_wconf 89' lang='lat' dir='ltr'><strong>lie-</strong></span> 
     </span>
    </p>
   </div>
   <div class='ocr_carea' id='block_1_87' title="bbox 579 4808 2135 4879">
    <p class='ocr_par' dir='ltr' id='par_1_87' title="bbox 579 4808 2135 4879">
     <span class='ocr_line' id='line_1_87' title="bbox 579 4808 2135 4879; baseline -0.003 -14"><span class='ocrx_word' id='word_1_763' title='bbox 579 4818 683 4865; x_wconf 86' lang='lat' dir='ltr'><strong>ret.</strong></span> <span class='ocrx_word' id='word_1_764' title='bbox 719 4808 764 4860; x_wconf 84' lang='lat' dir='ltr'><strong><em>F</em></strong></span> <span class='ocrx_word' id='word_1_765' title='bbox 769 4810 889 4863; x_wconf 87' lang='lat' dir='ltr'><strong>ilius</strong></span> <span class='ocrx_word' id='word_1_766' title='bbox 930 4808 1134 4878; x_wconf 86' lang='lat' dir='ltr'><strong>quidem</strong></span> <span class='ocrx_word' id='word_1_767' title='bbox 1165 4810 1387 4864; x_wconf 78' lang='lat' dir='ltr'><strong>hominis</strong></span> <span class='ocrx_word' id='word_1_768' title='bbox 1421 4809 1580 4873; x_wconf 86' lang='lat' dir='ltr'><strong>vadit,</strong></span> <span class='ocrx_word' id='word_1_769' title='bbox 1604 4810 1737 4864; x_wconf 87' lang='lat' dir='ltr'><strong>sicut</strong></span> <span class='ocrx_word' id='word_1_770' title='bbox 1775 4811 2020 4879; x_wconf 88' lang='lat' dir='ltr'><strong>scriptum</strong></span> <span class='ocrx_word' id='word_1_771' title='bbox 2060 4816 2135 4861; x_wconf 85' lang='lat' dir='ltr'><strong>est</strong></span> 
     </span>
    </p>
   </div>
   <div class='ocr_carea' id='block_1_88' title="bbox 578 4897 2134 4966">
    <p class='ocr_par' dir='ltr' id='par_1_88' title="bbox 578 4897 2134 4966">
     <span class='ocr_line' id='line_1_88' title="bbox 578 4897 2134 4966; baseline -0.003 -13"><span class='ocrx_word' id='word_1_772' title='bbox 578 4899 644 4953; x_wconf 90' lang='lat' dir='ltr'><strong>de</strong></span> <span class='ocrx_word' id='word_1_773' title='bbox 693 4897 804 4953; x_wconf 91' lang='lat' dir='ltr'><strong>illo.</strong></span> <span class='ocrx_word' id='word_1_774' title='bbox 844 4897 1001 4954; x_wconf 84' lang='lat' dir='ltr'><strong>Vadit</strong></span> <span class='ocrx_word' id='word_1_775' title='bbox 1048 4898 1098 4953; x_wconf 88' lang='lat' dir='ltr'><strong>id</strong></span> <span class='ocrx_word' id='word_1_776' title='bbox 1151 4908 1234 4954; x_wconf 90' lang='lat' dir='ltr'><strong>est</strong></span> <span class='ocrx_word' id='word_1_777' title='bbox 1283 4899 1349 4954; x_wconf 91' lang='lat' dir='ltr'><strong>ad</strong></span> <span class='ocrx_word' id='word_1_778' title='bbox 1392 4907 1638 4953; x_wconf 90' lang='lat' dir='ltr'><strong>mortem.</strong></span> <span class='ocrx_word' id='word_1_779' title='bbox 1702 4897 1849 4953; x_wconf 86' lang='lat' dir='ltr'><strong>Sicut</strong></span> <span class='ocrx_word' id='word_1_780' title='bbox 1887 4897 2134 4966; x_wconf 85' lang='lat' dir='ltr'><strong>scriptum</strong></span> 
     </span>
    </p>
   </div>
   <div class='ocr_carea' id='block_1_89' title="bbox 581 4989 2128 5060">
    <p class='ocr_par' dir='ltr' id='par_1_89' title="bbox 581 4989 2128 5060">
     <span class='ocr_line' id='line_1_89' title="bbox 581 4989 2128 5060; baseline -0.004 -14"><span class='ocrx_word' id='word_1_781' title='bbox 581 5001 678 5047; x_wconf 87' lang='lat' dir='ltr'><strong>cst.</strong></span> <span class='ocrx_word' id='word_1_782' title='bbox 723 4991 780 5046; x_wconf 87' lang='lat' dir='ltr'><strong>In</strong></span> <span class='ocrx_word' id='word_1_783' title='bbox 836 4991 1022 5055; x_wconf 81' lang='lat' dir='ltr'><strong>multis</strong></span> <span class='ocrx_word' id='word_1_784' title='bbox 1075 4990 1364 5060; x_wconf 70' lang='lat' dir='ltr'><strong>Scripturae</strong></span> <span class='ocrx_word' id='word_1_785' title='bbox 1411 4990 1543 5046; x_wconf 89' lang='lat' dir='ltr'><strong>locis</strong></span> <span class='ocrx_word' id='word_1_786' title='bbox 1597 4991 1699 5045; x_wconf 88' lang='lat' dir='ltr'><strong>hoc</strong></span> <span class='ocrx_word' id='word_1_787' title='bbox 1761 4989 1961 5043; x_wconf 83' lang='lat' dir='ltr'><strong>dictum</strong></span> <span class='ocrx_word' id='word_1_788' title='bbox 2010 4994 2128 5052; x_wconf 89' lang='lat' dir='ltr'><strong>est,</strong></span> 
     </span>
    </p>
   </div>
   <div class='ocr_carea' id='block_1_90' title="bbox 581 5077 2134 5154">
    <p class='ocr_par' dir='ltr' id='par_1_90' title="bbox 581 5077 2134 5154">
     <span class='ocr_line' id='line_1_90' title="bbox 581 5077 2134 5154; baseline -0.006 -14"><span class='ocrx_word' id='word_1_789' title='bbox 581 5094 642 5140; x_wconf 89' lang='lat' dir='ltr'><strong>ut</strong></span> <span class='ocrx_word' id='word_1_790' title='bbox 680 5085 732 5140; x_wconf 92' lang='lat' dir='ltr'><strong>in</strong></span> <span class='ocrx_word' id='word_1_791' title='bbox 785 5084 922 5141; x_wconf 88' lang='lat' dir='ltr'><strong>Isaia</strong></span> <span class='ocrx_word' id='word_1_792' title='bbox 979 5102 993 5136; x_wconf 88' lang='lat'>:</span> <span class='ocrx_word' id='word_1_793' title='bbox 1049 5083 1263 5154; x_wconf 85' lang='lat' dir='ltr'><strong>Propter</strong></span> <span class='ocrx_word' id='word_1_794' title='bbox 1306 5081 1471 5138; x_wconf 87' lang='lat' dir='ltr'><strong>scelus</strong></span> <span class='ocrx_word' id='word_1_795' title='bbox 1525 5080 1702 5153; x_wconf 86' lang='lat' dir='ltr'><strong>populi</strong></span> <span class='ocrx_word' id='word_1_796' title='bbox 1763 5080 1862 5134; x_wconf 88' lang='lat' dir='ltr'><strong>mei</strong></span> <span class='ocrx_word' id='word_1_797' title='bbox 1903 5077 2134 5149; x_wconf 79' lang='lat' dir='ltr'><strong>percussi</strong></span> 
     </span>
    </p>
   </div>
   <div class='ocr_carea' id='block_1_91' title="bbox 583 5192 805 5253">
    <p class='ocr_par' dir='ltr' id='par_1_91' title="bbox 583 5192 805 5253">
     <span class='ocr_line' id='line_1_91' title="bbox 583 5192 805 5253; baseline 0.005 -24"><span class='ocrx_word' id='word_1_798' title='bbox 583 5192 730 5230; x_wconf 86' lang='lat' dir='ltr'><strong>eum.</strong></span> <span class='ocrx_word' id='word_1_799' title='bbox 802 5246 805 5253; x_wconf 17' lang='grc' dir='ltr'><em>τ</em></span> 
     </span>
    </p>
   </div>
   <div class='ocr_carea' id='block_1_92' title="bbox 606 5252 2135 5335">
    <p class='ocr_par' dir='ltr' id='par_1_92' title="bbox 606 5252 2135 5335">
     <span class='ocr_line' id='line_1_92' title="bbox 606 5252 2135 5335; baseline -0.003 -17"><span class='ocrx_word' id='word_1_800' title='bbox 606 5252 612 5258; x_wconf 57' lang='grc'><strong>’</strong></span> <span class='ocrx_word' id='word_1_801' title='bbox 662 5264 752 5320; x_wconf 74' lang='lat' dir='ltr'><strong>Va:</strong></span> <span class='ocrx_word' id='word_1_802' title='bbox 781 5275 949 5321; x_wconf 82' lang='lat' dir='ltr'><strong>autem</strong></span> <span class='ocrx_word' id='word_1_803' title='bbox 991 5265 1186 5321; x_wconf 84' lang='lat' dir='ltr'><strong>homini</strong></span> <span class='ocrx_word' id='word_1_804' title='bbox 1210 5264 1288 5318; x_wconf 86' lang='lat' dir='ltr'><strong>illi</strong></span> <span class='ocrx_word' id='word_1_805' title='bbox 1313 5281 1403 5335; x_wconf 87' lang='lat' dir='ltr'><strong>per</strong></span> <span class='ocrx_word' id='word_1_806' title='bbox 1431 5280 1581 5335; x_wconf 87' lang='lat' dir='ltr'><strong>quem</strong></span> <span class='ocrx_word' id='word_1_807' title='bbox 1611 5262 1862 5316; x_wconf 86' lang='lat' dir='ltr'><strong>tradetur.</strong></span> <span class='ocrx_word' id='word_1_808' title='bbox 1895 5260 2005 5314; x_wconf 87' lang='lat' dir='ltr'><strong>lloc</strong></span> <span class='ocrx_word' id='word_1_809' title='bbox 2052 5267 2135 5313; x_wconf 88' lang='lat' dir='ltr'><strong>est</strong></span> 
     </span>
    </p>
   </div>
   <div class='ocr_carea' id='block_1_93' title="bbox 583 5346 2134 5437">
    <p class='ocr_par' dir='ltr' id='par_1_93' title="bbox 583 5346 2134 5437">
     <span class='ocr_line' id='line_1_93' title="bbox 583 5346 2134 5437; baseline -0.01 -18"><span class='ocrx_word' id='word_1_810' title='bbox 583 5371 919 5437; x_wconf 79' lang='lat' dir='ltr'><strong>perpetuum.</strong></span> <span class='ocrx_word' id='word_1_811' title='bbox 945 5358 1036 5415; x_wconf 73' lang='lat' dir='ltr'><strong>Va)</strong></span> <span class='ocrx_word' id='word_1_812' title='bbox 1055 5368 1231 5414; x_wconf 80' lang='lat' dir='ltr'><strong>autem</strong></span> <span class='ocrx_word' id='word_1_813' title='bbox 1258 5346 1455 5413; x_wconf 73' lang='lat' dir='ltr'><strong>homini</strong></span> <span class='ocrx_word' id='word_1_814' title='bbox 1480 5355 1552 5410; x_wconf 89' lang='lat' dir='ltr'><strong>illi</strong></span> <span class='ocrx_word' id='word_1_815' title='bbox 1573 5355 1813 5409; x_wconf 81' lang='lat' dir='ltr'><strong>imminet</strong></span> <span class='ocrx_word' id='word_1_816' title='bbox 1831 5354 1882 5405; x_wconf 91' lang='lat' dir='ltr'><strong>in</strong></span> <span class='ocrx_word' id='word_1_817' title='bbox 1906 5351 2134 5416; x_wconf 84' lang='lat' dir='ltr'><strong>inferno,</strong></span> 
     </span>
    </p>
   </div>
   <div class='ocr_carea' id='block_1_94' title="bbox 658 5481 2133 5559">
    <p class='ocr_par' dir='ltr' id='par_1_94' title="bbox 658 5481 2133 5559">
     <span class='ocr_line' id='line_1_94' title="bbox 658 5481 2133 5559; baseline -0.012 -8"><span class='ocrx_word' id='word_1_818' title='bbox 658 5510 684 5537; x_wconf 70' lang='grc' dir='ltr'>ι</span> <span class='ocrx_word' id='word_1_819' title='bbox 722 5495 829 5559; x_wconf 81' lang='lat' dir='ltr'><strong>AL,</strong></span> <span class='ocrx_word' id='word_1_820' title='bbox 857 5494 950 5548; x_wconf 87' lang='lat' dir='ltr'><strong>hoc</strong></span> <span class='ocrx_word' id='word_1_821' title='bbox 976 5503 1070 5558; x_wconf 84' lang='lat' dir='ltr'><strong>est,</strong></span> <span class='ocrx_word' id='word_1_822' title='bbox 1098 5507 1211 5547; x_wconf 80' lang='lat' dir='ltr'><strong>vere</strong></span> <span class='ocrx_word' id='word_1_823' title='bbox 1236 5490 1293 5544; x_wconf 85' lang='lat' dir='ltr'><strong>in</strong></span> <span class='ocrx_word' id='word_1_824' title='bbox 1322 5495 1642 5559; x_wconf 61' lang='lat' dir='ltr'><strong>sacramento</strong></span> <span class='ocrx_word' id='word_1_825' title='bbox 1678 5484 1977 5539; x_wconf 85' lang='lat' dir='ltr'><strong>subsistens.</strong></span> <span class='ocrx_word' id='word_1_826' title='bbox 2004 5481 2133 5559; x_wconf 73' lang='lat' dir='ltr'><strong>Vide</strong></span> 
     </span>
    </p>
   </div>
   <div class='ocr_carea' id='block_1_95' title="bbox 590 5553 2133 5691">
    <p class='ocr_par' dir='ltr' id='par_1_95' title="bbox 590 5553 2133 5691">
     <span class='ocr_line' id='line_1_95' title="bbox 590 5553 2133 5690; baseline -0.01 -70"><span class='ocrx_word' id='word_1_827' title='bbox 590 5553 826 5690; x_wconf 45' lang='lat' dir='ltr'><strong>Sixtqqiq&#39;</strong></span> <span class='ocrx_word' id='word_1_828' title='bbox 843 5553 1155 5622; x_wconf 81' lang='lat' dir='ltr'><strong>Seneosem.</strong></span> <span class='ocrx_word' id='word_1_829' title='bbox 1193 5561 1285 5616; x_wconf 88' lang='lat' dir='ltr'><strong>lib.</strong></span> <span class='ocrx_word' id='word_1_830' title='bbox 1330 5574 1363 5613; x_wconf 90' lang='lat' dir='ltr'><strong>v</strong></span> <span class='ocrx_word' id='word_1_831' title='bbox 1417 5557 1754 5612; x_wconf 75' lang='lat' dir='ltr'><strong>Bibliotheca:</strong></span> <span class='ocrx_word' id='word_1_832' title='bbox 1798 5562 1992 5607; x_wconf 75' lang='lat' dir='ltr'><strong>sancta:</strong></span> <span class='ocrx_word' id='word_1_833' title='bbox 2042 5553 2133 5605; x_wconf 58' lang='lat' dir='ltr'><strong>ad-</strong></span> 
     </span>
     <span class='ocr_line' id='line_1_96' title="bbox 591 5646 842 5691; baseline 0.004 -2"><span class='ocrx_word' id='word_1_834' title='bbox 591 5646 701 5691; x_wconf 86' lang='lat' dir='ltr'><strong>not.</strong></span> <span class='ocrx_word' id='word_1_835' title='bbox 796 5673 842 5690; x_wconf 90' lang='grc'><strong>...</strong></span> 
     </span>
    </p>
   </div>
   <div class='ocr_carea' id='block_1_96' title="bbox 2211 4456 3793 4529">
    <p class='ocr_par' dir='ltr' id='par_1_96' title="bbox 2211 4456 3793 4529">
     <span class='ocr_line' id='line_1_97' title="bbox 2211 4456 3793 4529; baseline 0.005 -22"><span class='ocrx_word' id='word_1_836' title='bbox 2211 4456 2552 4516; x_wconf 68' lang='lat' dir='ltr'><strong>,sacramenti</strong></span> <span class='ocrx_word' id='word_1_837' title='bbox 2588 4456 2905 4512; x_wconf 85' lang='lat' dir='ltr'><strong>confirmare</strong></span> <span class='ocrx_word' id='word_1_838' title='bbox 2942 4456 3157 4528; x_wconf 86' lang='lat' dir='ltr'><strong>placuit.</strong></span> <span class='ocrx_word' id='word_1_839' title='bbox 3222 4457 3416 4514; x_wconf 78' lang='lat' dir='ltr'><strong>Vinum</strong></span> <span class='ocrx_word' id='word_1_840' title='bbox 3461 4475 3705 4529; x_wconf 74' lang='lat' dir='ltr'><strong>namque</strong></span> <span class='ocrx_word' id='word_1_841' title='bbox 3744 4470 3793 4515; x_wconf 83' lang='lat' dir='ltr'><strong>et</strong></span> 
     </span>
    </p>
   </div>
   <div class='ocr_carea' id='block_1_97' title="bbox 2231 4542 3791 4623">
    <p class='ocr_par' dir='ltr' id='par_1_97' title="bbox 2231 4542 3791 4623">
     <span class='ocr_line' id='line_1_98' title="bbox 2231 4542 3791 4623; baseline 0.005 -26"><span class='ocrx_word' id='word_1_842' title='bbox 2231 4542 2468 4623; x_wconf 59' lang='lat' dir='ltr'><strong>lietilicat</strong></span> <span class='ocrx_word' id='word_1_843' title='bbox 2517 4555 2571 4600; x_wconf 82' lang='lat' dir='ltr'><strong>et</strong></span> <span class='ocrx_word' id='word_1_844' title='bbox 2591 4547 2911 4618; x_wconf 81' lang='lat' dir='ltr'><strong>sanguinem</strong></span> <span class='ocrx_word' id='word_1_845' title='bbox 2926 4556 3101 4617; x_wconf 77' lang='lat' dir='ltr'><strong>auget.</strong></span> <span class='ocrx_word' id='word_1_846' title='bbox 3128 4547 3197 4604; x_wconf 86' lang='lat' dir='ltr'><strong>Et</strong></span> <span class='ocrx_word' id='word_1_847' title='bbox 3232 4547 3435 4604; x_wconf 87' lang='lat' dir='ltr'><strong>idcirco</strong></span> <span class='ocrx_word' id='word_1_848' title='bbox 3468 4565 3579 4604; x_wconf 85' lang='lat' dir='ltr'><strong>non</strong></span> <span class='ocrx_word' id='word_1_849' title='bbox 3608 4550 3791 4605; x_wconf 74' lang='lat' dir='ltr'><strong>incon-</strong></span> 
     </span>
    </p>
   </div>
   <div class='ocr_carea' id='block_1_98' title="bbox 2231 4634 3791 4711">
    <p class='ocr_par' dir='ltr' id='par_1_98' title="bbox 2231 4634 3791 4711">
     <span class='ocr_line' id='line_1_99' title="bbox 2231 4634 3791 4711; baseline 0.005 -23"><span class='ocrx_word' id='word_1_850' title='bbox 2231 4634 2510 4691; x_wconf 88' lang='lat' dir='ltr'><strong>venienter</strong></span> <span class='ocrx_word' id='word_1_851' title='bbox 2529 4638 2743 4709; x_wconf 86' lang='lat' dir='ltr'><strong>sanguis</strong></span> <span class='ocrx_word' id='word_1_852' title='bbox 2766 4637 2961 4693; x_wconf 85' lang='lat' dir='ltr'><strong>Christi</strong></span> <span class='ocrx_word' id='word_1_853' title='bbox 2986 4655 3082 4709; x_wconf 89' lang='lat' dir='ltr'><strong>per</strong></span> <span class='ocrx_word' id='word_1_854' title='bbox 3101 4639 3202 4695; x_wconf 90' lang='lat' dir='ltr'><strong>hoc</strong></span> <span class='ocrx_word' id='word_1_855' title='bbox 3222 4638 3515 4711; x_wconf 82' lang='lat' dir='ltr'><strong>figuratur,</strong></span> <span class='ocrx_word' id='word_1_856' title='bbox 3542 4643 3791 4710; x_wconf 71' lang='lat' dir='ltr'><strong>quoniam</strong></span> 
     </span>
    </p>
   </div>
   <div class='ocr_carea' id='block_1_99' title="bbox 2233 4727 3795 4800">
    <p class='ocr_par' dir='ltr' id='par_1_99' title="bbox 2233 4727 3795 4800">
     <span class='ocr_line' id='line_1_100' title="bbox 2233 4727 3795 4800; baseline 0.004 -19"><span class='ocrx_word' id='word_1_857' title='bbox 2233 4727 2490 4798; x_wconf 88' lang='lat' dir='ltr'><strong>quidquid</strong></span> <span class='ocrx_word' id='word_1_858' title='bbox 2517 4730 2668 4785; x_wconf 85' lang='lat' dir='ltr'><strong>nobis</strong></span> <span class='ocrx_word' id='word_1_859' title='bbox 2697 4730 2765 4784; x_wconf 87' lang='lat' dir='ltr'><strong>ab</strong></span> <span class='ocrx_word' id='word_1_860' title='bbox 2808 4731 2921 4800; x_wconf 91' lang='lat' dir='ltr'><strong>ipso</strong></span> <span class='ocrx_word' id='word_1_861' title='bbox 2945 4732 3109 4796; x_wconf 89' lang='lat' dir='ltr'><strong>venit,</strong></span> <span class='ocrx_word' id='word_1_862' title='bbox 3157 4731 3387 4786; x_wconf 62' lang='lat' dir='ltr'><strong>laetificat</strong></span> <span class='ocrx_word' id='word_1_863' title='bbox 3415 4731 3610 4787; x_wconf 67' lang='lat' dir='ltr'><strong>laetitia</strong></span> <span class='ocrx_word' id='word_1_864' title='bbox 3654 4749 3795 4794; x_wconf 80' lang='lat' dir='ltr'><strong>vera,</strong></span> 
     </span>
    </p>
   </div>
   <div class='ocr_carea' id='block_1_100' title="bbox 2235 4822 3793 4893">
    <p class='ocr_par' dir='ltr' id='par_1_100' title="bbox 2235 4822 3793 4893">
     <span class='ocr_line' id='line_1_101' title="bbox 2235 4822 3793 4893; baseline 0.003 -19"><span class='ocrx_word' id='word_1_865' title='bbox 2235 4828 2292 4874; x_wconf 89' lang='lat' dir='ltr'><strong>et</strong></span> <span class='ocrx_word' id='word_1_866' title='bbox 2321 4828 2480 4890; x_wconf 86' lang='lat' dir='ltr'><strong>auget</strong></span> <span class='ocrx_word' id='word_1_867' title='bbox 2521 4837 2679 4876; x_wconf 88' lang='lat' dir='ltr'><strong>omne</strong></span> <span class='ocrx_word' id='word_1_868' title='bbox 2730 4823 2925 4877; x_wconf 86' lang='lat' dir='ltr'><strong>bonum</strong></span> <span class='ocrx_word' id='word_1_869' title='bbox 2973 4830 3232 4878; x_wconf 88' lang='lat' dir='ltr'><strong>nostrum.</strong></span> <span class='ocrx_word' id='word_1_870' title='bbox 3284 4822 3442 4877; x_wconf 88' lang='lat' dir='ltr'><strong>Sicut</strong></span> <span class='ocrx_word' id='word_1_871' title='bbox 3483 4823 3721 4893; x_wconf 72' lang='lat' dir='ltr'><strong>denique</strong></span> <span class='ocrx_word' id='word_1_872' title='bbox 3753 4826 3793 4878; x_wconf 75' lang='lat' dir='ltr'><strong>si</strong></span> 
     </span>
    </p>
   </div>
   <div class='ocr_carea' id='block_1_101' title="bbox 2240 4909 3797 4985">
    <p class='ocr_par' dir='ltr' id='par_1_101' title="bbox 2240 4909 3797 4985">
     <span class='ocr_line' id='line_1_102' title="bbox 2240 4909 3797 4985; baseline 0.003 -21"><span class='ocrx_word' id='word_1_873' title='bbox 2240 4909 2431 4980; x_wconf 89' lang='lat' dir='ltr'><strong>aliquis</strong></span> <span class='ocrx_word' id='word_1_874' title='bbox 2459 4928 2682 4983; x_wconf 86' lang='lat' dir='ltr'><strong>peregre</strong></span> <span class='ocrx_word' id='word_1_875' title='bbox 2712 4912 3059 4984; x_wconf 83' lang='lat' dir='ltr'><strong>proficiscens</strong></span> <span class='ocrx_word' id='word_1_876' title='bbox 3091 4914 3444 4970; x_wconf 82' lang='lat' dir='ltr'><strong>dilectoribus</strong></span> <span class='ocrx_word' id='word_1_877' title='bbox 3469 4917 3590 4970; x_wconf 81' lang='lat' dir='ltr'><strong>suis</strong></span> <span class='ocrx_word' id='word_1_878' title='bbox 3633 4916 3797 4985; x_wconf 61' lang='lat' dir='ltr'><strong>ipsa};</strong></span> 
     </span>
    </p>
   </div>
   <div class='ocr_carea' id='block_1_102' title="bbox 2238 5000 3801 5087">
    <p class='ocr_par' dir='ltr' id='par_1_102' title="bbox 2238 5000 3801 5087">
     <span class='ocr_line' id='line_1_103' title="bbox 2238 5000 3801 5087; baseline 0.004 -32"><span class='ocrx_word' id='word_1_879' title='bbox 2238 5001 2359 5055; x_wconf 89' lang='lat' dir='ltr'><strong>dam</strong></span> <span class='ocrx_word' id='word_1_880' title='bbox 2398 5002 2667 5087; x_wconf 73' lang='lat' dir='ltr'><strong>vinculum</strong></span> <span class='ocrx_word' id='word_1_881' title='bbox 2705 5004 2999 5059; x_wconf 85' lang='lat' dir='ltr'><strong>dilectionis</strong></span> <span class='ocrx_word' id='word_1_882' title='bbox 3032 5005 3304 5074; x_wconf 86' lang='lat' dir='ltr'><strong>relinquit,</strong></span> <span class='ocrx_word' id='word_1_883' title='bbox 3351 5021 3418 5060; x_wconf 88' lang='lat' dir='ltr'><strong>eo</strong></span> <span class='ocrx_word' id='word_1_884' title='bbox 3468 5000 3709 5071; x_wconf 36' lang='lat' dir='ltr'><strong>tenore,</strong></span> <span class='ocrx_word' id='word_1_885' title='bbox 3746 5016 3801 5061; x_wconf 72' lang='lat' dir='ltr'><strong>at</strong></span> 
     </span>
    </p>
   </div>
   <div class='ocr_carea' id='block_1_103' title="bbox 2235 5086 3797 5159">
    <p class='ocr_par' dir='ltr' id='par_1_103' title="bbox 2235 5086 3797 5159">
     <span class='ocr_line' id='line_1_104' title="bbox 2235 5086 3797 5159; baseline 0.005 -20"><span class='ocrx_word' id='word_1_886' title='bbox 2235 5086 2379 5140; x_wconf 91' lang='lat' dir='ltr'><strong>omni</strong></span> <span class='ocrx_word' id='word_1_887' title='bbox 2403 5087 2487 5141; x_wconf 87' lang='lat' dir='ltr'><strong>die</strong></span> <span class='ocrx_word' id='word_1_888' title='bbox 2516 5086 2630 5143; x_wconf 75' lang='lat' dir='ltr'><strong>lucc</strong></span> <span class='ocrx_word' id='word_1_889' title='bbox 2658 5098 2837 5159; x_wconf 86' lang='lat' dir='ltr'><strong>agant,</strong></span> <span class='ocrx_word' id='word_1_890' title='bbox 2878 5098 2936 5143; x_wconf 90' lang='lat' dir='ltr'><strong>ut</strong></span> <span class='ocrx_word' id='word_1_891' title='bbox 2964 5088 3105 5144; x_wconf 88' lang='lat' dir='ltr'><strong>illius</strong></span> <span class='ocrx_word' id='word_1_892' title='bbox 3134 5105 3237 5144; x_wconf 89' lang='lat' dir='ltr'><strong>non</strong></span> <span class='ocrx_word' id='word_1_893' title='bbox 3277 5090 3700 5155; x_wconf 76' lang='lat' dir='ltr'><strong>obliviscantur,</strong></span> <span class='ocrx_word' id='word_1_894' title='bbox 3732 5094 3797 5146; x_wconf 72' lang='lat' dir='ltr'><strong>ita</strong></span> 
     </span>
    </p>
   </div>
   <div class='ocr_carea' id='block_1_104' title="bbox 2236 5173 3801 5249">
    <p class='ocr_par' dir='ltr' id='par_1_104' title="bbox 2236 5173 3801 5249">
     <span class='ocr_line' id='line_1_105' title="bbox 2236 5173 3801 5249; baseline 0.004 -22"><span class='ocrx_word' id='word_1_895' title='bbox 2236 5173 2376 5228; x_wconf 88' lang='lat' dir='ltr'><strong>Deus</strong></span> <span class='ocrx_word' id='word_1_896' title='bbox 2422 5176 2672 5244; x_wconf 75' lang='lat' dir='ltr'><strong>pnncepit</strong></span> <span class='ocrx_word' id='word_1_897' title='bbox 2714 5175 2797 5246; x_wconf 86' lang='lat' dir='ltr'><strong>agi</strong></span> <span class='ocrx_word' id='word_1_898' title='bbox 2831 5191 2860 5230; x_wconf 88' lang='lat' dir='ltr'><strong>a</strong></span> <span class='ocrx_word' id='word_1_899' title='bbox 2913 5178 3067 5231; x_wconf 89' lang='lat' dir='ltr'><strong>nobis</strong></span> <span class='ocrx_word' id='word_1_900' title='bbox 3111 5177 3443 5232; x_wconf 84' lang='lat' dir='ltr'><strong>transferens</strong></span> <span class='ocrx_word' id='word_1_901' title='bbox 3484 5180 3801 5249; x_wconf 75' lang='lat' dir='ltr'><strong>spiritaliter</strong></span> 
     </span>
    </p>
   </div>
   <div class='ocr_carea' id='block_1_105' title="bbox 2237 5266 3800 5341">
    <p class='ocr_par' dir='ltr' id='par_1_105' title="bbox 2237 5266 3800 5341">
     <span class='ocr_line' id='line_1_106' title="bbox 2237 5266 3800 5341; baseline 0.006 -23"><span class='ocrx_word' id='word_1_902' title='bbox 2237 5279 2430 5341; x_wconf 84' lang='lat' dir='ltr'><strong>corpus</strong></span> <span class='ocrx_word' id='word_1_903' title='bbox 2460 5266 2508 5319; x_wconf 89' lang='lat' dir='ltr'><strong>in</strong></span> <span class='ocrx_word' id='word_1_904' title='bbox 2535 5281 2744 5334; x_wconf 83' lang='lat' dir='ltr'><strong>panem,</strong></span> <span class='ocrx_word' id='word_1_905' title='bbox 2769 5268 2947 5321; x_wconf 88' lang='lat' dir='ltr'><strong>vinum</strong></span> <span class='ocrx_word' id='word_1_906' title='bbox 2978 5269 3030 5322; x_wconf 89' lang='lat' dir='ltr'><strong>in</strong></span> <span class='ocrx_word' id='word_1_907' title='bbox 3059 5270 3370 5340; x_wconf 84' lang='lat' dir='ltr'><strong>sanguinem</strong></span> <span class='ocrx_word' id='word_1_908' title='bbox 3392 5270 3448 5333; x_wconf 71' lang='grc' dir='ltr'><strong>δ.</strong></span> <span class='ocrx_word' id='word_1_909' title='bbox 3480 5279 3543 5324; x_wconf 83' lang='grc' dir='ltr'><strong>ιιι</strong></span> <span class='ocrx_word' id='word_1_910' title='bbox 3564 5286 3669 5340; x_wconf 85' lang='lat' dir='ltr'><strong>per</strong></span> <span class='ocrx_word' id='word_1_911' title='bbox 3694 5274 3800 5326; x_wconf 62' lang='lat' dir='ltr'><strong>haec</strong></span> 
     </span>
    </p>
   </div>
   <div class='ocr_carea' id='block_1_106' title="bbox 2237 5356 3797 5435">
    <p class='ocr_par' dir='ltr' id='par_1_106' title="bbox 2237 5356 3797 5435">
     <span class='ocr_line' id='line_1_107' title="bbox 2237 5356 3797 5435; baseline 0.006 -29"><span class='ocrx_word' id='word_1_912' title='bbox 2237 5358 2342 5408; x_wconf 90' lang='lat' dir='ltr'><strong>duo</strong></span> <span class='ocrx_word' id='word_1_913' title='bbox 2389 5370 2743 5410; x_wconf 89' lang='lat' dir='ltr'><strong>memoremus</strong></span> <span class='ocrx_word' id='word_1_914' title='bbox 2771 5372 2889 5435; x_wconf 68' lang='lat' dir='ltr'><strong>qua:</strong></span> <span class='ocrx_word' id='word_1_915' title='bbox 2918 5356 3043 5412; x_wconf 90' lang='lat' dir='ltr'><strong>fecit</strong></span> <span class='ocrx_word' id='word_1_916' title='bbox 3090 5374 3187 5427; x_wconf 90' lang='lat' dir='ltr'><strong>pro</strong></span> <span class='ocrx_word' id='word_1_917' title='bbox 3212 5359 3368 5413; x_wconf 86' lang='lat' dir='ltr'><strong>nobis</strong></span> <span class='ocrx_word' id='word_1_918' title='bbox 3389 5359 3461 5413; x_wconf 87' lang='lat' dir='ltr'><strong>de</strong></span> <span class='ocrx_word' id='word_1_919' title='bbox 3487 5377 3724 5431; x_wconf 79' lang='lat' dir='ltr'><strong>corpore</strong></span> <span class='ocrx_word' id='word_1_920' title='bbox 3749 5366 3797 5414; x_wconf 73' lang='lat' dir='ltr'><strong>ei</strong></span> 
     </span>
    </p>
   </div>
   <div class='ocr_carea' id='block_1_107' title="bbox 2269 5484 3795 5565">
    <p class='ocr_par' dir='ltr' id='par_1_107' title="bbox 2269 5484 3795 5565">
     <span class='ocr_line' id='line_1_108' title="bbox 2269 5484 3795 5565; baseline 0.005 -30"><span class='ocrx_word' id='word_1_921' title='bbox 2374 5484 2480 5565; x_wconf 37' lang='grc' dir='ltr'><strong>εις,</strong></span> <span class='ocrx_word' id='word_1_922' title='bbox 2516 5484 2711 5565; x_wconf 74' lang='lat' dir='ltr'><strong>Panem</strong></span> <span class='ocrx_word' id='word_1_923' title='bbox 2740 5487 2795 5539; x_wconf 87' lang='lat' dir='ltr'><strong>in</strong></span> <span class='ocrx_word' id='word_1_924' title='bbox 2838 5504 3023 5558; x_wconf 85' lang='lat' dir='ltr'><strong>corpus</strong></span> <span class='ocrx_word' id='word_1_925' title='bbox 3047 5499 3105 5565; x_wconf 79' lang='lat' dir='ltr'><strong>_et</strong></span> <span class='ocrx_word' id='word_1_926' title='bbox 3148 5491 3319 5565; x_wconf 73' lang='lat' dir='ltr'><strong>vinum</strong></span> <span class='ocrx_word' id='word_1_927' title='bbox 3359 5491 3412 5544; x_wconf 84' lang='lat' dir='ltr'><strong>in</strong></span> <span class='ocrx_word' id='word_1_928' title='bbox 3463 5494 3795 5561; x_wconf 62' lang='lat' dir='ltr'><strong>sanguinem.</strong></span> 
     </span>
    </p>
   </div>
   <div class='ocr_carea' id='block_1_108' title="bbox 2240 5553 3322 5629">
    <p class='ocr_par' dir='ltr' id='par_1_108' title="bbox 2240 5553 3322 5629">
     <span class='ocr_line' id='line_1_109' title="bbox 2240 5553 3322 5629; baseline 0.006 -22"><span class='ocrx_word' id='word_1_929' title='bbox 2240 5553 2370 5607; x_wconf 63' lang='lat' dir='ltr'><strong>Vide</strong></span> <span class='ocrx_word' id='word_1_930' title='bbox 2398 5554 2604 5609; x_wconf 79' lang='lat' dir='ltr'><strong>Sixtum</strong></span> <span class='ocrx_word' id='word_1_931' title='bbox 2622 5553 2937 5623; x_wconf 71' lang='lat' dir='ltr'><strong>Senensem,</strong></span> <span class='ocrx_word' id='word_1_932' title='bbox 2962 5559 3163 5629; x_wconf 39' lang='lat' dir='ltr'><strong>eodem.</strong></span> <span class='ocrx_word' id='word_1_933' title='bbox 3189 5559 3322 5614; x_wconf 84' lang='lat' dir='ltr'><strong>loco.</strong></span> 
     </span>
    </p>
   </div>
  </div>
