3952 6186
209 286 344 344 M77
417 278 422 284 ’

1285 287 1642 346 EXPOSIT'IO
1677 289 1739 346 IN

1840 291 2086 348 ΛΤἸῊΨΕ
2096 293 2204 351 BM.
2919 349 2926 359 .
3269 304 3410 364 μῖε

206 402 457 473 sanguine
489 415 606 464 suo,
637 410 691 458 et
726 417 828 457 non
856 403 1024 457 simus
1073 403 1264 474 ingrati
1293 413 1406 460 tam
1441 406 1752 462 amantissi-
1777 411 1828 468 Α
1853 407 1993 462 viam
2047 417 2104 464 et
2149 418 2398 480 opposuit
2435 414 2669 484 seipsum
2712 417 2871 500 morti
2903 433 3002 488 pro
3053 418 3242 476 ovibus
3275 422 3406 476 suis.

205 509 302 548 nne
349 491 618 546 cbarituti.
669 491 801 560 Quia
827 501 1004 546 autem
1036 508 1172 562 aqua
1205 495 1462 550 miscetur
1483 496 1536 550 in
1565 512 1748 552 sacra-

204 591 381 640 mento
409 582 682 652 sanguinis
708 580 843 650 ejus,
883 597 980 652 per
1024 597 1220 652 aquam
1249 584 1477 654 pepulus
1504 600 1634 640 suus
1660 599 1751 640 os-

209 671 435 728 tenditur
463 687 558 742 pro
585 687 690 740 quo
727 674 862 727 mori
889 673 1082 728 'voluit.
1111 675 1176 729 Et
1197 690 1370 744 neque
1398 676 1581 732 vinum
1635 678 1752 734 sine

201 778 356 833 aqua,
392 777 564 831 neque
606 779 741 832 aqua
793 748 908 819 sine
944 764 1090 830 vino,
1136 766 1261 835 quia
1306 768 1419 838 ipse
1454 783 1550 836 pro
1595 769 1750 824 nobis

200 863 437 910 mortuus
473 865 575 919 est,
615 856 686 910 ita
709 871 806 912 nos
843 872 940 926 pro
966 858 1082 928 ipso
1124 859 1208 914 vel
1242 875 1339 930 pro
1367 859 1624 918 fratribus
1655 877 1752 917 no-

197 947 321 1000 stris
349 947 597 1016 quodest
643 947 902 1013 Ecclesia,
949 949 1082 1004 mori
1113 951 1386 1006 debemus.
1436 952 1587 1008 Unde
1607 961 1660 1008 et
1685 954 1771 1016 de

197 1049 416 1104 corpore
436 1051 534 1090 suo
556 1039 773 1107 sanguis
793 1047 846 1092 et
874 1055 1012 1108 aqua
1037 1041 1185 1094 exiit.
1212 1041 1363 1108 Quod
1385 1052 1560 1098 autem
1588 1045 1746 1100 dicit:

196 1125 297 1178 Hic
310 1135 381 1180 est
403 1129 617 1198 sanguis
640 1146 782 1186 meus
803 1133 918 1184 novi
931 1135 1222 1188 testamenti
1261 1136 1328 1189 ad
1351 1135 1748 1193 distinctionem

197 1221 387 1274 veteris
418 1223 742 1276 testamenti.
773 1211 926 1283 dicit;
979 1229 1119 1294 quod
1171 1229 1424 1298 sanguine
1480 1229 1748 1286 hircorum

194 1322 466 1382 peccatum
491 1329 595 1368 non
616 1316 786 1385 potuit
806 1317 1096 1372 emundare
1121 1320 1476 1374 servientibus
1495 1323 1747 1390 peccatis.

191 1401 318 1456 Dico
335 1413 506 1457 autem
527 1405 684 1465 vobis,
710 1423 812 1460 non
831 1407 998 1461 bibam
1013 1410 1200 1462 amodo
1216 1411 1278 1463 de
1291 1410 1387 1464 hoc
1405 1413 1660 1480 genimine
1678 1415 1752 1466 vi-

190 1494 273 1555 tis,
317 1509 476 1564 usque
489 1495 545 1548 in
563 1494 699 1550 diem
715 1514 830 1551 cum
853 1498 984 1552 illud
1007 1500 1177 1554 bibam
1192 1501 1452 1556 vobiscum
1487 1521 1672 1558 novum
1694 1507 1750 1559 in

191 1600 342 1654 regno
359 1587 528 1656 patris
542 1589 660 1641 mei.
681 1588 814 1644 Vitis
825 1588 852 1643 J
860 1591 1026 1667 udgea,
1043 1592 1222 1646 vinum
1237 1595 1670 1664 patriarcharum
1693 1605 1748 1652 et

187 1678 565 1746 prophetarum
593 1695 656 1736 ac
693 1681 1020 1751 reliquorum
1067 1685 1382 1741 electorum.
1417 1687 1599 1758 Usque
1621 1698 1750 1745 tunc

187 1766 308 1822 fecit
330 1767 514 1826 Judaea
534 1786 775 1828 racemos
802 1775 940 1831 unde
966 1777 1146 1831 vinum
1175 1777 1448 1844 llucret,id
1474 1790 1560 1836 est
1581 1797 1746 1852 Opera

184 1875 280 1928 per
308 1860 489 1918 fidem.
515 1862 596 1918 Ab
612 1865 888 1944 occisione
915 1868 1123 1924 Domini
1149 1870 1444 1939 labruscas,
1469 1889 1746 1944 usquequo

184 1949 367 2006 Enoch
429 1960 484 2007 et
527 1953 669 2010 Elias
704 1957 934 2012 educant
981 1959 1033 2013 in
1067 1975 1308 2032 regnum,
1357 1962 1410 2017 in
1449 1962 1744 2020 Ecclesium

181 2041 379 2098 Christi
403 2044 456 2098 in
507 2044 612 2101 ﬁne
665 2047 861 2104 saeculi.
895 2047 1020 2104 Sive
1048 2052 1364 2122 simpliciter
1385 2055 1453 2110 ab
1495 2055 1580 2110 illa
1607 2057 1743 2112 hora

179 2149 490 2191 cmnarnon
535 2137 670 2194 bibit
693 2141 896 2208 vinum,
927 2158 1204 2215 quousque
1231 2147 1549 2204 immortalis
1570 2147 1746 2206 factus

175 2234 230 2281 et
279 2227 699 2299 incorruptibilis
732 2228 870 2302 'post
915 2237 1379 2293 resurrectionem.
1433 2237 1585 2308 Quod
1613 2257 1746 2298 vero

176 2327 575 2375 sacramentum
620 2325 862 2394 corporis
889 2336 944 2380 et
979 2329 1256 2398 sanguinis
1280 2330 1359 2386 sui
1387 2341 1509 2402 post
1532 2319 1741 2388 caenam

179 2411 307 2465 dare
339 2411 510 2468 voluit
531 2414 803 2484 discipulis
828 2418 958 2481 suis,
993 2428 1049 2475 et
1074 2436 1172 2476 nos
1198 2419 1366 2492 jejuni
1397 2439 1591 2496 capere
1615 2426 1741 2481 illud

169 2499 450 2570 jubemur,
481 2504 595 2560 how
623 2507 760 2560 ratio
799 2519 919 2564 est:
954 2511 1208 2569 Dominus
1249 2516 1482 2571 ostendit
1519 2517 1744 2590 ﬁgurale

175 2597 557 2668 testamentum
588 2611 618 2650 a
649 2613 707 2651 se
735 2608 1060 2670 praeceptum
1087 2602 1258 2659 donec
1297 2607 1502 2662 veniret
1527 2623 1740 2676 verum,

173 2680 432 2752 imposuit
459 2685 534 2739 illi
584 2689 869 2764 terminum
906 2700 962 2746 et
983 2691 1129 2747 dedit
1179 2694 1388 2751 initium
1423 2699 1546 2754 novi
1571 2707 1738 2755 testa-

172 2773 362 2827 menti.
393 2774 506 2832 Hac
537 2777 603 2830 de
647 2794 809 2836 causa
839 2798 1033 2837 novum
1069 2793 1193 2856 ante
1237 2797 1390 2843 vetus
1431 2789 1734 2846 celebravit.

167 2861 443 2919 Fecerunt
497 2875 682 2922 autem
726 2870 895 2924 multo
947 2874 1174 2944 apostoli
1214 2884 1461 2953 tempore.
1491 2881 1742 2936 similiter

167 2963 288 3018 post
308 2955 472 3010 alium
507 2957 685 3013 cibum
721 2960 1056 3018 Dominicum
1085 2977 1376 3024 sumentes.
1431 2971 1557 3027 Post
1613 2989 1740 3028 vero

165 3060 289 3098 cum
337 3057 601 3102 venerunt
649 3049 860 3106 Hebraei
909 3054 976 3108 ad
1025 3059 1548 3128 communicandum,
1607 3069 1735 3119 tunc

167 3145 499 3206 pneceptum
551 3147 634 3194 est
695 3141 748 3196 in
799 3145 1004 3213 synodo
1051 3154 1110 3200 ut
1159 3151 1524 3220 unusquisque
1577 3153 1736 3210 homo

169 3227 236 3295 (si
259 3219 425 3282 etiam
457 3230 523 3285 de
546 3231 667 3287 aliis
689 3236 923 3303 peccatis
943 3238 1254 3306 purilicatus
1278 3219 1458 3312 fuerit)
1476 3227 1631 3314 prius
1658 3261 1741 3301 re-

167 3317 380 3375 ﬁciatur
427 3321 494 3376 de
543 3323 665 3380 cibo
705 3325 955 3396 spiritali,
1006 3337 1060 3384 et
1110 3333 1450 3398 postmodum
1481 3335 1548 3392 de
1603 3345 1739 3393 tem-

165 3409 356 3478 porali.

237 3499 305 3553 Et
329 3503 522 3571 hymno
549 3503 708 3568 dicto,
730 3507 967 3560 exierunt
991 3509 1045 3562 in
1064 3520 1288 3566 montem
1318 3513 1523 3572 Oliveti.
1545 3515 1642 3573 Vel
1669 3533 1736 3574 ex

166 3593 555 3648 consuetudine
583 3593 887 3648 Judazorum
919 3596 1031 3666 ipsa
1071 3599 1158 3653 die
1187 3611 1311 3656 ante
1355 3618 1568 3660 orenam
1607 3621 1737 3663 can-

165 3681 295 3734 tavit
344 3684 697 3738 centesimum
749 3685 1122 3742 duodecimum
1167 3690 1472 3759 psalmum,
1525 3695 1578 3750 id
1631 3705 1730 3761 est.

167 3768 404 3826 Laudate
431 3774 578 3841 pueri
604 3773 896 3839 Dominum,
921 3792 1090 3846 usque
1120 3779 1352 3834 medium
1379 3785 1734 3840 centesimum

167 3863 384 3916 tertium
405 3861 694 3928 decimum,
723 3865 844 3923 Non
891 3868 1060 3934 nobis,
1096 3869 1335 3938 Domine,
1359 3863 1462 3928 non
1485 3877 1650 3940 nobis,
1680 3886 1736 3934 et

164 3961 282 4020 post
329 3953 535 4018 cibum,
568 3955 830 4024 reliquum
861 3960 1003 4026 quod
1045 3969 1226 4024 restat,
1289 3981 1459 4036 usque
1499 3971 1735 4025 centesi-

165 4059 307 4098 mum
348 4054 598 4102 octavum
655 4051 918 4108 decimum
953 4055 1240 4124 psalmum.
1285 4057 1390 4114 Seu
1432 4063 1733 4118 orationem

163 4133 307 4190 illam
353 4153 516 4207 quam
563 4139 794 4198 Joannes
821 4145 984 4200 refert
1031 4161 1153 4204 eum
1198 4164 1384 4208 orasse
1413 4162 1538 4210 ante
1581 4169 1732 4210 com-

162 4229 600 4294 prehensionem.
631 4233 772 4296 Exiit
800 4252 931 4292 vero
956 4237 1150 4294 iterum
1173 4241 1238 4296 de
1261 4242 1501 4308 civitate,
1539 4252 1595 4300 et
1613 4261 1732 4316 per-

163 4319 238 4387 git
266 4321 320 4374 in
355 4331 592 4378 montem
637 4324 852 4391 Oliveti,
909 4337 967 4384 ut
996 4330 1148 4404 daret
1169 4332 1346 4388 locum
1383 4336 1626 4391 traditori
1675 4347 1732 4393 et

1849 499 1917 554 Et
1965 500 2176 555 interim
2223 501 2404 573 fugere
2450 521 2578 561 oves
2642 523 2763 563 cum
2813 510 3062 566 viderunt
3099 513 3250 566 mori
3313 529 3412 583 pa-

1850 597 2069 645 storem.
2119 591 2263 646 Dixit
2315 594 2502 648 enim:
2552 595 2610 652 Si
2650 613 2730 654 me
2783 601 3046 669 quaeritis,
3104 601 3258 656 sinite
3315 603 3410 658 hos

1850 679 2011 733 abire.

1919 769 2202 841 Postquam
2225 783 2396 828 autent
2421 791 2712 844 surrexere,
2734 783 3020 850 prwcedam
3047 800 3134 840 vos
3160 787 3230 840 -in
3259 784 3398 841 Gali-

1849 866 2022 924 la’am.
2049 868 2180 924 Cum
2207 871 2354 926 duris
2378 873 2568 928 miscet
2597 874 2735 939 lzeta,
2764 885 2822 930 ut
2851 891 3056 934 recreet
3080 883 3287 938 animos
3313 901 3409 939 co—

1851 975 1992 1014 rum.
2016 960 2301 1030 Postquam
2331 964 2468 1018 dixit
2493 967 2615 1034 quia
2643 967 2741 1035 ipsi
2766 968 3108 1040 dispergendi
3133 985 3286 1030 erant
3311 992 3406 1045 pio

1851 1051 1994 1107 illius
2030 1061 2218 1114 morte,
2272 1053 2540 1127 subiungit
2592 1059 2716 1126 quia
2744 1071 3007 1132 resurget,
3055 1073 3110 1118 et
3153 1067 3412 1122 videbunt

1849 1156 1970 1194 eum
1995 1141 2047 1195 in
2063 1140 2298 1196 Galilma.
2323 1142 2580 1199 Viderunt
2599 1149 2874 1202 enimeum
2901 1161 3022 1220 post
3053 1157 3406 1210 resurrectio-

1850 1245 1974 1283 nem
2005 1231 2166 1300 aliqui
2195 1231 2600 1300 discipulorum,
2628 1239 2720 1292 sed
2758 1239 2984 1308 pleniter
3005 1241 3058 1295 in
3080 1241 3303 1298 Galilca.
3333 1245 3410 1298 De

1850 1337 1954 1390 qua
1969 1323 2300 1392 apparitione
2315 1323 2504 1380 beatus
2516 1327 2708 1382 Paulus
2725 1346 2737 1381 :
2759 1329 2958 1385 Deinde
2969 1334 3106 1386 risus
3121 1343 3194 1389 est
3208 1347 3412 1405 aposto-

1849 1409 1913 1466 lis
1939 1413 2193 1468 omnibus.
2771 1409 2776 1412 ⁷
2922 1435 2924 1438 '

1923 1511 2253 1584 Respondeas
2274 1527 2446 1570 autem
2475 1517 2662 1572 Petrus
2691 1520 2824 1574 dixit
2846 1536 2863 1574 .'
2889 1520 2956 1575 Et
2985 1523 3030 1576 si
3051 1541 3225 1580 omnes
3252 1544 3409 1582 scan-

1849 1599 2067 1654 dalizati
2100 1601 2291 1670 fuerint
2337 1605 2393 1658 in
2433 1615 2500 1669 te,
2543 1623 2634 1676 ego
2670 1624 2935 1680 nunquam
2989 1613 3406 1668 scandalizabor.

1850 1692 1967 1748 Non
1992 1695 2058 1749 de
2085 1694 2298 1750 levitate
2323 1695 2512 1753 Petrus
2533 1699 2634 1754 hoc
2655 1699 2908 1770 loquitur,
2933 1704 3026 1758 sed
3053 1705 3118 1759 de
3145 1707 3410 1762 ardentis-

1850 1785 1982 1839 sima
2010 1786 2304 1841 voluntate.
2328 1788 2523 1843 Verum
2539 1789 2584 1844 is
2605 1791 2695 1860 qui
2724 1792 2926 1846 sciebat
2953 1795 3151 1858 omnia,
3186 1806 3412 1852 noverat

1847 1877 1974 1944 quid
1998 1877 2158 1932 homo
2178 1877 2399 1944 faceret,
2431 1896 2535 1935 non
2565 1879 2738 1936 adlmc
2772 1883 3005 1951 repletus
3034 1883 3235 1953 Spiritu
3291 1901 3411 1941 san-

1847 1977 1954 2024 cto.
1979 1969 2063 2023 Ait
2093 1969 2171 2024 illi
2211 1969 2388 2024 Jesus.
2421 1971 2583 2024 Amen
2619 1973 2737 2026 dico
2773 1972 2864 2026 tibi
2883 1975 3005 2043 quia
3029 1975 3085 2029 in
3121 1976 3218 2031 hac
3239 1989 3409 2043 nocte,

1845 2067 2118 2126 antequam
2141 2057 2322 2112 Gallus
2346 2068 2534 2124 cantet,
2561 2068 2638 2112 ter
2659 2077 2738 2114 me
2769 2062 2996 2131 negabis.
3037 2063 3175 2120 Ecce
3211 2074 3266 2120 et
3306 2065 3405 2122 Pe-

1845 2157 1959 2203 trus
1979 2149 2033 2204 in
2063 2159 2218 2204 nocte
2237 2158 2397 2222 negat
2417 2147 2703 2205 Dominum
2739 2153 2914 2217 tertio,
2945 2155 3068 2224 quia
3095 2171 3254 2212 omne
3276 2173 3405 2228 pec-

1844 2249 2023 2296 catum
2054 2239 2264 2296 facilius
2292 2242 2346 2296 in
2364 2250 2521 2298 nocte
2541 2244 2769 2314 subripit
2795 2260 2955 2315 quam
2982 2247 3036 2300 in
3061 2247 3266 2303 die-Et
3285 2265 3402 2304 om-

1842 2331 1927 2387 nis
1961 2333 2054 2403 qui
2077 2341 2267 2402 peccat
2293 2333 2346 2388 in
2369 2341 2524 2389 nocte
2553 2341 2653 2390 est.
2685 2333 2828 2390 Tunc
2853 2337 2986 2390 venit
3035 2336 3192 2392 Iesus
3215 2339 3268 2392 in
3294 2339 3407 2394 nal-

1841 2423 1941 2478 lem
1985 2441 2102 2495 quae
2152 2425 2346 2479 dicitur
2391 2425 2736 2481 Gethsemani.
2776 2427 3064 2484 Descendit
3111 2429 3178 2486 de
3225 2441 3409 2487 monte

1841 2515 2032 2572 Oliveti
2057 2518 2110 2572 in
2133 2517 2324 2573 vallem
2356 2516 2721 2584 Gethsemani,
2752 2520 2838 2576 ubi
2862 2527 2946 2576 est
2968 2537 3112 2577 nunc
3138 2522 3400 2589 Ecclesia,

1841 2608 1894 2663 in
1931 2608 2049 2664 loco
2073 2624 2180 2678 quo
2207 2609 2318 2680 ipse
2343 2611 2534 2666 oravit.
2580 2611 2925 2668 Gethsemani
2950 2604 3099 2669 vallis
3120 2617 3396 2689 pinguium

1839 2702 2055 2768 dicitur,
2079 2703 2323 2772 exemplo
2343 2719 2440 2758 nos
2455 2704 2743 2770 instruens,
2758 2713 2814 2760 nt
2843 2707 2933 2776 qui
2956 2709 3182 2763 adorare
3201 2710 3408 2765 deside-

1839 2797 1945 2855 rat,
1967 2791 2022 2845 in
2043 2801 2275 2846 montem
2298 2792 2514 2848 luminis
2533 2796 2807 2849 ascendat.
2840 2795 3037 2852 Habeat
3061 2811 3272 2868 quoque
3295 2801 3409 2854 val-

1837 2883 1940 2939 lem
1959 2885 2309 2957 pinguium,id
2320 2886 2778 2946 esthumilitatem.
2799 2887 2865 2942 Et
2887 2901 3150 2960 assumpto
3166 2889 3344 2956 Petro,
3357 2903 3408 2949 et

1836 2975 2037 3030 duobus
2057 2975 2184 3044 ﬁliis
2208 2975 2623 3048 Zebedwi,cmpit
2645 2980 2946 3034 contristari
2969 2992 3016 3034 et
3041 2992 3250 3038 incestus
3269 3001 3400 3039 esse.

1838 3065 1973 3133 Quia
2023 3067 2166 3122 enim
2219 3082 2435 3123 carnem
2486 3072 2850 3138 assumpserat
2898 3071 3060 3126 etiam
3124 3074 3406 3142 passiones

1843 3158 2020 3213 carnis
2044 3159 2244 3214 habere
2274 3174 2494 3214 necesse
2520 3168 2658 3224 erat,
2687 3170 2884 3231 praeter
2905 3161 3050 3218 illam
3090 3164 3257 3219 solam
3286 3181 3406 3234 quae

1837 3247 1958 3303 cum
1989 3264 2152 3304 carne
2181 3259 2361 3304 creata
2390 3266 2494 3305 non
2535 3250 2730 3316 fuerat,
2763 3251 2814 3308 id
2840 3263 2923 3308 est
2949 3261 3406 3326 peccat-nmque.

1837 3337 1982 3393 niam
2009 3339 2314 3394 contristari
2329 3349 2590 3410 coeperat,
2615 3341 2922 3397 ne'lristitia
2945 3344 3105 3405 noxia
3119 3360 3238 3400 cum
3263 3346 3401 3402 bona

1835 3445 1895 3484 se
1942 3430 2214 3495 miscnrct,
2255 3433 2462 3502 accepit
2511 3447 2646 3502 quos
2690 3433 2876 3487 solitus
2919 3442 3039 3488 erat
3065 3435 3117 3488 in
3155 3437 3402 3500 secretis,

1834 3527 1888 3575 ul
1919 3536 2040 3576 cum
2070 3521 2150 3576 eis
2175 3537 2389 3592 semper
2409 3523 2584 3576 divina
2607 3523 3018 3594 colloqueretur.
3045 3525 3138 3580 Sic
3165 3543 3265 3582 nos
3283 3545 3404 3582 om-

1833 3625 1931 3664 nes
1958 3607 2134 3664 facere
2163 3609 2420 3664 debemus
2443 3618 2686 3680 tempore
2713 3603 2966 3677 tristitiae,
3001 3629 3120 3668 cum
3162 3615 3317 3671 bonis
3346 3625 3402 3671 et

1835 3701 2026 3756 amicis
2056 3702 2222 3772 loqui,
2255 3709 2314 3756 ut
2343 3717 2446 3757 non
2474 3702 2671 3758 habeat
2699 3703 2751 3758 in
2775 3705 2930 3760 nobis
2955 3693 3126 3760 locum
3155 3707 3401 3775 tristitia,

1833 3807 1952 3862 quae
1993 3802 2219 3848 mortem
2250 3802 2526 3862 operatur,
2557 3801 2611 3848 et
2635 3794 2726 3849 tali
2757 3794 2916 3850 modo
2945 3797 3203 3852 vitabitur
3237 3813 3266 3852 a
3297 3813 3398 3854 no-

1832 3883 1936 3938 bis.
1979 3882 2124 3938 Tunc
2149 3883 2226 3938 ait
2256 3883 2382 3947 illis,
2421 3883 2606 3939 Tristis
2645 3894 2721 3939 est
2749 3885 2926 3940 anima
2977 3902 3091 3940 mea
3125 3904 3286 3957 usque
3323 3887 3394 3942 ad

1832 3982 2068 4027 mortem.
2125 3971 2429 4028 Secundum
2477 3973 2617 4044 quod
2647 3989 2776 4030 caro
2808 3983 2927 4028 erat
2975 3973 3100 4028 illud
3149 3975 3380 4050 diccbat,

1833 4077 1938 4118 non
1969 4065 2262 4118 secundum
2306 4063 2689 4134 impassibilem
2720 4063 3075 4121 divinitatem.
3121 4063 3396 4118 Tristaba~

1833 4163 1922 4209 tur
1952 4165 2154 4220 autem,
2185 4155 2297 4210 sive
2324 4169 2423 4225 pro
2442 4153 2666 4210 Judaico
2697 4153 2912 4224 populo,
2959 4154 3049 4224 qui
3078 4153 3251 4208 fuerat
3273 4169 3400 4222 pars

1831 4253 1886 4301 et
1923 4246 2150 4316 populus
2193 4246 2307 4308 Dei,
2357 4246 2470 4300 sive
2495 4258 2595 4316 pro
2621 4245 2981 4315 apostolorum
3029 4243 3396 4310 tribulatione,

1833 4353 1927 4392 seu
1957 4337 2118 4390 etiam
2168 4351 2268 4406 pro
2292 4335 2499 4407 perﬁdo
2527 4333 2686 4401 Juda,
2716 4351 2820 4390 non
2865 4344 3040 4390 autem
3081 4350 3178 4404 pro
3220 4343 3399 4390 mortc

163 4413 726 4491 eompreheusoribus.
762 4416 904 4472 Tunc
943 4421 1068 4474 dicit
1094 4421 1167 4476 eis
1187 4421 1342 4477 Jesus
1374 4437 1392 4475 :
1417 4424 1610 4480 Omnes
1639 4444 1730 4482 vos
1757 4447 1810 4506 D
1836 4443 1950 4490 sua,
1973 4442 2132 4496 quam
2165 4425 2470 4481 voluntarie
2491 4425 2724 4490 subibat,
2757 4425 3058 4480 ordinatam
3085 4440 3206 4479 cum
3232 4424 3392 4479 Patre

162 4503 748 4576 scandalumpatiemini
771 4509 826 4562 in
851 4525 930 4562 me
945 4510 996 4563 in
1019 4511 1120 4565 ista
1135 4522 1298 4577 nocte,
1323 4515 1567 4584 pnedicit
1593 4503 1752 4587 quod.

160 4597 372 4662 passuri
415 4597 544 4661 sint,
583 4606 642 4652 ut
669 4615 791 4654 cum
819 4602 1022 4657 venerit
1043 4603 1176 4658 hora
1197 4605 1431 4674 patiendi
1461 4606 1630 4664 levius
1652 4609 1732 4665 fe-

162 4697 302 4741 rant.
333 4687 400 4743 Et
452 4691 740 4748 notandum
777 4695 917 4764 quod
949 4696 1088 4755 dixit.
1113 4715 1126 4752 :
1151 4698 1207 4752 in
1243 4699 1346 4752 ista
1383 4710 1553 4767 nocte,
1605 4703 1731 4772 quia

161 4777 301 4832 sicut
331 4781 424 4851 qui
469 4781 596 4836 ebrii
633 4795 777 4849 sunt,
833 4797 980 4841 nocte
1005 4788 1133 4842 ebrii
1168 4800 1308 4855 sunt,
1355 4789 1433 4845 sic
1453 4793 1544 4862 qui
1575 4807 1733 4848 scan-

161 4867 339 4926 dalum
389 4873 668 4942 patiuntur
703 4877 755 4930 in
809 4887 966 4934 nocte
1011 4881 1185 4936 adhuc
1225 4892 1370 4948 sunt,
1405 4885 1508 4940 hoc
1553 4893 1636 4940 est
1671 4885 1726 4941 in

161 4959 484 5032 ignorantia.
510 4965 582 5022 ‘Si
611 4969 752 5024 enim
781 4973 1002 5040 perfecti
1027 4984 1209 5030 essent
1250 4977 1303 5030 in
1331 4979 1580 5044 scientia,
1617 4996 1725 5035 non

159 5063 342 5120 posset
375 5064 588 5112 terrena
617 5061 846 5115 tentatio
875 5061 956 5134 eis
989 5065 1298 5119 scandalum
1325 5065 1562 5133 efficere,
1600 5071 1726 5140 quia

160 5145 522 5213 pcrfectorum
551 5158 635 5204 est
661 5166 814 5220 aequo
841 5153 1022 5208 animo
1073 5155 1214 5208 inter
1250 5155 1472 5211 adversa
1521 5167 1576 5212 et
1604 5175 1726 5228 pro—

161 5249 316 5305 spera
339 5247 504 5294 stare.
534 5239 798 5311 Scriptum
823 5251 896 5296 est
913 5243 1048 5296 enim
1075 5259 1093 5297 :
1125 5243 1421 5300 Percutiant
1442 5257 1723 5315 pastorem,

160 5336 207 5378 et
235 5328 594 5399 dispergentur
618 5347 732 5384 oves
779 5333 965 5402 gregis.
1005 5332 1147 5389 Deus
1165 5335 1500 5406 omnipotens
1523 5353 1589 5392 ex
1608 5353 1728 5406 per-

88 5444 103 5457 -
162 5429 292 5470 sena
325 5433 422 5474 sua
465 5419 566 5474 hoc
591 5419 800 5476 locutus
820 5430 904 5492 est
929 5436 1024 5491 per
1046 5422 1382 5488 Zachariam,
1433 5425 1575 5494 quod
1617 5425 1728 5496 ipse

165 5508 390 5563 daturus
434 5520 577 5564 esset
612 5512 830 5580 unicum
873 5527 971 5582 pro
1019 5513 1172 5568 nobis
1210 5515 1390 5578 morti,
1421 5525 1476 5568 et
1506 5517 1729 5584 apostoli

167 5613 275 5670 pne
299 5602 489 5656 timore
533 5602 790 5657 relicturi.
817 5604 922 5658 Sed
952 5604 1208 5659 Dominus
1236 5604 1362 5660 fecit
1391 5607 1532 5660 sicut
1560 5607 1730 5662 bonus

171 5702 355 5763 pastor
384 5710 505 5750 cum
552 5695 682 5748 vidit
707 5695 888 5752 leones
907 5703 960 5751 et
991 5696 1141 5766 lupos
1175 5697 1462 5762 venientes,
1509 5697 1603 5752 ivit
1631 5699 1729 5754 ob-

1837 4524 1960 4570 ante
1996 4515 2162 4570 multa
2189 4514 2455 4570 curricula
2491 4529 2779 4569 annorum.
2830 4511 2965 4566 Nam
2993 4523 3046 4567 et
3077 4512 3121 4567 si
3152 4513 3398 4568 dicamus

1835 4608 2125 4664 secundum
2152 4607 2421 4663 hominem
2467 4606 2864 4670 contristatum,
2885 4605 3014 4660 nihil
3039 4607 3218 4660 obstat
3236 4603 3394 4660 intel-

1833 4699 1946 4770 ligi,
1975 4698 2098 4768 quia
2137 4714 2265 4754 caro
2289 4707 2407 4754 erat
2435 4706 2488 4754 et
2519 4699 2734 4754 tristitia
2751 4699 2932 4754 carnis
2957 4699 3136 4768 passio
3154 4707 3256 4763 est,
3287 4698 3392 4754 nisi

1833 4789 1927 4845 Dei
1959 4790 2155 4844 virtute
2179 4787 2478 4842 tolleretur.
2504 4787 2568 4842 Et
2595 4804 2896 4860 progressus
2923 4788 3192 4858 pusillum.
3217 4787 3395 4842 Lucas

1831 4879 1960 4935 dicit
1992 4897 2006 4933 :
2031 4878 2254 4934 Avulsus
2281 4887 2355 4933 est
2401 4879 2466 4932 ab
2495 4879 2592 4942 eis,
2613 4887 2864 4949 quantum
2875 4879 3055 4948 jactus
3071 4888 3148 4932 est
3175 4877 3387 4948 lapidis.

1832 4969 1899 5025 Et
1931 4969 2022 5040 qui
2075 4969 2336 5024 veraciter
2371 4984 2428 5024 se
2455 4967 2568 5024 vult
2597 4968 2861 5034 exaudiri,
2903 4970 3178 5025 orationes
3215 4981 3392 5023 secre-

1833 5070 1915 5116 tas
1943 5061 2102 5116 debet
2128 5075 2388 5130 quaerere,
2424 5073 2544 5128 quae
2572 5067 2790 5114 remotae
2819 5067 2945 5115 sunt
2975 5060 3044 5114 ab
3066 5058 3212 5113 omni
3253 5066 3394 5112 stre-

1829 5155 1942 5224 pitu
1991 5161 2046 5207 et
2083 5152 2308 5206 tumultu
2331 5151 2608 5212 vitiorum.
2631 5150 2974 5206 Praemouens
3001 5151 3163 5206 etiam
3197 5151 3250 5204 in‘
3275 5163 3390 5204 om-

1832 5243 1886 5297 ni
1923 5243 2260 5298 tribulatione
2291 5252 2471 5296 nostra
2523 5241 2783 5314 refugium
2813 5251 2868 5298 et
2911 5257 3118 5296 murum
3145 5249 3391 5296 nostrum

1830 5335 2113 5389 Dominum
2155 5333 2372 5387 assidue
2393 5332 2717 5402 ﬂagitamus,
2759 5341 2818 5387 ut
2855 5333 2923 5387 ab
2964 5330 3260 5386 imminenti
3294 5345 3390 5400 pe-

1830 5421 2164 5491 riculojuxta
2191 5422 2334 5477 illius
2360 5406 2614 5494 placitum
2641 5422 2945 5477 liberemur.
2990 5421 3068 5475 Mi
3109 5418 3290 5484 Pater,
3340 5419 3388 5472 si

1829 5513 2068 5584 possibile
2103 5523 2200 5577 est,
2231 5521 2460 5567 transeat
2491 5529 2522 5566 a
2551 5529 2631 5566 me
2661 5511 2801 5566 calix
2820 5509 2934 5564 iste.
2989 5508 3066 5563 Hi
3111 5507 3390 5563 vocativus

1830 5604 2116 5676 possessivi
2143 5611 2244 5667 est,
2271 5620 2301 5656 a
2319 5619 2430 5658 meo
2451 5603 2690 5658 veniens.
2718 5601 2856 5657 Dicit
2873 5616 3001 5672 ergo
3031 5615 3126 5670 pro
3149 5597 3381 5652 Judmis:

1834 5695 1890 5749 Si
1909 5695 2156 5765 possibile
2185 5701 2268 5750 est
2287 5693 2483 5750 salvari
2509 5701 2697 5766 gentes
2725 5692 2840 5748 sine
2862 5690 3156 5761 abjcctione
3181 5687 3389 5744 Judaeu-
