3988 6186
523 317 661 376 M79

1281 297 1665 359 CHRISTIANl
1699 292 2100 354 DBUTHMARI
2137 287 2575 350 CORBEIENSIS
2608 284 2910 343 MONACHI

3587 281 3717 335 μευ

521 445 663 493 rum,
705 431 764 480 ιιι
801 435 907 476 nou
954 416 1053 488 ipsi
1086 413 1215 469 mihi
1245 411 1484 466 inferant
1515 417 1763 471 mortem,
1805 408 1915 461 liat.
1959 404 2066 459 Ve-
2096 412 2145 466 Α
2170 414 2224 458 ct
2244 402 2484 465 sudibus,
2527 400 2592 454 de
2638 398 2829 468 quibus
2872 405 2929 450 et
2966 394 3205 449 Malchus
3240 390 3502 493 fuitLQni
3544 406 3719 449 autem

520 527 841 576 rumtamen.
859 524 962 564 nou
977 505 1117 576 quod
1137 505 1370 558 humano
1389 497 1579 555 affectu
1603 498 1809 567 loquor,
1836 497 1929 551 sed
1955 510 2080 580 [ηει-⁵

519 607 601 678 gis
629 602 770 674 quod
802 595 1060 659 tecumRiu
1108 590 1386 647 divinitate
1410 586 1664 656 disposui,
1721 584 1832 638 ﬁat.
1887 582 1952 636 Et
1982 581 2068 635 hic

518 674 816 763 exemplum
837 700 1027 756 capere
1039 683 1292 738 debemus
1321 677 1529 740 orandi,
1555 685 1614 729 ut
1641 674 2066 745 quandocunque

515 803 615 860 pro
665 779 942 852 temporali
973 785 1154 831 nostra
1214 771 1389 840 aliqua
1423 783 1481 823 re
1532 768 1641 822 Deo
1683 764 2065 835 supplicamus,

517 856 729 947 semper
779 874 831 928 in
870 871 974 926 line
1022 867 1162 923 illius
1193 863 1444 934 placitam
1489 860 1815 914 voluntatem
1842 856 2066 927 amplius

518 969 866 1041 postulamus,
911 970 969 1017 ut
996 960 1039 1015 si
1077 957 1300 1012 forsitan
1345 968 1443 1007 nos
1484 959 1671 1005 contra
1696 948 1920 1004 salutem
1968 961 2066 1001 no-

517 1069 686 1116 stram
721 1056 970 1126 petimus,
1010 1049 1097 1103 ille
1137 1046 1228 1116 qui
1274 1043 1519 1098 Salvator
1538 1046 1621 1094 est
1643 1045 1847 1101 noster,
1883 1050 2071 1091 secun-

520 1151 644 1205 dum
686 1124 838 1203 suum
886 1139 1164 1198 consilium
1195 1151 1291 1191 nos
1312 1134 1568 1205 gubernet
1612 1137 1669 1186 et
1690 1126 1962 1184 exaudiat.
2000 1124 2095 1178 Er

514 1241 642 1295 uenit
694 1238 761 1291 ad
802 1232 1080 1303 discipulos
1127 1243 1267 1289 suos,
1307 1234 1353 1279 et
1384 1222 1573 1277 inuenit
1625 1237 1711 1275 eos
1740 1217 2066 1272 dormientes.

514 1330 581 1383 Et
629 1326 844 1383 tristitia
875 1337 972 1393 pro
1001 1319 1227 1374 Domino
1276 1330 1369 1371 eos
1421 1312 1772 1382 deprimebat,
1829 1308 1989 1363 etiam
2016 1316 2071 1361 et

515 1435 724 1491 tempus
770 1426 889 1473 erat
928 1430 1033 1485 quo
1088 1410 1229 1466 soliti
1268 1416 1422 1463 erant
1450 1405 1702 1460 dormire.
1753 1401 1900 1457 Solet
1926 1400 2071 1456 enim

514 1522 636 1585 post
674 1511 938 1579 lacrymas
966 1512 1021 1560 et
1064 1500 1338 1557 tristitiam
1378 1510 1599 1551 somnus
1650 1492 1924 1585 accedere,
1957 1505 2070 1585 ma:

515 1578 659 1658 xime
687 1578 804 1655 cibo
832 1594 1068 1651 indultis.
1110 1591 1177 1644 Et
1218 1589 1341 1642 dicit
1373 1584 1526 1638 Petro
1552 1584 1625 1637 sic
1651 1596 1669 1633 :
1704 1580 1823 1634 Non
1858 1578 2069 1648 potuisti

514 1710 621 1748 una
650 1693 776 1744 liora
801 1685 1010 1758 uigilare
1055 1697 1272 1736 mecum.
1311 1678 1379 1734 Ut
1404 1666 1592 1730 Petrus
1626 1680 1889 1744 prmparet
1915 1685 1972 1726 se
2000 1669 2066 1724 ad

2132 556 2139 565 ,
2167 494 2382 548 tradidit
2420 508 2559 555 eum,
2589 489 2729 543 dedit
2769 488 2845 541 eis
2868 488 3070 556 signum
3096 486 3269 539 dicens
3300 498 3318 535 .'
3352 483 3723 555 Quemcunque

2166 583 2428 638 osculatus
2464 582 2610 652 {uero
2654 580 2760 650 ipse
2796 588 2889 640 est,
2925 588 3086 631 tenete
3120 592 3258 630 eum.
3286 573 3485 628 Timuit
3531 573 3720 636 Iudas,

2166 689 2234 728 ne
2262 674 2374 743 ipse
2414 671 2647 739 seipsum
2672 666 3040 730 absconderet,
3069 665 3207 720 sicut
3227 664 3351 719 fecit
3368 664 3607 733 quando
3630 678 3726 717 vo-

2164 764 2345 819 lebant
2370 778 2493 817 eum
2527 759 2859 831 praecipitare
2888 765 2943 811 ct
2966 756 3223 826 lapidare.
3265 755 3333 809 Et
3362 755 3485 808 ideo
3511 752 3621 808 tale
3645 754 3723 809 eis

2165 852 2375 922 signum
2409 850 2555 905 dedit
2600 859 2660 903 ut
2700 856 2981 918 postquam
3021 861 3141 899 eum
3181 844 3478 899 osculatam
3505 843 3725 898 habuis-

2165 951 2264 1009 set,
2307 944 2352 998 si
2397 943 2509 1012 ipse
2550 946 2911 1001 evanesceret,
2961 936 3123 993 Iudas
3158 952 3264 991 non
3321 937 3574 1008 perderet
3610 951 3727 1007 pre-

2167 1034 2316 1087 tium.
2343 1034 2580 1102 Apparet
2606 1039 2785 1085 autem
2815 1028 2936 1098 quia
2967 1027 3087 1097 pius
3114 1027 3371 1081 Dominus
3401 1026 3544 1081 hanc
3592 1041 3723 1081 con-

2166 1123 2496 1179 suetudinem
2519 1120 2724 1183 habuit,
2749 1128 2806 1172 ut
2828 1118 3041 1188 quando
3068 1132 3097 1171 a
3120 1116 3250 1172 foris
3270 1133 3401 1171 suus
3430 1130 3716 1171 revertem-

2167 1221 2254 1267 tnr
2298 1212 2608 1281 discipulus,
2655 1210 2983 1266 oscularetur
3023 1224 3162 1264 eum.
3215 1208 3366 1277 Quod
3394 1224 3537 1263 nunc
3582 1208 3718 1278 apud

2168 1319 2266 1358 nos
2302 1318 2409 1357 non
2456 1303 2532 1367 lit,
2585 1302 2685 1357 nisi
2728 1309 2842 1371 post
2894 1300 3075 1368 plures
3102 1300 3235 1354 dies.
3293 1299 3406 1354 Hoc
3431 1299 3644 1371 signum
3669 1307 3722 1352 et

2167 1392 2296 1447 Cain
2322 1391 2507 1446 habuit
2544 1398 2603 1443 ut
2627 1404 2812 1445 omnes
2849 1388 3183 1444 oscularetur
3204 1402 3313 1458 pne
3341 1388 3534 1442 timore
3567 1388 3720 1442 simi-

2169 1485 2236 1539 lis
2260 1485 2312 1538 in
2353 1484 2513 1550 facto,
2545 1483 2733 1539 similis
2778 1482 2833 1536 in
2884 1480 3127 1547 scelere,
3155 1480 3281 1536 licet
3308 1481 3409 1536 iste
3441 1478 3612 1551 pejor.
3655 1480 3722 1533 Et

2168 1574 2436 1645 confestim
2480 1576 2724 1628 accedens
2764 1572 2833 1627 ad
2884 1571 3085 1635 Iesum,
3121 1572 3253 1626 dixit
3297 1585 3316 1622 :
3367 1571 3493 1634 Ave,
3536 1568 3719 1623 Rabbi.

2168 1665 2273 1720 Ave
2324 1664 2510 1720 Latine
2564 1666 2779 1730 dicitur,
2837 1664 3022 1720 Graece
3069 1661 3207 1718 Kere
3234 1676 3254 1714 :
3284 1663 3549 1718 llebraice
3585 1663 3725 1717 sicut

515 1750 879 1841 sustinendam
907 1778 1277 1836 tentationem,
1314 1785 1411 1841 pro
1441 1768 1653 1823 tristitia
1685 1765 2023 1835 redarguitur
2050 1780 2064 1816 :
2096 1750 2141 1809 Β
2169 1757 2281 1827 ipse
2304 1750 2466 1812 Iudas
2488 1755 2643 1821 dixit,
2689 1756 3009 1812 Salamelech
3036 1774 3049 1809 :
3076 1756 3294 1809 verbum
3323 1755 3719 1819 salutatorium,

513 1875 592 1930 Ae
625 1875 668 1928 si
695 1873 834 1927 dicat
862 1887 875 1924 :
900 1869 956 1923 Si
991 1865 1207 1922 tristitia
1233 1863 1409 1917 futura
1432 1861 1543 1930 jam
1574 1868 1625 1913 te
1647 1870 1957 1926 oppressum
1978 1855 2073 1909 ha-

514 1968 627 2029 bet,
655 1963 779 2033 quid
804 1962 966 2015 facies
987 1973 1105 2013 cum
1129 1955 1241 2024 jam
1256 1949 1494 2007 venerit?
1510 1949 1742 2018 Apparet
1760 1945 1884 2016 quia
1912 1960 2071 2015 nega-

515 2056 621 2120 bis,
657 2054 747 2124 qui
772 2053 883 2122 jam
926 2048 1145 2120 vigilare
1174 2059 1381 2099 mecum
1410 2057 1514 2096 non
1554 2047 1724 2110 potes.
1780 2034 2000 2106 Vigilate
2023 2045 2071 2089 et

514 2154 680 2200 orate.
721 2143 782 2197 Et
815 2153 1038 2209 corpore
1088 2134 1303 2206 vigilate
1354 2139 1411 2186 et
1449 2130 1648 2185 animo.
1700 2126 1769 2181 Et
1800 2136 1966 2187 orate,
2017 2132 2072 2177 ut

516 2250 617 2287 non
642 2231 845 2285 intretis
869 2228 922 2282 in
947 2225 1300 2280 tentationem.
1322 2219 1436 2275 Non
1464 2218 1618 2281 dixit,
1652 2230 1755 2270 non
1771 2212 2071 2278 tentemini,

515 2321 657 2392 quod
693 2334 798 2374 non
827 2324 1002 2388 potest
1033 2328 1175 2377 esse,
1217 2310 1342 2381 quia
1381 2307 1558 2364 nullus
1583 2305 1683 2360 fuit
1711 2305 1803 2374 qui
1833 2318 1938 2357 non
1963 2301 2078 2358 fue-

516 2411 589 2465 rit
627 2415 882 2464 tentatus.
910 2403 973 2458 Et
995 2403 1089 2472 qui
1135 2416 1241 2455 non
1269 2407 1352 2454 est
1380 2405 1636 2461 tentatus,
1688 2409 1799 2457 non
1820 2400 1904 2448 est
1949 2408 2075 2463 pro-

515 2503 690 2556 batus.
725 2497 838 2552 Non
864 2496 1118 2550 debemus
1143 2506 1299 2545 orare
1321 2500 1510 2544 utnon
1543 2495 1830 2549 tenlemur,
1877 2484 1972 2539 sed
2005 2498 2073 2538 ne

516 2586 906 2646 inducamuriu
932 2581 1298 2639 teutationem.
1326 2578 1448 2633 ldco
1474 2576 1604 2632 dicit
1644 2585 1698 2629 ut
1744 2591 1847 2629 non
1874 2573 2074 2626 intretis

516 2687 573 2740 in
625 2685 977 2744 tentationem,
1018 2693 1179 2750 quam
1206 2677 1348 2732 ferre
1394 2692 1500 2731 non
1558 2673 1798 2744 potestis.
1850 2670 2074 2743 Spiritus

517 2778 723 2851 quidem
749 2784 1012 2848 promptus
1035 2781 1127 2838 est,
1179 2786 1299 2825 caro
1327 2776 1500 2823 autem
1542 2765 1771 2835 inﬁrma.
1818 2762 2075 2834 Spiritus,

517 2870 573 2926 id
602 2877 680 2924 est
709 2868 905 2931 anima,
943 2873 1129 2935 parata
1157 2870 1239 2917 est
1261 2860 1326 2914 ad
1374 2859 1549 2914 danda
1590 2855 1828 2913 membra
1864 2868 1963 2924 pro
1987 2868 2075 2908 sa-

519 2958 631 3013 lute
672 2956 967 3018 hominum,
1015 2952 1108 3009 sed
1134 2965 1261 3007 caro
1291 2945 1621 3019 expavescit,
1672 2945 1813 3001 sicut
1865 2952 2080 2999 terrena

519 3062 627 3111 res,
660 3055 871 3100 terrena
914 3049 1203 3099 tormenta.
1236 3039 1372 3106 Quid
1409 3037 1589 3092 dicent
1606 3035 1698 3105 qui
1739 3033 1859 3105 puri
1908 3030 2081 3089 homi-

520 3151 616 3191 nes
650 3144 796 3198 sunt,
830 3133 876 3187 si
924 3132 1004 3186 sic
1046 3129 1238 3200 plenus
1279 3126 1563 3181 divinitate
1594 3125 1850 3180 Dominus
1894 3131 2080 3178 noster

518 3225 853 3294 loquebatur.
894 3220 1092 3274 Iterum
1113 3217 1338 3272 secundo
1379 3217 1505 3272 abiit
1533 3223 1583 3268 et
1631 3216 1816 3280 orauit,
1856 3214 2030 3267 dicens
2059 3227 2080 3265 :

524 3313 685 3369 Pater
711 3311 798 3373 mi,
831 3310 876 3365 si
911 3324 1013 3364 non
1039 3315 1200 3377 potest
1241 3305 1466 3359 transire
1496 3305 1580 3357 hic
1603 3302 1758 3365 calix,
1787 3301 1886 3355 nisi
1911 3300 2081 3355 bibam

520 3404 687 3466 illum,
720 3402 813 3471 ﬁat
850 3398 1087 3454 uoluntas
1135 3405 1246 3450 tua.
1281 3393 1397 3450 Non
1449 3392 1590 3465 quod
1613 3392 1850 3447 humano
1888 3389 2082 3444 atl'ectu

523 3494 731 3564 louuor,
762 3493 875 3555 fiat,
905 3489 998 3544 sed
1024 3494 1245 3558 propter
1268 3483 1409 3556 quod
1449 3482 1515 3537 ad
1553 3491 1729 3537 terras
1777 3489 1868 3534 tua
1897 3478 2084 3534 volun-

523 3594 636 3639 tate
678 3580 945 3638 descendi.
981 3578 1036 3634 Si
1054 3585 1231 3650 potest
1259 3576 1375 3632 lieri
1402 3584 1461 3631 ut
1491 3575 1607 3631 sine
1628 3573 1850 3631 interitu
1873 3571 2085 3628 Iudaeo-

523 3689 643 3728 rum
666 3671 901 3743 gentium
922 3668 1202 3723 multitudo
1222 3666 1426 3732 credat,
1449 3665 1752 3737 passionem
1780 3680 1991 3719 recuso.
2024 3662 2084 3719 Si

523 3774 703 3823 autem
716 3765 787 3820 illi
804 3764 1105 3821 excaecandi
1117 3773 1241 3819 sunt
1259 3773 1514 3819 utomnes
1528 3768 1715 3832 gentes
1730 3761 1962 3825 videant,
1977 3774 2085 3814 non

526 3871 666 3921 mea,
704 3854 888 3919 Pater,
920 3854 1014 3909 sed
1044 3862 1132 3908 tua
1158 3852 1402 3908 voluntas
1432 3851 1543 3907 fiat.
1572 3849 1769 3904 Iterum
1796 3852 1944 3904 tertio
1957 3849 2085 3903 abiit

528 3959 577 4000 et
604 3947 792 4000 oravit.
834 3943 986 4000 Sicut
1021 3932 1247 3999 tentatio
1278 3943 1449 3998 tribus
1483 3939 1657 3995 modis
1683 3939 1976 4010 perficitur,
2010 3938 2084 3992 ita

528 4052 677 4091 arma
701 4030 888 4092 contra
922 4034 1269 4091 tentatiouem
1305 4040 1387 4087 ter
1448 4030 1744 4100 expetenda
1766 4038 1912 4083 sunt.
1939 4027 2083 4081 Tunc

528 4131 662 4185 renit
692 4130 759 4180 ad
798 4123 1076 4194 discipulos
1132 4140 1254 4178 suos
1304 4131 1353 4176 et
1396 4121 1585 4175 inuenit
1622 4135 1706 4174 eos
1753 4117 2078 4172 dormientes.

526 4215 717 4272 Causa:
744 4213 991 4285 superius
1043 4211 1441 4283 comprehensa:
1493 4206 1866 4279 opprimebant
1901 4205 2085 4263 oculos

528 4320 735 4362 eorum.
758 4303 987 4358 Dormite
999 4303 1116 4373 jam
1154 4310 1201 4356 et
1239 4301 1560 4372 requiescite.
1601 4298 1705 4353 Per
1751 4296 2083 4352 contrarium

530 4396 864 4466 intelligitur.
893 4395 970 4450 Ac
992 4394 1037 4450 si
1063 4393 1208 4449 dicat
1232 4411 1244 4447 :
1268 4392 1385 4447 Non
1411 4400 1495 4447 est
1529 4399 1737 4461 tempus
1765 4388 2083 4453 dormiendi,

532 4489 658 4559 quia
706 4486 1150 4558 appropinquabit
1187 4485 1278 4554 qui
1325 4499 1413 4539 me
1455 4484 1649 4537 tradet.
1682 4482 1748 4536 Et
1784 4490 1866 4536 cst
1903 4480 2086 4535 ironia:

533 4580 756 4650 species.
786 4576 843 4633 Si
881 4586 1059 4633 autem
1086 4576 1381 4632 secundum
1407 4576 1648 4631 Marcum
1674 4574 1765 4645 qui
1797 4574 1925 4630 dicit
1951 4573 2089 4627 Dor-

536 4672 679 4735 mite,
728 4678 784 4724 et
830 4675 1015 4739 postea
1046 4665 1230 4731 infert,
1258 4666 1465 4736 sufﬁcit,
1489 4664 1835 4736 intelligimus
1873 4677 1966 4719 eos
1986 4663 2086 4718 ali—

535 4761 663 4831 quid
687 4760 847 4831 spatii
873 4759 1154 4823 dormisse,
1176 4765 1231 4814 et
1251 4766 1376 4812 tunc
1413 4756 1614 4811 dixisse
1644 4756 1925 4811 Dominum
1956 4756 2090 4810 satis

534 4852 742 4908 habetis
783 4858 1108 4920 soporatum.
1140 4846 1367 4919 Surgite,
1416 4864 1615 4902 eamus.
1647 4848 1725 4902 Ac
1746 4847 1792 4902 si
1839 4846 2084 4902 diceret:

535 4944 651 4999 Non
692 4958 790 4998 nos
828 4941 1098 4997 inveniant
1138 4940 1286 5010 quasi
1327 4939 1582 4995 timentes
1602 4947 1657 4993 et
1710 4947 2087 5006 retractantes,

534 5038 677 5092 ultro
700 5050 984 5108 pergamus
1004 5033 1071 5088 ad
1098 5041 1343 5097 mortem,
1377 5040 1437 5087 ut
1476 5031 1650 5087 sciant
1667 5030 1789 5085 ouia
1810 5046 1917 5085 non
1946 5029 2090 5086 devi-

540 5138 734 5192 tam'us,
765 5142 938 5198 neque
965 5125 1213 5197 fugimus.

609 5219 791 5272 Adhuc
820 5218 930 5281 ipso
958 5215 1210 5285 loquente,
1234 5229 1347 5267 ecce
1382 5211 1552 5267 Iudas
1573 5228 1709 5265 unus
1730 5210 1794 5263 de
1820 5210 2089 5264 duodecim

538 5307 693 5371 venit,
739 5316 785 5361 et
811 5321 928 5360 cum
952 5321 1012 5359 eo
1037 5304 1187 5357 turba
1229 5303 1393 5357 multa
1437 5318 1553 5355 cum
1577 5301 1765 5372 gladiis
1789 5311 1836 5355 et
1868 5301 2091 5370 fustibus

538 5396 795 5461 exierunt,
840 5394 985 5449 missi
1025 5411 1057 5447 a
1080 5392 1396 5463 principibus
1447 5392 1771 5447 sacerdotum
1795 5400 1841 5444 et
1869 5391 2088 5444 seniori-

474 5484 483 5493 '
540 5484 636 5541 bus
673 5483 868 5555 populi.
899 5482 1215 5538 Sacerdotes
1243 5481 1781 5552 petieruntPilatum,
1807 5489 1862 5534 et
1886 5480 2091 5535 Pilatus

542 5573 688 5629 dedit
710 5590 871 5629 uuam
899 5575 1192 5637 cohortem,
1215 5573 1267 5628 id
1295 5581 1397 5638 est,
1424 5573 1743 5643 quingentos
1792 5572 2006 5636 milites,
2035 5581 2091 5629 et

544 5674 665 5715 cum
689 5664 772 5719 his
791 5664 1095 5721 sacerdotes
1120 5665 1379 5720 miserunt
1411 5678 1535 5719 suos
1561 5678 1744 5720 servos
1773 5678 1889 5720 cum
1914 5664 2087 5721 contis

2169 1863 2267 1917 per
2302 1847 2443 1916 quod
2487 1856 2630 1903 totus
2657 1847 2885 1902 mundus
2906 1861 2970 1902 ex
2992 1855 3259 1917 praecepto
3285 1845 3649 1901 Romanorum
3667 1862 3724 1902 se

2170 1936 2457 1991 salutabat.

2242 2030 2485 2101 Dixitque
2522 2029 2600 2084 illi
2626 2029 2781 2085 Iesus
2808 2044 2825 2082 :
2863 2030 3060 2097 Amice,
3105 2031 3173 2085 ad
3200 2032 3322 2101 quid
3348 2032 3580 2086 uenisti?
3618 2031 3719 2086 Per

2173 2120 2523 2191 antiphrasim
2562 2121 2897 2192 intelligitur,
2944 2122 2995 2176 id
3029 2131 3114 2177 cst
3139 2138 3237 2195 per
3264 2123 3717 2185 contrarietatem,

2173 2213 2326 2284 quasi
2351 2216 2461 2268 ‘non
2489 2214 2695 2269 amicus
2718 2215 2809 2284 qui
2838 2214 2970 2270 tales
2995 2216 3177 2270 hostes
3198 2214 3432 2270 adducit.
3471 2212 3566 2269 Vel
3594 2214 3725 2267 ami-

2173 2322 2272 2363 cus
2308 2321 2403 2376 per
2447 2306 2800 2374 cognitionem
2826 2322 2932 2362 non
2971 2307 3176 2361 amicus
3212 2320 3309 2376 per
3340 2306 3723 2376 Operationem.

2176 2396 2257 2450 Ad
2276 2396 2399 2467 quid
2420 2396 2599 2450 uenisti
2619 2395 2935 2451 subauditur
2950 2396 3157 2467 perﬁce.
3197 2394 3323 2451 Sive
3341 2404 3401 2450 at
3416 2396 3546 2451 alius
3564 2410 3727 2450 evan-

2176 2486 2366 2556 gelista
2391 2485 2519 2553 dicit
2542 2503 2555 2540 :
2591 2483 2784 2541 Oscula
2807 2486 2976 2555 ﬁlium
2997 2486 3220 2540 hominis
3245 2486 3426 2540 tradis.
3465 2485 3616 2552 Quod
3645 2485 3727 2540 si-

2177 2593 2337 2649 gnum
2382 2578 2530 2648 pacis
2558 2578 2697 2649 apud
2742 2585 2960 2633 cunctas
2994 2586 3180 2648 gentes
3202 2588 3286 2634 est
3324 2579 3376 2633 in
3403 2576 3726 2633 discordiam

2177 2668 2463 2725 convertis.
2504 2667 2913 2724 Constituerunt
2940 2678 3118 2724 autem
3147 2670 3353 2739 antiqui
3392 2671 3495 2725 hoc
3520 2669 3729 2738 signum

2177 2759 2327 2831 pacis
2346 2774 2465 2816 esse
2483 2800 2498 2825 ,
2543 2769 2603 2814 ut
2632 2757 2984 2831 jungerentur
3028 2761 3102 2816 illi
3131 2776 3268 2832 quos
3293 2761 3542 2817 homines
3564 2759 3732 2813 solent

2182 2851 2359 2908 facere
2385 2851 2733 2916 concordare,
2762 2859 2855 2905 aut
2876 2850 3211 2905 discordare.
3261 2851 3330 2905 Et
3365 2860 3510 2905 esset
3533 2849 3633 2903 hoc
3661 2849 3731 2902 si-

2182 2960 2343 3018 gnum
2381 2943 2518 3000 sicut
2550 2959 2649 2999 nos
2697 2944 2802 2998 duo
2856 2944 3093 2998 membra
3124 2943 3428 3013 iungimus,
3457 2941 3537 2997 sic
3558 2940 3733 2995 omnia

2185 3038 2423 3094 membra
2451 3045 2607 3092 erunt
2632 3051 2814 3090 unum.
2856 3034 2997 3089 Tunc
3026 3044 3365 3097 accesserunt,
3400 3046 3449 3088 et
3478 3050 3633 3087 manu
3661 3033 3739 3084 in-

2172 3128 2412 3200 jecerunt
2439 3126 2492 3181 in
2536 3126 2736 3181 Iesum.
2790 3125 2931 3182 Ante
2968 3126 3167 3182 factum
3204 3136 3289 3183 est
3329 3127 3469 3196 quod
3504 3125 3739 3180 Joannes

2180 3218 2383 3283 refert,
2423 3218 2548 3288 quia
2575 3234 2694 3273 cum
2722 3217 2857 3274 dixit
2881 3218 2960 3274 eis
2986 3236 3001 3274 :
3023 3219 3133 3290 Ego
3158 3236 3292 3284 sum,
3328 3219 3564 3272 abierunt
3599 3227 3738 3270 retro

2132 3364 2135 3371 .
2180 3311 2320 3366 sicut
2350 3311 2503 3365 inviti
2532 3311 2705 3366 solent
2747 3326 2923 3375 ruere,
2961 3320 3011 3364 et
3039 3311 3321 3365 ceciderunt
3335 3309 3388 3363 in
3414 3319 3633 3362 terram.
3676 3307 3742 3361 Et

2180 3415 2301 3455 cum
2343 3402 2645 3456 habuerunt
2686 3401 2885 3456 divisos
2928 3400 3243 3470 discipulos,
3282 3409 3408 3455 tunc
3432 3399 3739 3470 ligaverunt

2180 3503 2323 3545 eum.
2361 3487 2405 3545 0
2436 3489 2648 3555 miseri,
2681 3490 2770 3559 qui
2816 3478 3123 3546 debueratis
3150 3488 3380 3545 osculari
3410 3488 3574 3559 pedes
3601 3486 3739 3556 ejus,

2181 3596 2371 3635 manus
2410 3580 2633 3650 ligastis.
2695 3581 2761 3635 Et
2799 3598 2913 3636 ecce
2950 3597 3084 3636 unus
3121 3598 3186 3637 ea;
3227 3583 3310 3635 his
3333 3580 3421 3650 qui
3454 3589 3592 3632 trnnt
3621 3594 3743 3631 cum

2181 3669 2330 3734 Iesu,
2362 3670 2637 3725 extendens
2667 3688 2878 3725 manum
2902 3673 3082 3725 eximit
3102 3671 3355 3742 gladium.
3420 3669 3608 3724 Petrus
3635 3669 3742 3723 hoc

2182 3760 2312 3818 fecit
2339 3764 2524 3817 eodem
2556 3763 2747 3817 ardore
2782 3762 2903 3818 fidei
2933 3778 3039 3832 quo
3063 3771 3118 3817 et
3146 3772 3361 3818 caetera.
3410 3760 3616 3817 Placuit
3642 3776 3740 3813 au-

2181 3860 2291 3907 tem
2318 3852 2543 3907 Domino
2584 3853 2656 3907 ita
2685 3852 2830 3916 fieri,
2875 3861 2934 3908 ut
2972 3869 3160 3909 omnes
3197 3862 3579 3924 cognoscerent
3602 3851 3745 3921 quod

2184 3943 2298 4014 ipse
2345 3943 2509 4000 nollet
2552 3960 2611 3999 se
2636 3944 2919 4001 defendere
2967 3955 3020 4002 et
3048 3955 3108 4001 ut
3138 3945 3280 4001 facta
3311 3947 3529 4011 virtute,
3564 3944 3746 4001 dimit-

2184 4045 2425 4091 terentur
2450 4036 2715 4107 discipuli.

2254 4125 2323 4180 Et
2350 4128 2637 4197 percutiens
2669 4145 2871 4183 servum
2908 4129 3153 4201 principis
3177 4128 3524 4191 sacerdotum,
3559 4142 3746 4196 ampu-

2184 4221 2309 4273 tavit
2332 4219 2621 4274 auriculam
2645 4222 2780 4290 ejus.
2817 4221 2951 4288 Quid
2989 4222 3259 4292 cogitasti,
3298 4220 3548 4291 princeps
3572 4234 3749 4273 sacer-

2184 4310 2390 4374 dotum,
2414 4311 2627 4379 quando
2647 4312 2824 4367 vidisti
2853 4328 3064 4367 servum
3096 4322 3245 4366 tuum
3284 4326 3495 4374 sanum,
3521 4318 3576 4362 et
3602 4309 3749 4362 illum

2187 4403 2278 4471 qui
2305 4400 2405 4456 hoc
2436 4402 2561 4456 fecit
2590 4403 2748 4457 morti
2773 4402 3109 4472 adjudicasti.
3151 4402 3367 4474 Typice,
3406 4386 3647 4454 Malchus
3673 4400 3725 4451 in

2193 4499 2518 4563 terpretatur
2552 4508 2677 4555 rex;
2728 4501 2784 4547 et
2826 4493 3050 4562 populus
3073 4492 3379 4548 Judteorum
3414 4491 3504 4561 qui
3533 4506 3628 4545 rex
3661 4490 3751 4543 de—

2193 4581 2448 4637 buitesse
2488 4597 2548 4637 se
2578 4583 2832 4651 regendo,
2861 4599 3048 4638 servus
3085 4584 3294 4654 peccati
3330 4580 3503 4636 factus
3536 4588 3641 4635 est.
3689 4577 3752 4632 Et

2191 4672 2415 4743 perdidit
2455 4672 2742 4727 auriculam
2772 4673 2883 4742 ejus
2915 4673 3171 4727 dextram.
3215 4673 3317 4727 Per
3341 4687 3505 4740 quam
3542 4671 3636 4725 Dei
3665 4685 3761 4722 an.

2194 4760 2309 4815 dire
2334 4769 2598 4829 praecepta
2630 4761 2832 4823 debuit,
2864 4762 2956 4817 sed
2982 4762 3061 4816 eis
3089 4762 3349 4816 Dominus
3371 4760 3608 4815 restituit
3626 4799 3641 4823 ,
3667 4757 3757 4826 qui

2193 4851 2413 4906 credere
2437 4851 2719 4905 voluerunt
2742 4867 2804 4905 ex
2829 4852 2927 4906 eis.
2967 4851 3050 4905 Ait
3072 4851 3177 4905 illis
3190 4851 3346 4905 Iesus
3372 4865 3391 4902 :
3419 4847 3612 4904 Omnes
3625 4849 3761 4902 enim

2193 4941 2281 5012 qui
2318 4941 2605 5010 acceperint
2646 4938 2876 5011 gladium
2921 4941 3273 5006 (subauditur
3314 4941 3383 4993 ad
3426 4938 3767 5006 malefacien-

2194 5031 2341 5106 dum)
2372 5031 2546 5102 gladio
2569 5033 2828 5104 peribunt.
2897 5032 2952 5086 Si
2993 5049 3098 5087 non
3131 5032 3393 5087 materiali
3422 5030 3623 5100 gladio,
3652 5028 3760 5097 giae

2195 5122 2284 5178 dio
2307 5122 2578 5186 invisibili,
2607 5124 2719 5178 sive
2745 5123 2889 5177 verbi
2923 5123 3013 5176 Dei
3045 5123 3239 5194 gladio.
3295 5121 3403 5177 Sed
3428 5130 3484 5177 et
3510 5122 3768 5187 frequen-

2198 5226 2282 5273 ter
2307 5217 2571 5282 videmus,
2599 5217 2740 5286 quod
2783 5217 2827 5271 is
2854 5216 2943 5285 qui
2968 5217 3162 5287 injuste
3185 5215 3420 5283 aliquem
3440 5212 3643 5267 occidit
3662 5209 3765 5263 nisi

2196 5307 2565 5376 paenitentiam
2612 5315 2735 5375 agat
2784 5306 3091 5374 frequenter
3137 5315 3195 5359 et
3250 5305 3363 5373 ipse
3408 5303 3460 5357 in
3508 5301 3761 5371 pra-senti

2197 5395 2442 5450 moritur.
2483 5395 2597 5464 Ipsa
2638 5396 2849 5449 videtur
2895 5410 3014 5451 esse
3052 5397 3337 5457 sententia,
3363 5408 3528 5462 quam
3561 5392 3677 5461 ipse
3698 5385 3765 5440 ad

2194 5484 2308 5539 Noe
2344 5485 2551 5540 locutus
2589 5493 2672 5539 est
2710 5484 2895 5540 dicens
2930 5503 2944 5539 :
2980 5483 3561 5555 Ουίτυηᾳυενεπιιάεήι
3587 5484 3769 5534 buma-

2198 5591 2319 5629 num
2347 5575 2673 5645 sanguinem,
2703 5574 2950 5643 fundatur
2976 5574 3192 5644 sanguis
3217 5556 3378 5626 illius.

2268 5664 2347 5720 An
2369 5674 2520 5735 putas
2540 5665 2661 5736 quia
2687 5679 2787 5717 non
2808 5678 3014 5735 possum
3041 5677 3227 5733 rogare
3256 5659 3469 5715 Patrem
3498 5672 3687 5715 meum.
3708 5663 3759 5707 τι
