3952 6186
221 276 348 331 H31

1328 259 1687 318 EXPOSITIO
1727 259 1791 314 IN
1833 258 2264 317 MATTHAEUM.

3301 261 3322 314 i
3336 260 3431 314 £89.

218 386 462 446 exhibebit
505 383 633 437 milii
680 383 834 436 modo
879 380 995 450 plus
1036 393 1190 449 quam
1236 375 1513 430 duodecim
1551 373 1775 445 legiones
1802 376 1852 436 Α
1880 383 1997 427 erat
2034 375 2291 443 pontilici.
2349 374 2502 432 Sicut
2541 375 2728 433 dicunt
2761 375 2884 446 quia
2926 375 3156 447 Caiphas
3205 376 3435 432 habebat

218 475 534 547 angelorum.
572 471 687 526 Non
716 479 798 526 est
820 470 949 524 mihi
975 465 1336 547 necessarium
1361 463 1620 517 auxilium
1645 461 1778 517 duo-

218 543 384 621 decim
412 561 798 632 apostolorum,
828 560 919 628 qui
946 573 1163 628 possum
1187 543 1386 610 habere
1417 554 1459 608 si
1491 553 1616 607 volo
1643 553 1781 607 duo-

219 658 387 712 decim
423 654 658 726 legiones
693 652 1022 724 angelorum.
1078 651 1187 705 Nec
1233 650 1390 706 debet
1427 648 1626 704 habere
1654 648 1783 701 duo-

217 749 409 810 decim,
437 746 531 800 sed
557 744 833 799 duodecim
861 743 1117 812 legiones.
1160 740 1274 796 Una
1316 740 1454 810 legio
1480 740 1621 810 apud
1645 740 1784 793 anti-

219 853 347 907 quos
367 853 460 892 sex
478 835 706 889 millibus
719 833 1105 903 complebatur,
1131 832 1272 901 quod
1292 839 1419 885 sunt
1444 831 1783 901 septuaginta

219 931 322 984 duo
355 927 698 996 angelorum,
751 925 802 978 in
838 932 1184 998 quotgentes
1211 922 1400 991 lingua:
1421 920 1608 974 divisas
1637 928 1780 974 sunt.

219 1019 412 1089 Contra
439 1029 871 1084 unamquamque
904 1024 1114 1084 gentem
1151 1027 1367 1081 possum
1398 1011 1599 1066 habere
1622 1026 1782 1065 unam

221 1107 478 1178 legionem
527 1105 856 1174 angelorum.
929 1102 1147 1157 Frustra
1192 1101 1466 1172 prophetae
1502 1102 1787 1170 propheta-

221 1205 433 1260 verunt,
464 1195 569 1250 nisi
603 1196 742 1250 sicut
779 1195 878 1264 ipsi
915 1195 1401 1264 prophetaverunt,
1437 1207 1536 1264 ego
1567 1192 1781 1246 faciam.

223 1284 287 1340 In
327 1285 421 1339 illa
453 1286 582 1339 liora
621 1285 756 1339 dixit
801 1285 958 1338 Jesus
1000 1283 1200 1336 turbis:
1232 1281 1498 1353 Tanquam
1528 1280 1599 1335 ad
1625 1280 1785 1334 latro-

220 1392 333 1430 nem
361 1375 541 1429 existis
566 1390 682 1428 cum
706 1373 894 1444 gladiis
925 1383 972 1427 et
999 1373 1241 1443 fustibus.
1291 1371 1562 1427 Venerant
1603 1370 1668 1424 ad
1697 1386 1783 1425 re-

221 1465 548 1530 sistendum,
595 1465 640 1518 si
671 1463 864 1533 aliquis
891 1479 1014 1518 eum
1050 1462 1210 1517 vellet
1239 1461 1470 1517 liberare
1506 1463 1573 1516 de
1595 1462 1782 1516 turbis.

223 1554 354 1610 Nam
396 1555 642 1625 discipuli
683 1571 788 1610 non
828 1555 1096 1610 habebant
1130 1553 1350 1624 gladios,
1383 1553 1486 1607 nisi
1507 1552 1624 1608 illos
1653 1553 1786 1607 duos

223 1661 360 1718 quos
388 1656 652 1713 emerant,
681 1647 805 1717 quia
837 1647 1013 1701 nullus
1033 1644 1181 1715 Judaz
1204 1661 1354 1699 arma
1383 1647 1450 1699 ad
1481 1643 1786 1699 bellandum

222 1737 490 1806 portabat.
526 1736 762 1806 Apparet
798 1744 852 1789 et
889 1735 1018 1789 istos
1061 1734 1330 1788 Romanos
1358 1734 1424 1788 ad
1447 1733 1783 1802 praedicatio-
1815 1719 1858 1777 Β

223 1843 346 1902 nem
373 1827 581 1881 Domini
604 1835 758 1902 retro
795 1827 1040 1889 venisse,
1086 1825 1279 1894 quibus
1313 1825 1413 1879 ista
1448 1825 1782 1896 loquebatur.

225 1913 360 1969 Nam
390 1917 456 1970 de
497 1915 824 1984 principibus
870 1913 1174 1968 Judaeorum
1215 1915 1392 1970 nullus
1436 1915 1509 1970 ibi
1543 1925 1659 1971 erat
1686 1917 1788 1972 nisi

227 2008 369 2062 servi
396 2021 611 2070 eorum,
651 2007 739 2076 qui
769 2016 1025 2061 venerant
1055 2015 1114 2060 ut
1152 2007 1525 2062 renuntiarent
1559 2009 1790 2064 dominis

221 2097 362 2163 suis,
393 2097 437 2152 si
465 2098 690 2152 Romani
725 2097 1053 2151 voluntatem
1095 2097 1409 2152 habuissent
1441 2100 1790 2168 comprehen-

223 2192 356 2245 dere
385 2190 553 2244 illum.
592 2189 708 2244 Non
737 2190 878 2244 enim
915 2189 1048 2243 certi
1079 2197 1233 2242 erant
1252 2229 1268 2253 ,
1298 2191 1343 2243 si
1371 2192 1792 2260 comprehende-

227 2294 399 2337 retur.
438 2282 568 2335 Ilwc
611 2291 685 2336 est
729 2281 859 2335 hora
905 2291 1090 2335 vestra.
1148 2279 1333 2336 Omnis
1357 2282 1449 2350 qui
1489 2282 1627 2336 male
1662 2284 1788 2354 agit,

224 2375 343 2429 odit
374 2374 569 2437 lucem,
600 2382 665 2428 ,et
696 2387 881 2426 omnes
908 2360 1310 2435 malefactores,
1349 2373 1467 2443 plus
1490 2383 1673 2427 amant
1693 2389 1790 2427 no-

225 2474 372 2519 ctem
397 2479 555 2532 quam
586 2463 746 2517 diem.
794 2462 905 2515 lloc
920 2472 1092 2516 autem
1114 2472 1277 2516 totum
1307 2463 1502 2531 factum
1523 2474 1618 2518 est.
1666 2464 1792 2518 Tra-

229 2554 386 2618 ditio,
412 2555 511 2607 hoc
532 2562 614 2607 est
636 2553 1061 2622 comprehensio.
1088 2554 1162 2608 De
1184 2555 1466 2609 traditione
1497 2555 1626 2610 dicit
1647 2557 1792 2611 Psal-

231 2645 393 2698 mista
421 2662 435 2696 :
467 2643 568 2708 Qui
588 2642 766 2696 edebat
788 2659 946 2713 panes
967 2659 1126 2708 meos,
1145 2645 1494 2713 magni/ienuit
1519 2645 1792 2700 adversum

229 2752 312 2789 me
340 2735 830 2804 supplantationem.
865 2734 940 2788 De
969 2735 1444 2804 comprehensione
1468 2754 1480 2789 :
1510 2735 1656 2792 Sicut
1685 2740 1792 2793 ovis

228 2828 301 2880 ad
334 2827 642 2880 occisionem
667 2827 903 2879 ducetur.

306 2916 452 2970 Tunc
489 2915 733 2986 discipuli
754 2932 929 2970 omnes
960 2916 1136 2971 relicto
1170 2935 1228 2972 eo
1256 2920 1519 2989 fugerunt.
1569 2921 1788 2990 Impleta

228 3016 360 3065 sunt
385 3007 545 3060 verba
571 3005 778 3060 Domini
803 3007 1028 3062 dicentis
1063 3026 1075 3060 :
1103 3007 1422 3063 Scandalum
1443 3011 1710 3080 patiemini
1738 3012 1792 3068 in

232 3116 315 3154 me
341 3100 396 3154 in
421 3099 520 3153 ista
543 3109 706 3153 nocte.
747 3098 996 3154 Permisit
1019 3114 1112 3154 eos
1142 3099 1326 3170 fugere
1359 3101 1494 3155 sicut
1524 3103 1643 3171 pius
1674 3119 1790 3158 ma-

233 3191 421 3263 gister,
455 3200 509 3245 et
531 3190 676 3244 dedit
705 3205 764 3245 se
801 3189 866 3243 ad
892 3190 1218 3244 discrimina.
1260 3193 1323 3245 At
1351 3191 1429 3245 illi
1448 3203 1674 3248 tenentes
1707 3194 1796 3248 Je-

230 3297 351 3335 sum
371 3321 386 3345 ,
420 3280 679 3333 duxerunt
719 3295 835 3333 eum
864 3279 932 3332 ad
961 3277 1212 3348 Caipltam
1245 3283 1528 3351 principem
1555 3279 1808 3338 sacerdo?

227 3378 368 3435 tum,
400 3369 488 3422 ubi
519 3368 701 3423 scriba:
751 3379 798 3422 et
836 3369 1082 3438 pharistei
1113 3381 1474 3424 convenerant.
1515 3372 1796 3430 Matthzeus

233 3463 543 3527 summatim
566 3469 765 3524 narrat,
795 3459 886 3514 sed
923 3459 1154 3515 Joannes
1192 3463 1353 3526 dicit,
1386 3464 1510 3532 quia
1537 3466 1796 3522 adductus

224 3565 319 3620 est
339 3556 573 3626 primum
601 3553 666 3607 ad
691 3551 897 3606 Annam
918 3594 931 3616 ,
971 3553 1093 3620 quia
1120 3553 1174 3606 in
1203 3554 1285 3607 via
1317 3564 1435 3609 erat
1461 3557 1798 3613 venientibus

222 3655 288 3700 et
333 3644 510 3699 fuerat
540 3643 808 3713 prmterito
832 3657 972 3696 anno
1015 3658 1255 3697 summus
1277 3645 1550 3700 sacerdos.
1596 3647 1798 3702 Deinde

230 3735 501 3788 adductus
527 3742 610 3787 est
641 3731 708 3786 ad
741 3732 954 3786 domum
988 3729 1225 3800 Caiphm,
1247 3733 1336 3801 qui
1376 3742 1493 3788 erat
1515 3735 1628 3804 ipso
1656 3751 1797 3791 anno

232 3838 481 3878 summus
527 3822 794 3877 sacerdos.
853 3820 1108 3874 Dominus
1149 3821 1290 3878 enim
1337 3835 1698 3893 prazceperat,
1739 3834 1798 3880 ut

233 3927 482 3969 summus
508 3910 758 3966 sacerdos
787 3908 1017 3979 quandiu
1039 3911 1261 3976 viveret,
1290 3911 1464 3967 locum
1491 3915 1683 3969 summi
1711 3932 1798 3970 sa-

234 4001 459 4061 cerdotii
489 4001 773 4056 obtineret.
836 3999 941 4055 Sed
969 3999 1210 4055 Herodes
1246 4010 1306 4055 ut
1333 4017 1553 4057 munera
1582 4014 1798 4074 caperet

231 4093 532 4158 adinvenit,
579 4099 637 4145 ut
677 4091 808 4145 nihil
837 4091 1064 4160 amplius
1095 4091 1315 4147 haberet
1347 4103 1666 4164 potestatem
1693 4099 1795 4153 nisi

233 4204 343 4243 uno
371 4200 535 4249 anno,
567 4185 671 4239 nisi
699 4185 891 4239 iterum
917 4183 1218 4238 redimeret.
1260 4184 1326 4238 Et
1353 4185 1577 4241 Romani
1609 4198 1796 4257 postea

234 4280 310 4333 ita
347 4279 628 4340 fecerunt,
682 4274 918 4343 quandin
962 4274 1074 4343 ipse
1117 4274 1263 4329 locus
1307 4276 1472 4330 stetit.
1529 4276 1610 4332 Ad
1635 4280 1794 4335 istum

231 4387 367 4440 ergo
393 4369 518 4439 quia
547 4368 794 4437 princeps
830 4367 1167 4420 sacerdotum
1203 4374 1318 4420 erat
1347 4382 1447 4450 per
1469 4370 1790 4440 redemptio-

235 4479 359 4516 nem
391 4468 756 4515 convenerunt
792 4456 879 4511 alii
916 4456 1200 4525 primores,
1237 4465 1291 4510 et
1319 4457 1388 4511 ibi
1424 4457 1556 4512 falso
1583 4459 1794 4530 judica-

236 4562 323 4608 tus
366 4560 448 4606 est
492 4549 675 4614 morti,
717 4556 771 4602 et
814 4547 878 4601 de
916 4545 1019 4600 isto
1058 4546 1249 4600 ductus
1276 4555 1360 4602 est
1386 4548 1436 4601 in
1463 4549 1792 4617 praetorium.

207 4685 211 4689 ς
235 4645 317 4699 0b
343 4643 446 4697 hoc
473 4656 578 4695 non
605 4639 758 4693 debet
783 4637 964 4693 haberi
984 4637 1036 4691 in
1061 4636 1347 4708 Evangelio
1370 4636 1611 4704 Joannis,
1632 4640 1796 4695 addu-

235 4746 369 4792 cunt
387 4733 570 4790 Jcsum
593 4732 661 4786 ad
682 4731 954 4800 Caipham,
977 4745 1075 4800 per
1104 4730 1158 4794 d,
1189 4729 1280 4784 sed
1311 4747 1343 4783 a
1370 4727 1600 4801 Caipha,
1646 4743 1704 4786 ut
1728 4734 1798 4787 sit

235 4827 471 4882 ablativa
507 4821 829 4893 przepositio,
858 4830 911 4873 et
934 4819 1196 4874 ablativus
1221 4835 1381 4875 casus
1404 4819 1634 4891 Caipha,
1671 4823 1794 4893 quia

236 4916 279 4971 si
308 4914 542 4970 ministri
569 4912 854 4967 noluerunt
882 4910 1105 4964 introire
1143 4910 1195 4964 in
1223 4913 1526 4981 praetorium
1546 4952 1561 4977 ,
1591 4921 1793 4982 quanto

235 5009 410 5080 magis
433 5007 664 5076 Caiphas
696 5005 788 5074 qui
830 5004 1077 5074 princeps
1107 5003 1441 5059 sacerdotum
1485 5007 1642 5060 erat?
1693 5007 1792 5074 Qui

236 5099 499 5169 putabant
525 5112 584 5152 se
603 5095 954 5150 contaminari
980 5094 1119 5147 inter
1146 5109 1381 5165 paganos
1407 5096 1497 5163 qui
1529 5095 1797 5152 habebant

229 5189 344 5258 jam
395 5189 538 5258 ipsos
578 5194 778 5256 septem
825 5186 938 5240 dies
979 5200 1216 5255 azymos.
1270 5185 1324 5240 In
1355 5187 1541 5240 Graeco
1585 5202 1795 5258 quoque

232 5281 334 5334 ἀπὸ
357 5286 445 5334 τοῦ
464 5279 665 5350 Caipba
682 5317 698 5343 ,
721 5276 953 5330 ablativo
980 5291 1128 5330 casu.
1159 5274 1342 5331 Petrus
1362 5287 1532 5331 autem
1557 5279 1798 5351 sequeba-

236 5377 326 5421 tur
351 5385 385 5421 a
410 5368 577 5437 longe.
628 5367 671 5421 A
712 5365 868 5436 longe
889 5365 1233 5434 sequebatur,
1262 5366 1386 5436 quia
1419 5378 1535 5422 erat
1562 5370 1671 5425 cito
1700 5387 1795 5426 ne-

235 5467 478 5526 gaturus.
517 5457 705 5513 Adhuc
729 5465 907 5511 tamen
930 5471 1036 5510 non
1062 5455 1274 5512 videbat
1302 5464 1566 5515 tormenta
1592 5477 1796 5532 pra‘pa-

241 5548 351 5602 rari
381 5566 392 5602 :
417 5559 698 5618 propterea
726 5549 1071 5617 sequebatur.
1113 5546 1218 5602 Sed
1242 5547 1293 5601 in
1317 5550 1511 5605 atrium
1541 5553 1796 5624 principis

238 5637 472 5710 Joannes
501 5638 648 5693 illum
675 5638 986 5719 introduxit,
1012 5638 1152 5695 sicut
1174 5637 1259 5694 ille
1286 5637 1470 5707 refert,
1494 5641 1616 5711 quia
1639 5653 1795 5700 notus

557 5730 824 5790 PATROL.
869 5731 1021 5792 CVI.

1879 477 2115 524 sororem
2159 462 2380 518 Joannis
2421 465 2473 519 in
2512 466 2881 530 matrimonio,
2922 475 2978 520 et
3012 465 3166 521 Anna
3195 482 3436 523 sororem

1879 550 2113 620 Caiphaa.
2157 549 2222 604 Ut
2250 552 2440 606 videret
2467 553 2641 620 ﬁnem.
2702 553 2961 610 Videlicet
2983 555 3110 625 quid
3131 555 3436 626 judicarent

1881 641 1946 695 de
1977 657 2040 696 eo
2067 641 2391 696 sacerdotes.

1951 729 2220 800 Principes
2274 743 2448 784 autem
2503 733 2828 786 sacerdotum
2876 744 2925 787 et
2969 752 3116 790 omne
3162 735 3438 791 concilium

1879 822 2175 892 qurerebant
2210 823 2402 891 falsum
2433 824 2780 876 testimonium
2806 834 2984 878 contra
3010 825 3212 890 Jesum,
3242 836 3293 879 ut
3323 845 3440 880 eum

1881 914 2037 966 morti
2069 913 2351 967 traderent.
2410 913 2662 969 Sciebant
2693 914 2835 983 quod
2879 915 3101 971 Romani
3149 934 3252 972 non
3289 918 3438 973 illum

1882 1004 2190 1059 occiderent
2219 1005 2320 1060 nisi
2350 1020 2564 1059 causam
2587 1004 2848 1060 dicerent.
2888 1006 2953 1059 Et
2976 1023 3080 1061 non
3101 1007 3437 1071 invenerunt,

1884 1109 2006 1149 cum
2054 1095 2206 1150 multi
2257 1093 2374 1150 falsi
2433 1104 2595 1171 testes
2643 1097 3017 1152 accessissent.
3095 1099 3290 1153 Dicunt
3336 1100 3438 1154 alia

1884 1187 2202 1257 Evangelia,
2253 1188 2396 1258 quod
2447 1189 2846 1259 imputaverunt
2893 1189 3033 1259 quod
3092 1193 3443 1246 commoverit

1884 1278 2157 1348 populum,
2183 1286 2236 1332 et
2256 1279 2402 1348 sequi
2423 1294 2480 1333 se
2491 1278 2677 1333 fecerit
2699 1294 2796 1348 per
2813 1295 2965 1334 suam
2988 1282 3443 1350 pnedicalionem,

1884 1375 1941 1421 et
1978 1367 2310 1437 prohibuerit
2356 1368 2552 1422 tributa
2610 1369 2737 1424 dare
2775 1367 2971 1424 Ctesari
2999 1410 3013 1433 ,
3060 1378 3113 1425 et
3159 1371 3353 1425 dixerit
3387 1387 3446 1426 se

1885 1459 2158 1516 Christum
2189 1477 2364 1533 regem
2391 1476 2529 1518 esse.
2568 1462 2696 1530 Qua:
2725 1465 2903 1519 omnia
2943 1464 3071 1519 falsa
3110 1474 3282 1520 erant.
3333 1465 3447 1519 No-

1887 1553 2087 1606 uissime
2111 1562 2352 1607 venerunt
2378 1554 2482 1607 duo
2506 1553 2630 1623 falsi
2657 1565 2829 1608 testes.
2859 1555 2993 1622 Quia
3019 1557 3276 1612 Dominus
3313 1573 3448 1626 prte-

1887 1652 2120 1713 ceperat,
2152 1653 2212 1698 ut
2244 1646 2311 1699 ad
2339 1645 2496 1699 unius
2525 1646 2887 1700 testimonium
2919 1645 3094 1700 nullus
3122 1647 3446 1701 condemna-

1887 1744 2055 1798 retur,
2082 1744 2366 1806 propterea
2393 1737 2526 1791 duos
2545 1737 2863 1791 ordinabant
2891 1738 2990 1808 ipsi
3013 1738 3302 1810 principes.
3343 1739 3445 1794 Hic

1888 1825 2019 1879 dixit
2058 1841 2076 1877 :
2119 1825 2340 1881 Possum
2383 1827 2643 1882 destruere
2671 1827 2915 1898 templum
2951 1829 3079 1894 Dei,
3125 1839 3175 1884 et
3212 1841 3325 1901 post
3355 1833 3450 1884 tri-

1887 1917 2049 1970 duum
2074 1917 2390 1985 reardiﬁcare
2419 1917 2568 1971 illud.
2612 1916 2719 1972 Nec
2754 1917 2915 1972 verba
2935 1959 2949 1982 ,
2992 1935 3091 1974 nec
3129 1935 3343 1974 sensum
3375 1921 3447 1976 ita

1890 2006 2026 2062 dixit
2059 2007 2335 2062 Dominus.
2409 2006 2510 2060 Vos
2548 2007 2725 2062 solvite
2769 2008 3014 2078 templum
3055 2010 3150 2063 hoc
3176 2050 3192 2073 ,
3228 2012 3330 2066 hoc
3366 2019 3448 2066 est

1891 2097 2146 2167 templum
2175 2097 2529 2165 habitationis
2573 2099 2766 2153 anima:
2813 2114 2965 2164 mere,
3014 2109 3070 2154 et
3094 2115 3193 2171 ego
3218 2103 3444 2156 resusci-

1892 2189 2034 2244 tabo.
2078 2187 2286 2262 Solvite,
2313 2189 2368 2244 id
2395 2198 2478 2244 est
2508 2190 2805 2256 dissolvite,
2831 2199 2885 2244 et
2911 2192 3263 2247 resuscitabo.
3327 2193 3452 2249 Plus

1891 2280 2160 2348 pertinent
2194 2280 2260 2334 ad
2286 2295 2514 2350 corpus,
2552 2296 2710 2350 quam
2738 2281 3017 2336 destruere
3043 2291 3098 2337 et
3129 2284 3455 2340 reaadilicare

1892 2387 2011 2442 quae
2048 2373 2115 2427 ad
2162 2373 2427 2441 petrinam
2475 2373 2693 2428 domum
2742 2375 3032 2444 pertinent.
3098 2374 3197 2430 Hic
3233 2357 3455 2446 app-aret

1893 2459 2037 2528 quod
2065 2459 2242 2515 omnis
2263 2460 2423 2515 homo
2457 2451 2684 2531 qui'alio
2703 2478 2866 2518 sensu
2895 2463 3024 2518 dicit
3048 2477 3209 2533 quam
3247 2464 3334 2520 ille
3361 2464 3454 2534 qui

1892 2549 2100 2618 primus
2125 2549 2280 2615 dixit,
2333 2550 2502 2605 l'alsus
2541 2552 2692 2606 testis
2742 2562 2842 2617 est,
2878 2554 3004 2623 quia
3045 2569 3152 2608 non
3192 2569 3258 2609 eo
3292 2569 3454 2610 sensu

1893 2642 2024 2696 dicit
2052 2658 2158 2712 quo
2203 2641 2290 2696 ille
2337 2643 2489 2698 dixit.
2555 2643 2621 2698 Et
2663 2645 2791 2714 quid
2825 2645 2906 2700 eis
2949 2645 3234 2712 nocebant,
3284 2647 3331 2702 si
3368 2646 3458 2703 ille

1893 2733 2053 2788 etiam
2081 2734 2159 2788 sic
2185 2733 2436 2800 dixisset;
2467 2734 2547 2788 vel
2574 2735 2715 2804 quod
2735 2735 3040 2810 pertinebat
3067 2738 3136 2792 ad
3163 2737 3279 2807 ejus
3307 2739 3458 2793 dam-

1897 2825 2185 2879 nationem.
2227 2824 2296 2878 Et
2340 2841 2554 2894 surgens
2599 2827 2833 2896 princeps
2876 2828 3223 2895 sacerdotum,
3254 2829 3328 2882 ait
3353 2829 3453 2884 illi.

1895 2915 2030 2983 Quia
2061 2916 2314 2971 sacerdos
2337 2932 2444 2978 non
2471 2917 2739 2980 audiebat,
2763 2932 2936 2988 neque
2963 2918 3256 2986 Christum,
3280 2936 3454 2992 neque

1893 3005 2058 3062 falsos
2093 3014 2256 3062 testes
2297 3008 2570 3075 dicentes,
2619 3009 2758 3063 unde
2803 3010 3069 3065 inveniret
3111 3010 3285 3066 locum
3325 3028 3454 3068 con-

1899 3096 2183 3152 demnandi
2220 3098 2401 3163 illum,
2448 3099 2617 3171 surgit
2651 3099 2716 3154 de
2757 3098 2890 3153 solio
2929 3115 3027 3154 suo
3056 3109 3111 3155 et
3155 3100 3366 3172 adjurat
3400 3115 3462 3159 ut

1897 3185 2133 3241 inveniat
2185 3187 2417 3257 aliquam
2459 3189 2796 3244 occasionem
2846 3189 3252 3246 calumniandi:
3301 3191 3458 3250 Jcsus

1895 3284 2075 3331 autem
2105 3265 2336 3332 tacebat.
2378 3277 2494 3346 ipse
2523 3277 2665 3331 enim
2690 3277 2895 3340 sciebat
2921 3277 3048 3346 quia
3076 3280 3245 3350 magis
3274 3282 3342 3337 ad
3370 3299 3457 3337 ca-

1896 3367 2154 3422 lumniam
2176 3367 2372 3423 vellent
2401 3376 2711 3437 retorquere
2740 3383 2900 3438 quam
2926 3369 3185 3425 credere:
3209 3381 3454 3442 propter-

1896 3479 1959 3518 ea
1992 3465 2220 3518 tacebat.
2261 3461 2330 3516 Et
2347 3463 2584 3533 princeps
2611 3464 2938 3516 sacerdotum
2982 3464 3057 3517 ait
3108 3465 3226 3518 illi:
3253 3466 3456 3536 Adjuro

1895 3562 1945 3606 te
1969 3570 2060 3622 per
2088 3552 2252 3606 Deum
2279 3553 2467 3617 vivum,
2509 3562 2563 3604 ut
2600 3552 2745 3605 dicas
2783 3552 2926 3606 nobis
2960 3555 3005 3606 si
3033 3563 3090 3606 tu
3125 3571 3178 3607 es
3221 3553 3458 3610 Christus

1898 3639 1946 3694 F
1949 3642 2073 3696 ilius
2111 3640 2222 3695 Det.
2261 3639 2524 3695 lntellexit
2551 3640 2651 3694 iste
2679 3640 3040 3711 iniquissimus
3069 3642 3306 3712 pontifex
3332 3646 3458 3715 quia

1897 3731 2175 3803 adjuratus
2207 3747 2304 3802 per
2344 3747 2537 3787 nomen
2593 3730 2709 3795 Dei,
2753 3747 2858 3786 non
2900 3733 3122 3788 duceret
3162 3733 3216 3787 in
3241 3747 3456 3801 vanuiu,

1895 3823 1989 3876 sed
2013 3821 2359 3892 responderet
2387 3821 2687 3876 veritatem.
2729 3819 2833 3875 Sed
2854 3820 3112 3878 Dominus
3136 3823 3209 3878 ita
3239 3839 3460 3894 respon-

1899 3928 2016 3966 sum
2066 3928 2220 3967 suum
2273 3911 2626 3981 temperavit,
2675 3919 2736 3965 ut
2769 3925 2963 3967 nomen
3005 3929 3160 3968 suum
3190 3915 3462 3972 videretur

1896 4013 2259 4069 contemnere,
2280 4017 2450 4073 neque
2468 4003 2628 4058 etiam
2643 4005 3091 4074 patereturullam
3112 4007 3456 4063 calumniam.

1900 4095 1976 4148 Tu
1998 4094 2176 4148 dixisti
2199 4109 2216 4145 .'
2254 4094 2443 4148 Verum
2482 4096 2656 4148 tamen
2681 4094 2798 4148 dico
2825 4095 2984 4161 vobis,
3012 4098 3200 4150 amodo
3225 4098 3458 4154 videbitis

1899 4189 2094 4246 Filium
2117 4191 2340 4245 hominis
2375 4192 2632 4244 sedentem
2659 4207 2691 4244 a
2719 4191 2914 4246 dextris
2944 4191 3062 4246 Dei.
3102 4193 3157 4249 ld
3179 4202 3280 4258 est,
3313 4195 3460 4251 illum

1895 4271 1986 4351 qui
2018 4280 2158 4336 ﬁlius
2202 4277 2432 4334 hominis
2476 4277 2792 4347 appellatur,
2839 4279 3096 4336 videbunt
3138 4283 3264 4337 boni
3289 4283 3460 4338 oculis

1899 4373 2078 4428 cordis
2122 4371 2321 4426 habere
2361 4370 2602 4424 eamdem
2639 4370 2888 4425 virtutem
2927 4387 3089 4441 quam
3127 4373 3298 4441 Deus,
3337 4391 3460 4430 cum

1901 4461 2204 4518 ascenderit
2232 4461 2285 4515 in
2309 4460 2521 4522 oculum,
2559 4468 2615 4514 et
2653 4445 2776 4514 data
2806 4459 2971 4517 fuerit
3010 4463 3059 4517 ei
3104 4465 3278 4521 omnis
3305 4475 3457 4536 pote-

1900 4563 2012 4610 stas
2046 4555 2099 4608 in
2129 4552 2268 4607 cmlo
2295 4560 2350 4606 et
2379 4551 2430 4604 in
2455 4559 2620 4617 terra,
2647 4559 2702 4606 et
2722 4553 3024 4608 venientem
3049 4556 3102 4610 in
3132 4558 3364 4613 nubibus
3393 4559 3460 4613 ad

1893 4643 2237 4712 iudicandum
2268 4648 2436 4694 totum
2479 4641 2759 4706 mundum,
2796 4643 2887 4711 qui
2931 4659 2962 4697 a
3003 4645 3154 4700 vobis
3189 4645 3460 4715 judicatus

1897 4745 1999 4791 est.
2023 4734 2158 4801 Quid
2183 4733 2422 4788 facerent
2438 4732 2520 4786 sui
2548 4742 2812 4804 martyres
2839 4735 2886 4788 si
2913 4735 3013 4806 ipsi
3042 4736 3119 4792 sic
3147 4739 3456 4794 tacuissent.

1897 4825 2016 4881 Jam
2038 4826 2163 4896 quia
2192 4825 2509 4894 dispositum
2541 4824 2776 4880 habebat
2807 4827 2932 4894 quia
2963 4828 3100 4882 mori
3137 4844 3238 4898 pro
3260 4829 3457 4900 populo

1901 4917 2234 4973 annuntiavit
2263 4917 2568 4980 veritatem,
2598 4925 2658 4969 ut
2684 4917 2838 4972 daret
2862 4919 3163 4989 exemplum
3203 4922 3459 4994 martyri-

1901 5009 2002 5064 bus
2026 5008 2155 5070 suis,
2181 5006 2321 5076 quod
2344 5011 2660 5060 constanter
2688 5005 2917 5060 debeant
2944 5009 3262 5064 annuntiare
3286 5025 3454 5080 usque

1901 5103 1969 5157 ad
1995 5109 2243 5156 mortem.
2285 5097 2429 5152 Tunc
2470 5097 2708 5167 princeps
2743 5099 3070 5153 sacerdotum
3106 5101 3259 5154 scidit
3301 5103 3460 5156 vesti-

1902 5200 2073 5245 menta
2104 5206 2220 5242 sua.
2263 5185 2602 5242 Consuetudo
2629 5185 2935 5242 Judasorum
2961 5197 3079 5244 erat
3117 5191 3330 5261 quando
3353 5192 3455 5247 ali-

1902 5279 2030 5352 quid
2057 5277 2210 5348 quasi
2257 5276 2598 5345 blasphemize
2642 5277 2924 5344 audirent,
2969 5279 3273 5337 scinderent
3301 5283 3461 5338 vesti-

1899 5379 2078 5427 menta
2100 5383 2214 5424 sua.
2256 5366 2409 5434 Quod
2445 5366 2665 5422 Paulum
2697 5377 2754 5424 et
2785 5369 3086 5426 Barnabam
3113 5372 3163 5426 iu
3190 5372 3461 5445 Lycaonia

1896 5461 2111 5532 quando
2145 5459 2366 5513 deorum
2393 5457 2537 5513 cultu
2577 5458 2977 5515 honorabantur
2996 5460 3185 5518 fecisse
3211 5463 3454 5534 legimus.

1897 5555 2136 5610 Herodes
2158 5562 2332 5607 autem
2362 5552 2487 5623 quia
2521 5567 2625 5607 non
2651 5552 2796 5608 dedit
2827 5554 3082 5610 honorem
3115 5554 3244 5621 Deo,
3273 5566 3331 5613 ut
3358 5572 3447 5612 no-

1897 5660 2019 5701 men
2045 5645 2136 5700 Dei
2168 5645 2310 5713 quod
2351 5644 2448 5701 sibi
2481 5643 2853 5713 imponebatur
2881 5644 3014 5702 falso
3050 5657 3356 5718 respueret,
3389 5647 3460 5702 ab

2960 5739 3026 5796 li?
