3988 6186
482 279 614 335 ΗΕΒ

1241 264 1628 323 ειιιιιδτιΑΝι
1664 256 2066 319 ΒΕΗΠΙΜΜΗ
2101 248 2545 311 CORBEIENSIS
2585 248 2885 306 MONACIII

3570 246 3710 302 1388

476 387 665 460 angelo
678 397 961 470 percussus
982 388 1081 435 est.
1104 376 1371 433 lntellc‘xit
1386 376 1474 430 ille
1498 373 1747 429 sacerdos
1777 368 1917 440 quod
1938 368 2042 421 Do-
2070 369 2118 429 Α
2138 366 2318 418 locum
2349 361 2703 432 appellabant.
2757 349 2902 413 Tunc
2945 358 3094 428 capit
3136 356 3383 412 detestari
3435 368 3483 412 et
3502 358 3716 428 jurare,

480 483 656 536 minus
676 462 829 541 dixit,
864 471 1005 543 quod
1024 471 1138 541 ipse
1178 469 1244 522 ad
1284 468 1558 523 dexteram
1593 462 1769 516 Patris
1799 472 2047 514 sessurus

479 581 531 627 et
561 567 814 624 mundum
838 571 978 620 esset
992 560 1347 631 iudicaturus.
1364 555 1505 625 quod
1528 552 1655 607 nulli
1680 550 1768 605 alii
1796 547 2049 604 convenit

483 664 585 719 nisi
613 664 740 718 Deo.
782 658 886 713 Sed
909 655 1048 726 quod
1078 652 1164 706 ille
1190 650 1395 722 putavit
1422 643 1803 715 blasphemiam
1824 680 1838 702 ,
1864 647 2046 703 nostra

483 758 636 808 ﬁrma
661 751 791 805 fides
819 755 917 802 est.
947 742 1330 813 Respondentes
1349 738 1589 791 dixerunt
1613 747 1630 784 :
1658 731 1793 785 Reus
1815 739 1889 783 est
1904 742 2047 781 mor-

483 860 569 897 ιρις.
597 837 881 907 Proprium
910 836 1012 888 hoc
1049 830 1406 884 Romanorum
1441 833 1523 878 est
1555 819 1771 875 verbum
1801 818 1880 871 eis
1918 814 2050 869 assi—

484 933 644 986 duum
656 971 669 993 ,
680 905 733 983 et
747 926 907 981 dicitu
915 924 1068 995 tjreus
1081 915 1373 985 culpabilis.
1383 912 1525 965 Tunc
1537 924 1782 979 exspuere
1794 907 1847 959 in
1865 905 2049 974 facient

486 1023 618 1092 ejus.
642 1017 782 1074 Usus
804 994 962 1068 etiam
978 1018 1093 1063 erat
1111 1004 1328 1066 Judaeis,
1352 1010 1408 1055 ut
1424 1015 1558 1071 quos
1581 1013 1676 1069 pro
1699 995 1866 1051 nihilo
1891 994 2053 1048 duee-

490 1089 706 1173 bant,in
737 1108 927 1164 faciem
952 1110 1221 1173 spuercnt.
1248 1098 1400 1153 Unde
1427 1106 1481 1150 et
1501 1093 1758 1149 Dominus
1785 1092 1851 1146 de
1884 1089 2051 1144 Maria

489 1218 670 1259 sorore
704 1201 880 1254 Aaron
907 1214 919 1248 :
950 1193 1008 1249 Si
1033 1202 1181 1263 pater
1203 1188 1345 1243 illius
1367 1185 1587 1255 spuisset
1606 1183 1662 1235 in
1693 1180 1878 1248 faciem
1912 1178 2051 1248 ejus,

491 1294 743 1350 debuisset
772 1299 961 1359 septem
988 1283 1169 1338 diebus
1195 1281 1379 1333 rubore
1400 1274 1663 1347 perfundi.

562 1388 630 1443 Et
663 1381 891 1453 colaphis
925 1392 1041 1432 eum
1084 1373 1398 1428 ceciderunt.
1442 1366 1709 1436 Colaphus
1742 1363 1930 1419 Graece
1955 1374 2054 1429 pu-

495 1493 629 1551 gnus
655 1477 870 1530 dicitur.
912 1469 1013 1525 Alii
1038 1478 1211 1521 autem
1233 1461 1420 1534 palatis
1464 1462 1518 1513 in
1548 1460 1735 1529 faciem
1762 1457 1810 1509 ei
1844 1454 2048 1507 dedere.

494 1544 642 1624 gicut
671 1565 757 1620 alii
795 1559 1135 1630 evangelistm
1174 1554 1413 1609 referunt
1454 1556 1826 1620 coeperuerunt
1866 1544 2051 1613 faciem

493 1660 626 1729 ejus,
655 1664 711 1709 ut
737 1652 863 1722 quia
888 1649 1205 1721 prophetam
1238 1658 1295 1698 se
1323 1643 1563 1703 dixerat,
1598 1646 1653 1693 et
1681 1634 1951 1690 irridendo
1974 1632 2053 1687 di-

2146 456 2268 527 quia
2291 470 2394 509 non
2415 454 2643 507 novisset
2655 452 2929 527 agminem.
2956 449 3143 505 Helius
3188 449 3361 505 fuerat
3380 451 3539 505 beato
3556 451 3723 506 Petro

2148 546 2338 616 fugere
2362 560 2483 599 cum
2516 542 2740 611 reliquis
2764 556 2926 610 quam
2948 549 3093 595 stare
3119 550 3175 594 et
3202 541 3460 596 detestari
3479 582 3495 607 ,
3533 551 3592 597 et
3622 558 3720 597 ne-

2148 651 2275 708 gare
2305 636 2619 699 Dominum,
2647 632 2773 701 quia
2815 646 2935 685 cum
2971 631 3255 685 Dominum
3286 632 3523 701 negavit,
3559 632 3721 687 dimi-

2147 728 2331 797 pulum
2363 739 2422 780 se
2448 725 2589 780 illius
2612 739 2731 778 esse
2773 723 3006 793 negavit.
3063 721 3131 776 Et
3157 723 3260 777 hoc
3283 731 3367 778 est
3391 724 3535 792 quod
3558 724 3721 778 modo

2152 816 2356 871 faciunt
2384 812 2772 883 quitormentis
2800 811 3014 873 cedunt,
3045 820 3100 864 et
3119 819 3316 880 negant
3337 826 3397 866 se
3416 826 3538 865 esse
3560 812 3720 866 Chri-

2150 906 2370 961 stianos.
2420 902 2489 957 Et
2523 903 2774 957 continuo
2819 900 2990 970 gallus
3017 902 3264 954 cantavit.
3323 900 3466 955 Ante
3488 903 3721 970 respexit

2150 996 2409 1049 Dominus
2435 993 2677 1056 Petrum,
2720 1000 2778 1044 et
2822 998 2950 1044 tunc
2994 989 3185 1044 Petrus
3228 991 3542 1046 recordatus
3572 990 3720 1044 verbi

2151 1086 2383 1142 Domini.
2452 1084 2522 1163 Et
2558 1099 2794 1154 egressus
2829 1082 2975 1151 foras
2998 1122 3012 1145 ,
3052 1081 3192 1150 flevit
3235 1095 3440 1134 amare.
3492 1078 3723 1149 Fragilis

2150 1183 2268 1230 erat
2293 1175 2468 1229 adhuc
2486 1174 2677 1227 beatus
2698 1171 2916 1235 Petrus,
2950 1170 3042 1239 qui
3076 1183 3176 1224 nec
3214 1169 3430 1238 plorare
3448 1184 3616 1223 ausus
3637 1177 3722 1222 est

2152 1267 2205 1321 in
2250 1266 2389 1320 atrio
2429 1264 2740 1320 sacerdotis.
2802 1260 3127 1332 Spiritaliter
3168 1260 3414 1331 designat
3460 1259 3589 1328 quia
3616 1273 3720 1312 non

2152 1370 2437 1428 possumus
2475 1356 2614 1409 inter
2654 1352 2826 1406 malos
2862 1350 3102 1421 perfecte
3131 1364 3291 1420 agere
3322 1349 3722 1419 pmoitentiam,

2154 1459 2207 1505 et
2231 1448 2458 1503 multum
2491 1434 2688 1501 nocent
2716 1443 2988 1498 consortia
3030 1440 3312 1495 mdlorum.
3373 1439 3518 1493 Inter
3560 1440 3724 1494 disci-

2153 1540 2306 1610 pulos
2333 1539 2541 1608 positus
2568 1535 2841 1591 Christum
2868 1531 3065 1587 Filium
3091 1531 3187 1586 Dei
3215 1528 3496 1584 confessus
3529 1538 3638 1592 est,
3666 1530 3721 1581 in

2154 1632 2293 1687 atrio
2322 1630 2638 1695 sacerdotis,
2662 1628 2911 1684 eumdem
2940 1640 3000 1682 se
3022 1628 3245 1707 negavit
3270 1638 3454 1679 nosse.

495 1715 724 1804 dobant:
754 1715 823 1799 .85
855 1715 1101 1811 propheta
1130 1753 1183 1790 es
1203 1776 1218 1800 ,
1245 1735 1328 1787 dic
1355 1748 1447 1802 per
1486 1728 1807 1799 prophetiam
1828 1723 1942 1793 quis
1977 1731 2050 1775 est
2082 1715 2087 1772 ἶ

2227 1739 2383 1795 Mane
2411 1748 2585 1793 autem
2613 1736 2753 1806 facta
2784 1735 3058 1790 consilium
3100 1734 3324 1788 inierunt
3372 1748 3545 1786 omnes
3576 1732 3723 1800 prin-

493 1840 581 1912 qui
603 1849 649 1892 te
669 1833 938 1907 percussit.
976 1830 1052 1885 De
1072 1827 1159 1881 illa
1188 1821 1466 1895 prophetia
1495 1814 1802 1873 debueratis
1821 1811 2054 1882 plorare,

497 1904 635 2001 quod
669 1904 781 1997 iam
805 1922 956 1977 vobis
985 1917 1169 1974 habuit
1206 1913 1611 1984 prophetatum,
1648 1904 1788 1976 quod
1824 1904 2058 1958 cireum-

496 1993 713 2077 daretur
733 2015 801 2069 ab
829 2010 1066 2067 exercitu
1097 2004 1461 2061 Hierusalem.
1494 1999 1682 2053 Petrus
1710 2011 1829 2049 vero
1850 1993 2059 2048 sedebat

499 2115 626 2185 foris
654 2110 807 2165 atrio.
876 2105 1007 2160 Erat
1047 2101 1234 2155 domus
1279 2093 1628 2151 excellentior
1666 2088 1758 2143 ubi
1806 2085 2063 2142 sedebant

500 2175 572 2259 illi
600 2199 905 2258 sacerdotes
935 2236 948 2257 ,
980 2201 1035 2248 et
1074 2192 1252 2245 stabat
1288 2195 1413 2240 ante
1452 2197 1545 2237 eos
1589 2179 1862 2235 Dominus.
1894 2175 2064 2229 Exec-

503 2304 594 2363 pta
627 2291 749 2355 illa,
786 2294 903 2342 erat
931 2284 1034 2338 alia
1062 2280 1215 2350 juxta
1246 2279 1435 2348 ipsam.
1467 2270 1619 2340 Quod
1644 2270 1734 2325 hic
1762 2267 1957 2321 atrium
1983 2263 2063 2318 di-

504 2358 661 2446 citur,
703 2382 794 2437 ubi
829 2376 971 2435 servi
1013 2371 1269 2446 principis
1308 2367 1643 2423 sacerdotum
1684 2361 1857 2415 focum
1896 2358 2085 2427 haben

505 2476 651 2535 bant,
679 2482 732 2526 et
750 2473 997 2540 poterant
1015 2464 1082 2519 de
1104 2464 1218 2532 ipsa
1242 2459 1423 2514 videre
1455 2456 1700 2511 sedentes
1735 2453 1787 2506 in
1815 2448 2059 2505 concilio.

505 2564 581 2619 lbi
606 2568 724 2619 erat
751 2539 944 2614 Petrus
966 2554 1337 2610 introduecnte
1365 2540 1606 2603 Joanne:
1642 2543 1781 2597 unde
1810 2539 2067 2594 Dominus

506 2657 687 2712 videre
708 2652 879 2723 patuit
898 2649 1118 2704 Petrum
1144 2684 1156 2707 ,
1199 2651 1254 2697 et
1285 2641 1476 2696 Petrus
1500 2638 1671 2706 ipsum
1697 2651 1711 2687 :
1742 2632 1856 2687 Non
1886 2639 2064 2684 autem

510 2720 740 2803 audebth
782 2740 1213 2812 appropinquare
1242 2732 1350 2797 illi,
1394 2745 1462 2784 ne
1492 2732 1894 2798 agnosceretur.
1933 2720 2067 2774 Nam

509 2839 583 2894 illi
608 2836 699 2908 qui
722 2834 1090 2892 adduxerunt,
1134 2827 1189 2881 in
1218 2825 1432 2879 domum
1454 2818 1609 2874 Pilati
1631 2818 1983 2877 intraverunt,
2014 2817 2069 2865 et

509 2906 793 2984 Dominum
843 2919 1209 2979 sacerdotibus
1254 2913 1592 2971 dimiserunt.
1649 2906 1858 2961 Atrium
1887 2912 2068 2957 autem

510 3023 707 3079 dicitur
726 3017 877 3087 quasi
900 3022 1094 3074 atrum,
1124 3009 1373 3083 videlicet
1393 3021 1459 3061 ex
1490 3003 1657 3067 fumo.
1699 2999 1833 3054 Nam
1855 2998 1908 3052 in
1936 3006 2070 3051 tem—

2155 1833 2296 1903 cipes
2318 1831 2651 1886 sacerdotum
2671 1837 2719 1882 et
2767 1829 2993 1883 seniores
3031 1825 3208 1898 populi
3243 1826 3490 1879 adversus
3514 1822 3721 1887 Iesum,

2156 1932 2211 1975 at
2237 1938 2354 1975 eum
2376 1920 2530 1973 morti
2552 1918 2836 1972 traderent.
2878 1915 3012 1971 Vide
3040 1915 3345 1971 instantiam
3376 1913 3526 1968 mali.
3585 1912 3720 1966 Tota

2158 2012 2314 2067 nocte
2340 2010 2715 2080 vigilaverunt,
2745 2018 2805 2063 ut
2830 2007 3175 2063 homicidium
3205 2014 3599 2077 perpetrarent.
3630 2005 3715 2058 ln-

2158 2103 2299 2159 vidia
2329 2111 2385 2157 et
2404 2101 2584 2156 odium
2626 2116 2733 2155 non
2778 2099 3124 2169 permittebat
3153 2099 3390 2169 cogitare
3422 2098 3569 2168 ipsos
3596 2097 3720 2168 quid

2170 2190 2470 2267 faciebant,
2515 2191 2757 2260 quinimo
2787 2190 3124 2244 innocentem
3167 2198 3221 2242 et
3244 2186 3531 2242 facientem
3556 2187 3721 2242 etiam

2162 2284 2390 2338 virtutes
2436 2280 2847 2336 mortiﬁcabant.
2892 2279 2958 2334 Et
3003 2288 3226 2334 metum
3271 2278 3623 2336 adduxerunt.
3671 2283 3722 2330 et

2165 2374 2493 2429 tradiderunt
2540 2388 2656 2426 eunt
2698 2371 2887 2425 Pontio
2932 2366 3109 2423 Pilato
3151 2366 3381 2439 praesidi.
3444 2364 3724 2421 Habebam

2164 2468 2394 2537 denique
2441 2466 2502 2520 'in
2562 2463 2985 2527 consuetudine,
3037 2471 3099 2515 ut
3139 2475 3300 2530 quem
3352 2457 3724 2528 adjudicabant

2165 2557 2367 2620 morti,
2414 2555 2633 2624 ligatum
2680 2552 2952 2608 traderent
2999 2550 3251 2620 potestati
3300 2548 3562 2609 Romanze,
3591 2546 3722 2615 quia

2168 2650 2266 2721 ipsi
2311 2657 2627 2721 potestatem
2676 2646 2955 2701 occidendi
3000 2660 3105 2698 non
3147 2642 3440 2697 habebant.
3501 2638 3726 2692 Pontius

2166 2740 2445 2798 dicebatur
2498 2738 2703 2793 Pilatus
2749 2736 2802 2790 in
2852 2734 3182 2805 prtcnomine
3226 2748 3348 2794 suo,
3391 2747 3422 2785 a
3454 2728 3724 2800 provincia

2169 2848 2287 2904 qua}
2307 2842 2391 2888 est
2408 2847 2575 2902 prope
2612 2826 3125 2897 Constantinopolim
3143 2866 3158 2889 ,
3188 2825 3312 2894 quia
3335 2824 3409 2878 ibi
3440 2832 3590 2876 natus
3619 2820 3729 2873 foe,

2171 2934 2274 2988 rat,
2312 2925 2377 2978 de
2413 2938 2519 2992 qua
2563 2920 2846 2975 Ponticum
2890 2933 3040 2973 mare
3077 2916 3294 2971 dicitur.
3355 2914 3505 2971 Unde
3524 2911 3728 2966 dictum

2172 3024 2253 3071 est
2277 3030 2424 3069 mare
2452 3012 2734 3067 Ponticum
2756 3009 2966 3063 dulcius
2986 3022 3147 3077 quam
3186 3014 3380 3062 caetera
3410 3004 3599 3058 maria.
3646 3001 3730 3055 Pi-

506 3113 602 3182 ι)ίο
626 3108 835 3164 Domini
857 3104 992 3160 atria
1019 3101 1208 3156 domus
1235 3113 1355 3167 qua?
1392 3105 1517 3149 “me
1548 3088 1839 3163 principale
1872 3095 2070 3141 ιθεωηι
2098 3066 2141 3128 C
2175 3104 2332 3168 latus,
2360 3101 2632 3172 proprium
2661 3108 2744 3154 est
2787 3099 2881 3153 illi.
2935 3066 3187 3159 I‘dutius,
3224 3096 3602 3163 interpretatur
3637 3090 3731 3143 de-

509 3200 696 3269 templi
724 3204 877 3252 erant
905 3195 1170 3249 dicuntur.
1198 3189 1255 3242 ln
1292 3188 1378 3242 illa
1401 3201 1529 3255 ergo
1559 3185 1660 3239 alia
1703 3184 1859 3235 domo
1884 3192 2075 3249 exspe-

508 3291 698 3344 ctabat
734 3285 953 3349 Petrus,
987 3282 1171 3334 volc-zts
1218 3278 1357 3332 scire
1392 3283 1570 3328 utrurn
1601 3272 1930 3326 dimitterent
1951 3284 2074 3324 eum

520 3378 840 3437 sacerdotes,
867 3389 934 3428 an
957 3369 1319 3439 adiudicarent
1341 3364 1522 3420 morti.
1540 3362 1607 3415 Et
1630 3361 1841 3414 accessit
1867 3360 1936 3413 ad
1960 3373 2076 3412 eum

521 3486 626 3524 una
663 3466 854 3521 ancilla
896 3458 1205 3517 dicens:Et
1245 3473 1300 3511 tu
1340 3470 1456 3511 cum
1496 3453 1622 3507 Iesu
1666 3449 1891 3505 Galilteo
1937 3464 2074 3503 eras.

521 3560 801 3617 Curiosum
836 3553 1035 3611 animal
1078 3559 1162 3606 est
1204 3548 1400 3603 femina
1426 3587 1441 3611 ,
1482 3552 1536 3600 et
1574 3542 1769 3598 ardens
1819 3540 2073 3595 novitate.

524 3650 781 3706 Audierat
808 3647 912 3701 ista
941 3644 1135 3699 femina
1170 3656 1199 3694 ι
1225 3638 1397 3695 servis
1421 3635 1687 3707 pontiﬁcis
1717 3632 1808 3703 qui
1832 3631 1941 3686 illic
1968 3630 2079 3685 fne-

510 3750 666 3806 rant,
688 3739 829 3809 quod
851 3736 941 3792 ille
964 3735 1139 3790 fuerat
1182 3735 1254 3789 ibi
1302 3731 1517 3803 quando
1556 3728 1973 3799 comprehensus
1997 3731 2082 3780 est

504 3833 804 3895 Dominus,
839 3836 894 3884 et
922 3826 1171 3881 nolebant
1189 3824 1368 3880 dicere
1392 3842 1405 3876 :
1431 3823 1545 3878 sive
1580 3837 1648 3877 ne
1682 3820 1956 3875 audiretur
1980 3818 2082 3871 vir-

528 3935 613 3978 tus
636 3936 733 3992 per
754 3921 860 3974 hoc
879 3917 1020 3989 quod
1052 3915 1125 3971 ibi
1153 3914 1376 3978 fecerat,
1403 3913 1515 3969 sive
1542 3911 1666 3981 qnia
1691 3926 1795 3965 non
1818 3907 2084 3963 audebant

510 4027 743 4068 manum
767 4010 941 4066 levare
963 4022 1123 4079 super
1143 4020 1263 4060 eum
1295 4022 1308 4058 :
1338 4005 1462 4074 quia
1484 4003 1569 4057 lex
1598 4002 1956 4055 Romanorum
1975 4005 2081 4061 est,

529 4102 698 4172 utqui
725 4101 779 4155 in
803 4107 1065 4156 conventu
1094 4095 1256 4151 alium
1292 4093 1643 4163 percussisset
1679 4104 1895 4145 manum
1923 4087 2083 4142 amit-

529 4204 687 4251 teret.
727 4192 792 4248 Et
814 4193 914 4247 ista
943 4188 1023 4244 vel
1063 4188 1151 4242 illa
1187 4185 1291 4241 alia
1320 4184 1515 4240 femina
1548 4197 1654 4236 non
1688 4188 1976 4251 potuerunt
2008 4188 2087 4233 ta-

532 4304 675 4351 cere,
705 4286 798 4343 sed
823 4285 1003 4341 statim
1029 4288 1308 4351 coeperunt
1337 4278 1386 4333 ei
1417 4278 1785 4346 improperare
1812 4273 1936 4342 quia
1964 4286 2085 4327 cum

506 4380 760 4441 “Domino
798 4378 852 4431 in
896 4372 1372 4445 comprehensione
1414 4367 1592 4423 fuerit.
1650 4365 1719 4420 Et
1756 4364 1914 4436 quod.
1936 4361 2086 4433 pejus
2111 4403 2162 4463 Β

534 4484 638 4540 est,
668 4482 723 4529 et
750 4472 851 4527 istc
879 4485 1039 4526 sexus
1066 4482 1172 4521 non
1198 4464 1364 4520 defuit
1400 4479 1429 4516 a
1456 4459 1826 4531 persecutione
1852 4455 2084 4519 Domini,

537 4565 629 4622 sed
653 4572 831 4617 tamen
857 4558 1153 4621 redimitur,
1179 4562 1235 4609 et
1259 4554 1430 4623 prima
1452 4550 1582 4605 viris
1608 4548 1819 4603 nuntiat
1845 4560 2089 4600 resurre-

2175 3194 2376 3247 clinans
2400 3189 2693 3254 consilium,
2724 3188 2849 3258 quia
2892 3188 3025 3242 dixit
3048 3201 3108 3241 se
3141 3184 3521 3240 declinaturum
3550 3181 3732 3235 consi-

2170 3284 2301 3336 lium
2331 3281 2656 3336 Iudaeorum.
2718 3276 2823 3332 Sed
2863 3278 2909 3331 si
2950 3276 3189 3347 perfecte
3214 3273 3443 3336 fecisset,
3470 3272 3636 3326 hodie
3657 3271 3733 3324 illi

2170 3373 2479 3443 placuisset.
2535 3371 2739 3426 Pilatus
2779 3386 2835 3423 os
2867 3369 3187 3423 malleatoris
3211 3366 3426 3429 dicitur,
3458 3378 3560 3435 pro
3581 3363 3735 3434 prin-

2175 3463 2355 3532 cipatu
2389 3463 2443 3516 in
2490 3477 2597 3531 quo
2644 3461 2824 3530 inique
2859 3459 3025 3530 gessit
3056 3473 3215 3527 super
3231 3456 3538 3512 Dominum:
3590 3453 3735 3508 Tunc

2176 3552 2352 3607 videns
2379 3550 2549 3605 ludas
2579 3552 2666 3621 qui
2707 3564 2823 3603 eum
2873 3548 3092 3602 tradidit
3120 3546 3260 3620 quod
3284 3546 3562 3600 damnatus
3580 3551 3737 3609 esset,

2178 3644 2473 3714 paenitentia
2514 3642 2699 3695 ductus
2743 3640 2917 3694 retulit
2954 3639 3167 3709 triginta
3198 3644 3461 3707 argenteos
3489 3633 3739 3703 principi-

2181 3735 2273 3816 bus
2307 3733 2634 3789 sacerdotum
2684 3742 2731 3786 et
2754 3731 3064 3793 senioribus,
3101 3729 3301 3781 dicens.
3335 3726 3495 3781 ludas
3527 3722 3735 3792 cupidi-

2183 3813 2308 3878 tatis
2342 3820 2704 3890 magnitudine
2752 3835 2857 3873 non
2896 3818 3150 3888 cogitavit
3174 3815 3382 3872 exitum
3411 3813 3508 3873 rei,
3538 3821 3592 3867 et
3617 3825 3740 3881 pro-

2182 3924 2363 3985 pterea
2400 3923 2505 3968 tam
2537 3912 2755 3966 immani
2786 3910 3079 3981 przecipitio
3108 3907 3420 3964 setradidit.
3477 3903 3567 3960 Sic
3590 3902 3739 3958 multi

2184 4008 2405 4071 faciunt,
2435 4005 2645 4075 quando
2675 4003 2957 4073 persuadet
2980 4016 3134 4055 amor
3163 3999 3370 4071 peccati
3393 4040 3408 4061 ,
3454 4007 3569 4051 tum
3612 3995 3741 4049 obli-

2187 4099 2470 4152 viscuntur
2495 4110 2683 4166 poenas
2712 4093 2932 4154 inferni.
2957 4101 3013 4146 et
3032 4090 3337 4147 omtriaeDei
3363 4087 3646 4158 magnalia.
3668 4084 3744 4138 Et

2185 4202 2304 4242 cum
2342 4193 2708 4256 perpetratum
2756 4182 2937 4245 fuerit,
2977 4191 3091 4236 tum
3127 4181 3307 4236 sciunt
3330 4180 3458 4249 quia
3488 4176 3741 4246 concupi-

2185 4279 2386 4333 scentia
2416 4275 2731 4338 vulneravit,
2766 4283 2820 4329 et
2848 4274 3075 4334 transiit,
3112 4272 3311 4327 occidit
3346 4278 3405 4325 et
3445 4269 3598 4324 abiit.
3638 4266 3745 4323 Un—

2186 4369 2253 4422 de
2294 4376 2349 4421 et
2403 4368 2467 4422 de
2513 4367 2730 4431 senibus
2779 4363 2834 4418 in
2879 4360 3139 4417 Susanna:
3188 4360 3363 4416 fabula
3413 4360 3629 4415 dicitur.
3684 4357 3748 4410 Et

2190 4467 2498 4513 averterunt
2543 4471 2757 4510 sensum
2803 4470 2990 4518 suum,
3042 4462 3098 4508 et
3140 4453 3543 4507 declinaverunt
3567 4448 3749 4503 oculos

2174 4564 2349 4613 suos,
2378 4556 2437 4601 ut
2474 4562 2577 4602 non
2606 4547 2848 4601 viderent
2880 4545 3094 4607 caelum,
3137 4558 3309 4612 neque
3338 4542 3750 4597 recordarentur

510 4656 788 4710 ‘ctionem.
833 4651 896 4704 Et
934 4646 1201 4717 pusillum,
1243 4650 1564 4697 accesserunt
1605 4639 1692 4710 qui
1727 4638 1933 4693 stabant
1960 4636 2087 4690 servi

2185 4638 2510 4708 iudiciorum
2551 4637 2833 4706 iustorum.
2874 4626 2936 4689 Ὀ
2981 4634 3293 4688 detestande
3333 4631 3491 4694 Juda,
3532 4646 3633 4700 pro
3660 4629 3752 4683 tri-

512 4742 838 4806 sacerdotis,
864 4750 909 4794 et
945 4747 1189 4808 cognatus
1216 4731 1561 4800 Malchi,ipse
1589 4729 1719 4782 dixit
1744 4743 1763 4781 :
1802 4727 1870 4781 Et
1908 4736 1958 4780 te
1987 4726 2094 4779 vidi
2194 4731 2339 4801 ginta
2387 4726 2625 4782 denariis
2668 4725 2950 4780 Dominum
2995 4732 3051 4779 et
3093 4724 3412 4794 magistrum
3462 4720 3749 4783 tradidisti,

510 4845 515 4853 '
542 4842 657 4889 cum
683 4831 796 4886 illo.
838 4829 942 4884 Alii
963 4828 1205 4882 dixerunt
1243 4845 1258 4879 .-
1294 4822 1523 4894 Loquela
1564 4828 1656 4872 tua
1696 4817 2027 4887 manifestum
2044 4826 2094 4870 te
2170 4820 2391 4875 oblitus
2414 4819 2668 4873 doctrina:
2701 4824 2756 4871 et
2780 4815 3159 4871 beneficiorum
3190 4814 3326 4883 ejus,
3351 4813 3517 4867 etiam
3540 4812 3589 4866 si
3616 4812 3756 4865 Deus

507 4936 513 4941 '
542 4927 691 4996 facit.
731 4923 845 4979 Non
874 4922 1017 4992 quod
1056 4918 1275 4974 alterius
1304 4916 1497 4986 lingua:
1524 4917 1667 4966 esset
1694 4909 1907 4969 Petrus,
1935 4921 2095 4976 quam
2198 4926 2303 4965 non
2334 4916 2494 4963 esset.
2532 4906 2666 4962 Cum
2709 4920 2837 4975 ergo
2869 4904 2999 4958 vidit
3037 4902 3177 4973 quod
3211 4895 3463 4972 potestati
3506 4902 3758 4957 “ornante

514 5020 519 5027 '
543 4993 617 5072 illi
644 5016 958 5086 arguebant,
989 5010 1081 5067 sed
1106 5021 1434 5079 unaquaeque
1454 5001 1727 5075 provincia
1744 4999 2099 5070 proprietates
2198 5000 2427 5056 traditus
2459 5006 2599 5054 esset
2620 5039 2635 5062 ,
2663 5007 2791 5052 tunc
2820 4997 3049 5061 credidit
3086 4997 3227 5064 quod
3256 4996 3325 5049 ab
3348 4994 3465 5063 ipso
3494 4993 3757 5053 audierat,

470 5167 474 5171 .
545 5081 780 5166 etsonos
804 5108 993 5169 habet,
1030 5103 1172 5175 quod
1212 5099 1412 5155 habent
1448 5094 1653 5150 alize‘in
1680 5092 1873 5161 quibus
1892 5103 2097 5159 cogno-
2197 5090 2341 5159 quod
2368 5087 2763 5159 crucifigendus
2804 5093 2967 5141 esset.
3025 5085 3159 5139 Nam
3188 5093 3316 5139 ante
3344 5098 3560 5153 semper
3584 5081 3763 5137 credi-

546 5208 768 5256 scuntur
796 5173 1061 5252 homines.—
1097 5191 1248 5247 Unde
1274 5191 1326 5244 in
1359 5188 1582 5242 Actibus
1618 5176 1978 5253 apostolorum
2020 5179 2100 5235 di-
2201 5180 2300 5242 dit,
2327 5179 2469 5248 quod
2493 5177 2756 5248 propitius
2785 5178 2887 5232 sibi
2907 5192 3031 5232 esse
3059 5177 3279 5232 deberet
3307 5185 3364 5231 et
3385 5175 3674 5246 elapsurus
3695 5173 3764 5227 de

549 5297 694 5346 cunt.
732 5286 918 5343 Nonne
937 5299 1122 5342 omnes
1146 5282 1231 5338 isti
1266 5280 1355 5351 qui
1382 5279 1671 5348 loquuntur
1701 5272 1906 5328 Galilaai
1934 5271 2098 5327 sunt?

548 5381 615 5436 Et
638 5378 903 5450 quomodo
932 5390 1028 5430 nos
1053 5371 1350 5427 audivimus
1371 5368 1606 5439 linguam
1638 5372 1876 5420 nostram
1913 5362 1967 5417 in
1992 5375 2099 5431 qua

550 5473 660 5527 nati
689 5485 890 5527 sumus.
916 5467 982 5522 Et
1004 5465 1195 5521 Petrus
1221 5460 1517 5532 prmdicans
1542 5457 1674 5512 dicit
1697 5456 1797 5516 ita,
1840 5461 1898 5507 nt
1919 5450 2100 5522 appel-

553 5560 752 5615 laretur
790 5559 971 5628 lingua
1037 5568 1222 5610 eorum
1268 5549 1550 5605 aceldema.
1602 5546 1849 5615 Apparet
1894 5544 1949 5596 in
2000 5542 2102 5595 hoc

556 5648 716 5710 dicto.
744 5647 883 5713 quod
912 5645 1065 5699 aliter
1079 5633 1895 5709 Hierosolyinitzc,aliterGalilzei
1924 5632 2098 5700 ipsum

2204 5269 2450 5324 manibus
2475 5265 2804 5331 indecorum,
2833 5274 2888 5320 et
2912 5266 3121 5320 veniam
3160 5280 3190 5318 a
3232 5263 3459 5318 Domino
3482 5263 3764 5332 impetras-

2205 5366 2287 5413 set
2330 5358 2433 5413 nisi
2462 5372 2522 5412 se
2551 5363 2974 5425 pra'occupasset
2994 5355 3262 5425 occidere.
3305 5350 3529 5407 Peccavi
3548 5350 3762 5405 tradas

2204 5449 2507 5519 sanguinem
2526 5446 2753 5516 justum.
2815 5444 2951 5499 Ecce
2985 5444 3145 5498 miser
3179 5442 3344 5498 ludas
3367 5442 3526 5496 testis
3546 5436 3761 5493 Domini

2204 5546 2307 5602 est,
2338 5539 2479 5607 quod
2508 5536 2654 5605 iuste
2687 5550 2898 5607 semper
2921 5535 3147 5600 vixerit,
3181 5541 3237 5588 et
3272 5531 3409 5587 nihil
3437 5530 3567 5586 mali
3593 5531 3649 5583 in
3672 5527 3760 5580 illo

2207 5630 2420 5687 viderit.
2456 5628 2596 5685 Dicit
2619 5628 2810 5685 beatus
2834 5626 3201 5698 Hieronymus,
3227 5624 3356 5696 quia
3389 5638 3515 5681 cum
3534 5621 3651 5692 quis
3677 5619 3753 5671 ita
