3988 6186
485 259 632 316 1487

1273 253 1654 311 CHRISTIANI
1690 251 2094 308 DRUTHMARI
2133 250 2574 310 CORBEIENSIS
2613 250 2918 308 MONACHI

3557 255 3690 312 1438

475 371 796 426 Judatorum.
848 371 927 426 Ab
957 370 1043 425 illo
1064 369 1204 423 enim
1241 369 1324 426 die
1350 385 1379 422 a
1411 367 1621 422 diabolo
1661 367 1748 437 qui
1773 373 2024 436 tanquam
2055 371 2102 427 Λ
2130 374 2184 420 ιιι
2217 365 2466 419 liberaret
2488 369 2631 419 eum.
2672 363 2858 417 Dicunt
2891 379 3064 417 omnes
3092 375 3110 412 :
3137 361 3504 434 Cruciﬁgatur.
3551 367 3695 423 Ante

478 463 616 518 latro
645 462 928 518 insidiatur
946 462 1114 516 caulis
1143 461 1353 516 Domini
1384 460 1511 514 tecti
1536 467 1661 513 sunt
1685 467 1739 513 et
1753 467 2022 528 regentur,

475 547 747 623 usquequo
772 559 1165 606 convertantur.
1216 549 1547 621 Congregatis
1575 566 1692 619 ergo
1729 547 1850 610 illis,
1893 549 2025 602 dixit

477 641 678 695 Pilatus
705 656 722 693 :
749 641 910 707 Quem
934 641 1086 694 vultis
1129 641 1384 694 dimittam
1425 638 1582 702 vobis,
1634 638 1926 702 Barraban,
1957 655 2024 691 an

470 733 652 787 Jesum
691 735 777 801 qui
800 734 991 785 dicitur
1027 731 1309 785 Christus?
1351 730 1552 784 Sciebat
1585 729 1716 783 enim
1753 729 1890 798 quod
1936 720 2034 798 per.

471 826 715 878 invidiam
740 825 1070 878 tradidissent
1106 841 1237 877 eum.
1277 823 1481 888 Quanta
1507 821 1614 891 agit
1654 820 1852 874 invidia
1887 821 2024 873 inter

474 921 755 974 homines!
795 921 932 974 Ecce
974 921 1226 976 Dominus
1251 921 1378 974 nihil
1425 921 1648 973 habebat
1698 919 1750 972 in
1778 918 1879 971 hoc
1926 932 2024 970 sac-

469 1009 588 1062 culo
639 1009 739 1063 nisi
769 1003 964 1063 victum
992 1018 1046 1063 et
1076 1010 1349 1073 vestitum,
1387 1018 1440 1062 et
1477 1008 1742 1062 serviebat
1776 1006 2022 1060 omnibus

473 1100 830 1170 prmdicando,
873 1099 1113 1154 inﬁrmos
1159 1090 1414 1161 sanando,
1469 1105 1522 1149 et
1566 1105 1742 1151 tamen
1790 1094 2021 1150 factione

465 1193 761 1260 primorum
793 1192 1018 1245 oderunt
1052 1191 1220 1254 illum,
1247 1199 1300 1244 et
1319 1190 1630 1244 occiderunt
1671 1197 1724 1244 et
1749 1187 2022 1257 elegerunt

465 1283 558 1350 qui
601 1296 871 1350 nunquam
921 1281 1060 1334 aliud
1098 1280 1197 1333 nisi
1234 1279 1370 1334 male
1413 1279 1630 1333 fecerat.
1707 1277 1864 1332 Tales
1899 1286 2023 1331 sunt

467 1374 668 1444 populi.
733 1372 832 1440 Qui
868 1373 1027 1426 habet
1059 1372 1349 1441 potentiam
1386 1369 1540 1424 facile
1583 1370 1848 1424 convertit
1887 1367 2021 1422 infc-

467 1469 638 1521 riores
683 1465 748 1519 ad
779 1465 1099 1518 voluntatem
1139 1478 1311 1526 suam,
1344 1462 1470 1516 licet
1506 1461 1724 1514 multum
1759 1460 1848 1515 sit.
1903 1459 2019 1514 Non

463 1545 758 1627 recogitant
786 1557 904 1625 quis
923 1555 1116 1624 justior
1143 1555 1230 1618 sit,
1261 1553 1352 1607 sed
1371 1553 1510 1622 quod
1543 1552 1835 1622 principem
1864 1566 2017 1604 suum

463 1645 765 1713 intelligunt
793 1644 946 1707 velle,
992 1643 1058 1696 ad
1093 1643 1193 1697 hoc
1217 1637 1618 1697 convertuntur.
1669 1641 1736 1695 Et
1756 1641 1869 1694 haec
1895 1655 2020 1709 pro-

2127 471 2220 510 sex
2243 457 2357 510 dies
2381 455 2739 510 clamaverant
2763 471 2777 518 ;
2803 454 3112 508 Benedictus
3135 455 3223 521 qui
3245 456 3379 508 venit
3408 455 3464 508 in
3482 459 3693 512 nomine

2125 543 2334 598 Domini
2360 551 2464 599 :-et
2501 542 2656 597 modo
2694 542 2929 596 clamant
2967 556 2981 592 :
3033 540 3402 610 Cruciﬁgatur.
3466 542 3522 596 In
3575 543 3692 600 istis

2123 646 2216 686 sex
2242 632 2430 685 diebus
2457 631 2585 686 nihil
2613 631 2752 684 aliud
2790 629 2911 684 fecit
2951 629 3053 683 nisi
3077 629 3227 684 vobis
3254 631 3562 698 praedicavit
3601 648 3691 685 us-

2123 737 2223 791 que
2248 721 2312 774 ad
2345 736 2642 792 vesperam,
2673 729 2726 774 et
2746 719 3010 790 quomodo
3046 719 3314 773 commisit
3338 719 3426 772 illa
3469 732 3690 790 peccata

2121 827 2217 880 pro
2242 812 2432 880 quibus
2457 810 2717 874 clamatis,
2748 809 3022 878 Cruci/ige.
3051 810 3134 862 Ait
3152 808 3261 876 illis
3286 826 3478 878 prirses
3501 824 3524 862 .'
3548 811 3688 876 Quid

2119 901 2253 953 enim
2279 900 2403 954 mali
2425 899 2585 968 fecit?
2612 899 2800 952 Plures
2820 898 2943 950 anni
2966 906 3136 960 erant,
3161 913 3266 967 quo
3290 898 3492 952 Pilatus
3515 900 3688 969 ipsum

2121 990 2349 1045 habebat
2399 989 2751 1044 ministerium
2779 1004 2797 1041 :
2823 987 3018 1041 malum
3060 989 3224 1056 ipsius
3273 1004 3378 1043 non
3416 989 3682 1054 audierat,

2120 1097 2291 1150 neque
2316 1081 2541 1145 viderat,
2578 1095 2753 1149 neque
2776 1094 2888 1132 vos.
2916 1081 2983 1132 At
3007 1079 3086 1132 illi
3105 1082 3268 1150 magis
3293 1098 3354 1134 ac
3381 1081 3546 1151 magis
3575 1082 3688 1134 ela-

2118 1170 2328 1225 mabant
2354 1184 2372 1221 :
2411 1168 2777 1239 Cruci/igatur.
2822 1167 3035 1222 Crimen
3087 1183 3191 1222 non
3239 1169 3512 1234 dicebant,
3556 1170 3684 1239 quia

2120 1263 2446 1324 nesciebant,
2489 1262 2580 1316 sed
2614 1269 2674 1314 ut
2707 1261 2911 1316 seducti
2943 1259 3276 1314 clamabant:
3303 1259 3680 1330 Crucifigatur.

2130 1352 2321 1406 Videtis
2359 1363 2532 1406 autem
2562 1351 2770 1406 Pilatus
2793 1351 2916 1422 quia
2956 1351 3085 1404 nihil
3111 1351 3380 1421 proﬁceret
3416 1350 3471 1404 in
3490 1351 3680 1406 libera-

2120 1443 2262 1497 tione
2289 1442 2421 1512 ejus,
2469 1440 2558 1495 sed
2583 1441 2746 1510 magis
2776 1438 3028 1494 tumultus
3047 1439 3211 1507 ﬁeret.
3273 1437 3405 1493 Cum
3461 1455 3678 1509 perspe-

2118 1542 2311 1586 xerunt
2345 1532 2648 1586 sacerdotes
2679 1530 2800 1599 quia
2831 1529 3036 1583 Pilatus
3055 1527 3268 1582 volebat
3285 1544 3407 1582 eum
3428 1528 3680 1592 liberare,

2121 1621 2411 1674 intulerunt
2434 1619 2674 1674 dicentes
2703 1636 2714 1672 :
2744 1618 2804 1673 Si
2827 1618 2964 1671 hunc
2991 1617 3227 1679 dimittis,
3255 1633 3356 1670 non
3391 1633 3446 1670 es
3483 1617 3681 1670 amicus

462 1745 580 1805 pter
614 1707 748 1788 dona
786 1734 936 1796 fiunt,
961 1733 1084 1802 quia
1120 1734 1374 1802 scriptum
1418 1740 1499 1788 est
1534 1751 1547 1786 :
1580 1732 1786 1786 Divitiaz
1819 1707 2017 1784 addunt

2119 1712 2362 1766 Cirsaris.
2410 1711 2628 1764 Timens
2649 1718 2701 1764 et
2723 1709 2823 1763 ista
2850 1709 3033 1773 verba,
3062 1717 3206 1760 etne
3231 1707 3424 1761 seditio
3452 1707 3504 1760 in
3530 1707 3684 1777 plebe

461 1827 652 1879 amicos
681 1825 950 1896 plurimos,
975 1842 1008 1878 a
1032 1842 1253 1895 paupere
1291 1835 1484 1891 autem,
1529 1834 1576 1878 et
1613 1825 1664 1877 hi
1690 1841 1819 1894 quos
1841 1823 2016 1877 habuit

459 1927 781 1988 separantur.
1185 1925 1187 1928 ‘

535 2009 755 2065 Sedente
791 2018 962 2064 autem
995 2026 1054 2064 eo
1096 2026 1188 2081 pro
1227 2009 1492 2064 tribunali.
1551 2008 1654 2064 Pro
1688 2009 2014 2074 conditione,

461 2115 559 2169 pro
616 2101 697 2154 his
733 2115 850 2168 qua:
886 2099 953 2152 ad
993 2099 1161 2154 tribus
1198 2099 1556 2170 pertinebant.
1610 2099 1754 2154 Misit
1798 2100 1866 2152 ad
1900 2116 2016 2152 cum

460 2208 594 2246 uxor
619 2179 753 2260 ejus.
807 2191 1104 2259 Antequam
1134 2191 1186 2246 in
1221 2190 1476 2260 palatium
1505 2192 1728 2254 veniret,
1757 2190 2019 2246 laboravit

461 2280 684 2335 multum
706 2279 926 2344 Pilatus,
956 2288 1014 2333 ut
1046 2279 1299 2334 Dominus
1329 2279 1703 2334 dimitteretur.
1755 2278 1858 2334 Sed
1892 2293 2015 2332 cum

462 2387 596 2427 uxor
621 2371 892 2426 mandavit
929 2370 1052 2439 quia
1085 2370 1137 2424 in
1160 2369 1361 2424 somnis
1387 2378 1666 2440 postquam
1702 2370 1816 2424 dies
1844 2368 2017 2423 factus

461 2460 636 2516 fuerat
669 2460 830 2514 multa
855 2460 918 2515 de
947 2459 1036 2514 illo
1058 2459 1300 2525 vidisset,
1323 2469 1450 2515 tunc
1471 2460 1698 2530 amplius
1719 2459 2012 2530 satagebat.

460 2552 610 2608 Nihil
655 2554 746 2606 tibi
797 2562 844 2606 et
877 2553 1021 2617 justo
1067 2551 1168 2606 illi.
1227 2552 1338 2606 Hoc
1377 2561 1459 2606 est
1497 2551 1630 2606 nihil
1673 2552 1767 2605 tibi
1815 2551 2011 2613 nocuit,

458 2644 589 2698 nihil
628 2643 701 2697 illi
744 2658 957 2698 noceas.
1007 2641 1175 2696 Multa
1232 2643 1367 2696 enim
1405 2642 1743 2713 (subauditur
1788 2639 2010 2712 somnia)

453 2752 606 2805 passa
628 2751 742 2788 sum
777 2734 928 2788 hodie
956 2751 1047 2804 per
1077 2735 1241 2787 visum
1281 2742 1488 2804 propter
1526 2749 1662 2787 eum.
1704 2731 1786 2786 Ab
1814 2732 2014 2802 angelis

453 2826 716 2882 videlicet.
771 2825 1020 2880 Diabolus
1058 2825 1201 2880 enim
1230 2839 1349 2879 cum
1379 2823 1490 2879 suis
1520 2824 1795 2892 satagebat
1838 2832 1897 2876 ut
1917 2821 2014 2875 Do-

452 2917 630 2971 minus
687 2914 1111 2986 crucifigeretur,
1167 2916 1438 2969 :cstimans
1491 2929 1676 2968 verum
1742 2912 2012 2966 hominem

451 3021 592 3060 esse.
644 3005 750 3061 Nec
782 3006 973 3060 mirum
1018 3006 1064 3060 si
1101 3005 1167 3059 ad
1203 3006 1357 3060 istam
1403 3003 1655 3058 feminam
1698 3002 1871 3073 angeli
1924 3018 2013 3057 ve-

2117 1803 2289 1867 lleret,
2334 1803 2458 1872 quia
2489 1802 2620 1856 satis
2646 1815 2814 1870 prona
2843 1807 2960 1853 erat
2984 1813 3114 1868 gens
3143 1797 3209 1851 ad
3229 1798 3567 1852 excitandam
3595 1813 3683 1856 se.

2116 1895 2392 1956 ditionem,
2431 1893 2749 1947 monstravit
2769 1890 3020 1946 omnibus
3053 1903 3213 1959 quam
3241 1888 3421 1958 inique
3455 1888 3532 1942 illi
3561 1905 3680 1958 age-

2117 1993 2255 2050 rent,
2282 1984 2463 2039 larans
2485 1997 2674 2038 manus
2703 1997 2829 2037 suas
2853 1995 3037 2036 coram
3069 1979 3280 2050 populo.
3313 1980 3393 2034 Ac
3421 1981 3470 2034 si
3504 1981 3682 2038 verbis

2115 2077 2335 2131 dixisset
2363 2093 2376 2127 :
2400 2076 2534 2129 Ecce
2557 2074 2645 2128 isti
2667 2073 2757 2142 qui
2784 2072 2956 2142 legem
2985 2071 3079 2124 Dei
3103 2069 3316 2133 habent,
3338 2077 3394 2123 et
3417 2077 3681 2139 prmcepta

2112 2168 2229 2237 ejus
2276 2182 2334 2221 se
2371 2167 2554 2222 dicunt
2598 2164 2888 2228 custodire,
2941 2161 3144 2217 faciunt
3179 2162 3244 2216 de
3291 2177 3398 2230 quo
3433 2176 3535 2232 ego
3561 2162 3678 2216 volo

2113 2273 2231 2312 esse
2261 2256 2529 2320 immunis,
2569 2256 2658 2324 qui
2687 2255 2894 2308 alienus
2922 2267 2951 2306 a
2984 2252 3098 2322 lege
3126 2266 3311 2306 eorum
3334 2266 3474 2304 sum.
3521 2249 3680 2304 Inno—

2115 2365 2232 2402 cens
2271 2363 2362 2422 ego
2389 2362 2502 2400 sum
2527 2363 2558 2398 a
2580 2344 2834 2414 sanguine
2872 2341 3008 2412 justi
3036 2341 3218 2411 hujus.
3269 2339 3404 2407 Quia
3429 2353 3528 2409 ego
3564 2338 3680 2392 scio

2114 2439 2257 2510 quod
2292 2439 2403 2508 ipse
2423 2438 2600 2508 justus
2623 2444 2726 2499 est,
2776 2443 2829 2489 et
2854 2448 2948 2487 vos
2977 2432 3315 2487 innocentem
3350 2430 3505 2483 vultis
3529 2429 3671 2483 oeci-

2113 2510 2259 2592 dere',
2283 2543 2379 2582 vos
2403 2527 2521 2581 sitis
2555 2526 2649 2588 rei,
2681 2539 2785 2578 non
2812 2538 2930 2594 ego,
2959 2539 3053 2578 vos
3074 2524 3332 2578 videritis.
3359 2522 3422 2574 Et
3449 2517 3673 2590 νεκροπ-

2113 2619 2237 2673 deus
2264 2619 2528 2672 universus
2547 2615 2768 2686 populus
2793 2616 2925 2670 dixit
2949 2632 2967 2669 :
2990 2614 3220 2685 Sanguis
3244 2615 3354 2685 ejus
3381 2629 3532 2682 super
3554 2629 3670 2676 nos,

2112 2720 2160 2764 et
2204 2725 2358 2779 super
2391 2707 2526 2775 ﬁlios
2560 2719 2782 2760 nostros.
2833 2705 2963 2772 Quia
2998 2705 3201 2760 Pilatus
3248 2706 3586 2759 innocentem
3615 2717 3678 2757 se

2112 2799 2494 2872 pronuntiavit,
2527 2798 2592 2851 ad
2616 2798 2719 2851 hoc
2741 2796 3129 2866 responderunt
3157 2795 3242 2850 isti
3272 2796 3546 2850 dicentes:
3571 2792 3680 2848 Nos

2114 2889 2284 2944 simus
2313 2889 2410 2953 rei,
2457 2895 2514 2942 ut
2552 2887 2856 2956 requiratur
2883 2886 3100 2956 sanguis
3131 2885 3290 2955 hujus
3318 2901 3348 2938 a
3381 2885 3536 2938 nobis
3562 2892 3618 2937 et
3640 2899 3669 2936 a

2114 2978 2238 3034 ﬁliis
2262 2978 2479 3032 nostris.
2509 2977 2750 3031 Exauditi
2779 2976 2992 3031 fuerunt
3023 2975 3212 3031 Judaei.
3247 2975 3544 3045 ltequisivit
3575 2974 3676 3028 Do-

454 3098 649 3158 ncrint,
679 3111 800 3151 cum
828 3104 882 3149 ct
910 3095 1122 3148 Balaam
1153 3095 1292 3150 Deus
1312 3095 1519 3149 locutus
1545 3094 1633 3158 sit,
1679 3102 1736 3147 et
1763 3093 2010 3148 Cornelio

2115 3073 2291 3126 minus
2319 3071 2626 3142 sanguinem
2656 3071 2770 3140 ejus
2798 3085 2918 3124 cum
2942 3069 3055 3139 ipsa
3085 3069 3172 3123 die
3196 3068 3416 3123 Pascha
3439 3082 3543 3137 quo
3570 3067 3673 3136 ipsi

451 3186 672 3256 angelus
715 3183 1037 3253 apparuerit.
1070 3182 1335 3252 Principes
1377 3192 1546 3235 autem
1589 3182 1911 3235 sacerdotum
1964 3191 2012 3234 et

449 3277 675 3346 seniores
714 3282 1078 3342 persuaserunt
1115 3272 1319 3342 populis
1355 3281 1409 3324 ut
1441 3281 1665 3341 peterent
1701 3272 2009 3336 Barrabam,

448 3364 632 3420 Iesum
653 3380 770 3418 vero
791 3362 1079 3432 perderent.
1118 3360 1234 3415 Non
1257 3369 1338 3416 est
1366 3369 1644 3431 peccatum
1675 3361 1824 3430 pejus
1849 3377 2009 3430 quam

451 3457 666 3512 invidia.
723 3457 858 3511 Ecce
888 3471 1022 3510 uxor
1053 3454 1210 3509 Pilati
1233 3463 1287 3510 et
1317 3454 1522 3509 Pilatus
1552 3454 1754 3524 justum
1779 3469 2011 3523 pronun-

451 3547 585 3602 tiant
600 3545 901 3610 Dominum,
923 3555 978 3598 et
997 3544 1114 3615 ipse
1133 3544 1364 3599 traditor
1385 3553 1441 3598 et
1462 3544 1728 3614 principes
1755 3543 2013 3599 seducunt

449 3634 700 3706 populum
760 3643 818 3690 ut
841 3635 1040 3707 eligant
1087 3635 1378 3689 Barrabam
1426 3635 1515 3704 qui
1557 3634 1721 3688 multa
1765 3633 1903 3688 mala
1931 3635 2010 3689 eis

449 3725 652 3781 fecerat
690 3736 745 3781 et
767 3726 834 3780 dc
866 3726 1155 3781 homicidio
1189 3734 1243 3781 et
1273 3726 1337 3780 de
1371 3725 1673 3790 latrocinio,
1717 3733 1772 3780 et
1801 3727 2012 3780 tradant

449 3819 732 3895 Dominum
762 3818 945 3878 morti,
989 3818 1080 3888 qui
1111 3817 1276 3872 multa
1300 3817 1436 3872 bona
1470 3831 1630 3887 opera
1653 3827 1904 3888 operatus
1928 3826 2012 3872 est

448 3911 548 3965 cis.
605 3908 711 3964 Sed
740 3909 913 3964 adhuc
955 3909 1078 3965 talis
1097 3920 1179 3965 est
1205 3909 1533 3964 consuetudo
1559 3909 1698 3978 apud
1727 3908 1920 3978 plures,
1954 3919 2013 3964 ut

448 4001 706 4072 quidquid
740 4001 964 4056 viderint
1008 3999 1094 4054 vel
1133 4000 1400 4056 audierint
1435 3999 1702 4070 principes
1741 4014 1866 4053 suos
1896 3999 2009 4054 lau-

449 4096 597 4158 dare,
651 4093 870 4148 laudent
915 4095 1118 4165 absque
1182 4094 1594 4158 examinatione,
1628 4103 1689 4148 ut
1709 4096 2011 4166 vituperent

447 4198 604 4239 omne
625 4182 764 4252 quod
791 4182 1023 4237 viderint
1049 4196 1143 4238 eos
1158 4183 1480 4252 vituperare.
1509 4181 1613 4237 Sed
1645 4186 2010 4255 unusquisque

448 4289 569 4329 cum
605 4273 752 4327 audit
799 4272 1032 4342 aliquem
1076 4273 1379 4344 vituperare
1421 4281 1513 4327 aut
1553 4273 1792 4338 laudare,
1849 4275 2007 4330 debet

447 4379 506 4419 se
533 4363 801 4420 custodire
836 4379 903 4417 nc
924 4371 1016 4416 aut
1045 4363 1242 4418 bonum
1265 4363 1406 4418 dicat
1434 4363 1654 4428 malum,
1693 4374 1785 4418 aut
1806 4365 2004 4418 malum
2034 4399 2084 4458 D

446 4453 592 4508 dicat
618 4453 833 4518 bonum,
859 4453 982 4522 quia
1005 4467 1084 4507 vm
1097 4453 1271 4507 veniet
1296 4453 1344 4506 ei
1364 4454 1452 4516 qui
1477 4455 1578 4508 hoc
1604 4453 1747 4508 facit.
1773 4452 2005 4525 Respon-

447 4532 573 4597 deas
593 4554 762 4596 autem
775 4559 962 4613 praises
985 4544 1056 4596 ait
1077 4543 1180 4596 illis
1199 4560 1216 4598 :
1234 4542 1395 4608 Quem
1412 4546 1562 4599 vultis
1580 4545 1716 4599 vobis
1728 4547 1792 4599 de
1813 4546 2014 4602 duobus

449 4633 672 4686 dimitti?
697 4631 831 4698 Quia
858 4633 1185 4702 principibus
1211 4635 1536 4702 persuadere
1578 4651 1682 4690 non
1725 4637 1915 4706 potuit,
1955 4646 2013 4692 ut

449 4723 728 4778 Dominum
761 4723 1114 4788 dimitterent,
1152 4724 1332 4778 retulit
1357 4725 1459 4778 hoc
1485 4728 1551 4780 ad
1587 4728 2008 4796 generalitatem,

450 4822 507 4867 ut
535 4813 577 4868 si
606 4813 870 4883 principes
907 4823 1124 4883 propter
1154 4814 1406 4869 invidiam
1433 4815 1681 4870 volebant
1707 4817 1854 4872 illum
1884 4835 2005 4888 per-

447 4907 592 4969 dere,
656 4904 878 4974 populus
906 4905 996 4974 qui
1027 4915 1280 4976 expertus
1314 4906 1490 4962 fuerat
1522 4908 1639 4978 ejus
1691 4910 2004 4978 multiplicia

446 4996 727 5059 beneficia,
765 5004 971 5064 peteret
1005 5013 1125 5052 eum
1157 4998 1355 5065 vivere,
1396 4999 1522 5070 quia
1561 5000 1604 5054 si
1633 4999 1865 5070 vulgaris
1909 5017 2003 5071 po-

448 5090 601 5161 pulus
633 5104 756 5144 eum
792 5088 1049 5158 petiisset,
1106 5099 1293 5145 contra
1334 5092 1631 5161 principum
1682 5091 2002 5147 voluntatem

447 5189 685 5235 servaret
713 5193 833 5233 eum
865 5181 990 5234 vita:
1016 5178 1235 5235 Pilatus.
1285 5181 1378 5237 Vel
1407 5183 1529 5251 quia
1553 5182 1654 5237 hoc
1698 5184 2004 5239 sacerdotes

445 5278 809 5340 cognoverunt
836 5279 959 5324 ante
981 5281 1360 5339 persuaserunt
1405 5272 1598 5338 turbis,
1626 5283 1685 5328 ut
1707 5274 2001 5329 Barrabam

445 5362 720 5436 eligerent.
772 5360 837 5413 At
882 5360 958 5414 illi
981 5361 1222 5416 dixerunt
1270 5346 1581 5417 Bari-ubam.
1639 5364 1728 5418 Sic
1771 5375 2004 5419 estcon-

446 5452 671 5507 suetudo
697 5451 852 5507 hodie
887 5459 944 5504 ut
964 5465 1062 5520 pro
1092 5467 1196 5506 uno
1223 5455 1384 5507 verbo
1422 5454 1697 5523 principis,
1721 5456 2001 5510 veritatem

449 5545 711 5598 deserant.
763 5541 899 5596 Dicit
932 5542 1036 5596 illis
1063 5540 1269 5596 Pilatus
1305 5557 1322 5594 :
1361 5543 1494 5608 Quid
1536 5545 1694 5614 igitur
1717 5545 1908 5614 faciam
1943 5547 2006 5599 de

451 5629 573 5683 Jesu
594 5634 682 5700 qui
705 5632 892 5685 dicitur
915 5629 1148 5687 Christus
1171 5634 1195 5686 Ρ
1231 5632 1354 5688 llaec
1371 5635 1547 5689 omnia
1579 5635 1785 5690 dicebat
1811 5635 2008 5690 Pilatus

2112 3164 2380 3233 piaculum
2435 3163 2484 3215 in
2517 3157 2793 3216 Salvatore
2841 3160 3232 3223 commiserint,
3281 3174 3313 3212 a
3351 3158 3677 3228 Vespasiano

2113 3266 2166 3309 et
2194 3255 2313 3308 Tito
2348 3255 2400 3306 in
2423 3253 2752 3306 Hierusalem
2780 3253 2932 3322 quasi
2974 3252 3026 3305 in
3057 3267 3276 3306 carcere
3339 3261 3395 3305 et
3431 3251 3535 3305 illic
3569 3248 3674 3318 ipsi

2111 3344 2393 3400 homicida:
2438 3343 2670 3412 pessima
2710 3351 2880 3398 morte
2913 3343 3206 3412 perierunt.

2183 3452 2328 3506 Tum:
2353 3452 2549 3506 dimisit
2591 3451 2694 3506 illis
2715 3451 3006 3505 Barrabam
3039 3469 3052 3505 :
3087 3450 3266 3505 Iesum
3293 3461 3464 3504 autem
3494 3448 3681 3520 ﬂagel—

2111 3545 2277 3600 latum
2299 3543 2512 3598 tradidit
2534 3545 2608 3597 eis
2638 3553 2693 3596 ut
2715 3527 3120 3613 crucifigeretur.
3151 3543 3301 3609 Quod
3326 3542 3530 3595 Pilatus
3547 3555 3672 3594 eum

2110 3635 2396 3704 flagellavit
2430 3635 2646 3698 invitus,
2697 3635 2802 3689 hoc
2839 3634 2965 3689 fecit
2996 3635 3118 3704 quia
3150 3633 3384 3689 Romana
3417 3633 3495 3687 lex
3525 3648 3690 3701 pne--

2111 3728 2366 3800 cipiebat,
2407 3735 2468 3782 ut
2493 3728 2584 3798 qui
2613 3726 3004 3797 crucifigendus
3040 3735 3180 3792 erat,
3234 3735 3354 3781 ante
3380 3725 3672 3796 flagellat-e-

2112 3831 2216 3876 tur.
2269 3820 2519 3875 Traditus
2543 3829 2627 3876 est
2673 3821 2853 3890 itaque
2893 3821 3147 3876 Dominus
3184 3820 3442 3876 militibus
3487 3820 3673 3874 verbe-

2112 3913 2328 3976 randus,
2392 3919 2446 3965 ct
2487 3910 2612 3964 illud
2657 3910 3078 3966 sacratissimum
3129 3926 3326 3982 corpus
3385 3919 3673 3980 pectusque

2109 4003 2204 4057 Dei
2226 4018 2393 4072 capax
2422 4002 2626 4072 ﬂagella
2654 4012 2962 4057 secuerunt.
3019 4003 3114 4058 Est
3137 4004 3314 4058 adhuc
3339 4003 3584 4058 columna
3617 4004 3668 4056 in

2111 4092 2462 4158 Hierusalem,
2507 4093 2573 4147 ad
2615 4107 2776 4162 quam
2821 4092 3016 4163 ligatus
3049 4094 3147 4147 fuit
3187 4094 3424 4147 interim.
3468 4092 3513 4148 0
3551 4093 3672 4162 quis

2109 4193 2236 4238 tunc
2273 4194 2455 4255 posset
2488 4185 2731 4250 credere,
2779 4186 2921 4254 quod
2947 4185 3170 4240 Creator
3197 4187 3435 4253 omnium
3485 4186 3537 4239 in
3578 4186 3668 4241 illo

2113 4284 2348 4344 tempore
2383 4276 2692 4340 haberetur,
2727 4282 2781 4329 et
2806 4275 3028 4328 multum
3056 4277 3238 4330 miseri
3262 4276 3353 4344 qui
3408 4275 3476 4329 ibi
3505 4276 3671 4331 inter-

2111 4363 2340 4420 fuerunt.
2362 4364 2478 4419 Jam
2508 4365 2815 4434 frequenter
2840 4365 3038 4418 habent
3059 4365 3259 4419 dictum
3278 4365 3420 4419 beati
3441 4375 3670 4428 ventres,

2113 4455 2205 4524 qui
2242 4471 2347 4509 non
2398 4464 2695 4523 genuerunt
2742 4462 2796 4509 et
2826 4454 2992 4509 ubera
3030 4471 3146 4526 quae
3173 4471 3280 4510 non
3319 4446 3672 4521 lactaverunt,

2111 4555 2166 4600 ct
2193 4545 2366 4600 adhuc
2400 4546 2600 4599 habent
2638 4545 2835 4600 dicere.
2887 4546 3282 4601 Attendendum
3313 4557 3489 4602 autem
3530 4548 3672 4617 quod

2113 4633 2242 4688 dicit
2264 4633 2478 4687 tradidit
2497 4635 2592 4698 eis,
2618 4635 2668 4689 id
2689 4644 2774 4690 est
2807 4635 2872 4689 ad
2893 4651 3079 4689 eorum
3103 4635 3450 4690 voluntatem.
3473 4636 3674 4702 Quam-

2112 4724 2192 4778 vis
2251 4723 2447 4778 milites
2487 4723 2632 4779 illum
2664 4726 3041 4795 suscepissent,
3089 4734 3268 4780 tamen
3315 4726 3418 4780 illis
3451 4729 3675 4782 traditus

2111 4821 2216 4877 est,
2257 4823 2311 4866 et
2356 4813 2455 4882 ipsi
2481 4828 2602 4868 eum
2645 4825 3012 4884 susceperunt.
3068 4815 3262 4868 Milites
3299 4831 3493 4870 manus
3537 4832 3674 4886 pra:-

2109 4904 2402 4957 bucruntet
2422 4903 2559 4973 ligna
2577 4920 2592 4967 ;
2615 4903 2709 4958 sed
2728 4904 2894 4958 Judaei
2915 4906 3244 4967 occiderunt,
3259 4908 3382 4974 quia
3401 4915 3456 4960 et
3472 4905 3671 4960 Pilatus

2106 5002 2160 5046 et
2181 4993 2376 5047 milites
2400 4993 2546 5047 inviti
2573 5003 2794 5064 egerunt
2813 4994 2950 5064 quod
2966 5005 3204 5065 egerunt.
3238 4996 3346 5052 Nec
3371 5005 3552 5052 tamen
3578 4996 3672 5050 Pi-

2108 5083 2245 5138 latus
2267 5084 2516 5138 immunis
2545 5083 2671 5149 fuit,
2699 5085 2823 5154 quia
2845 5087 3018 5154 potuit
3036 5087 3402 5143 eumliberare
3426 5090 3470 5142 si
3493 5087 3671 5144 vellet.

2113 5173 2360 5227 Perituro
2407 5175 2548 5228 enim
2578 5174 2622 5228 si
2659 5190 2767 5230 non
2804 5175 3051 5230 subvenit
3085 5178 3174 5245 qui
3222 5186 3400 5246 potest
3451 5179 3669 5233 occidit.

2109 5265 2254 5319 Tunc
2285 5265 2466 5318 milites
2495 5266 2825 5336 suscipientes
2849 5267 3025 5321 Jesum
3059 5271 3112 5321 in
3133 5270 3395 5338 prdatorio.
3441 5269 3518 5323 De
3552 5269 3672 5324 loco

2106 5355 2194 5408 ubi
2237 5355 2432 5408 Pilatus
2459 5357 2694 5420 sedebat,
2735 5357 2823 5426 qui
2858 5357 3198 5412 Lithostratos
3230 5359 3529 5414 dicebatur.
3563 5359 3674 5412 Dn-

2107 5453 2291 5495 xerunt
2333 5444 2385 5496 in
2417 5444 2625 5497 domum
2661 5443 2844 5499 Pilati.
2873 5445 3050 5500 Lithos
3068 5445 3272 5509 (ἔπειτα,
3310 5445 3497 5503 Latine
3535 5448 3669 5517 lapis

2109 5531 2321 5585 dicitur.
2346 5531 2699 5586 Lithostrates
2725 5532 2900 5603 lapide
2933 5545 3139 5589 stratos.
3180 5536 3224 5588 Α
3251 5535 3506 5602 Prattore,
3533 5553 3665 5606 prae-

2112 5622 2303 5673 torium
2331 5621 2621 5676 derivatur.
2672 5621 3118 5693 Congrcgaverunt
3147 5625 3437 5682 universam
3483 5626 3661 5678 cohor-
