3952 6186
116 411 121 416 .
224 352 357 413 μεθ

218 476 334 519 teut.
377 465 493 535 Ipsa
521 465 714 521 cohors
753 480 872 535 qum
896 464 1044 519 illum
1069 466 1545 535 comprehenderat
1587 478 1767 532 exspe~
1801 466 1850 523 A

218 556 398 610 ctabat
433 555 505 610 ibi
546 571 616 611 ne
641 556 778 612 forte
817 556 1010 627 aliquis
1037 556 1293 611 tumultus
1331 558 1583 611 oriretur.
1628 553 1771 609 Con-

220 653 553 713 greganrunt
585 660 704 714 ergo
725 644 972 715 populum
992 644 1115 715 quia
1144 644 1317 698 nullus
1339 646 1450 698 sine
1476 645 1664 714 populo
1685 658 1776 696 rea:

218 741 378 803 potest
402 748 529 787 esse.
576 732 643 788 Et
668 743 918 789 exuerunt
942 751 1057 788 eum
1091 735 1199 788 suis
1227 734 1550 796 vestimentis,
1596 742 1643 786 et
1674 733 1777 786 cir-

220 822 584 886 cumdederunt
624 824 671 877 ei
697 821 1021 894 chlamydem
1062 824 1368 877 coccineum.
1398 822 1653 893 Chlamys
1689 821 1775 876 illa

220 912 487 977 coccinea,
519 928 617 982 pro
634 928 869 983 purpura
906 930 1011 983 qua
1044 928 1197 985 reges
1234 913 1374 968 soliti
1401 921 1556 969 erant
1609 912 1776 979 indui,

219 1003 546 1061 circumdata
582 1014 666 1060 est
689 1005 759 1059 ei.
790 1005 887 1062 Est
915 1021 1125 1076 quoque
1156 1022 1390 1077 purpura
1423 1006 1663 1077 quaedam
1689 1022 1779 1061 ru-

220 1094 318 1150 bea
339 1109 501 1151 cocco
519 1094 810 1163 simillima.
855 1095 923 1149 Et
944 1094 1217 1167 plectentes
1239 1112 1484 1150 coronam
1505 1095 1570 1150 de
1588 1096 1775 1166 spinis,

220 1195 496 1255 posuerunt
543 1201 699 1255 super
736 1194 891 1256 caput
928 1186 1062 1256 ejus.
1104 1185 1217 1240 Pro
1252 1185 1551 1240 diademate
1587 1199 1774 1248 aureo,

222 1276 467 1347 spineam
493 1291 768 1342 coronam,
811 1285 865 1332 et
899 1292 995 1348 pro
1019 1283 1232 1348 sceptro
1258 1277 1400 1347 quod
1428 1290 1583 1348 reges
1607 1275 1780 1333 solent

221 1365 366 1421 ferre
391 1366 756 1435 imposuerunt
782 1366 831 1420 ei
855 1365 1190 1421 arundinem.
1235 1365 1425 1421 Omnia
1451 1365 1554 1421 ista
1574 1366 1640 1421 ad
1662 1365 1779 1420 illu—

220 1454 425 1510 sionem
459 1454 700 1511 l‘eeerunt
721 1471 785 1510 eo
804 1456 943 1526 quod
963 1465 1242 1512 accusatus
1263 1456 1421 1512 fuerit
1446 1456 1570 1526 quia
1600 1471 1777 1528 regem

220 1562 279 1602 se
305 1548 521 1603 dixerit.
560 1547 771 1605 Corona
801 1549 1006 1620 spinea,
1040 1565 1222 1604 ramus
1246 1549 1499 1618 praecisus
1523 1549 1588 1604 de
1611 1546 1780 1618 spinis

218 1640 343 1706 fuit,
398 1648 454 1696 et
483 1641 711 1711 plicatus
739 1643 877 1697 sicut
913 1642 1165 1708 circulus,
1204 1636 1278 1699 'et
1311 1642 1588 1714 impositus
1620 1654 1781 1710 super

218 1738 386 1801 caput
422 1730 559 1799 ejus.
616 1730 866 1788 Calamus
895 1741 1073 1788 autem
1114 1733 1164 1788 ei
1194 1734 1367 1799 datus,
1398 1733 1490 1803 qui
1543 1731 1779 1787 abundat

1362 354 1720 414 EXPOSITIO
1740 353 1817 408 ῚΝ
1854 352 2290 413 ΜΑΤΤΙΙᾹΞΠΜ.

3289 353 3427 407 H90

1996 462 2134 514 Neve
2153 465 2264 525 quis
2282 466 2474 526 ignoret
2494 465 2705 526 speciem
2726 469 2886 516 crucis
2907 478 3019 515 esse
3041 463 3288 514 colendam

1995 525 2115 584 Qum
2142 525 2394 575 Dominum
2418 525 2778 582 portavitovans
2800 528 2985 575 ratione
3011 529 3215 585 potenti,

1996 591 2232 649 Quattuor
2252 586 2364 634 inde
2389 586 2552 643 plagas
2571 588 2789 649 quadrati
2813 588 2997 649 colligit
3010 588 3161 649 prbis.

1994 647 2288 710 Splendidus
2314 647 2606 710 auctorisque
2628 652 2811 697 vertice
2830 648 2985 710 fulget
3008 647 3135 698 Eous

1995 708 2204 757 occiduo
2225 721 2238 755 :
2262 719 2408 755 sacras
2429 708 2698 756 lambuntur
2717 711 2873 757 sidera
2899 708 3090 769 piantur.

1994 769 2171 830 Arcton
2190 769 2361 830 dextra
2387 777 2526 816 tenet
2549 780 2563 815 :
2584 770 2791 818 medium
2817 769 2933 819 laeva
2956 774 3096 829 erign
3125 782 3291 830 axem,

1992 829 2268 889 Cunctaque
2285 829 2350 877 de
2373 830 2603 878 membris
2626 831 2741 878 vivit
2765 838 2929 879 natura
2951 843 2977 878 c
3006 832 3189 889 eantis;

1998 889 2058 940 Et
2077 888 2223 940 cruce
2243 890 2544 953 complexum
2564 888 2784 942 Christus
2799 899 2929 952 regit
2946 893 3158 951 undique
3177 888 3428 940 mundum.

1876 997 1943 1052 Et
1970 997 2219 1052 dederunt
2249 999 2298 1053 ei
2328 1001 2501 1054 vinum
2537 1002 2705 1056 bibere
2741 1016 2859 1056 cum
2904 999 3024 1071 felle
3064 1003 3298 1056 mistum.
3354 1004 3431 1059 De

1877 1090 1992 1160 ipso
2022 1076 2163 1144 malo
2188 1090 2313 1146 vino
2340 1091 2482 1146 unde
2512 1102 2697 1163 postea
2734 1094 3014 1158 dederunt,
3038 1093 3161 1151 inde
3197 1102 3250 1149 ct
3278 1096 3434 1151 modo

1875 1179 2156 1245 dederunt,
2204 1180 2317 1234 sive
2380 1180 2704 1236 aestimantes
2745 1197 2865 1238 eum
2904 1183 3054 1237 sitire
3098 1199 3194 1252 pro
3232 1179 3437 1255 bajula-

1877 1267 2021 1322 tione
2057 1268 2251 1333 crucis,
2294 1266 2409 1321 sive
2446 1269 2570 1339 quia
2616 1268 2850 1325 latrones
2888 1271 2992 1325 hoc
3035 1272 3318 1341 petierunt.
3369 1273 3433 1327 Et

1876 1372 1997 1412 cum
2028 1356 2299 1412 dedissent
2319 1357 2445 1423 illis,
2489 1359 2750 1414 dederunt
2777 1361 2936 1415 etiam
2963 1361 3209 1429 Domino,
3239 1362 3351 1416 sive
3374 1372 3433 1415 ut

1875 1447 2051 1504 Lucas
2090 1448 2264 1504 dicit:
2295 1447 2593 1504 Illudebant
2637 1449 2783 1505 illum
2826 1451 3035 1517 milites,
3076 1463 3277 1507 acetum
3315 1454 3436 1522 olfe—

1878 1552 2063 1596 rentes.
2097 1540 2296 1613 Typice
2321 1543 2476 1597 vinea
2520 1542 2727 1597 Domini
2767 1542 2965 1608 ludam,
3015 1560 3272 1599 conversa
3319 1554 3438 1600 erat

1879 1632 1932 1685 in
1969 1632 2376 1688 amaritudinem
2407 1640 2468 1686 ut
2502 1632 2706 1687 faceret
2735 1633 2913 1687 vinum
2957 1649 3224 1687 amarum.
3282 1634 3433 1700 Quod

1878 1732 2053 1779 autem
2081 1725 2229 1791 dicit,
2257 1724 2323 1779 Et
2354 1742 2471 1780 cum
2498 1734 2771 1797 gustasset,
2799 1726 2963 1782 noluit
2988 1728 3176 1795 bibere,
3207 1729 3437 1784 ostendit

220 1824 275 1878 in
315 1824 431 1894 ipsa
453 1831 616 1888 terra,
642 1832 699 1879 et
727 1824 943 1880 levitate
970 1825 1085 1896 ejus
1117 1841 1303 1882 omnes
1329 1832 1545 1896 propter
1578 1826 1682 1880 hoc
1702 1823 1780 1880 l'e-

1882 1814 2004 1884 quia
2039 1815 2274 1886 gustavit
2321 1814 2612 1886 paululum,
2640 1824 2694 1871 et
2717 1816 2785 1871 ab
2807 1832 2901 1873 ore
2929 1819 3173 1874 removit.

220 1923 353 1971 runt
401 1916 454 1970 in
503 1932 686 1972 manu.
736 1914 935 1988 'l‘ypice
970 1933 1065 1988 per
1101 1917 1283 1988 spinas
1319 1925 1537 1987 peccata
1589 1924 1775 1975 nostra

218 2006 616 2079 signiﬁcantur,
667 2023 787 2079 qua:
819 2011 1024 2079 accepit
1057 2010 1170 2079 ipse
1223 2010 1277 2065 in
1314 2024 1537 2080 corpore
1566 2026 1663 2065 suo
1717 2019 1777 2065 ut

220 2105 523 2151 moreretur
560 2098 614 2153 in
643 2113 802 2154 cruce
830 2114 926 2169 pro
955 2101 1187 2170 peccatis
1214 2102 1431 2169 nostris,
1468 2103 1559 2173 qui
1590 2116 1778 2174 pecca-

218 2194 337 2241 tum
362 2201 467 2241 non
494 2185 697 2242 fecerat
721 2188 904 2242 ullum.
947 2188 1223 2246 Calamum
1250 2192 1479 2248 habebat
1513 2194 1567 2248 in
1595 2210 1775 2258 manu,

219 2287 285 2335 ut
333 2277 514 2334 omnia
545 2287 805 2333 venenata
836 2294 896 2334 se
940 2279 1238 2336 deleturum
1285 2284 1606 2339 ostenderet.
1654 2285 1778 2339 Sive

216 2367 487 2425 calamum
509 2369 725 2425 tenebat
740 2378 798 2425 ut
812 2371 1149 2442 sacrilegium
1173 2374 1431 2431 scriberet
1451 2374 1776 2440 Judaeorum,

216 2458 350 2529 quia
383 2473 502 2512 cum
539 2458 745 2514 calamo
773 2459 944 2516 Graeci
977 2471 1031 2517 et
1053 2462 1169 2518 alite
1194 2473 1378 2535 gentes
1415 2466 1674 2521 scribunt.
1715 2467 1780 2521 Et

220 2562 362 2618 genu
401 2547 536 2617 ﬂexo
569 2557 690 2602 ante
726 2565 864 2602 eum.
907 2549 996 2605 Sic
1027 2559 1149 2606 erat
1183 2555 1511 2610 consuetudo
1558 2556 1782 2612 adorare

215 2650 427 2706 regem,
464 2636 847 2708 vel~principes
876 2639 1012 2709 ejus.
1064 2640 1215 2707 Quod
1244 2643 1369 2711 quia
1413 2641 1782 2701 Mardochzcus

213 2728 397 2783 noluit
426 2743 585 2799 agere
630 2730 838 2784 obviam
878 2730 1069 2795 Aman,
1098 2732 1263 2789 deleri
1304 2748 1424 2788 eum
1450 2735 1614 2789 voluit
1660 2750 1780 2791 cum

211 2815 481 2887 progenie
522 2831 639 2871 sua.
691 2819 814 2884 Are,
864 2834 955 2873 rex
989 2817 1315 2875 Judworum.
1362 2824 1484 2887 Ave,
1534 2821 1782 2878 Latinum

207 2906 451 2961 verbum
490 2913 607 2972 est,
637 2916 692 2961 et
716 2921 823 2962 non
848 2908 1011 2963 habet
1038 2910 1267 2979 amplius
1299 2911 1401 2966 nisi
1423 2928 1514 2966 ave
1541 2920 1594 2967 et
1618 2923 1779 2979 avete,

207 3007 269 3054 et
319 3005 409 3054 est
451 2998 672 3053 verbum
719 2999 1110 3066 salutatorium,
1177 3003 1314 3057 sicut
1359 3004 1500 3072 apud
1569 3003 1782 3061 Cnecos

207 3099 398 3165 χαῖρε,
430 3098 663 3165 χαῖρστι.
708 3089 844 3145 Nam
884 3091 1145 3148 Hebraice
1193 3092 1511 3150 Salamelech
1562 3095 1775 3151 dicitur.

205 3157 282 3236 Et
304 3157 614 3250 exspuemes
635 3180 690 3234 in
707 3197 823 3233 eum
853 3191 1156 3251 acceperunt
1178 3183 1501 3247 arundinem,
1533 3192 1579 3239 et
1601 3201 1783 3255 percu-
1807 3157 1852 3219 Ο

204 3271 416 3327 tiebant
454 3280 607 3341 caput
633 3271 769 3341 ejus.
822 3270 924 3338 Qui
950 3286 1047 3341 pro
1067 3272 1206 3328 bono
1236 3288 1343 3328 nou
1368 3272 1608 3329 fecerant
1639 3275 1781 3345 quod

200 3360 508 3425 faciebant,
567 3360 915 3416 ostenderunt
955 3360 1009 3415 in
1051 3362 1316 3431 spuitione
1361 3370 1417 3417 et
1440 3362 1783 3432 percussione

202 3449 411 3520 capitis
449 3447 584 3518 ejus.
653 3447 914 3503 Exeuntes
958 3459 1132 3503 autem
1183 3450 1479 3505 invenerunt
1524 3450 1783 3506 hominem

202 3539 550 3612 Cyrenarum,
601 3539 807 3592 nomine
846 3536 1126 3592 Simonem.
1197 3536 1430 3594 Joannes
1468 3541 1618 3606 dicit,
1655 3542 1781 3611 quia

199 3630 427 3701 primus
461 3628 575 3698 ipse
614 3627 908 3698 portaverit
941 3642 1178 3694 crucem,
1226 3636 1281 3683 et
1301 3636 1422 3699 post
1446 3629 1654 3684 obviam
1683 3631 1781 3685 ha-

196 3720 439 3776 buerint
457 3716 727 3772 Simonem
748 3717 1053 3787 quemdam.
1090 3717 1415 3786 Spiritaliter
1458 3718 1631 3773 innuit
1660 3719 1783 3789 quia

201 3809 484 3866 Dominus
509 3820 724 3862 crucem
743 3822 891 3862 suam
922 3809 1171 3879 portavit,
1220 3807 1470 3865 videlicet
1494 3810 1784 3865 mortifica-

200 3901 425 3956 tionem
469 3895 524 3951 in
557 3910 782 3967 corpore
804 3912 922 3964 suo,
962 3900 1087 3968 quia
1109 3900 1290 3956 omnia
1320 3912 1540 3970 peccata
1572 3910 1782 3957 mortua

197 3990 444 4047 fuerunt
482 3987 537 4043 in
558 3984 687 4044 'illo.
737 3989 805 4044 Et
838 3997 959 4060 post
990 3992 1222 4062 portavit
1255 4000 1312 4047 et
1342 4002 1521 4064 portat
1574 3994 1785 4066 gentilis

192 4084 471 4157 populus,
521 4096 753 4153 sequens
778 4083 999 4155 vestigia
1039 4084 1172 4154 ejus.
1206 4083 1447 4156 Cyrenen
1479 4086 1657 4158 Libya:
1706 4087 1781 4142 ci-

193 4175 348 4230 vitas
383 4180 549 4228 estet
580 4172 959 4241 interpretatur
995 4175 1192 4239 heres;
1221 4182 1276 4228 et
1305 4172 1487 4229 Simon
1516 4175 1776 4231 obediens.

191 4268 344 4336 Quia
378 4266 532 4322 enim
556 4265 812 4321 obediens
841 4264 942 4319 l'uit
965 4266 1179 4337 gentilis
1207 4266 1431 4336 populus
1468 4268 1783 4337 praedicato-

121 4430 131 4438 .
192 4361 381 4425 ribus,
426 4356 604 4412 factus
621 4367 704 4412 est
725 4356 897 4412 haeres
917 4357 984 4413 de
1011 4357 1102 4414 illa
1126 4358 1457 4414 haereditate.
1504 4357 1652 4415 Unde
1683 4358 1779 4415 Ju-

190 4451 354 4507 dmus
405 4446 639 4520 populus
673 4448 1075 4518 gloriﬁcabatur
1111 4449 1180 4506 de
1203 4449 1486 4520 adoptione
1522 4450 1772 4506 ﬁliorum.

187 4545 266 4600 Et
302 4549 470 4600 recte
508 4540 576 4596 de
612 4540 739 4595 villa
779 4541 1047 4597 veniebat.
1109 4539 1287 4607 Vilia,
1311 4541 1496 4609 Graece
1528 4559 1686 4614 pagos
1723 4551 1778 4598 et

186 4632 325 4689 inde
351 4628 563 4703 pagani
592 4629 862 4684 dicuntur.
886 4629 952 4685 Et
975 4631 1076 4686 hoc
1114 4632 1360 4702 congruit
1383 4631 1563 4703 gentili
1584 4632 1777 4703 populo

183 4725 327 4796 quia
359 4722 438 4778 de
483 4720 790 4791 paganitate
823 4722 1065 4787 veniens,
1108 4723 1271 4793 cepit
1299 4724 1447 4793 sequi
1481 4723 1773 4791 Christum,

182 4822 247 4870 ct
270 4828 411 4871 eum
462 4810 685 4865 imitari.
733 4809 890 4865 Hunc
926 4813 1358 4884 angariaverunt,
1393 4816 1445 4870 id
1492 4824 1574 4871 est
1609 4817 1774 4886 impo-

184 4909 437 4958 suerunt
475 4906 692 4969 portare
714 4914 927 4955 crucem
967 4910 1088 4971 post
1116 4900 1319 4958 Jesum.
1364 4905 1433 4959 Et
1459 4917 1701 4961 venerunt
1722 4909 1775 4963 in

181 4993 373 5048 locum
427 4989 527 5061 qui
571 4988 765 5043 dicitur
801 4986 1075 5061 Golgotka.
1133 4993 1466 5065 Evangelista
1511 4998 1779 5066 exposuit,

180 5083 341 5154 quod
364 5087 463 5137 est
492 5076 766 5150 Golgotha,
793 5081 845 5136 id
869 5088 953 5136 est
975 5082 1253 5149 Calvarize,
1274 5086 1591 5142 subauditur
1612 5088 1779 5144 locus.

183 5172 404 5246 Syrum
435 5177 552 5237 est,
581 5186 687 5226 non
710 5171 1016 5238 Hebrteum,
1056 5182 1233 5229 tamen
1263 5175 1468 5232 Hebraei
1493 5178 1572 5233 sic
1599 5179 1781 5249 appel-

178 5264 386 5320 labant
413 5263 602 5332 ipsum
627 5259 820 5317 locum.
866 5263 1001 5329 Quia
1029 5264 1101 5318 ibi
1126 5264 1375 5320 calvariae
1401 5269 1785 5323 auferebantur

179 5357 302 5413 reis
332 5352 702 5412 hominibus:
725 5353 871 5409 locus
898 5363 1050 5409 extra
1078 5355 1370 5412 civitatem.
1427 5357 1633 5413 Placuit
1671 5360 1782 5415 Deo

181 5446 263 5503 ibi
294 5444 453 5502 mori
483 5441 579 5496 ubi
609 5442 689 5498 rei
714 5444 1090 5514 puniebantur,
1122 5454 1183 5501 ut
1211 5447 1509 5518 erigeretur
1530 5450 1780 5505 vexillum

180 5538 504 5599 virtutum,
543 5543 602 5586 ut
620 5536 884 5603 quomodo
908 5550 1120 5591 crucem
1135 5546 1191 5593 et
1217 5539 1423 5608 reliqua
1438 5540 1779 5611 improperia,

180 5627 270 5684 sic
293 5627 487 5682 etiam
533 5623 635 5677 hoc
656 5638 753 5693 pro
789 5626 940 5681 nobis
958 5626 1191 5683 subiret.
1234 5627 1477 5695 Qualiter
1524 5638 1701 5686 autem
1729 5632 1781 5687 in

180 5733 363 5776 cruce
404 5711 609 5781 fuerit,
632 5710 882 5773 Sedulius
901 5718 1119 5788 pulchre
1138 5720 1540 5791 comprehcndit
1569 5722 1779 5781 dicens:

1948 1904 2230 1980 Postquam
2286 1920 2460 1963 autem
2508 1909 2884 1978 cruci/iurant
2941 1927 3083 1978 sum,
3144 1913 3431 1968 diviserunt

1879 1998 2177 2053 vestimenta
2202 1999 2555 2070 ejus,snrtem
2591 1999 2869 2055 mittentes.
2931 1999 3164 2059 Joannes
3202 2005 3438 2074 apertius

1881 2088 1982 2143 hoc
2000 2089 2239 2158 exponit,
2289 2090 2432 2158 quod
2467 2089 2573 2143 alia
2602 2089 2921 2145 vestimenta
2958 2100 3197 2162 quatuor
3240 2093 3436 2149 milites

1881 2178 2021 2234 inter
2054 2194 2113 2235 se
2143 2180 2328 2250 partiti
2360 2189 2505 2235 sunt.
2559 2179 2818 2236 Tunicam
2845 2188 3046 2248 autem,
3093 2184 3217 2254 quia
3256 2184 3439 2239 incon-

1870 2270 2056 2325 sutilis
2094 2279 2234 2336 erat,
2291 2279 2490 2326 sortem
2544 2271 2806 2327 miserunt
2845 2270 3001 2341 cujus
3037 2288 3157 2330 esse
3197 2272 3434 2331 deberet.

1883 2358 1994 2415 Hoc
2022 2359 2423 2432 signiﬁcabatur
2449 2361 2573 2431 quia
2611 2360 2957 2433 Evangelium
2983 2361 3437 2418 disseminandum

1882 2467 1979 2522 per
2004 2462 2232 2522 quatuor
2254 2452 2485 2522 angulos.
2513 2461 2688 2508 terrae.
2724 2453 2959 2510 Ecclesia
2987 2463 3166 2510 autem
3191 2455 3307 2524 ejus
3332 2473 3438 2512 una

1884 2550 2027 2597 esset
2052 2543 2232 2597 futura
2256 2558 2353 2614 per
2376 2552 2544 2600 totum
2564 2544 2839 2599 mundum.
2865 2544 2998 2612 Quia
3022 2546 3146 2602 licet
3174 2555 3439 2602 terrarum

1884 2632 2055 2701 spatia
2083 2642 2413 2703 separentur,
2449 2634 2606 2690 electi
2640 2643 2814 2690 tamen
2838 2651 3003 2691 unum
3026 2653 3219 2709 corpus
3240 2631 3440 2695 Christi

1885 2735 2030 2791 sunt,
2072 2736 2127 2782 et
2162 2742 2269 2781 una
2294 2735 2379 2782 est
2407 2727 2643 2783 Ecclesia
2684 2727 2964 2794 catholica,
3017 2730 3189 2795 idest,
3231 2732 3441 2786 univer-

1885 2815 2033 2871 salis.
2075 2815 2145 2870 Et
2176 2817 2408 2872 sedentes
2449 2818 2721 2871 servabant
2760 2833 2899 2871 eum.
2951 2818 3335 2889 Exspectantes
3382 2830 3441 2874 ut

1885 2917 2210 2977 moreretur,
2265 2917 2401 2965 etne
2413 2908 2605 2979 aliquis
2625 2910 2932 2979 deponeret,
2956 2925 3228 2981 usquequo
3246 2926 3443 2982 prmses
3485 2935 3495 2951 ο

1881 2998 2115 3068 juberet.
2178 2999 2248 3054 Et
2285 3002 2640 3070 imposuerunt
2682 3016 2837 3071 super
2866 3010 3015 3071 caput
3065 3002 3181 3071 ejus
3228 3018 3441 3056 causam

1886 3090 2048 3159 ipsius
2078 3090 2326 3161 scriptam
2357 3106 2375 3144 :
2405 3089 2506 3143 Hic
2534 3100 2607 3143 est
2633 3088 2789 3144 Iesus
2817 3106 2908 3144 rea:
2934 3089 3264 3145 Iudicat-unt.
3302 3091 3443 3147 Con-

1883 3178 2106 3233 suetudo
2135 3187 2252 3235 erat
2263 3179 2401 3249 apud
2427 3179 2715 3244 Romanos,
2739 3189 2799 3234 ut
2814 3181 3034 3249 quando
3057 3179 3250 3250 aliquis
3276 3182 3439 3237 morti

1882 3271 2311 3342 adjudicabatur,
2361 3278 2483 3340 post
2525 3272 2761 3327 omnium
2806 3269 3067 3340 judicium
3109 3271 3442 3328 scribebatur

1881 3380 2042 3419 causa
2074 3379 2173 3434 pro
2188 3380 2297 3435 qua
2326 3363 2689 3428 occidebatur,
2715 3371 2770 3418 et
2794 3365 2848 3418 in
2882 3364 2997 3420 loco
3010 3364 3098 3418 ubi
3135 3362 3463 3433 plectendas

1882 3464 1999 3510 erat
2038 3454 2340 3525 legebatur.
2399 3454 2480 3508 Ex
2517 3455 2618 3509 hac
2641 3454 3026 3509 consuetudine
3056 3452 3259 3508 Pilatus
3283 3454 3439 3524 jussit

1881 3545 2068 3610 scribi,
2097 3554 2152 3598 et
2176 3544 2300 3613 quia
2329 3544 2499 3599 iratus
2528 3554 2605 3599 est
2657 3542 2882 3610 Judaeis,
2908 3545 3035 3614 quia
3060 3545 3443 3615 cruciligehaut

1879 3650 2022 3699 eum,
2054 3636 2133 3690 sic
2170 3634 2392 3689 dictavit
2420 3634 2591 3705 ipsum
2615 3634 2846 3690 titulum.
2893 3635 2959 3690 Et
2982 3651 3103 3690 cum
3137 3634 3303 3690 Judaei
3351 3651 3439 3703 pe-

1880 3725 2081 3780 ticrunt
2107 3724 2267 3780 aliter
2288 3723 2473 3789 scribi,
2496 3724 2633 3779 dixit
2659 3742 2672 3778 :
2697 3724 2849 3790 Quod
2872 3725 3074 3795 scripsi,
3105 3725 3308 3795 scripsi.
3333 3724 3440 3778 Deo
3473 3743 3480 3749 ·

1880 3823 2057 3870 autem
2087 3814 2287 3886 placuit
2310 3823 2369 3869 ut
2396 3815 2475 3870 sic
2492 3814 2840 3881 scriberetur,
2880 3824 2940 3870 ut
2969 3824 3293 3887 cognoscant
3318 3815 3442 3870 licet

1878 3906 2029 3961 inviti
2061 3904 2228 3962 Judtci
2262 3907 2387 3977 quia
2432 3908 2545 3976 ipse
2569 3916 2652 3963 est
2676 3922 2769 3962 rex
2796 3907 3057 3964 universae
3086 3916 3242 3965 terra:
3279 3916 3335 3963 ct
3363 3909 3440 3977 ip-

1878 4011 2083 4053 sorum.
2130 3997 2467 4067 Spiritalibus
2492 4012 2702 4068 quoque
2736 3996 2963 4064 Judmis,’
2996 3998 3098 4053 hoc
3126 4007 3209 4054 est
3229 3998 3440 4055 confes-

1880 4085 2093 4142 soribus
2119 4086 2382 4157 benignus
2411 4102 2524 4141 rex.
2569 4085 2695 4140 Fuit
2737 4096 2918 4141 autem
2955 4087 3009 4141 in
3041 4086 3214 4143 tribus
3245 4088 3441 4160 linguis

1878 4176 2157 4246 scriptum.
2199 4176 2254 4230 in
2290 4176 2537 4241 Hebrmo,
2587 4186 2807 4246 propter
2840 4175 3096 4245 Judaeos;
3146 4176 3200 4233 in
3247 4176 3435 4234 Graeco

1877 4270 2005 4340 quia
2057 4270 2262 4335 nobiles
2305 4271 2670 4326 Romanorum
2720 4269 2904 4325 Graece
2938 4270 3336 4339 loquebantur;
3386 4271 3440 4325 in

1877 4359 2088 4425 Latino,
2123 4369 2340 4431 propter
2376 4359 2668 4421 Romanos.
2716 4359 2783 4414 Et
2823 4358 2940 4414 istm
2968 4368 3075 4414 tres
3114 4358 3308 4429 linguae
3349 4375 3443 4412 cx-

1879 4448 2213 4504 cellentiores
2247 4450 2299 4504 in
2337 4457 2449 4504 toto
2489 4449 2687 4503 mundo
2723 4457 2875 4514 sunt,
2916 4458 2973 4505 et
3012 4457 3233 4520 propter
3273 4448 3441 4518 perfe-

1880 4541 2260 4607 ctionem.sui,
2295 4549 2351 4596 et
2387 4549 2603 4611 propter
2647 4555 2741 4595 eas
2776 4555 2894 4609 quae
2927 4555 3020 4594 eas
3061 4537 3437 4609 loquebantur.

1881 4632 2142 4688 llebraica
2189 4631 2313 4702 quia
2367 4631 2479 4701 ipsa
2519 4640 2635 4686 erat
2661 4640 2834 4685 mater
2882 4630 3206 4701 linguarum.
3253 4630 3440 4686 Graeca

1881 4731 2096 4794 propter
2121 4723 2457 4792 sapientiam.
2495 4723 2629 4790 Quia
2657 4722 3007 4792 sapientiores
3040 4732 3163 4777 sunt
3198 4723 3445 4777 omnibus

1881 4812 2128 4884 gentibus
2149 4812 2331 4882 etipsa
2361 4813 2607 4867 souorior
2625 4812 2743 4868 aliis
2770 4812 2981 4882 linguis.
3012 4813 3197 4868 Latina
3228 4822 3458 4884 propter

1891 4903 2165 4959 Romanos
2207 4901 2301 4972 qui
2336 4910 2461 4956 tunc
2493 4900 2611 4955 orbi
2655 4910 2809 4955 terra:
2834 4900 3264 4956 dominabantur.
3302 4900 3446 4955 Tunc

1888 4996 2256 5066 cruciﬁxerunt
2282 5011 2399 5049 cum
2423 5011 2482 5048 eo
2498 4993 2629 5047 duos
2656 4992 3081 5059 tatrones,unum
3103 5011 3134 5046 a
3154 4993 3371 5056 dextris,
3395 5003 3447 5044 et

1889 5105 2048 5143 unum
2067 5105 2099 5141 a
2123 5089 2368 5142 sinistris.
2399 5083 2575 5139 Velint
2601 5086 2766 5139 nolint
2793 5084 2982 5151 Judaei,
3009 5085 3187 5139 omnia
3221 5085 3447 5156 mystice

1888 5189 2135 5251 aguntur.
2185 5178 2335 5231 Licet
2359 5176 2463 5245 ipsi
2488 5184 2673 5245 putent
2719 5184 2870 5246 turpe
2915 5176 3254 5247 supplicium.
3308 5175 3445 5228 Ecce

1890 5274 2149 5329 Dominus
2170 5271 2407 5326 medicus
2426 5268 2754 5338 crucifigitur
2775 5276 2833 5323 ut
2852 5268 3166 5323 ostendatur
3191 5266 3312 5334 quia
3337 5267 3449 5334 ipse

1889 5352 1971 5419 est
1987 5362 2150 5431 iudex
2168 5360 2347 5432 p0puli
2369 5359 2492 5413 boni
2514 5367 2568 5414 et
2600 5358 2743 5413 mali.
2767 5359 2833 5413 Et
2857 5359 2997 5412 sicut
3017 5358 3071 5411 in
3087 5356 3289 5425 judicio
3317 5354 3443 5409 boni

1886 5462 2150 5524 ponentur
2170 5452 2238 5507 ad
2256 5451 2549 5515 dexteram,
2568 5448 2691 5503 mali
2715 5449 2780 5503 ad
2804 5448 3093 5510 sinistram,
3120 5447 3191 5500 ita
3215 5455 3268 5499 et
3288 5443 3447 5499 modo

1886 5547 2059 5601 bonus
2080 5542 2149 5597 ad
2177 5541 2475 5604 dexteram,
2502 5538 2623 5592 mali
2646 5539 2713 5593 ad
2739 5538 3033 5593 sinistram.
3066 5538 3444 5591 Prwterenntcs

1887 5644 2059 5688 autem
2085 5628 2505 5700 blt'upltemabant
2532 5644 2666 5689 eum,
2699 5638 2955 5681 moventes
3009 5627 3180 5696 capita
3206 5641 3321 5680 sua.
3342 5625 3442 5693 Qui

1890 5734 2009 5781 ante
2040 5738 2151 5780 non
2194 5728 2440 5794 poterant
2464 5735 2591 5776 cum
2612 5718 2791 5776 videre
2826 5733 2935 5790 pra:
2959 5718 3186 5787 invidia,
3233 5718 3445 5788 qttandn
