3988 6186
514 406 645 464 1191

523 494 750 584 virtutes
765 518 1016 582 faciebat,
1043 521 1170 570 tunc
1198 506 1540 564 ambulabant
1560 511 1740 555 coram
1766 495 1905 563 ipso,
1926 490 2051 559 quia
2077 489 2128 549 Α

512 631 643 677 tunc
663 633 784 675 eum
808 613 1059 669 videbant
1078 609 1217 663 sicut
1237 603 1336 675 ipsi
1354 613 1566 668 semper
1583 596 1917 664 optaverant.
1939 584 2053 639 Mo-

512 711 707 766 vebant
732 701 1066 774 capita,sicut
1090 696 1262 753 solent
1290 691 1464 746 facere
1490 686 1542 742 hi
1566 683 1655 754 qui
1676 677 1978 751 superiores
2000 687 2060 727 se

515 763 859 858 arbitrantur,
883 763 1069 846 contra
1112 800 1204 839 eos
1244 795 1378 853 quos
1422 773 1738 845 despiciunt.
1788 765 1935 822 Vali!
1972 763 2060 831 qui

515 888 738 945 destruis
759 852 1000 952 templum
1038 876 1149 930 Dei.
1190 870 1297 925 Vah
1346 864 1645 936 interiectio
1686 869 1770 914 est
1810 852 2062 917 laetantis,

518 978 642 1048 quia
687 943 1005 1029 laetabantur
1045 964 1285 1017 videntes
1328 954 1469 1026 quod
1511 964 1722 1019 semper
1764 943 2060 1013 cupierant.

518 1028 644 1123 ﬁdit
685 1069 861 1116 autem
904 1053 1041 1124 apud
1085 1050 1332 1118 antiquos
1372 1042 1577 1111 integra
1597 1032 1917 1106 interiectio,
1942 1028 2064 1092 vah,

520 1153 614 1211 sed
641 1160 820 1207 tamen
847 1118 1029 1203 multis
1073 1139 1320 1212 gentibus
1348 1141 1445 1203 est
1480 1130 1571 1185 illa
1616 1122 1932 1182 communis.
1987 1118 2067 1174 0h

521 1209 746 1318 gratiam
776 1209 1097 1307 captandam
1133 1230 1197 1285 de
1232 1224 1564 1298 principibus
1605 1217 1849 1285 vulgares
1888 1209 2070 1283 populi

523 1302 623 1390 ista
665 1302 1039 1399 loquebantur,
1069 1328 1123 1375 et
1164 1316 1435 1388 principes
1466 1320 1526 1366 ut
1572 1309 1665 1365 illi-
1690 1305 1918 1377 amplius
1968 1302 2071 1356 hoc

521 1425 803 1484 iterarent,
824 1425 1008 1488 postea
1035 1410 1222 1469 eadem
1250 1406 1622 1476 loquebantur,
1648 1401 2072 1456 demonstrantes

524 1531 583 1572 se
607 1514 705 1570 sibi
739 1486 949 1581 placere
977 1519 1095 1576 quae
1127 1501 1390 1557 dixerant.
1439 1493 1690 1550 Similiter
1732 1499 1781 1544 et
1820 1486 2073 1559 principes

524 1578 849 1660 sacerdotum
884 1595 1119 1651 dicebant
1143 1605 1162 1643 :
1190 1589 1333 1643 Alios
1359 1584 1527 1640 salvos
1559 1581 1698 1651 fecit,
1724 1578 1946 1647 seipsum
1971 1589 2076 1626 non

524 1702 689 1766 potest
745 1689 943 1744 salvum
995 1676 1183 1753 facere:
1227 1678 1477 1734 Nolentcs
1523 1670 1780 1727 Pharisaei
1826 1675 1883 1722 et
1924 1662 2073 1719 inviti

531 1784 890 1845 testimonium
937 1777 1219 1850 perhibent
1258 1771 1497 1831 Christo,
1540 1765 1682 1836 quod
1722 1761 1855 1816 alios
1900 1757 2080 1813 salvos

529 1878 736 1941 fecerit,
761 1881 815 1929 et
843 1872 897 1926 in
931 1871 1031 1925 hoc
1057 1872 1295 1936 apparet,
1322 1861 1446 1930 quia
1476 1857 1522 1913 si
1560 1854 1743 1917 vellet,
1768 1856 1951 1920 posset

530 1970 704 2039 ipsum
725 1933 798 2019 Ide
828 1958 1077 2032 praesenti
1092 1933 1348 2025 periculo
1390 1948 1637 2005 liberare.
1682 1940 1738 1997 Si
1784 1955 1879 1994 rex
1917 1933 2081 1991 Israel

531 2027 626 2124 e-st,
645 2027 917 2110 descendat
944 2050 1011 2104 de
1044 2062 1211 2109 cruce,
1254 2051 1302 2097 et
1344 2040 1598 2096 credimus
1645 2036 1712 2089 ei.
1762 2027 2083 2089 Scandalum

536 2149 840 2203 Judzeorum
867 2144 920 2197 in
950 2141 1051 2194 hoc
1087 2136 1375 2191 maximum
1406 2137 1543 2192 erat,
1570 2125 1695 2195 quia
1718 2120 1973 2177 Dominus
2000 2116 2087 2170 Fi-

533 2239 662 2293 lium
702 2235 795 2289 Dei
834 2246 956 2288 sese
994 2229 1207 2290 dixerit,
1236 2231 1289 2277 et
1329 2235 1509 2289 regem
1553 2215 1880 2275 Judieorum,
1904 2216 1961 2263 et
1984 2207 2089 2261 hoc

535 2341 748 2398 semper
782 2323 1041 2393 replicant
1076 2326 1132 2373 et
1174 2315 1558 2384 improperant.
1592 2305 1744 2373 Quod
1784 2310 1961 2355 autem
2005 2296 2088 2351 di-

536 2431 685 2485 cunt,
717 2391 991 2472 descendat
1020 2426 1156 2466 nunc
1173 2409 1236 2462 de
1261 2402 1530 2469 crnce,vel
1550 2414 1646 2471 pro
1669 2391 2091 2465 impossibilitate

535 2506 888 2579 dieuntquasi
908 2511 1010 2558 non
1032 2508 1215 2572 posset
1241 2499 1342 2551 hoc
1366 2494 1565 2556 lacere,
1578 2488 1659 2543 vel
1684 2488 1950 2541 daemones
1969 2491 2094 2534 sua-

540 2600 737 2657 debant
754 2573 836 2651 eis
873 2594 1052 2649 dicere
1083 2590 1204 2652 hoc,
1236 2588 1359 2655 quia
1381 2583 1490 2652 jam
1516 2577 1817 2635 sentiebant
1840 2573 2094 2626 virtutem

541 2690 765 2754 Christi,
781 2688 1023 2743 videntes
1037 2682 1217 2739 omnia
1247 2679 1507 2735 elementa
1527 2667 1853 2731 conturbari,
1869 2672 1923 2717 et
1942 2659 2096 2716 intel-

541 2784 771 2854 ligentes
790 2786 1089 2835 creatorem
1111 2770 1295 2828 mundi
1318 2762 1789 2836 esse,pu3nitentes
1815 2754 1955 2827 quod
1976 2768 2098 2809 cru-

540 2869 835 2926 ciﬁxissent
858 2880 999 2927 eum,
1020 2863 1157 2918 sicut
1182 2857 1379 2913 Paulus
1404 2851 1675 2925 apostolus
1700 2846 1861 2904 dicit:
1884 2844 1944 2900 Si
1962 2841 2099 2896 enim

541 2960 1215 3024 inteﬂexissengnunquam
1231 2948 1503 3004 Dominum
1516 2942 1693 3015 gloria:
1703 2933 2097 3005 crucifixisscnt.

614 3072 850 3143 Idipsum
879 3078 1051 3122 autem
1085 3075 1132 3119 et
1156 3064 1381 3117 latrones
1403 3059 1490 3130 qui
1518 3052 1756 3122 cruciﬁxi
1793 3056 1939 3105 erant
1981 3059 2101 3101 cum

545 3182 629 3230 eo,
659 3140 1073 3232 iniproperabant
1096 3157 1161 3209 ei.
1192 3153 1295 3206 Per
1332 3160 1540 3218 tropum
1572 3145 1663 3215 qui
1691 3140 1983 3212 appellatur
2007 3150 2099 3206 sy-

548 3230 743 3323 lepsis,
758 3247 970 3316 utrique
992 3246 1229 3299 latrones
1271 3238 1681 3293 introducantur
1706 3230 2104 3299 blasphemasse

549 3358 697 3406 eum,
716 3354 839 3395 cum
855 3335 1006 3405 juxta
1032 3334 1233 3388 Lucam
1258 3344 1365 3383 uno
1385 3325 1804 3396 blasphemante,
1819 3318 1952 3372 alter
1977 3330 2105 3370 con-

550 3432 728 3490 fessus
752 3429 822 3484 sit
846 3441 987 3481 eum.
1013 3424 1079 3479 Et
1097 3427 1271 3494 potest
1290 3417 1404 3473 fieri
1426 3424 1483 3470 ut
1501 3413 1671 3485 primo
1693 3408 1848 3463 ambo
1861 3405 2107 3474 blasphe-

552 3529 810 3584 inassent,
836 3525 1020 3589 postea
1048 3527 1176 3568 vero
1203 3523 1359 3573 unus,
1387 3520 1510 3561 cum
1534 3501 1666 3556 vidit
1688 3499 1946 3554 elementa
1990 3502 2107 3547 tur-

555 3613 696 3679 bari,
721 3621 1013 3666 conversus
1037 3611 1141 3668 est,
1161 3611 1216 3657 et
1245 3596 1469 3654 credidit
1493 3607 1615 3648 eum
1656 3589 1960 3644 Dominum.
2003 3583 2110 3637 lla"—

557 3705 673 3761 buit
704 3715 832 3756 vero
862 3698 1001 3753 idem
1029 3695 1166 3748 latro
1190 3700 1302 3745 tres
1328 3688 1550 3743 virtutes
1579 3682 1634 3736 in
1663 3681 1777 3750 ipsa
1808 3691 1988 3736 cruce,
2012 3688 2111 3745 pro

556 3795 752 3865 quibus
792 3785 1001 3844 Domini
1029 3781 1259 3854 gratiam
1295 3781 1571 3832 assecutus
1594 3778 1695 3834 est,
1724 3768 1775 3823 id
1804 3774 1904 3828 est,
1932 3765 2112 3827 ﬁdem,

559 3902 710 3959 spem
738 3892 792 3938 et
819 3880 1159 3937 cbaritatem.
1190 3871 1374 3928 Fidem
1408 3864 1618 3931 habuit,
1661 3861 1786 3931 quia
1831 3856 2115 3913 Dominum

448 3992 461 4001 ‘
563 3978 790 4038 credidit
821 3980 1187 4043 regnaturum,
1218 3977 1374 4034 quem
1398 3972 1579 4017 secum
1602 3953 1815 4010 videbat
1838 3950 1991 4004 mori.
2020 3946 2118 4001 Ha-

564 4072 678 4128 buit
701 4062 1025 4140 spem,quia
1049 4059 1137 4114 illa
1164 4053 1381 4128 praemia
1406 4065 1524 4121 qua:
1552 4063 1650 4101 nos
1680 4042 2047 4114 sperabamus,
2066 4044 2120 4091 et

567 4166 679 4235 ipse
690 4155 977 4232 postulavit
996 4151 1178 4207 dicens
1202 4165 1216 4200 :
1241 4143 1497 4199 Memento
1518 4136 1633 4198 mei,
1652 4132 1892 4194 Domine,
1906 4143 2021 4181 cum
2039 4140 2120 4179 re-

568 4219 711 4310 neri;
726 4255 781 4306 in
802 4261 1017 4318 regnum
1039 4251 1206 4296 tuum.
1232 4232 1427 4291 Habuit
1452 4227 1786 4288 charitatem,
1804 4221 1894 4291 qui
1919 4219 2121 4274 socium

569 4360 723 4402 suum
752 4308 892 4396 inter
918 4339 1181 4392 tormenta
1203 4325 1464 4396 castigare
1483 4317 1685 4376 studuit
1705 4314 1914 4369 dicens:
1944 4308 2124 4378 Neque

570 4447 628 4491 tu
661 4434 807 4487 times
838 4426 1029 4489 Deum,
1048 4420 1172 4494 quia
1201 4418 1257 4471 in
1285 4413 1461 4469 eadem
1493 4402 1824 4463 damnatione
1867 4415 1941 4454 es.
1990 4396 2124 4450 Pro-

574 4538 752 4600 pterea
779 4521 975 4579 meruit
1002 4515 1220 4571 audire:
1248 4507 1416 4563 Hodie
1439 4518 1635 4558 mecum
1659 4498 1760 4553 eris
1776 4496 1832 4549 in
1856 4490 2121 4564 paradiso.
2151 4508 2201 4569 Β

577 4583 687 4670 lloc
712 4619 794 4668 est
822 4611 875 4664 in
912 4607 1001 4661 illo
1026 4604 1143 4659 loco
1172 4598 1266 4654 ubi
1315 4596 1463 4651 dives
1513 4590 1776 4645 Lazarum
1820 4583 1953 4637 vidit
2004 4593 2126 4633 cum

576 4705 861 4762 Abraham.
892 4698 993 4764 Qui
1020 4691 1303 4765 paradisus
1339 4692 1482 4739 recte
1508 4687 1730 4734 vocatur
1754 4674 1820 4729 ad
1848 4683 2127 4742 compara-

577 4798 775 4852 tionem
802 4789 1026 4844 aliorum
1054 4783 1289 4836 locorum
1316 4768 1672 4830 infernaliuin.
1722 4762 1823 4819 Ubi
1860 4759 2019 4813 etiam
2047 4756 2132 4809 de—

579 4889 782 4962 positos
809 4880 1074 4936 credimus
1101 4873 1217 4928 illos
1239 4881 1373 4939 quos
1399 4864 1465 4918 de
1503 4859 1673 4932 pomis
1719 4851 1913 4909 inferni
1955 4847 2132 4903 Domi-

583 4942 607 4962 ,
623 4942 639 4949 ν

583 4996 683 5036 nus
714 4970 979 5034 liberavit,
1004 4978 1170 5034 usque
1196 4975 1302 5031 quo
1326 4957 1379 5012 in
1414 4952 1607 5009 corlum
1628 4942 1922 5001 ascendens
1949 4950 2132 4993 secum

590 5360 728 5406 stem
753 5302 1062 5399 introduxit,
1089 5340 1145 5388 et
1171 5334 1293 5399 post
1320 5323 1452 5377 alios
1472 5359 1485 5383 ,
1516 5314 1658 5386 quod
1695 5324 1802 5364 non
1844 5302 1942 5358 fuit

593 5451 754 5512 quam
785 5433 839 5486 in
874 5426 1069 5483 omium
1098 5416 1409 5476 ascenderet
1450 5415 1571 5479 post
1611 5397 1960 5472 quadraginta
2003 5390 2136 5443 dies.

594 5481 639 5584 Ἀ
663 5532 810 5581 sexta
839 5527 1011 5573 autem
1037 5512 1167 5566 hora
1195 5504 1410 5561 tenebra:
1441 5500 1593 5569 facta?
1615 5500 1735 5546 sunt
1762 5500 1914 5555 super
1940 5481 2144 5535 univer-

596 5632 708 5675 sam
730 5622 943 5671 terram,
962 5615 1123 5672 usque
1148 5595 1214 5650 ad
1244 5592 1425 5646 horam
1462 5597 1670 5639 nonam.
1715 5575 1851 5651 Quia
1892 5567 2147 5626 Dominus

600 5712 749 5758 sexta
787 5700 922 5753 hora
966 5657 1180 5748 crucem
1225 5678 1486 5743 ascendit,
1522 5672 1600 5728 sol
1648 5662 1923 5723 abscondit
1970 5657 2148 5712 radios

607 5805 728 5847 suos
750 5786 923 5842 tribus
938 5767 1090 5838 boris
1118 5779 1171 5832 in
1201 5773 1393 5844 quibus
1421 5764 1679 5822 Dominus
1722 5758 1773 5811 in
1819 5765 1978 5809 cruce
2026 5746 2145 5812 luit,

1272 384 1654 451 CHRISTIANI
1690 372 2095 438 DRUTHMARI
2120 358 2572 428 ‘CORBEIENSIS
2611 353 2909 412 MONAClll

1994 1860 2079 1901 se-
2104 1825 2152 1886 Β
2176 1842 2299 1894 race
2319 1847 2526 1904 magna,
2544 1829 2753 1881 dicens:

3563 336 3710 395 119‘!-

2155 490 2210 537 et
2236 479 2377 535 sicut
2403 476 2516 545 ipse
2558 471 2729 526 tribus
2767 464 2916 521 horis
2955 461 3009 515 in
3047 453 3286 528 patibulo
3326 449 3601 525 pependit.
3626 456 3713 506 sic

2154 571 2328 626 tribus
2353 544 2541 621 ditibus
2568 563 2621 616 in
2650 557 2893 628 sepulcro
2913 549 3100 622 jacuit.
3134 545 3201 600 Et
3230 544 3370 598 sicut
3394 558 3499 596 non
3522 556 3717 596 omnes

2157 668 2268 714 tres
2289 659 2435 712 hora:
2455 650 2728 722 completas
2752 654 2874 701 sunt
2902 645 2956 696 in
3006 637 3255 711 passione
3292 635 3435 704 ejus,
3484 633 3565 686 sic
3610 643 3716 685 nee

2157 764 2254 820 per
2291 758 2477 815 omnes
2521 741 2633 796 dies
2669 735 2840 806 jacuit
2880 733 2935 787 in
2977 728 3239 799 sepulcro,
3270 725 3363 780 sed
3390 739 3419 776 a
3452 730 3564 776 toto
3584 734 3718 791 pars

2159 811 2489 907 intelligitur.
2516 829 2682 886 ιιιᾱωί
2707 822 2961 894 suspicati
2992 827 3116 874 sunt
3151 815 3295 887 quod
3328 811 3550 882 eclipsis
3587 811 3719 865 satis

2158 930 2243 985 vel
2267 900 2404 984 lunae
2434 923 2595 979 fuerit
2646 921 2763 990 ipso
2805 924 3074 982 tempore;
3123 905 3214 963 sed
3266 920 3372 959 non
3426 902 3548 965 fuit,
3589 900 3719 970 quia

2162 1021 2375 1092 eclipsis
2400 1016 2527 1073 solis
2547 1027 2652 1069 non
2680 1014 2856 1081 potest
2874 1018 2994 1059 esse
3020 998 3121 1055 nisi
3146 998 3198 1052 in
3224 1006 3342 1051 ortu
3370 993 3723 1060 lunae,neque

2164 1084 2378 1184 eclipsis
2399 1109 2539 1164 lunae
2562 1104 2662 1158 nisi
2694 1102 2747 1156 in
2777 1096 2943 1154 veteri
2990 1094 3135 1147 luna.
3174 1089 3249 1144 Ea
3287 1088 3423 1142 hora
3462 1084 3722 1138 Dominus

2164 1176 2416 1277 pependit
2437 1201 2492 1254 in
2517 1209 2677 1253 cruce
2715 1206 2818 1261 qua
2862 1187 3031 1243 Adam
3074 1186 3317 1254 peccavit
3361 1179 3417 1234 in
3442 1176 3718 1249 paradiso.

2167 1262 2301 1349 litim
2328 1289 2583 1358 scriptum
2612 1292 2695 1339 est
2727 1278 2869 1351 quod
2912 1275 3143 1331 audierit
3181 1270 3351 1326 Adam
3395 1281 3583 1321 vocem
3623 1262 3721 1319 Dei

2168 1357 2490 1439 ambulantis
2516 1378 2568 1432 in
2595 1372 2842 1445 paradiso
2868 1374 2990 1439 post
3013 1363 3311 1420 meridiem.
3352 1359 3554 1413 Eadem
3589 1357 3724 1410 hora

2170 1491 2277 1547 qua
2305 1473 2477 1527 Adam
2501 1475 2727 1523 mortem
2775 1460 3003 1522 induxit,
3048 1455 3237 1510 eadem
3284 1454 3415 1506 hora
3457 1447 3728 1503 secundus

2172 1534 2229 1622 et
2256 1578 2416 1619 verus
2441 1560 2606 1615 Adam
2636 1563 2861 1638 mortem
2883 1549 3028 1604 vicit.
3068 1544 3136 1600 Et
3159 1545 3300 1598 sicut
3326 1539 3585 1595 Dominus
3623 1534 3729 1589 tri-

2179 1747 2279 1802 fuit
2300 1746 2353 1800 in
2372 1717 2638 1812 paradiso.
2667 1736 2729 1788 Et
2750 1734 2885 1787 circa
2899 1732 3079 1783 horam
3102 1738 3290 1779 nonam
3315 1721 3555 1775 clamavit
3576 1717 3734 1771 Iesus

2783 1821 2890 1885 Eli,
2921 1817 3035 1882 Eli,
3055 1817 3247 1868 lamina
3266 1808 3594 1865 subactliani.
3622 1805 3731 1859 lle-

2178 1926 2364 1985 braica
2408 1901 2587 1990 lingua
2628 1915 2848 1987 ponitur
2886 1910 3026 1964 idem
3054 1901 3368 1963 versiculus,
3396 1905 3619 1969 propter
3651 1910 3740 1949 re-

2183 2016 2476 2073 verentiam
2500 2006 2732 2068 Domini,
2756 2003 2881 2074 quia
2909 1999 3085 2055 oratio
3112 1996 3225 2065 eius
3253 2001 3358 2055 est,
3385 1990 3508 2044 ideo
3530 2003 3636 2042 non
3652 1997 3738 2041 est

2184 2113 2610 2178 interpretmum.
2636 2099 2749 2153 Non
2771 2103 2950 2150 autem
2971 2089 3131 2146 habet
3144 2088 3196 2141 in
3217 2085 3441 2138 Hebrum
3470 2080 3663 2149 respice
3679 2079 3740 2130 in

2185 2216 2288 2265 me,
2308 2198 2448 2253 sicut
2481 2194 2535 2248 in
2564 2187 2764 2245 nostris
2784 2180 3076 2243 Psalteriis,
3093 2190 3266 2245 neque
3282 2188 3426 2225 meas
3456 2211 3473 2235 ,
3502 2168 3606 2223 nisi
3633 2180 3741 2221 una

2186 2290 2331 2357 vice,
2357 2300 2459 2341 nec
2499 2282 2664 2337 etiam
2703 2278 2756 2332 in
2800 2274 3008 2331 Graeco.
3068 2267 3200 2322 Nam
3228 2265 3415 2321 Graec
3441 2261 3654 2319 dicitur.
3676 2261 3745 2311 ‘o

2187 2385 2333 2447 Θεὸς,
2361 2376 2386 2431 ὁ
2410 2377 2531 2437 Θεὸς
2557 2373 2768 2445 μοῦ,ἷνα
2787 2370 2837 2424 τί
2859 2363 3166 2440 ἐγκατέλιπές
3191 2379 3273 2432 με.
3296 2355 3375 2410 Ex
3396 2367 3622 2424 persona
3648 2349 3748 2404 ho-

2190 2437 2351 2529 minis
2378 2468 2470 2538 qui
2495 2437 2797 2536 patiebatur
2818 2437 2931 2511 haec
2952 2451 3205 2521 loquitur,
3227 2447 3348 2516 quia
3374 2443 3523 2513 quasi
3554 2437 3745 2493 omnia

2191 2528 2460 2619 habebant
2479 2528 2644 2611 Judaei
2665 2546 2955 2606 secundum
2982 2555 3133 2597 suam
3160 2537 3476 2591 voluntatem
3500 2528 3743 2599 impleta,

2194 2669 2314 2711 cum
2340 2651 2487 2706 illum
2515 2646 2760 2700 viderent
2784 2637 2914 2694 mori
2944 2637 2997 2690 in
3023 2645 3207 2688 cruce.
3247 2626 3359 2681 Non
3382 2632 3564 2677 autem
3588 2618 3750 2674 debet

2194 2705 2443 2812 conjungi
2472 2738 2489 2792 ι
2515 2750 2635 2791 cum
2659 2735 2699 2798 i,
2727 2731 2820 2787 sed
2867 2724 3177 2797 separatim,
3210 2733 3310 2773 nec
3351 2705 3512 2769 debet
3552 2710 3750 2765 habere

2196 2841 2253 2895 in
2294 2810 2469 2906 capite
2497 2826 2895 2906 aspiratipnem.
2928 2817 2995 2873 El
3021 2815 3164 2872 enim
3197 2810 3431 2881 primum
3456 2818 3650 2860 nomen
3670 2810 3750 2856 est

2194 2891 2264 2985 de
2298 2891 2480 2981 decem
2527 2891 2829 2974 nominibus
2873 2909 3075 2981 quibus
3109 2904 3253 2958 Deus
3299 2895 3598 2968 appellatur
3619 2891 3755 2963 apud

2199 3022 2445 3083 indutos,
2468 3024 2521 3071 et
2548 3011 2817 3068 invenitur
2859 3006 2913 3059 in
2954 2998 3257 3056 nominibus
3307 2991 3655 3046 Hebraeorum
3702 2984 3756 3036 in

2205 3119 2333 3182 line,
2369 3122 2431 3168 ut
2466 3105 2713 3169 Michael,
2754 3098 2985 3161 Gabriel,
3030 3088 3286 3164 Bapliael.
3332 3084 3542 3140 Dicitur
3576 3085 3757 3133 autem
3838 3100 3847 3105 -

2205 3164 2770 3276 Graicewi'exupocpid
2806 3198 2889 3246 est
2930 3186 3101 3258 fortis.
3155 3179 3378 3244 Quidam
3418 3183 3596 3227 autem
3652 3164 3757 3221 illic

2203 3305 2397 3351 stantes
2419 3299 2465 3345 et
2495 3254 2760 3342 audientes
2787 3254 3022 3333 dicebant
3047 3286 3064 3325 .‘
3097 3268 3293 3325 Heliam
3326 3271 3476 3317 vocat
3516 3259 3638 3311 iste.
3666 3254 3762 3309 lli-

2204 3350 2324 3441 lites
2347 3386 2450 3439 hoc
2478 3373 2868 3442 dicebant,quia
2909 3365 3083 3438 ignari
3108 3368 3256 3417 erant
3278 3355 3520 3410 Hebraea:
3541 3350 3757 3419 lingua.

2414 3472 2581 3530 Judaei
2608 3471 2709 3523 hoc
2734 3438 2983 3520 dicebant
3004 3451 3294 3513 irridendo,
3307 3456 3363 3503 et
3387 3438 3761 3500 commutando

2209 3534 2261 3627 in
2292 3568 2487 3625 malam
2515 3570 2752 3634 partem,
2785 3564 2848 3611 ut
2873 3553 3098 3622 reliqua.
3140 3545 3275 3601 Nam
3309 3550 3364 3597 et
3384 3538 3462 3593 Eli
3492 3534 3765 3605 propheta:

2209 3674 2406 3716 nomen
2424 3628 2561 3709 Deus
2584 3665 2726 3704 mens
2757 3646 3161 3711 interpretatur.
3193 3632 3259 3687 Et
3293 3628 3526 3684 continuo
3546 3635 3763 3675 cum

2210 3767 2343 3805 unus
2364 3763 2427 3802 ea:
2454 3745 2549 3808 eis,
2572 3740 2764 3810 accepit
2792 3723 3317 3804 spongiam,impleeit
3345 3727 3506 3780 aceto,
3532 3723 3580 3767 et
3601 3714 3767 3782 inspo-

2211 3841 2312 3895 suit
2336 3802 2605 3894 arundini,
2631 3840 2678 3884 et
2692 3802 2857 3882 'dabat
2882 3823 2929 3876 ei
2950 3820 3134 3874 bibere.
3175 3815 3325 3869 Sicut
3365 3809 3540 3863 Lucas
3567 3802 3766 3865 refert;

2213 3891 2411 3987 milites
2436 3891 2719 3981 illude'ntes
2745 3919 2848 3972 hoc
2883 3913 3149 3971 fecerunt,
3172 3904 3298 3974 quia
3327 3907 3389 3981 et.
3420 3900 3523 3953 hoc
3549 3891 3771 3965 prophe-

2217 4029 2386 4076 tatum
2424 4015 2618 4075 fuerat,
2644 4020 2699 4065 et
2725 4005 2980 4061 Dominus
3006 3999 3234 4059 dixerat,
3261 3975 3397 4063 quia'
3411 3988 3615 4044 sciebat
3645 3995 3770 4052 pro-

2215 4115 2494 4183 phetatum
2526 4106 2591 4160 de
2610 4073 2706 4167 se,
2730 4107 2783 4155 et
2809 4111 2909 4151 nec
2930 4093 3054 4147 dum
3077 4084 3397 4155 completum
3421 4080 3591 4135 dixit:
3619 4073 3769 4128 Sitio.

2219 4168 2330 4260 lloc
2352 4208 2436 4256 est
2464 4198 2576 4253 scio
2603 4196 2668 4250 de
2695 4207 2778 4246 me
2805 4188 3204 4260 prophetatum,
3236 4186 3294 4233 et
3317 4189 3417 4230 nec
3453 4168 3771 4238 completum

2221 4294 2521 4365 impleatur.
2553 4288 2620 4341 Et
2645 4294 2772 4339 tunc
2790 4287 2948 4336 erunt
2968 4273 3149 4331 omnia
3175 4268 3387 4338 impleta
3421 4277 3542 4333 qua:
3572 4261 3639 4314 de
3660 4268 3769 4310 mea

2216 4345 2469 4458 passione
2495 4379 2707 4433 fuerunt
2730 4370 3064 4443 prophetata.
3106 4363 3250 4416 Bene
3290 4358 3432 4411 hunc
3468 4358 3657 4422 potum
3682 4345 3776 4399 luit

2224 4472 2549 4532 conveniens
2568 4467 2683 4521 dari
2711 4462 2949 4525 Christo,
2975 4456 3099 4525 quia
3128 4453 3269 4507 sicut
3306 4456 3517 4501 acetum
3551 4441 3618 4495 de
3642 4440 3779 4492 bono

2225 4568 2352 4620 vino
2371 4564 2460 4625 sit,
2486 4561 2558 4614 ita
2585 4554 2751 4611 ,ιυάωί
2774 4554 2839 4607 de
2860 4551 2997 4603 bona
3021 4542 3276 4615 progenie
3301 4536 3425 4593 mali
3446 4539 3605 4589 erant
3630 4525 3773 4583 facti.

2226 4656 2380 4710 Iesus
2411 4661 2580 4705 autem
2608 4649 2795 4701 iterum
2820 4640 3050 4696 clamans
3070 4633 3192 4688 'voce
3218 4644 3428 4700 magna.
3450 4624 3509 4678 ld
3553 4629 3637 4676 est
3679 4618 3781 4672 cir-

2226 4741 2618 4825 cumstantibus
2645 4744 2699 4791 et
2720 4730 3073 4788 audientibus.
3094 4724 3234 4791 Quid
3273 4716 3588 4775 clamaverit
3625 4710 3781 4765 Joan-

2874 4819 2907 4825 ⁸
3070 4818 3086 4825 ⁵
3358 4822 3367 4825 -
3454 4824 3459 4825 γ
3498 4798 3781 4825 ----.-....Ι-

2228 4854 2326 4895 nes
2351 4835 2590 4891 scribens
2618 4829 2789 4897 inquit
2820 4841 2833 4877 :
2867 4819 3044 4883 Pater,
3066 4818 3121 4870 in
3146 4828 3331 4869 manus
3352 4822 3469 4863 tuas
3488 4798 3781 4859 commendo

2233 4928 2467 5000 spiritum
2492 4892 2827 4986 meum-Ipse
2851 4913 3013 4967 homo
3043 4907 3134 4977 qui
3161 4901 3501 4973 quaerebatur
3540 4909 3601 4949 se
3636 4892 3786 4946 dere

2926 4992 2935 5000 -
3378 4996 3387 5000 Α
3472 4985 3509 5000 ..
3644 4988 3687 5000 Α,
3710 4976 3782 5000 ,ηε

2232 4976 2417 5071 lictum
2438 4976 2475 5066 7a
2504 5017 2674 5080 patre,
2704 4976 2816 5075 ipse
2840 4976 3076 5055 animam
3095 5006 3250 5049 suam
3270 4989 3344 5045 illi
3373 4985 3617 5047 tradidit,
3634 4988 3692 5036 et
3710 4976 3787 5031 illi

2090 5117 2135 5165 i-
2235 5101 2624 5163 commendata
2652 5070 2757 5165 quo
2785 5098 3021 5148 creatum
3049 5077 3513 5153 corpusetanima
3534 5072 3655 5140 eius
3674 5070 3788 5123 lue-

2114 5326 2139 5336 -
2237 5306 2329 5344 sou
2351 5277 2727 5357 parathesomui
2754 5284 2806 5327 to
2830 5284 3052 5343 pneuma
3070 5280 3191 5319 mou
3215 5276 3234 5315 :
3259 5264 3333 5321 εἰς
3359 5256 3552 5329 χεῖράς
3564 5272 3665 5307 σου
3689 5269 3793 5301 πιε-

2243 5335 2327 5344 'vw
2351 5335 2430 5357 Γ’““
2454 5335 2471 5336 ⁷⁷
2831 5335 2841 5343 υ

2243 5380 2521 5456 μαθήσομαι
2558 5370 2614 5424 τὸ
2645 5364 2838 5436 πνεῦμά
2863 5382 2979 5435 pou.
3020 5352 3172 5423 Quod
3219 5351 3413 5405 bonum
3457 5352 3545 5397 est
3592 5335 3793 5394 homini

2997 5447 3011 5456 ‘
3099 5444 3110 5456 '
3216 5455 3221 5456 γ
3265 5453 3288 5456 -
3307 5450 3388 5456 --ρ
3434 5434 3580 5456 Α-ε...
3607 5428 3791 5456 ᾹΔ-ιιιια.

2245 5428 2607 5523 Christiniano
2632 5428 2812 5510 dicere
2839 5428 3051 5519 quando
3080 5444 3147 5499 de
3168 5450 3395 5508 corpore
3426 5434 3581 5489 exire
3605 5428 3791 5483 debue-

2247 5559 2337 5622 rit,
2353 5550 2592 5620 excmplo
2615 5542 2824 5601 Domini
2843 5517 2930 5609 qui
2948 5540 3047 5591 hoc
3069 5535 3141 5587 ita
3154 5528 3310 5585 dixit.
3327 5523 3515 5581 Emisit
3536 5517 3789 5590 spiritum,

2242 5608 2409 5702 idest
2435 5608 2687 5695 animam.
2715 5608 3015 5698 Quiaunde
3037 5635 3200 5691 supra
3225 5617 3457 5674 dixerat.
3485 5608 3817 5661 Potestatau,

2252 5693 2411 5792 habeo
2438 5693 2656 5802 ponendi
2678 5693 2904 5780 adimam
2925 5729 3110 5781 meam,
3124 5712 3248 5767 inde
3271 5707 3456 5765 dicunt
3478 5699 3635 5758 modo
3651 5693 3796 5749 Εηιίο
