3952 6186
247 327 384 383 H95

1360 326 1723 385 EXPOSITIO
1753 327 1821 383 ΙΝ
1860 330 2289 389 MATTHAZUM.

3328 347 3463 404 ibi”

239 443 304 497 sit
332 441 587 509 spiritum.
617 440 754 510 Quid
798 443 945 500 enim
988 444 1235 500 emittere
1279 442 1556 514 spiritum,
1608 446 1707 500 nisi
1750 455 1805 501 et
1832 453 1880 511 A
1907 450 2012 504 illis
2036 459 2355 519 apparerent
2387 452 2478 522 qui
2529 454 2684 510 electi
2726 465 2885 512 erant
2925 458 2997 512 ad
3038 465 3463 531 coguochndum

240 532 474 587 animam
504 533 738 600 ponere?
783 532 888 591 Sed
917 533 1092 587 anima
1121 533 1263 587 dicta
1289 542 1508 602 propter
1543 535 1684 601 quod
1726 536 1806 588 vi-

240 622 340 686 vit,
370 622 591 691 spiritus
610 632 786 678 autem
811 624 894 699 vel
914 639 1011 693 pro
1032 623 1256 692 Spiritali
1284 634 1501 689 natura,
1523 625 1605 678 vel
1623 640 1721 694 pro
1740 642 1805 680 eo

240 712 379 781 quod
404 712 569 780 spiret
595 713 647 767 in
674 728 918 784 corpore.
942 712 1206 772 Similiter
1226 714 1436 768 animus
1461 730 1589 783 pars
1614 717 1806 771 animae

239 812 343 864 est.
367 802 420 857 id
445 812 546 868 est,
560 802 809 861 voluntas
834 805 1055 869 animm;
1083 821 1234 861 mens
1254 814 1432 860 autem
1455 815 1509 860 et
1539 807 1650 876 ipsa
1681 823 1806 878 pars

240 893 467 957 animae;
502 893 603 948 hoc
626 901 709 949 est
734 895 1010 960 memoria.
1040 895 1115 949 Ita
1147 905 1326 950 autem
1366 898 1480 953 haec
1504 898 1682 952 omnia
1708 898 1805 953 ad-

234 981 420 1052 juncta
446 989 573 1036 sunt
594 983 880 1047 animanut
910 999 1016 1038 una
1050 999 1136 1039 res
1162 985 1249 1046 sit,
1286 994 1341 1039 et
1369 1001 1465 1056 pro
1507 984 1807 1042 etiicientiis

241 1073 466 1129 diversis
490 1072 701 1128 diversa
732 1074 944 1129 nomina
971 1076 1230 1131 sortiatur
1255 1077 1453 1130 anima.
1484 1075 1550 1129 Et
1584 1093 1698 1130 ecce
1722 1093 1809 1131 ve-

239 1163 348 1219 lum
376 1164 550 1236 templi
577 1167 794 1221 scissum
822 1177 897 1221 est
933 1168 987 1221 in
1021 1167 1155 1223 duas
1178 1179 1372 1238 partes.
1420 1170 1561 1225 Ante
1619 1178 1807 1225 sancta

239 1268 543 1313 sanctorum
568 1259 834 1327 pendebat
853 1262 1058 1316 cortina
1079 1262 1211 1316 satis
1230 1263 1462 1332 pretiosa
1485 1263 1623 1318 ultra
1648 1278 1808 1334 quam

240 1348 421 1407 nullus
444 1349 700 1404 introibat
728 1351 828 1406 nisi
856 1367 1098 1406 summus
1141 1353 1409 1418 sacerdos,
1435 1361 1491 1409 et
1515 1354 1618 1408 hoc
1643 1354 1810 1408 semel

240 1438 452 1493 inanno
471 1447 525 1493 et
544 1440 646 1494 hoc
664 1442 807 1508 quod
829 1441 967 1495 intra
983 1441 1389 1497 eratdicebatur
1398 1450 1584 1498 sancta
1600 1454 1811 1499 sancto-

240 1543 381 1593 rum,
397 1530 518 1594 quia
536 1545 640 1585 non
655 1531 1096 1587 habebantJudaai
1110 1536 1347 1590 sanctius
1358 1536 1577 1605 aliquid.
1605 1536 1679 1592 lbi
1701 1536 1811 1592 fue-

241 1627 327 1674 rat
349 1628 797 1691 arca,antequam
811 1621 1075 1680 Jeremias
1104 1625 1248 1679 illam
1274 1626 1716 1692 absconderet,et
1738 1627 1810 1682 ibi

240 1721 359 1767 erat
400 1714 859 1784 propitiatorium;
907 1726 1083 1775 tamen
1126 1734 1194 1774 ex
1230 1736 1337 1775 uno
1372 1721 1546 1776 fronte
1589 1735 1810 1792 appare-

240 1800 392 1866 bant,
417 1816 483 1856 ex
512 1802 685 1858 altera
704 1814 859 1874 parte
906 1807 1172 1877 reliquum
1218 1817 1336 1863 erat
1378 1809 1725 1875 absconsum,
1756 1818 1811 1865 et
1837 1796 1882 1856 Β

244 1893 373 1949 illud
396 1896 692 1965 appellatur
718 1897 894 1952 velum
922 1901 1046 1968 quia
1076 1901 1128 1955 in
1170 1901 1258 1955 illa
1300 1902 1539 1965 velabat,
1570 1903 1674 1959 hoc
1699 1910 1807 1967 est,

240 1983 471 2038 celabat.
519 1985 678 2040 Aliud
724 1986 905 2041 velum
944 1990 1212 2058 pendebat
1251 1991 1511 2055 exterius,
1538 1993 1678 2047 inter
1702 1993 1811 2063 pri-

241 2089 385 2129 mum
429 2074 601 2132 altare
640 2086 701 2131 et
738 2078 1009 2149 pupulum.
1039 2082 1114 2135 De
1138 2082 1243 2137 isto
1269 2083 1451 2138 dicunt
1473 2083 1641 2138 Judari
1669 2084 1809 2153 quod

239 2164 471 2219 scissum
500 2165 681 2231 fuerit,
713 2178 769 2223 et
795 2186 900 2227 non
924 2171 1156 2239 primum
1181 2172 1441 2228 scinditur
1474 2173 1647 2230 velum
1675 2183 1810 2230 tem—

239 2254 333 2325 pli,
358 2266 419 2311 ut
443 2259 692 2313 ostendat
713 2262 894 2315 omnia
920 2277 1076 2317 sacra
1102 2265 1426 2319 transeunda
1456 2266 1520 2320 ad
1556 2267 1810 2336 pupulum

239 2346 535 2413 gentilium.
576 2348 714 2403 Ante
758 2351 899 2405 enim
953 2352 1271 2408 dicebatur:
1312 2354 1484 2410 Notus
1525 2357 1581 2410 in
1617 2356 1809 2412 Iudaea

240 2435 413 2501 Deus;
444 2437 603 2492 modo
632 2439 827 2494 dicitur
858 2458 871 2493 :
903 2442 944 2494 Α
973 2440 1097 2496 solis
1117 2452 1233 2497 ortu
1261 2460 1420 2515 usque
1458 2446 1527 2498 ad
1570 2462 1811 2501 occasum

240 2524 501 2581 laudabile
523 2544 707 2583 nomen
740 2529 968 2584 Domini.

312 2637 380 2692 Et
407 2648 547 2693 terra
565 2650 705 2693 mota
733 2650 827 2705 est,
860 2650 906 2694 et
930 2646 1292 2711 petrtrscissar
1323 2652 1463 2698 sunt.
1516 2644 1699 2700 Refert
1724 2644 1812 2700 Jo-

240 2729 460 2799 sephus,
485 2729 927 2797 superliminare,
970 2732 1119 2800 quod
1158 2732 1383 2789 inﬁnita:
1426 2736 1809 2806 magnitudinis

239 2824 379 2880 erat,
409 2816 636 2871 fractum
664 2831 783 2872 esse
826 2828 986 2888 atque
1032 2820 1259 2875 divisum
1280 2863 1294 2887 ,
1323 2823 1486 2877 etiam
1539 2825 1809 2893 angelicas

242 2907 472 2961 virtutes
506 2915 634 2961 tunc
660 2908 711 2961 in
740 2908 856 2976 ipso
876 2917 1114 2978 tempore
1142 2910 1406 2966 clamasse
1437 2930 1449 2964 :
1493 2927 1513 2964 t
1545 2913 1808 2967 Transea—

242 3010 361 3050 mus
391 3010 456 3049 ex
483 2996 568 3050 his
593 2996 826 3051 sedibus.
864 3017 884 3049 ι
914 2997 971 3051 lu
991 3000 1240 3055 omnibus
1266 3001 1350 3055 bis
1374 3001 1540 3071 signis
1572 3002 1807 3057 elemen-

240 3095 420 3140 torum
445 3095 658 3141 creator
685 3086 843 3142 debet
877 3088 1114 3158 agnosci,
1149 3103 1249 3158 pro
1289 3090 1443 3161 cujus
1482 3102 1655 3147 morte
1698 3093 1805 3146 ele-

243 3187 419 3232 menta
473 3190 900 3239 commoventur.
948 3183 1149 3254 Typice
1205 3186 1590 3241 commovenda
1641 3186 1802 3241 corda

241 3267 536 3336 gentilium,
558 3277 614 3322 et
645 3271 933 3339 aperienda
969 3273 1023 3326 in
1072 3274 1165 3328 Dei
1210 3273 1565 3331 confessione.
1605 3275 1805 3346 Aperta

193 3433 199 3437 _
239 3357 452 3425 quidem
500 3366 625 3414 tunc
659 3359 907 3426 fuerunt,
933 3362 1027 3417 sed
1054 3364 1248 3417 mortui
1276 3371 1352 3419 ex'
1368 3364 1448 3420 eis
1480 3380 1587 3420 non
1628 3378 1808 3419 resur-

242 3458 516 3514 rexerunt,
541 3451 644 3505 nisi
666 3460 788 3521 post
814 3453 1098 3507 Dominum
1120 3440 1585 3526 resurgentem,ut
1604 3457 1674 3511 sit
1694 3456 1806 3526 pri-

242 3542 543 3608 mogenitus
560 3556 624 3596 ex
652 3544 899 3607 mortuis,
927 3544 1053 3612 quia
1077 3544 1207 3599 nulli
1241 3556 1364 3600 ante
1387 3548 1558 3616 ipsum
1586 3550 1805 3602 immor-

242 3631 373 3685 tales
414 3642 853 3698 resurrcxerunt,
879 3634 972 3689 sed
1000 3649 1188 3690 omnes
1215 3636 1407 3691 iterum
1437 3639 1631 3692 mortui
1656 3647 1802 3704 sunt,

241 3729 300 3775 ut
324 3721 577 3777 Lazarus.
606 3722 697 3778 lsti
725 3734 903 3779 autem
937 3726 1265 3781 immortales
1298 3736 1730 3793 resurrexerunt,
1752 3737 1805 3783 et

239 3825 363 3866 cum
416 3812 641 3867 Domino
682 3815 1002 3870 ascendente
1046 3816 1420 3870 ascenderunt.
1467 3815 1805 3873 Dormientes

236 3901 493 3956 dicuntur
518 3905 712 3957 mortui
744 3904 799 3958 in
847 3904 1097 3959 omnibus
1150 3903 1442 3976 Scripturis
1490 3907 1714 3972 divinis,
1749 3916 1804 3963 et

238 3990 390 4047 locus
414 3993 499 4047 ubi
522 3994 805 4062 quiescunt
828 4002 1169 4074 κοιμητήριον,
1186 3998 1287 4054 hoc
1304 4009 1387 4054 est
1409 4000 1801 4068 dormitorium,

238 4085 438 4141 dicitur
460 4085 644 4141 Grmca
674 4087 877 4158 lingua,
909 4078 1276 4146 ut‘veraciter
1310 4100 1646 4148 ostentantur
1687 4110 1804 4151 om-

239 4192 336 4231 nes
378 4179 692 4247 resurgendi
717 4178 905 4235 iuliae
937 4182 1138 4237 mundi.
1172 4181 1243 4236 Et
1262 4194 1511 4238 exeuntes
1533 4184 1595 4238 de
1620 4201 1803 4240 monu-

240 4268 442 4332 mentis,
467 4277 580 4337 post
607 4269 1032 4325 resurrectionem
1065 4272 1198 4341 ejus.
1229 4272 1381 4340 Quod
1411 4274 1544 4329 dicit
1572 4291 1801 4330 resurre-

239 4357 457 4411 ctionem
486 4359 619 4429 ejus,
648 4368 704 4414 et
732 4363 801 4415 ad
840 4361 942 4416 hoc
967 4363 1185 4432 respicit
1210 4364 1350 4433 quod
1378 4364 1531 4431 dicit,
1561 4382 1803 4420 surrexe-

239 4459 384 4511 runt,
412 4456 468 4501 et
502 4449 571 4503 ad
613 4450 744 4516 hoc,
770 4460 1012 4505 exeuntes
1037 4452 1100 4505 de
1123 4454 1486 4508 monumentis.
1542 4452 1800 4508 Venerunt

238 4536 295 4588 in
319 4545 553 4591 sanctam
574 4538 849 4593 civitatem.
865 4540 1053 4595 Adhuc
1068 4541 1591 4598 vocaturJerusalem
1615 4553 1801 4598 sancta

238 4635 458 4694 propter
482 4629 737 4697 templum
761 4631 997 4695 Domini,
1035 4640 1092 4685 et
1135 4647 1261 4686 vasa
1310 4647 1428 4701 qum
1474 4634 1542 4688 ibi
1592 4633 1805 4689 fuerant

239 4716 666 4782 sanctilicata,et
686 4720 881 4775 multos
907 4731 1120 4777 sanctos
1146 4724 1234 4792 qui
1265 4723 1337 4777 ibi
1364 4735 1516 4780 erant
1536 4726 1800 4792 viventes,

240 4804 368 4860 licet
392 4822 490 4863 nos
510 4823 615 4863 non
638 4825 733 4879 per
756 4813 1254 4869 omniahabeamus
1276 4816 1340 4869 de
1360 4816 1458 4870 eis.
1506 4816 1638 4870 Nam
1681 4834 1749 4887 po
1783 4828 1803 4870 t

241 4894 541 4951 invenimus
565 4900 831 4967 apostolos
848 4902 916 4955 ibi
934 4917 1138 4968 orasse,
1152 4912 1206 4957 et
1221 4920 1435 4959 omnem
1451 4907 1650 4962 cultum
1675 4909 1803 4962 reli~

242 4986 413 5055 gionis
436 4989 768 5055 observasse,
786 5007 953 5062 usque
975 4993 1038 5046 ad
1070 4996 1468 5065 subversionem
1494 4998 1628 5067 ejus,
1665 5014 1804 5053 anno

241 5079 648 5148 quadragesimo
673 5085 903 5137 secundo
926 5084 1253 5139 ascensionis
1276 5086 1409 5149 eius.
1426 5085 1573 5153 Quod
1598 5098 1803 5157 tempus

238 5168 423 5222 datum
472 5179 555 5224 est
586 5172 665 5225 eis
696 5172 765 5225 ad
809 5173 1176 5241 pteniteutiam
1237 5177 1515 5245 agendam.
1565 5177 1630 5231 Et
1678 5178 1800 5246 quia

240 5258 530 5314 noluerunt
555 5276 715 5332 agere
741 5262 1111 5329 pmnitentiam
1147 5265 1348 5333 egressi
1375 5265 1480 5320 duo
1515 5265 1626 5319 ursi
1654 5277 1796 5328 sunt,

242 5346 601 5417 Vespasianus
634 5360 689 5404 et
712 5350 879 5411 Titus,
909 5350 975 5404 de
1004 5351 1143 5406 saltu
1168 5353 1465 5423 gentilium,
1496 5363 1551 5408 et
1591 5340 1800 5409 occide;
1827 5370 1833 5377 ’

244 5449 462 5494 runtex
486 5440 567 5494 eis
609 5441 862 5515 undecies
899 5451 1125 5496 centena
1170 5442 1355 5508 millia,
1403 5451 1458 5499 et
1502 5446 1800 5500 eduxerunt

243 5542 457 5587 centum
486 5533 671 5588 millia.
698 5534 849 5601 Quod
875 5535 1006 5590 dicit
1028 5546 1380 5606 apparuerunt
1405 5536 1598 5600 multis,
1615 5543 1798 5591 osten-

243 5625 393 5678 ditur
414 5637 519 5678 non
547 5623 711 5680 fuisse
737 5626 1003 5695 generalis
1030 5626 1369 5690 resurrectio,
1397 5628 1493 5682 scd
1530 5627 1797 5697 specialis,

224 5722 307 5768 -ut
334 5722 391 5769 et
417 5714 473 5769 bi
502 5728 859 5786 resurgerem,
883 5732 1016 5786 quos
1044 5717 1183 5773 Deus
1214 5717 1487 5774 chariorcs
1514 5717 1717 5783 habuit,
1743 5727 1797 5773 et

1824 4502 1878 4562 D

1903 555 2159 594 arcanum
2180 540 2294 594 Dei.
2322 540 2565 597 Centurio
2593 556 2763 599 autem
2787 556 2833 601 et
2855 550 2944 617 qui
2969 565 3087 602 cum
3111 568 3169 604 eo
3198 565 3345 607 erant
3373 572 3463 610 cu.

1902 630 2175 684 stodientes
2195 630 2393 694 Iesum,
2424 634 2528 687 uiso
2553 643 2845 691 terrtrmotu
2885 651 2933 692 et
2973 641 3053 693 his
3090 658 3207 711 qua!
3249 643 3461 711 ﬁebant,

1904 718 2049 772 ualde
2081 720 2378 783 timuerunt.
2410 718 2661 776 Centurio
2690 724 2809 789 iste,
2839 727 2982 782 sicut
3022 729 3279 785 habemus
3324 734 3466 788 scri-

1903 819 2072 879 ptum,
2106 810 2218 880 ipse
2264 808 2365 865 fuit
2405 810 2692 883 Longinus,
2730 817 2818 883 qui
2857 818 3008 887 jussu
3055 819 3211 875 Pilati
3256 825 3466 892 aperuit

1905 898 2045 955 latus
2071 898 2299 954 Domini.
2324 900 2501 955 Noluit
2528 902 2672 957 enim
2700 902 2904 958 Pilatus
2928 916 2987 961 ut
3020 908 3135 977 ejus
3160 925 3316 966 crura
3341 927 3463 967 cum

1904 989 2198 1045 latronibus
2223 989 2615 1061 frangerentur,
2643 994 2785 1062 quod
2812 995 3027 1052 crudele
3069 1000 3201 1054 satis
3244 1010 3363 1055 erat
3410 1009 3466 1056 et

1905 1080 2261 1144 inhonestum,
2299 1090 2353 1135 ct
2386 1096 2451 1136 ne
2483 1081 2648 1137 Judtei
2696 1085 2935 1140 dicerent
2985 1103 3088 1142 non
3133 1106 3255 1145 eum
3302 1093 3467 1148 fuisse

1907 1181 2199 1235 mortuum,
2232 1169 2325 1225 sed
2362 1174 2511 1241 quasi
2548 1189 2816 1243 spasmum
2854 1176 3015 1232 fuisse
3051 1194 3286 1248 passum.
3312 1182 3467 1238 Nulla

1907 1269 2087 1315 autem
2146 1276 2307 1316 causa
2365 1263 2450 1318 sio
2476 1265 2709 1329 miratus
2767 1275 2850 1320 est
2891 1270 3152 1335 centurio,
3204 1276 3468 1343 quomodo

1907 1352 2119 1420 quando
2148 1352 2314 1407 voluit
2340 1362 2392 1407 et
2420 1355 2632 1423 quando
2657 1357 2820 1411 dixit:
2850 1357 2914 1412 In
2946 1377 3131 1414 manus
3172 1372 3290 1416 tuas
3331 1380 3470 1418 com-

1907 1446 2091 1498 mendo
2121 1446 2360 1515 spiritum
2389 1463 2576 1511 meum,
2612 1457 2736 1504 tunc
2766 1461 3009 1507 mortuus
3033 1464 3133 1509 est.
3177 1455 3278 1509 Alii
3326 1457 3467 1511 enim

1910 1539 2155 1593 homines
2182 1555 2281 1595 nec
2310 1540 2521 1609 quando
2548 1541 2732 1596 volunt
2771 1554 3092 1610 nascuntur,
3117 1562 3217 1601 nec
3245 1564 3349 1618 qua
3378 1564 3472 1602 vo-

1910 1627 2026 1682 lunt
2072 1629 2204 1683 hora
2260 1630 2579 1684 moriuntur.
2612 1629 2676 1683 Et
2704 1630 2755 1685 in
2788 1632 2891 1685 hoc
2937 1633 3171 1688 maxime
3219 1637 3470 1704 cognovit

1913 1719 2077 1773 Deum
2106 1734 2245 1785 esse,
2273 1728 2327 1775 et
2350 1733 2628 1791 pr0pterea
2663 1722 2906 1787 credidit,
2939 1732 2992 1777 et
3020 1722 3321 1793 baptizatus
3348 1735 3429 1780 est
3452 1743 3467 1781 :

1908 1813 2069 1867 etiam
2093 1828 2192 1882 pro
2213 1812 2426 1868 Christo
2449 1823 2631 1883 postea
2654 1814 2863 1869 occisus
2889 1823 2970 1870 est
2993 1816 3059 1869 ab
3087 1814 3307 1871 Octavio
3332 1832 3468 1885 pra:-

1908 1904 2067 1962 fecto,
2098 1902 2214 1957 Non
2248 1903 2417 1959 solum
2447 1913 2625 1957 autem
2656 1906 2901 1974 ipse.sed
2926 1905 3121 1960 milites
3145 1904 3470 1976 gloriﬁcave-

1906 2002 2033 2049 runt
2061 1996 2247 2049 Deum.
2277 1994 2440 2048 Erant
2471 1986 2642 2048 autem
2668 1995 2738 2048 ibi
2760 1994 2998 2049 mulieres
3031 1996 3205 2049 multa:
3235 2013 3266 2049 a
3298 1994 3467 2066 longe,

1905 2098 2021 2152 φίλιε
2048 2093 2237 2137 secuta:
2263 2093 2408 2136 erant
2444 2081 2626 2137 Jesum
2653 2101 2685 2135 a
2724 2081 2943 2137 Galiltea
2964 2125 2978 2149 ,
3005 2085 3357 2140 ministrantes
3399 2088 3466 2140 ei.

1907 2171 2032 2226 Fuit
2054 2174 2383 2228 consuetudo
2411 2173 2551 2227 inter
2570 2172 2780 2229 Judaeos
2800 2174 2940 2243 quod
2964 2174 3238 2244 prophetis
3260 2185 3312 2230 et
3336 2191 3471 2246 pra:-

1908 2262 2233 2316 dicatoribus
2260 2262 2392 2332 legis
2414 2262 2664 2317 mulieres
2692 2264 3069 2318 ministrabant
3103 2266 3166 2320 de
3218 2266 3471 2321 substan-

1908 2353 1998 2408 tiis
2034 2353 2148 2409 suis
2168 2353 2371 2408 vietum
2399 2363 2561 2423 atque
2602 2355 2871 2418 vestitum,
2904 2364 2960 2411 et
3015 2371 3122 2410 non
3170 2363 3288 2411 erat
3331 2356 3472 2411 inter

1905 2464 1998 2503 eos
2026 2448 2130 2501 ulla
2176 2449 2524 2518 reprehensio
2576 2448 2631 2503 in
2680 2451 2945 2520 gentibus.
2979 2449 3114 2516 Quia
3152 2451 3467 2506 scandalum

1905 2539 2078 2610 potuit
2108 2553 2387 2610 generare,
2417 2539 2589 2594 uoluit
2617 2554 2775 2607 agere
2822 2540 3009 2594 beatus
3051 2540 3267 2595 Paulus.
3316 2540 3469 2596 Unde

1906 2630 2070 2685 dicit:
2103 2630 2355 2701 Nunquid
2404 2646 2508 2683 non
2551 2629 2797 2684 habemus
2849 2640 3151 2702 potestatem
3197 2631 3466 2686 mulierem

1907 2721 2346 2785 circumducendi,
2376 2722 2506 2775 sicut
2541 2720 2740 2791 Cephas
2766 2731 2813 2775 et
2860 2722 3060 2792 reliqui.
3107 2723 3469 2778 Ministrantes

1906 2822 2083 2867 autem
2115 2812 2181 2866 de
2210 2813 2531 2867 substantiis
2548 2813 2661 2867 suis
2692 2813 2916 2868 Domino
2950 2824 3011 2867 ut
3053 2822 3313 2868 meterent
3349 2815 3465 2884 ejus

1906 2907 2164 2977 spiritalia
2192 2908 2353 2961 verba
2383 2926 2396 2961 :
2424 2924 2526 2962 non
2554 2907 2693 2977 quod
2719 2908 2974 2962 Dominus
2998 2909 3259 2977 indigeret
3280 2924 3465 2964 eorum

1906 2996 2164 3060 carnalia,
2196 2996 2287 3051 sed
2333 3006 2391 3049 ut
2422 2996 2727 3051 ostenderet
2754 2998 3195 3066 praedicatoribus
3225 2998 3340 3052 haec
3364 2999 3466 3054 sibi

1901 3084 2022 3155 jure
2048 3086 2248 3142 deberi.
2281 3085 2385 3141 Sed
2412 3095 2467 3141 et
2513 3087 2788 3151 Dominus,
2829 3088 3077 3158 quamvis
3114 3086 3255 3143 Deus
3299 3097 3464 3153 esset,

1911 3178 2045 3232 tales
2065 3178 2291 3233 comites
2317 3185 2372 3232 et
2400 3178 2676 3233 ministros
2700 3178 2879 3248 elegit,
2909 3180 2973 3233 de
2997 3180 3190 3249 quibus
3214 3195 3313 3235 nec
3340 3195 3468 3250 que-

1878 3269 1885 3281 “
1905 3270 2016 3325 rela
2039 3286 2160 3326 esse
2180 3272 2461 3339 potuisset.
2491 3270 2637 3324 Inter
2654 3288 2784 3341 quas
2802 3281 2912 3324 erat
2930 3270 3105 3325 Maria
3131 3272 3469 3342 Magdalena,

1903 3371 1953 3417 et
1981 3361 2152 3415 Maria
2175 3360 2362 3416 Jacobi
2385 3372 2437 3416 et
2473 3360 2665 3432 Ioseph
2709 3373 2894 3426 mater,
2926 3373 2992 3416 et‘
3022 3375 3193 3417 mater
3236 3365 3466 3433 ﬁliorum

1904 3451 2160 3507 Zebedtei.
2189 3452 2356 3506 Maria
2385 3468 2414 3506 a
2453 3468 2558 3522 qua
2589 3461 2790 3523 septem
2832 3452 3095 3508 daemonia
3136 3454 3383 3523 ejrcerat.
3415 3462 3471 3509 et

1905 3543 2072 3597 Maria
2096 3542 2303 3607 Jacobi,
2333 3551 2387 3597 et
2409 3540 2607 3611 Ioseph
2635 3551 2811 3597 mater
2847 3558 2969 3611 qua:
3013 3552 3135 3597 erat
3175 3554 3466 3600 matertera

1903 3630 2137 3695 Domini,
2175 3619 2305 3701 quia
2341 3647 2493 3686 soror
2539 3640 2657 3686 erat
2702 3641 2900 3687 sanctas
2929 3632 3127 3687 Mariae.
3183 3633 3465 3689 Matertera

1903 3722 2098 3777 dicitur
2129 3723 2280 3791 quasi
2320 3731 2493 3776 mater
2530 3722 2696 3777 altera
2716 3764 2730 3785 ,
2760 3732 2815 3777 et
2839 3732 3012 3778 mater
3040 3723 3268 3778 filiorum:
3297 3725 3465 3779 lebe-

1902 3812 2004 3866 dtei
2033 3828 2151 3881 qua:
2180 3811 2305 3867 filiis
2330 3812 2440 3868 suis
2467 3812 2539 3866 ibi
2567 3812 2834 3866 serviebat
2876 3828 2994 3866 cum
3040 3811 3284 3868 Domino.
3334 3812 3464 3867 Cum

1860 3922 1867 3927 ·
1904 3911 2075 3955 autem
2105 3917 2219 3955 sero
2247 3901 2444 3970 factum
2470 3911 2618 3955 esset.
2649 3900 2995 3981 Prsecipiebat
3021 3902 3104 3957 lex
3141 3910 3199 3956 ut
3237 3903 3327 3973 qui
3372 3920 3461 3957 su-

1902 4007 2128 4062 spensus
2148 3990 2334 4047 fuisset
2355 3992 2405 4046 in
2428 3990 2663 4060 patibulo
2690 3992 2755 4045 ad
2782 4007 3062 4061 vesperam
3084 3991 3463 4061 deponeretur,

1904 4093 1963 4141 ut
1989 4086 2129 4155 quod
2165 4084 2215 4139 ci
2249 4085 2315 4139 de
2342 4085 2578 4154 quinque
2606 4083 2823 4153 regibus
2847 4082 3023 4138 losum
3048 4085 3300 4152 prazcepit
3325 4083 3459 4145 fieri,

1902 4186 1956 4233 et
1984 4177 2185 4231 idcirco
2211 4192 2368 4231 crura
2392 4175 2564 4230 fracta
2600 4184 2745 4238 sunt,
2777 4184 2839 4230 ut
2863 4183 3198 4229 morerentur
3225 4184 3279 4229 et
3301 4175 3464 4243 depo-

1902 4276 2174 4323 nerentur.
2228 4265 2375 4320 Venit
2418 4265 2631 4337 quidam
2672 4266 2824 4319 homo
2879 4265 3040 4318 dives.
3089 4263 3204 4318 Non
3245 4273 3465 4334 prapter

1902 4358 2129 4427 aliquam
2148 4356 2462 4425 jactantiam
2491 4355 2616 4410 dicit
2643 4354 2967 4426 evangelista
2995 4355 3136 4422 quod
3172 4353 3272 4409 iste
3310 4354 3461 4410 dives

1903 4449 2082 4515 fuerit,
2109 4450 2200 4505 sed
2226 4458 2287 4504 ut
2309 4448 2623 4504 ostendatur
2662 4448 2863 4501 idcirco
2900 4448 3137 4517 potuisse
3178 4446 3464 4515 impetrare

1903 4557 2097 4611 corpus
2124 4541 2333 4595 Domini
2361 4539 2502 4609 quod
2532 4540 2678 4593 dives
2705 4537 2867 4593 fuerit
2903 4547 2956 4593 et
2996 4538 3227 4592 decuriae
3250 4538 3459 4603 ordine,

1906 4646 2042 4684 unus
2070 4630 2318 4684 videlicet
2342 4628 2409 4683 de
2455 4628 2794 4683 consiliariis.
2845 4628 3114 4697 Pauperes
3159 4629 3300 4683 enim
3356 4644 3460 4683 non

1903 4732 2059 4778 erant
2097 4722 2210 4777 ausi
2249 4722 2506 4777 accedere
2551 4721 2617 4776 ad
2669 4730 2774 4774 tam
2822 4729 3089 4788 potentem
3128 4708 3461 4788 perfectum,

1904 4813 2028 4881 quia
2061 4828 2166 4866 non
2196 4812 2418 4866 curabat
2446 4812 2512 4866 de
2537 4811 2638 4865 boc
2662 4811 2804 4878 quod
2848 4809 3098 4864 Salomon
3146 4809 3281 4863 dixit
3312 4825 3324 4862 :
3360 4807 3462 4873 Qui

1903 4902 2115 4972 despicit
2155 4886 2450 4973 pauperem,
2496 4910 2689 4969 peccat.
2730 4886 2916 4954 Nostri
2970 4902 3111 4955 enim
3158 4901 3223 4955 de
3271 4900 3464 4968 quibus

1906 5002 2230 5063 praeceptum
2269 5000 2353 5047 est
2383 5005 2643 5060 pauperes
2696 4990 2968 5059 colligere,
3014 4991 3112 5059 ipsi
3163 4990 3463 5057 despiciunt

1905 5099 2028 5149 eos;
2057 5091 2258 5154 quanto
2284 5084 2455 5154 magis
2483 5082 2569 5137 ille
2600 5096 2857 5151 paganus.
2898 5082 3041 5135 Venit
3069 5081 3291 5151 quidam
3309 5082 3461 5135 homo

1903 5160 1969 5228 ab
2014 5175 2350 5229 Arimatluea.
2393 5175 2469 5228 Ab
2517 5173 2853 5227 Arimatlura.
2891 5173 3005 5242 Ipsa
3049 5183 3133 5227 est
3176 5173 3457 5237 liamatba,

1902 5266 2094 5320 civitas
2116 5264 2378 5320 Samuelis
2405 5265 2672 5334 propheta:
2688 5264 2739 5318 in
2766 5264 2980 5333 regione
2997 5262 3287 5318 Samuitica
3306 5262 3459 5330 juxta

1906 5353 2212 5423 Diospolim.
2243 5353 2467 5407 Nomine
2491 5351 2704 5421 .Ioseplt.
2748 5351 2861 5406 Non
2912 5351 3008 5406 fuit
3061 5353 3164 5408 iste
3206 5351 3460 5407 nutritius

1906 5445 2136 5508 Domini,
2164 5446 2287 5512 quia
2338 5443 2425 5499 ille
2476 5459 2677 5513 pauper
2722 5453 2868 5508 erat;
2920 5459 3027 5498 non
3078 5444 3132 5497 in
3187 5442 3293 5498 alio
3342 5443 3459 5496 loco

1902 5536 2170 5606 Evangelii
2202 5537 2267 5590 de
2308 5536 2411 5590 hoc
2436 5535 2651 5600 dicitur,
2683 5535 2783 5590 nisi
2815 5535 2919 5589 hic.
2963 5534 3116 5590 Unde
3162 5534 3460 5590 ostenditur

1905 5628 2097 5683 multos
2122 5628 2408 5697 discipulos
2435 5627 2717 5683 Dominum
2748 5624 3016 5693 habuisse,
3042 5629 3107 5683 de
3127 5629 3329 5698 quibus
3348 5642 3455 5682 non

1904 5719 2160 5774 habemus
2189 5720 2466 5789 scriptum,
2493 5730 2545 5774 et
2580 5720 2673 5789 qui
2709 5735 2815 5775 non
2853 5721 3230 5788 sequebantur,
3263 5720 3356 5775 sed
3397 5720 3447 5775 is
