3952 6186
519 355 653 412 M95

1284 349 1666 408 cnmsmm
1707 324 2112 429 nummum
2149 318 2592 394 CORBEIEN‘SIS
2630 331 2927 389 MONAClll

3597 320 3740 375 “9‘5

517 473 676 527 domo
716 485 811 525 sua
847 468 1115 525 faciebant
1153 482 1272 536 qua:
1300 466 1394 520 Dei
1418 446 1594 519 erant.
1627 459 1727 515 Hic
1762 458 1974 512 accessit
2004 454 2072 508 ad
2103 456 2149 514 Α
2180 463 2293 507 tero
2329 453 2634 521 pavimento
2673 451 2783 517 ipsa
2824 450 3006 514 crypta
3034 446 3195 494 tanta:
3228 435 3521 492 altitudinis
3545 445 3654 496 est,
3683 444 3746 488 nt

517 563 775 625 Pilatum,
805 571 852 615 et
891 562 1030 632 petiit
1073 577 1254 629 corpus
1281 559 1425 613 Iesu.
1453 555 1695 611 Potentia
1722 553 1887 622 ipsius
1922 563 2076 603 mon-

520 663 745 718 stratur,
771 652 911 722 quod
949 651 1062 721 ipse
1096 665 1192 720 per
1219 665 1276 704 se
1312 649 1559 712 accessit,
1586 655 1639 700 et
1665 661 1769 698 non
1799 657 1895 711 per
1919 641 2079 694 alium

523 743 808 802 mandavit,
843 741 934 794 sed
968 741 1129 794 etiam
1177 739 1307 809 ipse,
1331 738 1471 807 quod
1508 735 1656 790 illum
1686 732 1840 803 quasi
1865 731 2084 786 damna-

523 841 634 886 tum
664 848 825 886 ausus
850 840 932 886 est
960 831 1202 900 sepelire.

595 923 662 978 Et
686 923 907 978 tradunt
933 923 999 977 de
1020 938 1084 977 eo
1111 921 1251 990 quod
1287 919 1452 974 Indici
1479 934 1576 988 pro
1607 918 1710 972 hac
1734 929 1893 970 causa
1917 914 2082 970 mise-

522 1025 653 1071 runt
689 1016 832 1069 illum
868 1016 920 1069 in
956 1013 1285 1077 custodiam,
1312 1022 1365 1068 et
1387 1013 1502 1082 ipsa
1527 1018 1683 1064 nocte
1713 1009 2086 1064 Resurrectio—

526 1109 609 1164 nis
637 1107 845 1162 Domini
875 1106 1078 1161 elevata
1103 1106 1172 1160 sit
1206 1105 1260 1159 in
1283 1119 1407 1160 aere
1444 1103 1633 1158 domus
1655 1101 1709 1156 in
1735 1117 1840 1172 qua
1871 1101 2086 1156 clausus

526 1197 844 1262 habebatur,
867 1205 921 1252 et
945 1198 1171 1262 venerit,
1199 1205 1254 1251 et
1280 1195 1526 1250 eduxerit
1551 1208 1674 1248 eum
1701 1192 1976 1246 Dominus.
2022 1191 2090 1245 Et

527 1297 648 1357 post
673 1304 792 1342 cum
822 1288 989 1342 Iudmi
1022 1287 1367 1356 requirebant
1389 1299 1584 1354 corpus
1610 1283 1819 1338 Domini
1845 1297 1875 1336 a
1910 1281 2092 1335 militi-

525 1377 648 1444 bus,
664 1378 910 1433 dicebant
936 1379 1129 1436 milites
1152 1392 1167 1430 :
1193 1376 1413 1450 Reddite
1435 1391 1530 1430 vos
1553 1373 1745 1442 Ioseph
1767 1381 1821 1428 et
1847 1387 1944 1427 nos
1971 1372 2092 1425 red-

527 1470 714 1526 demus
735 1487 949 1541 corpns.
983 1470 1129 1524 Tunc
1164 1468 1371 1522 Pilatus
1389 1467 1546 1538 jussit
1575 1465 1721 1521 reddi
1743 1481 1946 1535 corpus.
1974 1462 2086 1515 Ma-

528 1580 643 1635 gna:
681 1563 954 1634 dignitatis
984 1561 1082 1617 fuit
1110 1562 1209 1616 iste
1235 1552 1438 1630 Ioseph
1481 1557 1770 1614 secundum
1810 1553 2086 1616 saaculum,

528 1663 585 1708 et
604 1653 895 1707 secundum
929 1653 1118 1716 Deum,
1144 1653 1233 1721 qui
1259 1661 1311 1706 et
1337 1658 1528 1720 potens
1559 1647 1658 1701 fuit
1699 1647 2005 1715 impetrare,
2039 1651 2093 1698 et

531 1745 724 1813 dignus
756 1743 1113 1798 ministerium
1154 1742 1438 1812 sepulturm
1461 1754 1737 1810 peragere.
1764 1737 1838 1790 De
1873 1736 1976 1790 isto
2002 1732 2091 1788 Io-

2179 547 2321 600 intro
2350 553 2497 598 stans
2521 543 2684 596 hdmo
2705 547 2922 593 extensa
2948 547 3106 585 manu
3139 530 3228 582 vix
3267 528 3436 598 possit
3477 527 3750 596 attingere

2181 635 2416 697 culmen,
2447 641 2502 687 et
2521 629 2746 684 rotunda
2774 627 2824 680 in
2861 637 3010 694 gyro.
3042 619 3214 686 Quam
3255 616 3665 671 similitudinem
3693 630 3748 668 et

2179 741 2242 780 ex
2268 726 2468 780 noStris
2495 737 2614 792 qua!
2638 721 2690 775 in
2716 719 2816 772 hac
2847 725 2988 770 terra
3021 712 3198 768 excisa
3242 708 3588 764 inveniuntur
3622 721 3751 775 pos-

2183 831 2368 872 sumus
2394 813 2662 883 colligere.
2695 809 2866 862 Habet
2906 813 3083 858 autem
3122 799 3356 855 colorem
3390 796 3575 852 album
3621 811 3747 850 uim

2182 905 2479 960 rubicundo
2501 904 2612 972 ipsa
2639 908 2811 969 petra,
2841 905 2895 952 et
2921 902 3112 964 patens
3134 899 3301 945 erata
3331 887 3576 951 Meridie,
3605 885 3755 940 unde

2183 1012 2381 1066 corpus
2407 992 2742 1048 Dominicnm
2769 996 2852 1042 est
2877 985 3102 1047 illatum,
3129 991 3184 1036 et
3207 995 3367 1049 super
3395 987 3604 1048 petram
3630 985 3754 1031 erat

2184 1088 2395 1142 hortus.
2432 1083 2583 1138 Nunc
2607 1096 2736 1136 vero
2762 1087 2846 1133 est
2888 1076 3171 1132 conclusus
3222 1073 3392 1134 locus,
3439 1079 3493 1125 et
3533 1070 3588 1123 in
3634 1069 3750 1137 ipsa

2184 1190 2370 1254 crypta
2394 1178 2615 1236 basilica
2658 1180 2990 1232 consecrata.
3026 1169 3094 1223 Et
3144 1166 3362 1222 aduoluit
3400 1179 3591 1218 saxum
3636 1179 3754 1214 uta—

2186 1253 2343 1342 gnum
2369 1269 2436 1322 ad
2463 1269 2647 1322 ostium
2675 1262 2990 1320 monumenti
3023 1270 3069 1313 et
3105 1258 3250 1312 abiit.
3287 1256 3493 1310 Idcirco
3517 1253 3751 1307 advolvit

2186 1361 2383 1431 Ioseph
2408 1357 2635 1428 lapidem
2665 1372 2731 1428 ne
2765 1353 2937 1410 bestia
2966 1351 3144 1420 aliqua
3179 1349 3427 1411 intraret,
3457 1354 3510 1399 et
3559 1359 3753 1412 corpus

2188 1451 2521 1506 Dominicum
2551 1454 2812 1519 tangeret.
2844 1444 2996 1499 Licet
3039 1443 3093 1495 in
3136 1455 3267 1510 gyro
3303 1438 3610 1493 clausuram
3651 1436 3750 1488 ha-

2189 1543 2367 1597 buerit
2391 1557 2489 1612 pro
2512 1539 2654 1595 horti
2682 1552 2830 1593 cura.
2858 1534 2990 1588 Erat
3012 1543 3181 1585 autem
3214 1531 3284 1583 ibi
3316 1527 3490 1582 Maria
3528 1524 3753 1594 Magda-

2190 1633 2330 1698 lena,
2350 1642 2397 1686 et
2424 1630 2589 1686 altera
2614 1628 2807 1683 Maria.
2839 1625 2962 1698 Istae
2989 1630 3114 1689 sunt
3143 1621 3322 1674 Maria:
3348 1620 3416 1672 de
3440 1617 3636 1686 quibus
3665 1630 3762 1667 su-

2190 1739 2285 1794 pra
2308 1724 2506 1778 dictum
2531 1729 2614 1777 est
2638 1739 2652 1773 :
2685 1735 2832 1774 soror
2861 1715 3072 1777 Lazari,
3105 1723 3152 1766 et
3179 1720 3346 1764 mater
3369 1707 3558 1762 Jacobi
3576 1717 3627 1760 et
3665 1705 3762 1758 Io-

533 1835 662 1905 seph
689 1836 890 1904 primus
917 1835 1174 1905 accipitur
1201 1832 1439 1904 psalmus
1467 1840 1730 1886 cantatus.
1780 1828 1973 1883 Beatus
2017 1826 2095 1881 vir

2205 1814 2334 1882 seplt.
2375 1811 2509 1866 Nam
2537 1810 2699 1865 Maria
2731 1825 2829 1879 pro
2853 1806 3019 1860 nimio
3059 1803 3273 1864 dolore,
3302 1797 3443 1868 quod
3468 1798 3676 1850 viderat
3706 1796 3757 1848 in

528 1928 618 1996 qui
644 1943 746 1980 non
771 1926 896 1979 abiit
929 1928 982 1980 in
1014 1925 1228 1980 consilio
1255 1925 1554 1994 impiorum,
1577 1930 1632 1977 et
1661 1921 1884 1989 reliqua.
1915 1917 1980 1972 Et
2006 1934 2093 1971 ac-

533 2025 676 2086 cepto
703 2033 912 2086 corpore
934 2015 1145 2085 Ioseph,
1173 2014 1382 2069 involvit
1409 2013 1540 2068 illud
1563 2014 1618 2066 in
1637 2013 1852 2067 sindone
1875 2009 2090 2064 munda.

533 2104 738 2160 Sindon
760 2106 996 2159 'lintenm
1037 2105 1250 2169 dicitur,
1266 2105 1404 2174 quod
1435 2112 1732 2159 mercatum
1763 2109 1846 2155 est
1877 2112 2091 2160 novum,

534 2196 602 2251 de
631 2212 738 2268 quo
765 2197 898 2251 nihil
936 2197 1131 2252 nullius
1172 2198 1348 2267 operis
1382 2195 1579 2252 factum
1609 2195 1727 2250 fuit.
1781 2193 1847 2247 Et
1874 2189 2098 2246 involvit

533 2285 606 2342 ibi
636 2303 756 2342 cum
787 2287 1114 2341 aromatibus
1135 2302 1329 2357 corpus
1355 2285 1584 2340 Domini.

609 2377 737 2431 Erat
762 2374 874 2444 jam
901 2377 1202 2445 proximum
1231 2376 1534 2431 observatio
1561 2371 1798 2437 sabbati,
1820 2381 1873 2426 et
1899 2371 2097 2426 idcirco

534 2482 644 2523 non
668 2468 842 2536 potuit
863 2466 1005 2524 aliud
1031 2467 1228 2532 facere,
1259 2467 1360 2521 nisi
1387 2467 1436 2520 in
1467 2481 1594 2537 gyro
1639 2463 1879 2533 corporis
1922 2462 2101 2531 posuit

540 2564 803 2620 aromata,
828 2564 883 2610 ct
913 2556 1134 2610 involvit
1165 2557 1216 2610 in
1247 2557 1496 2620 sindone;
1543 2565 1597 2609 et
1622 2555 1802 2625 posuit
1831 2554 1883 2606 in
1912 2568 2100 2607 monu-

539 2653 720 2699 mento
744 2645 862 2699 sine
889 2644 1226 2714 cooperculo,
1256 2653 1314 2698 ut
1337 2656 1456 2715 post
1481 2643 1759 2699 sabbatum
1803 2650 2100 2697 revertere-

539 2743 631 2788 tur
654 2749 776 2788 cum
806 2734 924 2790 aliis
950 2734 1279 2789 aromatibus
1308 2744 1362 2788 et
1398 2744 1523 2789 tunc
1569 2734 1850 2804 diligenter
1892 2746 2102 2786 aroma-

541 2827 734 2881 tizaret
759 2827 1060 2881 Dominum.
1099 2824 1207 2881 Sed
1243 2826 1368 2897 quia
1394 2825 1588 2894 Ioseph
1617 2822 1899 2880 conclusus
1923 2821 2021 2874 fuit
2047 2820 2100 2875 in

546 2921 792 2977 custodia
816 2936 845 2974 a
874 2919 1091 2986 Iudmis,
1121 2929 1176 2974 et
1217 2919 1469 2974 mulieres
1491 2932 1752 2989 pauperes
1782 2931 1888 2970 non
1919 2922 2103 2984 potue-

542 3022 668 3067 runt
702 3013 754 3066 in
785 3015 1022 3070 crastino
1058 3013 1368 3083 praeparari,
1400 3012 1556 3066 tertia
1585 3011 1669 3066 die
1715 3009 1968 3064 volebant
2003 3007 2106 3060 hoc

540 3100 817 3172 perﬁcere,
833 3103 878 3156 si
903 3117 1097 3170 corpus
1128 3101 1478 3154 invenissent.
1502 3099 1567 3154 Et
1597 3099 1698 3153 hac
1722 3095 2105 3152 consuetudine

2196 1917 2378 1967 cruce,
2411 1918 2514 1955 non
2539 1899 2712 1970 potuit
2756 1898 3249 1952 ad’monumentnm
3291 1890 3459 1944 abire.
3506 1887 3615 1942 Sed
3658 1887 3760 1940 ista

2197 1992 2388 2048 Lazari
2419 2007 2574 2046 soror
2595 1989 2798 2060 optime
2829 1986 3139 2056 recognovit
3167 1981 3543 2038 liberationem
3586 1993 3762 2042 suam,

2196 2097 2317 2152 qua:
2344 2081 2490 2134 viros
2515 2086 2571 2134 et
2595 2077 2847 2134 mulieres
2874 2076 2938 2130 de
2963 2071 3304 2141 obsequendo
3337 2067 3570 2122 Domino
3615 2066 3760 2120 vicit.

2196 2171 2331 2226 Aliis
2357 2169 2724 2226 remeantibus
2750 2166 2816 2221 ad
2846 2181 2967 2229 sua,
2995 2164 3112 2218 ista:
3135 2159 3472 2230 aspiciebant
3497 2154 3766 2226 quomodo

2193 2272 2484 2332 poneretur
2499 2273 2711 2331 corpus,
2737 2265 2798 2312 ut
2817 2257 2866 2311 ei
2888 2265 3131 2326 tempore
3157 2264 3394 2322 congruo
3411 2256 3629 2319 possent
3651 2262 3768 2300 mu-

2197 2368 2300 2408 nus
2329 2351 2626 2408 devotionis
2655 2347 2980 2419 impendere.

2268 2444 2446 2498 Altera
2469 2453 2640 2497 autem
2669 2443 2751 2496 die
2772 2457 2890 2512 qua:
2913 2449 2988 2495 est
3013 2446 3128 2510 post
3164 2449 3478 2506 ρατηερ-αι.
3502 2430 3773 2484 l’arasce.h

2196 2550 2298 2590 ven
2331 2533 2518 2589 Graeco
2550 2533 2783 2592 nomine,
2809 2529 3126 2601 prwparatio
3155 2525 3329 2579 Latine
3355 2521 3562 2582 dicitur,
3587 2534 3770 2589 quam

2201 2642 2301 2681 nos
2322 2633 2525 2681 sextam
2553 2623 2741 2679 teriam
2765 2635 3039 2684 vocamus,
3069 2618 3124 2672 in
3151 2633 3252 2687 qua
3294 2613 3546 2668 Dominus
3586 2609 3774 2664 cruei-

2203 2717 2339 2770 llxns
2372 2723 2472 2769 est.
2496 2713 2624 2781 Qua:
2647 2711 2768 2767 ideo
2794 2708 3114 2781 praeparatio
3138 2705 3427 2768 dicitur,eo
3462 2699 3616 2771 quod
3642 2708 3771 2754 tunc

2201 2803 2370 2860 Iudaei
2387 2805 2497 2872 ,sibi
2526 2803 2792 2873 parabant
2821 2800 2962 2872 quod
2991 2798 3152 2853 edere
3179 2797 3233 2850 in
3258 2795 3480 2849 sabbato
3503 2789 3769 2847 solebant.

2204 2895 2261 2949 ln
2293 2903 2446 2950 sexto
2474 2894 2560 2949 die
2591 2892 2819 2949 Domino
2862 2888 3062 2961 placuit
3108 2883 3381 2956 cruciﬁgi,
3423 2883 3553 2952 quia
3601 2881 3770 2936 Adam

2205 2985 2258 3038 in
2285 2992 2439 3040 sexto
2471 2981 2733 3054 peccavit,
2761 2989 2816 3035 ct
2846 2981 2899 3034 in
2928 2980 3041 3048 ipsa
3068 2977 3274 3048 eiectus
3302 2982 3388 3029 est
3410 2974 3478 3028 de
3501 2971 3770 3042 paradiso.

2211 3075 2426 3131 Similes
2453 3081 2580 3129 sunt
2605 3072 2708 3127 illa:
2730 3071 2924 3125 anima:
2942 3085 3060 3139 quae
3077 3075 3272 3138 parant
3293 3065 3520 3120 Domino
3539 3062 3774 3119 debonis

543 3205 660 3244 mos
681 3190 911 3244 obtinuit
941 3190 996 3243 in
1024 3189 1260 3243 Ecclesia
1278 3229 1292 3251 ,
1323 3196 1380 3241 ut
1407 3203 1599 3256 corpus
1629 3186 1838 3241 Domini
1870 3186 1924 3240 in
1950 3183 2105 3238 altari
2134 3157 2178 3218 θ
2208 3166 2460 3256 θυείνίδυε
2486 3163 2834 3256 Γέίῖυῖὲξίοηίε
2855 3161 3031 3256 ille}?
3056 3159 3111 3214 ίη
3133 3157 3388 3256 cordibus.
3413 3156 3542 3210 suis-

545 3280 760 3349 quando
783 3286 1129 3333 consecratur
1151 3293 1254 3331 non
1303 3277 1355 3330 in
1392 3277 1583 3340 serico,
1613 3290 1788 3343 neque
1835 3275 1887 3328 in
1931 3289 2107 3344 panno

525 3371 736 3434 tincto,
760 3370 854 3424 sed
883 3369 935 3423 in
963 3368 1128 3423 linteo
1153 3374 1513 3423 consecratur.
1549 3363 1708 3418 quta
1732 3363 1874 3434 quod
1895 3379 1926 3416 a
1953 3363 2108 3416 beato

548 3462 808 3517 Silvestre
835 3461 1184 3516 constitutum
1210 3461 1261 3514 in
1291 3458 1455 3530 gestis
1499 3455 1810 3528 pontiﬁcum
1863 3455 2104 3524 legimus.

2280 3253 2472 3307 Dicunt
2503 3253 2556 3306 in
2579 3251 2793 3306 sabbato
2819 3249 2888 3304 ad
2919 3247 3152 3302 Pilatum
3184 3260 3202 3298 :
3233 3245 3486 3310 Domine,
3517 3243 3774 3298 recordati

2208 3360 2387 3398 sumus
2409 3343 2534 3413 quia
2563 3343 2806 3397 seductor
2832 3340 2919 3394 ille
2942 3340 3078 3394 dixit
3105 3339 3276 3392 adhuc
3302 3337 3497 3400 siccus,
3521 3347 3633 3404 post
3673 3347 3774 3389 tres

2209 3435 2318 3488 dies
2341 3449 2629 3505 resurgam.
2653 3432 2790 3488 Ecce
2819 3429 2987 3486 Iudmi
3015 3439 3214 3484 nostra:
3245 3427 3402 3482 saluti
3428 3437 3484 3480 et
3510 3425 3772 3496 profectni

547 3551 616 3607 Et
642 3567 705 3608 ex
735 3551 836 3606 ista
862 3551 1135 3621 sepultura
1159 3508 1368 3605 Domini
1392 3508 1617 3618 simplici
1641 3547 1864 3602 ambitio
1887 3546 2100 3601 divitum

2211 3527 2264 3582 in
2302 3527 2405 3582 hoc
2434 3526 2552 3582 loco
2574 3526 2898 3588 servierunt,
2919 3515 3043 3593 quia
3073 3537 3178 3577 non
3205 3508 3377 3576 solum
3396 3519 3776 3586 evangelista,

549 3641 953 3704 condemnatur,
981 3641 1070 3710 qui
1098 3655 1197 3695 nec
1226 3640 1279 3694 in
1306 3639 1547 3710 sepulcro
1581 3638 1765 3692 volunt
1800 3653 1986 3692 carere
2033 3636 2113 3689 di-
2213 3617 2305 3672 sed
2341 3627 2395 3672 θε
2440 3615 2688 3672 ουδιοάθε
2742 3615 3025 3669 Ῐιῖιδυίιιιιιε
3075 3609 3481 3710 ι’θευπθοιίξιξιίξ
3532 3609 3780 3708 Potuim-

549 3731 716 3786 vitiis.
738 3729 806 3784 Et
830 3698 1014 3801 posuit.
1026 3728 1156 3782 illud
1179 3729 1235 3782 in
1261 3698 1590 3781 monumento
1643 3742 1738 3780 suo
1787 3742 1934 3789 novo,
1973 3723 2110 3794 quod
2214 3709 2304 3764 Sic
2331 3708 2548 3801 faCillmA
2560 3706 2651 3776 ιιυί
2683 3705 3062 3801 οοῐητειᾳθθυξη
3084 3710 3344 3801 ρυεηῆηις
3370 3698 3641 3801 υξιάθίβεῖ
3669 3706 3785 3751 53“

549 3821 810 3876 exciderat
836 3821 891 3873 in
923 3828 1089 3889 petra.
1111 3819 1169 3873 ln
1201 3833 1338 3873 novo
1379 3826 1723 3871 monumento
1763 3815 2003 3884 ponitur,
2044 3829 2100 3867 ne

2215 3805 2379 3868 agunt
2404 3813 2471 3852 ne
2519 3796 2614 3851 ﬁat
2637 3796 2778 3865 quod
2801 3795 2902 3864 ipsi
2929 3793 3136 3858 nolunt,
3160 3792 3302 3847 unde
3330 3791 3430 3860 ipsi
3470 3796 3784 3859 praeparant

551 3910 598 3965 si
627 3909 762 3964 alius
792 3916 949 3963 antea
977 3907 1183 3978 positus
1213 3906 1421 3970 luisset,
1447 3904 1668 3959 dubium
1709 3912 1852 3960 esset
1886 3903 2006 3973 quis
2030 3918 2100 3958 re-

2212 3885 2355 3955 quod
2379 3885 2518 3940 Deus
2538 3884 2700 3939 habet
2727 3882 3062 3951 dispositum.
3077 3879 3291 3950 Optime
3311 3878 3556 3934 fecerunt
3569 3877 3786 3946 quando

550 3999 891 4056 surrexisset.
1021 3998 1158 4053 sicut
1202 3999 1256 4052 in
1303 4006 1455 4050 utero
1493 3994 1552 4050 S.
1603 3995 1800 4060 Marim,
1833 3970 1930 4048 nec
1978 3993 2100 4047 alius

2214 3975 2444 4044 lapidem
2473 3975 2822 4044 signaverunt
2865 3981 2923 4028 et
2960 3971 3210 4028 custodes
3257 3970 3641 4031 adhibuerunt,
3668 3984 3787 4023 cer.

550 4099 678 4148 ante
699 4107 840 4155 cum,
870 4105 971 4145 nec
1001 4098 1122 4161 post
1156 4103 1276 4143 eum
1302 4087 1490 4158 jacnit.
1537 4087 1605 4141 Et
1641 4086 1696 4140 in
1742 4087 1922 4140 excisa
1964 4093 2114 4153 petra
2154 4070 2161 4079 ’
2214 4068 2378 4122 “ores
2404 4083 2502 4122 "08
2528 4067 2875 4161 reddiderunt
2893 4065 2962 4120 ἀεὶ
2982 4064 3192 4161 Domini
3215 4061 3638 4161 resurrectio-nec
3679 4060 3787 4115 Sed

549 4182 759 4254 positus
777 4151 878 4246 est,
903 4195 970 4235 ne
994 4151 1038 4236 si
1063 4194 1128 4234 ex
1157 4151 1376 4233 minutis
1397 4177 1658 4248 lapidibus
1681 4176 1870 4230 fuisset
1890 4151 2114 4230 aediﬁca-
2216 4166 2396 4254 tam“).
2414 4158 2842 4228 Ρθΐδρίοίθηάυπι
2877 4155 3018 4226 ("md
3046 4155 3220 4210 adhuc
3234 4154 3419 4254 visent
3446 4154 3502 4206 ίιι
3522 4151 3710 4214 Inda;
3736 4152 3787 4205 in

553 4245 690 4336 tum,
717 4270 956 4326 suﬂossis
984 4269 1170 4324 tumuli
1208 4245 1569 4323 fundamentis
1594 4266 1739 4322 furto
1768 4267 1977 4321 ablatus
1997 4281 2116 4321 cre-
2213 4247 2483 4303 mentibus
2513 4261 2722 4310 eorum:
2751 4261 2913 4316 quem
2963 4259 3064 4300 nec
3105 4245 3386 4336 "omnia"?
3413 4251 3638 4336 9‘33"“
3680 4258 3790 4312 Ρη

555 4367 792 4422 deretur.
823 4364 1014 4420 Omnia
1047 4365 1146 4418 ista
1192 4369 1412 4432 propter
1459 4369 1696 4415 nostram
1745 4358 2112 4414 credulitatem

541 4457 692 4512 "acta
720 4467 864 4512 sunt.
896 4455 1034 4509 Ante
1057 4455 1301 4509 homines
1333 4454 1385 4507 in
1420 4453 1663 4507 domibus
1699 4450 2108 4522 scpeliebantur.

550 4547 660 4603 Sed
709 4564 830 4603 cum
871 4547 1009 4602 l'etor
1050 4546 1410 4601 inhabitantes
1459 4551 1709 4608 necaret,
1745 4549 2117 4613 przeceperunt

551 4639 779 4694 Romani
807 4637 1017 4707 publico
1042 4637 1239 4701 edicto,
1269 4651 1336 4690 ne
1364 4635 1417 4688 in
1452 4635 1610 4689 domo
1636 4633 1992 4702 sepelirentur
2027 4630 2116 4684 ho-

2215 4337 2435 4402 invidia,
2465 4337 2559 4393 sed
2600 4337 2938 4392 seductorem
2967 4349 3089 4389 eum
3123 4332 3414 4403 appellant.
3468 4332 3527 4385 Si
3568 4333 3788 4388 sciretis

2214 4428 2390 4498 qualia
2421 4427 2670 4482 custodes
2704 4425 2998 4480 nuntiaturi
3039 4431 3218 4480 essent
3241 4464 3257 4490 ,
3290 4436 3567 4490 nunquam
3595 4437 3698 4476 eos
3725 4422 3789 4475 ad

2217 4516 2623 4573 custodiendum
2651 4514 3026 4586 deputassetis.

2284 4630 2370 4684 Ait
2404 4628 2509 4684 illis
2535 4626 2740 4682 Pilatus
2770 4641 2788 4678 :
2819 4626 3038 4680 Habetis
3061 4624 3372 4686 custodiam,
3401 4623 3503 4683 ite,
3531 4620 3789 4674 custodite

552 4730 727 4785 mines
749 4742 922 4798 neque
949 4727 1002 4780 in
1029 4727 1267 4782 civitate.
1293 4727 1443 4780 Tune
1472 4719 1597 4794 quia
1624 4739 1786 4794 grave
1817 4723 2118 4778 'videbatur
2215 4723 2345 4777 sicut
2381 4721 2546 4775 scitis.
2583 4717 2698 4786 Non
2725 4718 2866 4788 quod
2895 4716 2996 4786 ipsi
3029 4713 3194 4769 Iudtei
3225 4712 3421 4767 milites
3449 4709 3787 4768 habuissent.

553 4821 653 4876 sub
680 4820 768 4876 dio
802 4797 934 4891 puro
979 4818 1206 4889 sepelire
1253 4827 1510 4890 cognatos
1551 4826 1618 4882 et
1656 4817 1880 4879 amicos,
1913 4813 2117 4870 reversi
2217 4813 2270 4866 in
2310 4818 2596 4882 potestate,
2627 4809 2722 4864 sed
2751 4807 2904 4877 quasi
2929 4806 3150 4860 dixisset
3179 4822 3192 4856 :
3225 4803 3365 4857 Ecce
3391 4798 3695 4854 custodiam
3722 4797 3789 4850 do

555 4922 681 4968 sunt
707 4913 773 4967 ad
797 4887 1072 4982 antiquam
1110 4887 1454 4981 sepulturam,
1481 4919 1541 4964 ut
1576 4908 1884 4965 exciderent
1923 4906 1978 4960 in
2019 4921 2116 4975 pe-
2216 4903 2369 4956 vobis
2406 4919 2418 4954 :
2459 4900 2705 4954 ordinate
2738 4895 3006 4967 quomodo
3044 4892 3394 4953 custodiatur,
3442 4897 3505 4942 ut
3537 4901 3648 4942 non
3692 4887 3788 4939 ba-

554 5003 676 5068 tris,
709 5003 822 5059 sive
858 4977 958 5058 sub
993 5011 1137 5057 terra
1170 4977 1406 5073 cryptas,
1444 5009 1500 5055 et
1529 5000 1600 5055 ibi
1634 4997 1937 5068 sepelirent.
1967 4995 2117 5052 Unde
2218 4991 2390 5046 beatis
2419 4988 2548 5058 quid
2590 4987 2798 5042 dicatis.
2834 4985 2924 5040 Illi
2972 4994 3146 5037 autem
3195 4979 3438 5033 abeuntes
3491 4977 3790 5030 muni-erunt

555 5066 807 5164 pleraque
835 5093 1010 5147 adhuc
1037 5066 1380 5145 inveniuntur
1404 5101 1459 5145 et
1482 5090 1636 5160 juxta
1687 5066 1932 5149 Romam,
1962 5093 2017 5138 et
2063 5085 2116 5138 in
2217 5079 2531 5151 sepulcrum.
2575 5078 2634 5132 1d
2662 5085 2746 5132 est
2791 5076 2857 5131 de
2884 5074 3129 5130 custodia
3168 5078 3222 5125 et
3265 5069 3609 5139 sigillatione.
3655 5066 3789 5120 Nam

497 5239 502 5246 ,
555 5156 679 5238 aliis
705 5156 881 5245 terris,
915 5192 976 5236 ut
1021 5193 1104 5238 est
1142 5156 1510 5236 cmmeterium
1555 5178 1775 5244 Calixti,
1819 5176 1910 5230 ubi
1954 5175 2122 5246 jacuit
2221 5171 2499 5226 sabbatum
2527 5178 2661 5229 erat,
2686 5174 2966 5236 propterea
2993 5163 3124 5218 nihil
3147 5159 3290 5215 aliud
3314 5158 3478 5227 optati
3511 5167 3666 5217 sunt.
3687 5156 3789 5209 nisi

559 5283 744 5330 sancta
773 5275 989 5340 Cecilia,
1020 5282 1073 5329 et
1096 5282 1311 5330 sanctus
1345 5272 1593 5328 Urbanus
1619 5284 1740 5324 cum
1775 5265 1955 5320 multis
1985 5263 2122 5318 mili-

559 5365 722 5419 tibus.
759 5363 1018 5420 Rel‘erunt
1045 5365 1111 5419 de
1145 5365 1260 5434 ipso
1291 5369 1636 5417 monumento
1663 5358 1789 5427 quia
1835 5369 1989 5410 mons
2041 5359 2123 5407 est

561 5469 724 5524 super
747 5455 1043 5510 naturalem
1071 5464 1298 5525 petram,
1324 5454 1412 5507 ubi
1443 5461 1588 5507 stare
1615 5459 1758 5505 terra
1787 5446 2119 5517 perhibetur,

562 5553 618 5599 et
640 5546 694 5598 i'n
715 5546 827 5615 ipsa
857 5553 1008 5615 petra
1031 5547 1211 5602 excisa
1235 5553 1438 5615 crypta,
1464 5551 1518 5598 et
1544 5543 1598 5596 in
1631 5542 1745 5610 ipsa
1769 5547 1954 5609 crypta
1979 5534 2126 5589 exci-

566 5637 1096 5706 sunrsarcophagum
1123 5638 1177 5691 in
1203 5636 1373 5692 latere
1396 5632 1705 5703 Aquilonari
1734 5648 1746 5683 :
1779 5629 1940 5683 habet
1963 5626 2126 5696 pedes

569 5733 773 5789 septem
797 5728 848 5780 in
876 5725 1351 5798 longitudinc,tres
1371 5723 1576 5796 palmos
1596 5721 1648 5776 in
1677 5716 1984 5781 altitudine;
2019 5728 2122 5770 cte-

2223 5273 2320 5329 per
2344 5259 2588 5312 verbum.
2626 5256 2860 5326 Apparet
2890 5261 3070 5307 autem
3097 5249 3220 5319 quia
3255 5262 3417 5317 prope
3443 5253 3565 5298 erat
3594 5259 3792 5298 nione-

2227 5356 2466 5402 mentum
2501 5347 2640 5417 quod
2682 5347 2736 5400 in
2776 5345 2997 5399 sabbato
3045 5342 3157 5395 ausi
3203 5345 3326 5392 sunt
3379 5334 3683 5390 ambulare.
3732 5333 3799 5387 Et

2225 5437 2330 5493 hoc
2348 5437 2631 5492 videndum
2653 5435 2776 5504 quia
2796 5431 3013 5502 Ioseph,
3035 5445 3157 5486 cum
3179 5437 3320 5482 esset
3337 5426 3405 5480 de
3428 5423 3794 5478 Ramalhaim.

2222 5543 2389 5598 prepe
2415 5526 2750 5581 Hierusalem
2772 5523 2983 5578 volebat
3022 5535 3081 5575 se
3117 5516 3348 5587 sepeliri,
3372 5525 3431 5569 ut
3466 5514 3578 5568 illic
3615 5528 3796 5566 ram»

2228 5629 2378 5691 geret
2417 5635 2538 5675 cum
2564 5615 2973 5689 multis.sanetis
2999 5614 3087 5684 qui
3118 5612 3192 5666 ibi
3227 5609 3500 5679 iacebant.
3535 5606 3791 5660 Peraean-

2230 5722 2373 5770 tores
2400 5726 2525 5769 vero
2553 5709 2762 5767 Domini
2795 5707 2954 5764 talem
2996 5705 3242 5776 leguntur
3280 5701 3481 5757 exitum
3517 5696 3789 5754 habuisse.
