3988 6186
366 333 498 390 H97
575 354 578 357 ·

1483 321 1837 380 EXPOSITIO
1874 313 1938 383 ΙΝ
1977 322 2402 383 ΜΑΤΤῐῐίΕυΜ.

3421 333 3557 388 “98

359 446 598 506 Primus.
625 443 879 508 Herodes,
919 431 1032 512 qui‘
1054 440 1199 495 illum
1237 439 1403 494 voluit
1430 438 1694 500 occidere,
1731 443 1787 490 et
1813 449 1909 502 pro
1935 438 1978 496 Α
2010 435 2283 493 venientes
2315 447 2576 509 ungerent
2610 439 2812 496 Jesum.
2854 427 3086 513 Vespere
3109 452 3165 498 et
3200 445 3478 501 masculini
3502 461 3557 503 ct

362 537 479 606 ipso
519 535 828 589 innocentes
866 531 1061 586 occidit
1094 529 1357 598 jussitque
1391 542 1577 583 omnes
1605 526 1912 595 Scripturas

359 627 570 682 divinas
601 626 784 688 aduri,
813 635 871 678 ut
897 631 1177 693 putaretur
1201 621 1482 692 progenies
1509 618 1624 687 ejus
1654 617 1719 671 de
1749 616 1909 687 regali

360 718 565 773 semine
590 716 755 770 David
781 730 921 780 esse,
945 722 998 768 et
1017 713 1222 783 accepit
1256 713 1602 767 Mariamnam
1624 709 1910 767 Aristoboli

358 813 543 876 ﬁliam,
581 821 641 866 ut
674 811 727 865 in
759 819 1068 880 perpetuum
1099 808 1322 862 haberet
1360 807 1474 875 ejus
1497 806 1777 876 progenies
1822 821 1908 859 re-

359 917 540 974 gnum.
584 900 687 956 Sed
713 899 837 970 quia
871 899 1068 969 injuste
1099 906 1152 953 et
1178 904 1362 952 contra
1397 895 1492 950 Dei
1519 895 1686 948 voluit
1723 894 1910 949 volun-

359 1003 547 1059 tatem,
576 993 683 1048 cito
707 992 921 1047 decidit.
947 991 1063 1060 ipse
1102 990 1244 1045 enim
1277 1003 1384 1042 non
1409 986 1528 1057 plus
1555 1001 1715 1056 quam
1743 987 1910 1042 tribus

359 1084 516 1138 annis
557 1082 798 1152 regnavit
825 1090 946 1152 post
976 1082 1286 1136 innocentes
1314 1079 1615 1150 jugulatos;
1654 1079 1912 1132 urebatur

359 1182 538 1228 autem
575 1189 607 1226 a
637 1172 768 1228 foris
801 1173 921 1242 igne
949 1186 1104 1226 sacro
1136 1185 1228 1225 seu
1254 1169 1399 1225 lento
1421 1209 1436 1234 ,
1478 1183 1674 1238 corpus
1700 1166 1813 1236 ejus
1833 1176 1911 1221 to-

357 1271 471 1316 tum
503 1262 775 1332 putridum
803 1269 922 1316 erat
962 1263 1027 1316 de
1062 1262 1226 1315 intus.
1257 1260 1534 1317 Anhelitus
1559 1258 1674 1327 ejus
1715 1269 1908 1314 tetrum

356 1353 573 1407 odorem
610 1353 896 1418 reddebat,
933 1353 1127 1422 pedum
1163 1351 1400 1418 inflatio,
1439 1360 1494 1408 et
1520 1355 1906 1416 verendorum,

355 1453 412 1499 et
429 1460 530 1514 pro
551 1445 635 1500 his
659 1446 908 1503 omnibus
927 1445 1158 1500 maxima
1183 1446 1364 1501 febris.
1384 1444 1502 1500 Jam
1525 1445 1757 1501 habebat
1773 1445 1915 1501 occi-

355 1548 472 1588 sam
514 1548 734 1588 uxorem
765 1549 916 1588 suam
958 1534 1304 1588 Mariamnam
1349 1543 1405 1589 et
1459 1544 1567 1589 tres
1597 1534 1733 1590 ﬁlios
1786 1549 1910 1589 suos

357 1623 425 1678 de
453 1639 516 1679 ea
552 1623 972 1689 :Aristobolum,
1013 1623 1304 1679 Hircanum
1351 1633 1406 1678 et
1450 1624 1804 1694 Antipatrem,
1856 1634 1912 1680 et

355 1715 488 1772 alios
509 1726 634 1772 tres.
661 1718 725 1772 Et
740 1727 916 1774 tamen
933 1719 984 1771 in
1012 1718 1096 1772 bis
1117 1717 1391 1772 doloribus
1411 1717 1657 1788 praecepit
1671 1719 1906 1773 omnium

2009 523 2248 580 feminini
2295 529 2504 597 generis
2532 531 2819 594 invenitur,
2851 541 2958 586 tam
2985 534 3124 602 apud
3153 532 3368 590 Gnaeos
3395 551 3554 605 quam
3651 555 3668 574 ο
3721 518 3742 540 ³

2009 617 2146 686 apud
2173 617 2408 681 Latinos,
2432 620 2524 675 sed
2553 629 2723 675 tamen
2752 623 2823 676 illi
2846 625 3027 679 dicunt
3053 625 3266 696 hespera
3292 643 3386 696 per
3411 628 3556 700 aspi-

2011 708 2290 771 rationem,
2331 725 2428 764 nos
2466 725 2561 780 per
2586 728 2634 777 v,
2662 730 2884 782 vespere,
2921 717 3063 786 quod
3095 718 3146 771 in
3179 719 3356 774 multis
3377 722 3558 786 nomi-

2008 798 2165 853 nibus
2199 799 2432 868 agimus,
2463 817 2585 857 cum
2622 801 2674 856 in
2713 814 2947 860 nostram
2987 807 3219 878 linguam
3259 818 3555 876 transeunt,

2009 898 2102 944 aut
2127 906 2152 944 s
2177 898 2270 944 aut
2299 908 2327 945 υ
2356 901 2613 960 ponentes
2645 908 2742 962 pro
2771 897 3088 966 aspiratione
3121 898 3351 965 illorum,
3377 909 3437 955 ut
3478 902 3553 956 illi

2008 980 2129 1044 hex,
2165 995 2262 1035 nos
2288 998 2396 1036 sex.
2433 974 2791 1054 Quadraginta
2831 987 2989 1040 horas
3014 989 3182 1056 jacuit
3221 990 3474 1045 Dominus
3504 993 3558 1046 in

2008 1065 2274 1135 sepulcro,
2299 1075 2353 1121 et
2375 1076 2651 1137 propterea
2672 1084 2769 1138 per
2800 1072 3148 1142 quadraginta
3171 1076 3286 1129 dies
3312 1081 3561 1146 apparuit

2009 1157 2105 1211 eis.
2138 1156 2206 1210 Et
2229 1174 2341 1211 ecce
2363 1168 2686 1214 terrwmotus
2709 1161 2878 1229 factus
2903 1172 2976 1215 est
2995 1180 3234 1234 magnus.
3267 1166 3562 1223 Terraemo-

2009 1252 2096 1300 tus
2115 1245 2290 1301 factus
2313 1254 2398 1301 est
2421 1255 2636 1316 propter
2659 1251 2906 1304 custodes
2928 1260 2984 1304 ut
3007 1260 3354 1321 terrerentur,
3379 1265 3435 1309 ut
3456 1271 3562 1311 non

2008 1336 2265 1390 auderent
2311 1337 2594 1404 prohibere
2650 1339 2961 1402 venientes,
3007 1353 3061 1395 et
3107 1350 3285 1398 tamen
3321 1344 3564 1398 videntes

2006 1429 2390 1499 veritatemque
2408 1431 2803 1485 annuntiarent.
2825 1432 3119 1488 Nihilenim
3145 1435 3403 1490 sicterret
3425 1453 3566 1490 mor-

2009 1522 2193 1577 talium
2221 1532 2439 1592 pectora
2464 1539 2624 1592 quam
2651 1510 2941 1579 tonitruum
2968 1535 3022 1579 et
3050 1535 3404 1585 terrarmotus.
3443 1528 3564 1598 Spi—

2008 1610 2270 1676 ritaliter,
2299 1611 2414 1666 istae
2440 1613 2556 1666 dure
2581 1612 2790 1667 feminae
2820 1614 2935 1668 dua:
2962 1615 3144 1684 plebes
3169 1627 3314 1680 sunt,
3342 1617 3560 1672 Iudaica

2009 1708 2063 1756 et
2088 1700 2320 1771 gentilis.
2356 1700 2738 1766 Tememotus,
2771 1705 3050 1759 concussio
3078 1705 3171 1760 Dei
3213 1721 3280 1760 ex
3306 1708 3564 1776 praedica-

353 1807 611 1863 nobilium
637 1808 772 1863 filios
807 1808 1002 1864 recludi
1035 1808 1091 1864 in
1120 1823 1226 1862 uno
1268 1806 1406 1872 loco,
1427 1816 1481 1861 et
1507 1807 1716 1862 vocavit
1743 1808 1808 1862 ad
1849 1822 1908 1863 se

2011 1791 2155 1846 tione
2178 1790 2410 1861 Spiritus
2430 1792 2618 1846 sancti.
2649 1791 2875 1864 Angelus
2895 1795 3126 1850 Domini.
3163 1796 3426 1868 Obsequia
3461 1815 3560 1853 an-

354 1914 598 1954 socerum
645 1902 800 1955 suum
823 1941 838 1966 ,
889 1909 946 1955 et
985 1900 1063 1954 ait
1088 1899 1161 1954 illi
1193 1917 1208 1953 :
1239 1899 1350 1970 Ego
1401 1900 1523 1954 novi
1559 1900 1698 1969 quod
1746 1898 1912 1956 Judaei

354 1988 688 2044 laetabuntur
729 1990 795 2045 de
839 1997 1012 2045 morte
1067 2004 1183 2044 mea
1208 2029 1224 2054 ,
1277 1990 1370 2044 sed
1413 1991 1458 2044 si
1503 1998 1562 2044 tu
1611 1990 1910 2056 voluisses,

354 2094 454 2150 ego
483 2080 789 2135 habuissem
826 2080 1068 2151 lugentes
1093 2080 1394 2150 exsequias,
1433 2088 1491 2134 ut
1518 2096 1639 2136 cum
1672 2089 1912 2135 mortuus

354 2173 594 2238 fuissem,
627 2171 991 2228 interfecisses
1019 2173 1274 2228 nobilium
1302 2172 1456 2237 filios,
1495 2182 1550 2228 et
1585 2181 1713 2228 tunc
1747 2173 1911 2226 habe-

355 2277 470 2318 rem
496 2262 735 2332 lugentes
756 2263 1058 2332 exsequias.
1075 2263 1164 2318 Ille
1189 2265 1432 2332 promisit
1451 2279 1510 2319 se
1530 2265 1602 2318 ita
1623 2263 1909 2332 facturum,

352 2355 448 2410 sed
472 2354 600 2408 nihil
630 2353 784 2419 fecit;
830 2355 924 2409 sed
952 2371 1074 2410 cum
1111 2363 1351 2411 mortuus
1380 2356 1498 2421 fuit,
1537 2357 1794 2427 prmeepit
1824 2357 1912 2412 ille

353 2459 540 2500 omnes
581 2446 795 2500 dimitti.
840 2445 1132 2517 Postquam
1175 2463 1302 2502 vero
1347 2448 1485 2502 mala
1531 2450 1914 2504 convaluerunt

357 2532 412 2588 in
450 2549 593 2600 eum,
639 2535 848 2604 accepit
885 2536 972 2590 ille
1001 2537 1268 2592 cultellum
1295 2539 1445 2607 quasi
1473 2540 1538 2594 ad
1578 2542 1911 2612 purgandum

353 2640 592 2696 pomum,
622 2635 677 2682 et
709 2629 906 2684 occidit
932 2629 1186 2699 seipsum,
1228 2639 1283 2684 et
1319 2631 1398 2686 sic
1423 2633 1574 2687 obiit.
1616 2632 1911 2690 Archelaus

354 2731 485 2771 vero
528 2719 669 2774 ﬁlius
695 2721 831 2790 ejus,
878 2721 931 2774 in
973 2721 1176 2776 Vienna
1214 2723 1402 2777 exsilio
1440 2725 1704 2796 relegatus
1755 2727 1906 2782 obiit.

355 2804 594 2862 Herodes
623 2823 834 2878 quoque
866 2811 1133 2864 tetrarcha
1153 2850 1169 2877 ,
1198 2810 1421 2868 Herodis
1449 2813 1606 2879 filius,
1637 2816 1726 2884 qui
1751 2815 1912 2871 Joan-

355 2911 479 2950 nem
533 2897 812 2953 decollavit
863 2908 918 2954 et
975 2899 1145 2955 Pilato
1196 2902 1248 2955 in
1305 2904 1551 2971 passione
1605 2909 1908 2974 consensit,

353 2985 614 3057 Lugduno
658 2988 930 3043 exsiliatus
957 2998 1076 3056 est;
1129 2989 1366 3046 Herodes
1391 2992 1546 3057 alius,
1588 3009 1754 3064 nepos
1801 2996 1908 3051 Ile-

355 3075 531 3141 rodis,
557 3076 847 3132 Aristoboli
879 3078 1047 3143 filius,
1078 3080 1168 3150 qui
1197 3078 1452 3136 Jacobum
1483 3067 1705 3140 fratrem
1733 3087 1906 3140 sancti

353 3163 574 3222 Joannis
610 3167 910 3235 decollavit,
948 3183 1044 3238 per
1069 3173 1304 3239 quinque
1339 3173 1453 3228 dies
1483 3188 1513 3227 a
1547 3176 1816 3231 vermibus
1852 3178 1906 3231 in

354 3262 543 3310 ventre
571 3263 837 3312 comestus
867 3258 1017 3312 obiit.
1048 3257 1248 3314 lilatus
1273 3275 1400 3316 vero
1421 3263 1634 3332 propria
1661 3245 1719 3319 se
1749 3281 1908 3320 manu

356 3342 644 3400 interfecit.
1656 3355 1659 3358 ’

433 3433 653 3506 Vespera
672 3444 840 3490 autem
852 3439 1058 3494 sabbati
1073 3457 1189 3510 qua:
1203 3440 1408 3496 lucescit
1426 3443 1478 3497 in
1500 3445 1666 3514 prima
1687 3446 1905 3502 sabbati.

355 3521 587 3594 Vespera
617 3541 648 3580 a
683 3525 836 3580 stella
872 3528 1097 3593 dicitur,
1132 3543 1251 3599 qua:
1289 3532 1424 3586 solet
1449 3534 1580 3587 oriri
1607 3535 1777 3603 prima
1815 3537 1910 3589 ad-

352 3623 758 3683 vesperascente
795 3615 899 3670 die.
940 3615 1172 3686 Vespere
1211 3626 1390 3672 autem
1428 3621 1655 3686 sabbati,
1701 3622 1803 3676 hoc
1829 3632 1912 3678 est

355 3702 410 3758 in
457 3703 664 3758 sabbati
705 3718 929 3774 vespere
967 3721 1083 3774 qua:
1119 3707 1306 3777 incipit
1343 3707 1610 3764 lucescere
1636 3749 1651 3772 ,
1682 3712 1913 3780 pertinet

356 3803 534 3848 tamen
555 3795 622 3849 ad
645 3795 871 3865 primam
897 3797 1121 3852 sabbati.
1146 3797 1276 3852 Nam
1306 3797 1474 3871 [ante]
1499 3800 1783 3856 adventum
1812 3803 1914 3857 Do-

355 3882 488 3938 mini
527 3883 640 3938 dies
664 3884 999 3954 praecedebat
1028 3902 1301 3956 vesperam
1322 3929 1338 3954 ,
1376 3897 1430 3943 et
1453 3889 1754 3961 quicunque
1780 3891 1915 3947 inte-

357 3990 509 4046 gram
534 3974 674 4030 diem
694 3974 906 4052 volebat
933 3976 1226 4043 celebrare,
1265 3988 1392 4035 ante
1418 3981 1724 4037 celebrabat
1750 3984 1910 4049 diem,

357 4072 414 4119 et
439 4073 560 4135 post
585 4063 868 4134 vesperam‘
889 4074 962 4121 'et
1003 4077 1232 4136 noctem,
1265 4079 1325 4125 ut
1357 4073 1753 4144 significaretur
1790 4078 1914 4146 quia

295 4146 298 4148 ⁷
358 4155 528 4212 Adam
571 4157 638 4211 de
669 4159 915 4227 paradiso
943 4161 1085 4215 venit
1115 4162 1166 4216 in
1207 4165 1484 4231 mundum,
1517 4167 1668 4236 quasi
1696 4169 1762 4224 de
1798 4169 1916 4226 luce

359 4247 428 4302 ad
450 4250 713 4313 tenebras,
745 4250 812 4305 de
836 4251 1136 4307 innocentia
1158 4253 1224 4308 ad
1254 4264 1550 4324 peccatum.
1585 4257 1709 4312 Post
1735 4274 1913 4315 resur-

360 4342 651 4397 rectionem
697 4358 848 4408 vero,
901 4359 1122 4414 vespera
1165 4354 1219 4401 ει
1259 4361 1365 4402 ι)οΣ
1415 4359 1820 4418 prmeesserunt,
1858 4358 1918 4405 ιη

2010 1883 2267 1954 gelorum,
2307 1897 2404 1953 per
2434 1898 2568 1953 quos
2599 1883 2728 1938 illud
2754 1885 3109 1953 ministerium
3137 1887 3430 1957 perfectum
3457 1897 3559 1944 est.

2011 1972 2240 2028 Revolrit
2292 1972 2535 2043 lapidem.
2579 1972 2695 2029 Non
2744 1982 2804 2029 ut
2843 1975 3069 2032 Domino
3107 1977 3246 2032 viam
3283 1981 3560 2048 panderet,

2009 2063 2103 2118 sed
2137 2071 2194 2118 ut
2227 2063 2537 2118 mulieribus
2565 2072 2887 2120 monstraret
2901 2066 3014 2136 jam
3044 2067 3238 2123 abiisse
3259 2069 3558 2132 Dominum,

2010 2164 2064 2210 et
2103 2162 2162 2209 ut
2203 2154 2433 2209 claustra
2474 2153 2668 2210 inferni
2709 2154 2912 2223 deiecta
2948 2163 3003 2211 et
3043 2165 3292 2226 superata
3325 2159 3561 2214 doceret.

2010 2243 2230 2300 Sedebat
2272 2264 2426 2317 super
2457 2263 2595 2300 eum.
2657 2246 2860 2302 idcirco
2901 2249 3119 2303 sedebat
3161 2256 3222 2302 ut
3261 2250 3565 2306 ostenderet
3611 2271 3613 2273 ί

2008 2337 2185 2392 omnia
2208 2335 2476 2391 Christum
2507 2337 2756 2392 habuisse
2783 2338 3010 2403 devicta,
3041 2348 3095 2393 et
3119 2348 3344 2394 mortem
3369 2349 3424 2395 et
3448 2356 3562 2396 cor-

2011 2429 2327 2498 ruptionem.
2365 2427 2497 2482 Nam
2525 2429 2739 2498 quando
2774 2438 2930 2486 natus
2955 2439 3038 2485 est
3071 2440 3274 2487 stantes
3307 2448 3564 2502 apparue—

2011 2529 2136 2574 runt
2171 2519 2365 2590 angeli,
2415 2528 2476 2574 ut
2511 2529 2900 2576 monstraretur
2926 2521 3046 2591 quia
3079 2523 3299 2578 haberet
3324 2540 3561 2594 pugnare

2010 2626 2130 2666 cum
2159 2611 2369 2667 diabolo
2395 2631 2408 2666 :
2443 2611 2574 2667 Erat
2601 2624 2773 2668 autem
2799 2624 3031 2683 aspectus
3059 2615 3172 2685 ejus
3199 2617 3331 2670 sicut
3365 2616 3560 2687 fulgur.

2009 2704 2077 2758 Et
2110 2705 2212 2758 hoc
2250 2705 2315 2758 ad
2352 2713 2612 2759 terrorem
2641 2705 2920 2759 custodum
2955 2703 3133 2776 (debet
3161 2715 3339 2761 autem
3367 2708 3565 2762 habere

2009 2811 2038 2848 υ
2071 2794 2124 2848 in
2162 2795 2531 2867 nominativo).
2573 2795 2707 2862 Quia
2747 2805 2965 2866 propter
3002 2797 3245 2851 timorem
3286 2797 3565 2852 custodum

2010 2885 2061 2940 in
2105 2885 2312 2956 fulgure
2351 2888 2617 2956 apparuit.
2658 2888 2725 2942 Et
2757 2891 3104 2943 uestimentum
3145 2891 3259 2960 ejus
3293 2891 3426 2944 sicut
3453 2892 3562 2944 nix.

2008 2979 2089 3034 Ad
2136 2980 2442 3035 blanditiem
2492 2981 2774 3036 mulierum
2815 2981 3012 3035 factum
3063 2990 3166 3046 est,
3215 2992 3276 3036 ut
3320 2983 3372 3036 in
3408 2983 3566 3039 unius

2010 3073 2185 3141 specie
2224 3081 2520 3142 appareret.
2567 3071 2688 3128 Prw
2726 3075 2908 3128 timore
2953 3084 3127 3128 autem
3172 3075 3285 3144 ejus
3334 3076 3568 3129 exterriti

2006 3172 2125 3217 sunt
2180 3163 2436 3217 custodes.
2489 3163 2557 3218 Et
2583 3171 2796 3234 propter
2847 3165 3097 3220 custodes
3135 3165 3256 3219 talis
3291 3166 3565 3235 apparuit,

2006 3263 2062 3309 et
2115 3261 2175 3307 ut
2235 3253 2470 3323 signaret
2519 3254 2642 3323 quia
2691 3255 2736 3308 is
2778 3270 2934 3324 quem
2984 3257 3264 3310 nuntiabat
3303 3266 3357 3310 et
3408 3257 3566 3312 terri-

2006 3343 2131 3400 bilis
2174 3343 2418 3413 reprobis
2465 3353 2518 3398 et
2563 3343 2791 3399 blandus
2845 3344 3054 3400 futurus
3097 3357 3239 3402 esset
3283 3345 3462 3415 justis.
3510 3346 3568 3402 In

2007 3435 2214 3506 fulgure
2247 3435 2396 3490 enim‘
2421 3443 2596 3488 terror
2622 3434 2862 3499 timoris,
2907 3436 2960 3489 in
2990 3437 3112 3492 nive
3150 3437 3568 3492 blandimentum

2007 3525 2226 3579 amoris.
2253 3523 2587 3593 Respondeas
2613 3533 2786 3578 autem
2812 3525 3025 3594 angelus
3045 3567 3060 3591 ,
3085 3527 3218 3580 dixit
3244 3528 3566 3583 mulieribus.

2007 3617 2087 3670 Ad
2107 3618 2208 3671 hoc
2233 3616 2367 3670 alius
2382 3615 2704 3685 evangelista
2730 3615 2857 3669 dicit
2878 3616 3001 3685 quia
3022 3617 3271 3671 dicebant
3295 3619 3568 3687 mulieres,

2010 3707 2139 3774 Quis
2167 3707 2401 3762 revolvet
2421 3708 2572 3762 nobis
2599 3707 2861 3776 lapidem?
2883 3707 2963 3761 Ad
2991 3709 3090 3764 hoc
3115 3709 3314 3764 dicitur
3342 3728 3564 3780 respon-

2011 3796 2170 3851 disse.
2199 3796 2378 3852 Primo
2408 3797 2554 3867 pellit
2585 3797 2849 3862 timorem,
2881 3795 3005 3865 quia
3031 3797 3112 3852 sic
3133 3807 3218 3854 est
3242 3803 3570 3857 consuetudo

2013 3895 2067 3942 et
2091 3887 2228 3943 ratio
2247 3897 2306 3942 ut
2327 3889 2504 3959 primo
2532 3888 2760 3957 pellatur
2783 3890 2961 3953 timor,
2985 3905 3107 3945 cum
3131 3905 3236 3960 quo
3265 3907 3367 3945 non
3395 3901 3571 3960 potest

2013 3976 2173 4031 homo
2198 3977 2332 4032 bene
2372 3977 2686 4048 intelligere.
2718 3978 2844 4036 Post
2868 3998 2998 4038 vero
3027 3983 3250 4037 audiunt
3269 3982 3334 4037 de
3359 3998 3465 4051 quo
3493 3981 3566 4038 lo-

2014 4068 2313 4136 quebantur
2348 4067 2474 4137 ipsa:
2511 4068 2796 4124 mulieres:
2834 4069 3012 4125 Nolite
3054 4073 3233 4126 timere
3268 4089 3371 4126 vos.
3411 4071 3489 4127 Ac
3523 4072 3570 4127 si

2014 4166 2196 4228 aperte
2231 4157 2419 4214 dicat:
2461 4159 2534 4213 illi
2577 4160 2799 4215 timeant
2843 4163 2934 4231 qui
2980 4161 3160 4219 Jesum
3205 4178 3311 4218 non
3367 4171 3568 4231 amant,

2015 4250 2138 4318 quia
2171 4256 2390 4320 propter
2415 4249 2532 4306 illos
2556 4251 2668 4304 hate
2699 4251 2954 4306 terribilia
2995 4252 3133 4311 facta
3167 4264 3308 4310 sunt.
3341 4254 3447 4310 Vos
3473 4272 3570 4310 au-

2016 4351 2121 4398 tem
2150 4357 2268 4411 qum
2295 4342 2472 4398 Jesum
2497 4343 2753 4413 qumritis,
2780 4345 2945 4421 polite
2969 4346 3174 4411 timere,
3196 4347 3318 4416 quia
3341 4347 3405 4400 ad
3434 4347 3571 4402 illius

360 4432 730 4488 ostenderetur
778 4434 901 4504 quia
957 4436 1022 4490 de
1060 4444 1280 4503 peccato
1321 4437 1512 4491 iterum
1561 4438 1803 4494 venimus
1846 4442 1912 4496 ad

2015 4433 2327 4502 obsequium
2359 4434 2481 4489 veni
2529 4434 2593 4488 ad
2629 4432 2783 4502 cujus
2825 4444 2878 4490 et
2924 4452 3018 4492 vos
3049 4439 3262 4503 venitis,
3309 4447 3363 4492 et
3406 4455 3569 4492 unum

362 4525 719 4581 innocentiam
743 4541 847 4599 per
889 4524 1183 4581 Christum.
1224 4526 1376 4594 Quod
1397 4528 1604 4584 diversa
1627 4531 1909 4585 mulierum

363 4625 600 4687 tempora
639 4617 1013 4672 describuntur
1053 4620 1107 4672 in
1143 4617 1464 4688 Evangeliis,
1500 4634 1604 4674 non
1649 4621 1912 4676 mendacii

363 4715 466 4773 est,
497 4707 587 4762 sed
614 4705 911 4776 frequentia
939 4707 1240 4762 mulierum.
1280 4707 1534 4764 Venerunt
1555 4710 1624 4764 ad
1653 4728 1914 4781 vesperam

362 4800 581 4856 sabbati.
613 4800 741 4856 Post
784 4801 951 4871 ipsius
995 4801 1099 4856 diei
1141 4817 1420 4871 vesperam
1451 4811 1742 4868 venerunt,
1793 4819 1914 4858 cum

363 4895 537 4951 adhuc
565 4896 796 4950 tenebrae
821 4904 1022 4959 essent,
1057 4895 1108 4949 id
1137 4904 1238 4960 est,
1261 4905 1521 4949 venerunt
1541 4898 1714 4965 primo
1739 4913 1911 4952 mane.

365 4987 479 5044 Hoc
503 5003 631 5058 ergo
653 4987 783 5041 dicit
807 5001 1026 5054 vespere
1064 4987 1292 5050 sabbati,
1325 5001 1386 5041 ac
1419 4987 1464 5040 si
1499 4987 1722 5052 diceret,
1760 4995 1918 5043 nocte

365 5093 484 5151 quae
515 5079 757 5150 sequitur
797 5079 1092 5133 sabbatum.
1129 5077 1246 5146 Ipso
1275 5078 1360 5132 die
1385 5078 1596 5147 quando
1621 5094 1808 5148 passus
1836 5087 1919 5134 est

365 5178 716 5236 revertentes,
741 5176 1063 5238 paraverunt
1086 5176 1324 5221 aromata
1350 5177 1405 5222 et
1425 5177 1710 5238 unguenta,
1731 5179 1782 5223 et
1801 5169 1919 5222 sab-

365 5263 491 5320 bato
536 5264 750 5334 quidem
782 5263 1043 5317 siluerunt
1086 5253 1376 5318 secundum
1413 5265 1718 5318 mandatum
1764 5265 1918 5335 legis,

368 5365 485 5410 uta
511 5372 734 5428 vespera
766 5370 934 5426 usque
961 5353 1026 5408 ad
1063 5353 1220 5408 aliam
1261 5369 1536 5423 vesperam
1573 5356 1920 5412 observarent

377 5445 668 5501 sabbatum.
695 5445 944 5514 Ideoque,
983 5443 1190 5513 sepulto
1236 5443 1480 5508 Domino,
1513 5445 1743 5514 quandiu
1771 5444 1920 5500 licuit

368 5535 602 5604 operari,
631 5536 684 5589 id
710 5544 811 5601 est,
847 5549 1013 5605 usque
1036 5535 1104 5588 ad
1133 5534 1259 5588 solis
1293 5547 1561 5598 occasum,
1593 5533 1646 5587 in
1684 5549 1922 5605 unguen-

370 5628 443 5681 tis
465 5628 827 5696 praaparandis
849 5627 1062 5684 fuerunt
1087 5637 1379 5697 occupatae,
1411 5635 1466 5682 et
1491 5627 1632 5698 quod
1656 5636 1784 5683 tunc
1813 5642 1918 5683 non

373 5717 682 5784 valuerunt,
720 5728 984 5777 transacto
1019 5720 1242 5777 sabbato
1277 5727 1523 5777 emerunt
1561 5728 1831 5787 aromata;
1861 5729 1921 5776 ut

2014 4522 2178 4576 Deum
2207 4522 2464 4577 habemus
2483 4533 2536 4577 et
2561 4539 2723 4578 unam
2752 4525 3094 4582 voluntatem.
3126 4527 3248 4583 Scio
3271 4528 3402 4582 enim
3433 4529 3571 4600 quod

2011 4613 2191 4668 Jesum
2219 4614 2304 4683 qui
2335 4613 2612 4682 cruciﬁxus
2647 4625 2719 4670 est
2756 4618 3006 4686 quaeritis.
3048 4617 3310 4684 Quoniam
3339 4633 3437 4689 ego
3457 4621 3571 4674 scio

2015 4706 2154 4773 quod
2184 4712 2403 4774 propter
2444 4707 2758 4777 obsequium
2803 4707 3056 4763 Crueilixi
3098 4709 3322 4774 venitis,
3355 4710 3479 4764 nolo
3512 4718 3572 4764 ut

2016 4811 2112 4850 vos
2151 4795 2405 4861 timeatis,
2439 4797 2522 4852 vel
2551 4812 2634 4852 me
2667 4797 2751 4851 vel
2779 4805 3155 4852 terraemotum.
3198 4799 3320 4853 Non
3356 4809 3428 4852 est
3466 4800 3567 4853 hic.

2018 4886 2222 4957 Corpus
2250 4888 2416 4958 ipsius
2439 4889 2697 4957 quaeritis,
2725 4905 2828 4942 non
2857 4899 2932 4942 est
2965 4890 3068 4942 hic.
3101 4888 3231 4943 Nam
3267 4906 3362 4960 per
3383 4891 3568 4945 divini-

2025 4993 2189 5040 tatem
2224 4988 2420 5056 ubique
2450 4993 2550 5039 est.
2586 4984 2826 5039 Surrexit
2854 4986 3008 5040 enim.
3039 4985 3144 5042 Per
3172 5002 3231 5041 se
3260 4987 3569 5052 resurrexit,

2020 5076 2219 5130 nullius
2257 5075 2496 5144 indigens
2521 5074 2738 5139 auxilio,
2769 5073 2892 5144 quia
2915 5084 3172 5145 quantum
3199 5075 3364 5130 voluit
3381 5075 3569 5143 jacuit,

2017 5174 2073 5220 et
2116 5167 2326 5235 quando
2360 5166 2525 5221 voluit
2564 5165 2815 5220 surrexit.
2863 5166 3007 5221 Sicut
3053 5165 3203 5220 dixit.
3240 5165 3460 5232 Quando
3505 5168 3572 5222 de

2022 5267 2193 5312 morte
2223 5257 2482 5326 praedixit.
2524 5257 2702 5311 Venite
2729 5268 2776 5312 et
2804 5259 2969 5313 uidete
2993 5257 3182 5311 locum.
3219 5258 3290 5314 Ut
3315 5259 3359 5314 si
3390 5259 3572 5316 verbis

2021 5349 2153 5404 meis
2194 5365 2298 5403 non
2337 5350 2574 5415 creditis,
2604 5351 2685 5405 vel
2711 5351 2881 5407 oculis
2924 5352 3117 5406 vestris
3155 5352 3405 5414 credatis,
3449 5367 3571 5408 cum

2019 5457 2244 5496 vacuum
2296 5441 2594 5510 sepulcrum
2645 5443 2908 5498 videritis.
2949 5441 3101 5497 Sicut
3153 5443 3408 5498 Dominus
3458 5443 3575 5512 ejus

2018 5535 2208 5598 bonus,
2255 5533 2333 5589 sic
2380 5535 2541 5588 etiam
2581 5536 2774 5591 missus
2808 5535 2943 5605 ejus.
2986 5533 3043 5591 Si
3081 5535 3272 5606 aliquis
3314 5538 3575 5607 superbus

2021 5625 2179 5680 alicui
2201 5625 2399 5696 aliquid
2424 5626 2669 5691 dixisset,
2697 5627 2862 5682 nollet
2887 5635 2947 5681 ut
2968 5636 3091 5698 post
3115 5629 3231 5698 ejus
3252 5628 3389 5683 dicta
3416 5627 3572 5682 fidem

2023 5733 2142 5774 cum
2178 5716 2346 5774 oculis
2378 5725 2642 5788 quareret
2670 5732 2684 5772 :
2713 5725 2928 5774 sanctus
2965 5727 3141 5775 autem
3169 5718 3387 5791 angelus
3409 5719 3569 5775 etiam
