3952 6186
517 291 654 353 “99

1285 297 1671 354 CHRISTIANI
1710 298 2113 356 DRUTHMARI
2151 297 2592 356 CORBEIENSIS
2631 295 2928 354 MONACIII

3592 297 3732 352 1500

479 411 649 469 .nibil
687 409 1078 480 requirentibus
1112 395 1321 464 feminis
1366 420 1486 482 post
1533 428 1627 468 sua
1674 415 1830 469 verba
1885 415 2067 483 explo-
2093 421 2143 476 Α
2167 416 2342 469 minus
2379 412 2650 483 discipulis
2695 429 2749 467 se
2783 427 2982 481 suaque
3025 410 3170 466 facta
3201 413 3561 466 commendat.
3591 413 3733 481 Quia

517 517 638 558 rare
662 501 830 556 oculis
849 501 1018 570 jubet.
1052 498 1101 556 Π
1105 502 1155 554 bi
1169 514 1449 570 posuerunt
1471 521 1607 558 eum.
1637 504 1835 574 Ioseph
1861 507 2065 560 scilicet

512 603 569 650 et
589 593 844 650 Gamaliel
866 602 917 647 et
947 593 1285 648 Nicodamus.
1313 594 1380 648 Et
1411 596 1512 650 cito
1533 607 1707 651 euntes
1727 599 1882 651 dicite
1909 598 2066 651 disci-

521 685 657 756 pulis
695 683 809 754 ejus
854 685 976 754 quia
1024 685 1267 737 surrexit.
1297 685 1431 751 Quia
1457 687 1701 755 discipuli
1735 687 1982 757 fugerunt
2014 695 2070 742 et

511 790 607 829 vos
636 790 846 845 semper
887 776 1133 838 stetistis,
1179 784 1232 830 et
1269 776 1354 830 hic
1379 791 1500 831 eum
1539 778 1844 846 frequenter
1891 777 2066 846 requi-

512 864 692 927 sistis,
733 879 828 918 vos
881 873 1050 918 estote
1094 865 1263 918 nuntii
1314 865 1561 930 illorum,
1617 874 1676 920 ut
1710 882 1804 935 per
1848 881 1942 920 vos
1989 866 2069 920 di-

513 962 685 1015 scant,
707 969 824 1022 quae
851 953 1054 1024 fragilis
1082 969 1242 1008 sexus
1260 956 1408 1017 estis,
1440 955 1512 1009 illi
1540 956 1626 1025 qui
1651 957 1748 1010 viri
1777 956 1991 1010 fuerunt
2014 964 2068 1009 et

511 1046 736 1115 amplius
758 1047 910 1102 vobis
933 1047 1242 1100 timuerunt.
1270 1047 1438 1101 Dicite
1462 1049 1618 1102 etiam
1650 1047 1824 1104 Petro.
1851 1049 1919 1104 Ut
1942 1049 2065 1118 quia

511 1149 634 1190 eum
664 1135 862 1191 femina
889 1135 1014 1190 fecit
1047 1151 1258 1206 negare,
1295 1139 1492 1193 femina
1524 1139 1685 1194 faciat
1709 1139 1951 1194 confiteri
1971 1180 1985 1202 ,
2013 1146 2069 1192 et

510 1227 602 1296 qui
629 1242 722 1296 per
756 1225 1007 1281 feminam
1035 1228 1315 1298 elongatus
1341 1229 1512 1284 estde
1533 1231 1836 1301 discipulis,
1870 1235 2064 1291 iterum

512 1335 609 1390 per
630 1319 880 1374 feminam
909 1329 1238 1390 aggregetur.
1268 1320 1331 1373 Et
1361 1338 1475 1375 ecce
1501 1325 1748 1391 prrrcedet
1771 1343 1853 1378 vos
1883 1327 1936 1379 in
1963 1325 2066 1382 Ga-

511 1407 723 1462 lila'am.
752 1409 806 1463 ιιι
831 1417 934 1473 est,
965 1410 1242 1464 antecedet
1267 1426 1360 1464 vos
1389 1412 1441 1464 in
1465 1411 1756 1466 Galilaeam.
1796 1415 1860 1468 Et
1880 1431 2066 1484 quam-

509 1499 593 1553 vis
619 1499 723 1554 alio
762 1499 880 1554 loco
905 1500 1150 1564 videatis,
1188 1510 1365 1555 tamen
1402 1504 1633 1572 generali
1664 1505 1868 1560 visione
1900 1508 2063 1562 disci-

509 1590 756 1658 pulorum
799 1591 872 1646 ibi
901 1607 1021 1645 eum
1058 1593 1326 1655 videbitis,
1360 1594 1448 1646 ubi
1479 1610 1584 1646 non
1623 1603 1748 1647 sunt
1787 1597 2066 1652 homicidae.

509 1682 601 1750 qui
641 1695 762 1734 eum
805 1682 1132 1736 occiderunt.
1185 1683 1399 1752 'l'ypice,
1443 1682 1657 1738 Galilara
1681 1687 2063 1756 transmigratio

2167 505 2311 559 enim
2363 505 2475 573 ipse
2519 505 2584 558 de
2628 503 2968 570 corruptione
3017 503 3085 556 ad
3131 502 3612 571 incorruptionem,
3661 507 3730 559 de

2169 593 2379 648 mortali
2419 593 2487 646 ad
2519 594 2972 646 immortalitatem
3001 593 3321 655 transierat,
3355 594 3505 661 quasi
3539 595 3592 647 in
3621 594 3729 648 Ga-

2166 685 2301 739 lilzea
2333 685 2631 738 videbatur.
2657 684 2874 739 Galilaaa
2905 699 3135 752 namque
3170 685 3557 754 transmigratio
3585 687 3727 753 facta

2167 777 2571 844 interpretatur,
2613 777 2726 830 sive
2761 775 3019 830 revelatio.
3057 775 3184 845 Legi
3228 777 3282 829 in
3324 777 3554 844 quodam
3591 777 3727 832 libro

2165 866 2304 936 quod
2325 865 2537 921 Galileea
2565 866 2649 920 illa
2667 881 2790 935 pars
2810 867 3044 920 civitatis
3067 874 3350 920 vocaretur
3368 867 3723 930 Hierusalem,

2165 973 2290 1026 pars
2335 974 2494 1028 quam
2535 958 2740 1014 (ἔτιιίιωί
2775 958 3190 1013 :ediﬁcaverant.
3238 958 3319 1012 lbi
3356 976 3437 1012 me
3461 959 3721 1012 ridebunt.

2167 1046 2276 1101 Hoc
2317 1057 2419 1112 est,
2469 1063 2555 1101 me
2600 1047 2853 1102 videbunt
2896 1047 2987 1116 qui
3029 1048 3240 1102 occisus
3281 1045 3376 1108 fui,
3415 1062 3517 1100 non
3552 1047 3723 1101 solum

2165 1139 2428 1208 spiritum.
2469 1138 2715 1194 Sedulius
2749 1139 2937 1193 scribit
2980 1141 3107 1208 quia
3149 1139 3406 1194 Dominus
3438 1155 3722 1210 resurgens

2165 1229 2339 1297 primo
2366 1229 2542 1284 Maria:
2568 1231 2725 1284 matri
2752 1231 2897 1284 visus
2926 1229 3106 1284 fuerit.
3135 1229 3224 1285 Sic
3245 1231 3388 1284 enim
3417 1230 3547 1284 dicit
3575 1250 3586 1282 :

2411 1401 2423 1412 .
2493 1404 2507 1416 .
2572 1401 2585 1414 .
2651 1402 2664 1416 .
2735 1402 2746 1414 .
2811 1365 2916 1414 Hoc
2941 1365 3130 1414 luminis
3153 1374 3262 1414 ortu

2286 1425 2437 1486 Virgo
2458 1441 2632 1484 parens
2649 1429 2853 1487 aliaeque
2873 1427 3011 1474 simul
3036 1440 3144 1474 cum
3170 1439 3373 1487 munere
3396 1435 3598 1486 matres,

2287 1487 2455 1550 Messis
2474 1493 2739 1540 aromatica:
2763 1497 2926 1538 notum
2951 1501 3136 1539 venere
3156 1496 3418 1550 gementes

2285 1549 2356 1596 Ad
2377 1549 2627 1599 tumulum.
3036 1577 3044 1590 ι

2165 1668 2292 1736 Qua:
2319 1685 2440 1724 cum
2463 1670 2716 1735 abissent,
2738 1686 2863 1725 ecce
2887 1672 3104 1740 quidam
3126 1673 3190 1726 de
3217 1673 3530 1728 custodibus
3555 1689 3724 1728 vene-

509 1771 672 1840 facta,
708 1772 791 1826 vel
823 1772 1062 1826 νευειαιίο
1091 1773 1494 1842 interpretatur,
1526 1773 1592 1828 Ει
1623 1784 1770 1829 recte
1808 1776 2064 1832 Dominus
2094 1769 2139 1826 Β
2167 1773 2290 1817 runt
2324 1763 2376 1817 in
2405 1764 2697 1819 civitatem.
2750 1764 3078 1818 Permissum
3115 1773 3200 1819 est
3241 1765 3498 1820 militibus
3541 1767 3726 1821 videre

509 1862 564 1916 in
592 1863 805 1918 Galilaea
833 1865 1077 1929 videtur,
1118 1874 1176 1918 ut
1213 1865 1325 1934 ipso
1349 1866 1452 1920 situ
1489 1867 1729 1935 corporis
1754 1869 2065 1937 mysterium

508 1969 618 2008 sua:
648 1957 1059 2011 resurrectionis
1094 1957 1368 2026 discipulis
1396 1957 1721 2026 loqueretur.
1766 1957 1822 2011 1n
1851 1957 2066 2014 Galilzea

507 2050 737 2113 videtur,
767 2051 858 2119 qui
880 2049 993 2117 jam
1018 2051 1082 2104 de
1119 2058 1291 2105 morte
1319 2051 1384 2104 ad
1413 2051 1596 2115 vitam,
1630 2053 1695 2104 de
1724 2053 2066 2121 corruptione

506 2140 574 2193 ad
603 2141 1075 2208 incorruptionem,
1100 2141 1162 2195 de
1185 2154 1343 2210 paena
1374 2142 1845 2212 transmigraverat
1867 2143 1933 2196 ad
1962 2143 2070 2212 glo-

507 2231 662 2284 riam.
696 2231 759 2284 Et
798 2247 895 2285 nos
927 2233 1174 2302 exemplo
1209 2233 1589 2302 discipulorum
1630 2234 2068 2304 transmigremus

507 2321 574 2374 de
616 2322 848 2390 peccatis
889 2322 956 2377 ad
983 2323 1228 2377 virtutes.
1260 2323 1410 2377 Tunc
1452 2323 1746 2378 videbimus
1787 2325 2068 2378 Dominum

505 2410 560 2464 in
613 2412 711 2466 hoc
751 2412 946 2466 sreculo
999 2422 1197 2476 mente,
1253 2413 1304 2466 in
1349 2412 1528 2467 futuro
1566 2413 1702 2468 facie
1745 2414 1810 2466 ad
1855 2414 2062 2468 faciem.

507 2504 764 2558 Exierunt
795 2507 896 2559 cito
934 2507 998 2560 de
1044 2518 1373 2561 monumento
1417 2523 1532 2560 cum
1573 2509 1754 2560 timore
1789 2517 1835 2561 et
1874 2508 2065 2576 gaudio

503 2611 710 2664 magno.
758 2595 960 2666 Duplex
996 2597 1279 2650 mulierum
1321 2605 1527 2651 mentes
1565 2605 1739 2651 metus
1772 2597 2064 2661 invaserat,

504 2684 714 2738 timoris
755 2692 808 2740 et
841 2685 1054 2755 gaudii,
1081 2696 1134 2740 et
1157 2702 1296 2741 unus
1323 2702 1387 2740 ex
1416 2686 1655 2741 miraculi
1681 2688 2060 2757 magnitudine,

503 2774 639 2828 alter
667 2789 733 2829 ex
760 2776 1025 2830 desiderio
1056 2777 1405 2846 resurgentis.
1442 2777 1508 2830 Et
1542 2786 1716 2831 tamen
1749 2785 1972 2846 uterque
1995 2776 2066 2832 fe-

504 2866 684 2920 mineo
726 2883 902 2928 more,
947 2869 1154 2923 concite
1215 2878 1366 2923 actus
1400 2871 1706 2924 nuntiantes
1743 2870 2012 2940 discipulis
2048 2887 2062 2924 :

501 2956 628 3025 quia
649 2957 840 3012 mulier
865 2959 979 3012 viro
1005 2968 1232 3013 mortem
1263 2961 1674 3014 annuntiavcrat
1695 2967 1747 3014 et
1771 2961 1838 3015 ad
1864 2960 2063 3014 malum

504 3047 838 3113 incitaverat,
871 3067 1009 3106 nunc
1054 3054 1244 3107 mulier
1281 3053 1415 3108 viris
1459 3055 1621 3108 vitam
1666 3054 1961 3108 denuntiat.
1996 3054 2064 3108 Et

2165 1871 2231 1910 ex
2264 1865 2416 1924 parte
2452 1857 2898 1910 resurrectionem
2947 1855 3178 1918 Domini,
3224 1855 3313 1910 sed
3358 1857 3458 1912 sub
3495 1865 3724 1920 terrore,

2165 1955 2220 2000 ut
2266 1961 2368 1999 non
2413 1945 2671 1998 auderent
2707 1945 3004 2014 prohibere.
3045 1945 3287 2000 Attamen
3319 1961 3422 2000 non
3462 1955 3548 2000 est
3591 1963 3725 2016 prte-

2164 2044 2372 2104 ceptum
2401 2036 2718 2090 annuntiare
2739 2076 2754 2099 ,
2786 2036 2909 2104 quia
2958 2050 3054 2103 pro
3090 2035 3227 2088 mala
3256 2035 3532 2090 voluntate
3564 2053 3723 2091 vene-

2167 2135 2326 2181 rant:
2362 2127 2479 2181 ideo
2513 2142 2618 2182 non
2664 2135 2938 2182 merentur
2975 2126 3088 2180 ﬁeri
3131 2127 3300 2182 nuntii
3346 2125 3582 2191 Domini,
3626 2127 3719 2184 sed

2165 2226 2550 2273 tormentorum
2573 2233 2808 2272 suorum.
2835 2217 3220 2272 Nuntiaverunt
3251 2218 3424 2271 omnia
3445 2235 3561 2288 quis
3583 2219 3723 2287 facta

2166 2309 2391 2378 fuerant.
2427 2307 2561 2375 Quia
2599 2324 2705 2362 non
2744 2315 2901 2362 erant
2926 2306 3126 2370 Judmi,
3166 2323 3272 2361 non
3301 2307 3546 2361 celabant
3583 2310 3723 2362 veri-

2165 2407 2350 2463 tatem,
2397 2414 2496 2453 nec
2544 2399 2597 2451 in
2645 2398 2837 2452 malam
2885 2407 3093 2466 partem
3136 2398 3510 2451 convertebant
3544 2399 3718 2452 donec

2162 2487 2334 2542 Judtei
2369 2503 2462 2543 eos
2501 2487 2934 2558 corrumpebant.
2977 2484 3042 2538 Et
3072 2487 3361 2555 congregati
3384 2502 3497 2538 cum
3532 2487 3717 2538 senio-

2163 2579 2326 2640 ribus,
2354 2578 2568 2632 consilio
2599 2587 2834 2646 accepto,
2873 2576 3149 2646 pecuniam
3177 2576 3422 2644 copiosam
3455 2575 3718 2627 dederunt

2162 2666 2430 2720 militibus.
2485 2667 2716 2722 Pecunia
2761 2675 3038 2735 argentum
3098 2666 3311 2720 dicitur.
3361 2664 3507 2720 Unde
3556 2673 3613 2718 et
3663 2667 3719 2719 in

2161 2757 2348 2815 Grieco
2378 2777 2601 2830 arggron
2629 2759 2843 2814 dicitur.
2870 2759 3004 2812 Ecce
3028 2756 3196 2812 Judaei
3227 2757 3315 2826 qui
3335 2757 3585 2811 dixerunt
3616 2756 3718 2810 Do-

2163 2849 2328 2914 mino,
2358 2849 2627 2904 Descende
2655 2850 2720 2903 de
2740 2864 2918 2913 cruce,
2952 2857 3007 2902 et
3027 2849 3297 2902 credimus
3319 2848 3413 2901 tibi
3440 2865 3454 2900 :
3487 2849 3720 2902 surrexit

2164 2941 2232 2995 de
2262 2939 2524 3011 sepulcro,
2552 2941 2694 3010 quod
2724 2941 2895 3010 majus
2916 2948 2997 2994 est
3017 2980 3031 3001 ,
3063 2947 3116 2994 et
3143 2955 3249 2993 non
3275 2939 3449 2992 solum
3482 2953 3587 2991 non
3609 2953 3722 2991 cre-

2165 3031 2434 3096 diderunt,
2468 3030 2560 3086 sed
2597 3041 2652 3086 et
2686 3039 2966 3101 argentum
3010 3030 3075 3086 de
3109 3029 3304 3099 templo
3333 3028 3540 3082 Domini
3591 3027 3719 3082 tule-

501 3156 616 3194 ecce
642 3140 796 3195 Iesus
819 3159 1092 3197 occurrens
1115 3144 1240 3207 illis,
1270 3147 1401 3198 dixit
1423 3162 1441 3198 :
1464 3147 1632 3198 Arete.
1656 3145 1788 3211 Quia
1814 3160 2059 3217 magnam

2166 3133 2308 3187 runt,
2353 3131 2407 3177 et
2448 3139 2544 3192 pro
2588 3123 2884 3205 mendacio-
2908 3124 3194 3186 dederunt,
3239 3121 3479 3175 dicentes
3514 3119 3720 3172 :Dicite

504 3245 690 3285 curam
726 3231 996 3286 habebant
1026 3235 1272 3288 veniendi
1302 3237 1367 3289 ad
1398 3247 1818 3301 monumentum,
1843 3247 1894 3293 et
1922 3255 2066 3293 nunc

501 3319 694 3374 iterum
712 3323 976 3376 concitato
989 3324 1152 3392 gradu
1169 3325 1231 3378 de
1245 3323 1471 3379 Domino
1485 3335 1709 3395 pergunt
1723 3329 2058 3393 annuntiare,

501 3419 650 3465 recte
679 3421 955 3467 merentur
989 3414 1202 3469 obvium
1235 3415 1433 3469 habere
1463 3417 1766 3480 Dominum,
1806 3426 1866 3472 ut
1899 3419 2062 3473 male-

502 3501 702 3557 dictum
729 3503 849 3558 Evaa
891 3505 1129 3560 mulieris
1159 3507 1212 3560 in
1241 3505 1553 3560 mulieribus
1589 3507 1908 3561 solveretur.
1945 3507 2064 3563 Illae

501 3606 672 3651 autem
694 3610 1011 3652 accesserunt
1032 3609 1078 3652 et
1109 3609 1379 3653 tenuerunt
1408 3599 1557 3668 pedes
1591 3599 1725 3668 ejus.
1764 3598 1882 3653 [sue
1905 3615 2060 3654 acce-

502 3688 633 3744 dunt
683 3698 738 3744 et
783 3697 1066 3744 tenuerunt
1113 3689 1274 3758 pedes
1327 3688 1478 3757 ejus.
1522 3697 1576 3742 et
1627 3689 1963 3755 osculantur,
2008 3698 2064 3744 et

503 3782 749 3847 adorant,
799 3783 921 3852 quia
967 3782 1255 3837 credebant
1281 3797 1403 3836 eum
1442 3781 1630 3836 Deum.
1675 3782 1750 3836 Illi
1786 3797 1915 3836 vero
1945 3799 2064 3851 qua:

501 3887 624 3926 eum
657 3872 819 3926 Deum
847 3888 967 3927 esse
990 3871 1285 3936 dubitabat,
1312 3872 1507 3927 dicitur
1532 3886 1546 3924 :
1579 3871 1704 3925 Noli
1725 3889 1803 3925 me
1832 3883 2060 3942 tangere.

504 3963 699 4017 Dicunt
741 3972 918 4018 autem
951 3964 1104 4018 multi
1136 3965 1258 4033 quia
1290 3963 1403 4033 ipsa
1433 3979 1536 4016 una
1567 3963 1863 4032 eademque
1903 3963 2064 4018 fuerit

503 4054 667 4109 Maria
714 4055 1041 4126 Magdalena,
1080 4064 1134 4110 et
1175 4055 1347 4124 primo
1386 4056 1726 4120 dubitaverit,
1757 4065 1875 4123 post
1914 4070 2060 4120 vero,

502 4146 570 4200 ad
598 4162 783 4200 vocem
814 4147 1022 4201 Domini
1055 4154 1314 4212 correcta,
1345 4147 1602 4200 meruerit
1635 4145 1865 4200 osculari
1904 4145 2063 4214 pedes

502 4236 713 4290 Domini
745 4245 800 4292 et
821 4238 1045 4292 adorare
1071 4253 1213 4292 eum.
1248 4237 1389 4290 Tunc
1411 4237 1482 4289 ait
1511 4236 1644 4290 illis:
1665 4236 1840 4290 Nolite
1861 4237 2058 4290 timere.

499 4324 757 4381 Naturale
783 4335 866 4381 est
900 4328 1207 4391 hominum,
1247 4343 1366 4393 enim
1401 4327 1597 4396 aliquid
1626 4342 1786 4396 supra
1817 4336 2062 4380 naturam

501 4431 652 4471 suam
704 4418 952 4481 viderint,
1009 4418 1219 4483 timere,
1275 4418 1506 4472 maxime
1552 4416 1892 4471 feminarum.
1924 4415 2059 4482 Quia

499 4523 628 4578 ergo
670 4510 923 4563 videbant
963 4524 1157 4578 corpus
1191 4509 1594 4578 incorruptibile
1623 4517 1678 4562 et
1703 4507 2056 4578 gloriﬁcatum

499 4601 639 4655 ultra
682 4602 966 4655 humanam
1009 4610 1273 4664 naturam,
1319 4601 1601 4669 pavebant.
1654 4599 1855 4666 Quibus
1883 4601 2057 4667 primo

501 4693 662 4745 timor
705 4692 938 4761 pellitur,
990 4700 1050 4745 ut
1077 4706 1228 4760 requa
1277 4697 1454 4744 mente
1502 4690 1707 4759 possint
1761 4689 2057 4759 intelligere

500 4796 620 4850 qua:
649 4781 916 4834 dicuntur.
947 4780 1047 4843 Ite,
1071 4781 1303 4834 nuntiate
1329 4780 1576 4850 fratribus
1603 4780 1745 4832 meis.
1773 4779 2056 4848 Propterea

500 4871 724 4940 apostoli
766 4869 961 4924 fratres
992 4870 1197 4923 Domini
1229 4870 1506 4931 dicuntur,
1555 4867 1678 4937 quia
1718 4867 1797 4922 eis
1824 4882 1917 4922 sua
1945 4867 2054 4922 cle-

500 4961 701 5016 mentia
737 4969 1073 5015 concesserat
1103 4971 1162 5013 ut
1189 4961 1499 5015 invocarent
1518 4957 1730 5012 Patrem
1756 4958 2060 5023 Dominum,

501 5053 737 5108 dicentes
771 5071 783 5106 :
821 5052 978 5105 Pater
1004 5062 1196 5114 noster,
1227 5060 1280 5105 et
1307 5051 1524 5120 reliqua.
1555 5049 1619 5104 Et
1645 5058 1972 5120 pra-ceperat
1995 5063 2063 5102 ne

499 5145 661 5198 alium
689 5153 894 5215 patrem
925 5143 1260 5198 auctoritatis
1288 5151 1482 5196 nostra:
1513 5143 1914 5206 invocaremus,
1953 5141 2058 5194 nisi

498 5231 716 5288 Patrem
741 5234 926 5304 ipsius,
960 5234 1122 5288 etiam
1141 5233 1526 5303 primogenitus
1555 5233 1667 5302 ipse
1689 5232 1854 5285 frater
1880 5247 1944 5284 ex
1976 5245 2061 5284 res

499 5327 828 5381 surrectione
857 5326 1029 5380 factus
1070 5333 1172 5379 est.
1219 5323 1282 5378 Ut
1312 5335 1430 5378 eant
1460 5325 1513 5378 in
1553 5323 1846 5386 Galilwam,
1881 5323 1951 5375 ibi
1975 5339 2054 5376 me

498 5419 758 5474 videbunt.
798 5417 959 5474 Visus
985 5426 1068 5474 est
1103 5417 1358 5472 Dominus
1384 5417 1450 5470 ab
1482 5415 1746 5484 aliquibus
1783 5412 2055 5482 discipulis

500 5517 786 5580 antequam
822 5510 875 5566 in
909 5509 1182 5564 Galilaeam
1207 5514 1510 5578 pergerent,
1557 5505 1652 5560 sed
1687 5513 1862 5558 tamen
1898 5517 2057 5573 gene-

503 5599 631 5654 ralis
661 5601 795 5655 visio
817 5599 1197 5668 discipnlorum.
1222 5598 1292 5652 ibi
1318 5597 1417 5650 fuit
1446 5595 1536 5650 ubi
1565 5609 1670 5649 non
1697 5603 1852 5648 erant
1880 5591 2055 5646 homi-

501 5687 638 5744 cida:
674 5692 763 5758 qui
807 5691 952 5746 illum
993 5690 1318 5746 occiderant.
1366 5687 1431 5742 Et
1458 5685 1634 5742 verbis
1667 5693 1722 5741 ct
1752 5684 1920 5739 rebus
1953 5682 2055 5738 Do-

2084 4459 2134 4518 D

2163 3216 2286 3286 quia
2314 3214 2554 3285 discipuli
2584 3215 2698 3284 ejus
2718 3224 2980 3276 uenerunt,
3004 3224 3052 3270 et
3083 3214 3246 3281 furati
3271 3223 3395 3266 sunt
3416 3229 3554 3274 eum,
3575 3211 3720 3263 nobis

2163 3305 2549 3358 dormientibus.
2581 3303 2803 3374 Sapiens
2829 3304 2934 3357 cito
2966 3302 3315 3372 deprehendit
3355 3302 3636 3358 veritatem
3669 3307 3723 3352 et

2162 3396 2496 3450 mendacium
2521 3397 2661 3472 quod
2680 3405 2900 3465 apparet
2924 3395 2976 3448 in
3007 3393 3286 3448 ambobus.
3318 3391 3474 3446 Nunc
3498 3392 3721 3446 suadent

2160 3485 2327 3541 Judaei
2347 3485 2592 3557 apertum
2617 3487 2973 3542 mendacium.
3003 3485 3060 3539 Si
3084 3485 3435 3547 dormierunt,
3455 3484 3720 3552 quomodo

2161 3578 2397 3631 scierunt
2419 3579 2508 3645 qui
2537 3576 2860 3631 furarentur.
2893 3575 2947 3630 Si
2992 3591 3120 3630 vero
3141 3575 3509 3645 vigilaret-unt,
3541 3588 3717 3641 quare

2161 3683 2265 3723 non
2305 3668 2712 3737 prohibuerunt.
2763 3668 2829 3722 Et
2869 3666 3186 3735 divulgatum
3228 3675 3301 3718 est
3335 3664 3529 3717 rerbum
3567 3663 3713 3715 istud

2161 3760 2298 3829 apud
2325 3757 2560 3812 Iudaeos.
2590 3757 2868 3820 Videlicet,
2895 3756 3035 3826 quod
3062 3755 3260 3810 milites
3289 3755 3549 3808 dixerant.
3579 3751 3714 3804 Nam

2160 3857 2214 3903 et
2238 3848 2439 3902 Pilatus
2476 3847 2678 3902 audivit
2704 3847 2770 3901 de
2797 3847 2910 3916 ipsa
2936 3845 3162 3914 pecunia
3195 3845 3274 3900 sic
3313 3845 3368 3898 in
3393 3843 3614 3912 epistola
3650 3843 3714 3895 ad

2138 3941 2432 3995 'Tiberium
2473 3940 2524 3993 in
2552 3939 2802 4008 passione
2829 3937 2994 3992 sancti
3018 3936 3162 3991 Petri
3193 3936 3512 3990 invenimus.
3541 3932 3714 3986 Unde-

2159 4033 2255 4086 cim
2273 4031 2512 4099 discipuli
2534 4030 2834 4084 abicruntin
2852 4025 3142 4081 Galila'am.
3170 4025 3427 4081 Undecim
3450 4027 3712 4086 abierunt,

2159 4122 2282 4192 quia
2305 4121 2652 4175 duodecimus
2677 4120 2889 4174 occisus
2909 4127 3010 4172 est.
3040 4118 3105 4172 Et
3129 4116 3194 4171 de
3225 4116 3480 4185 apostolis
3502 4124 3717 4183 propter

2159 4212 2470 4282 dignitatem
2520 4210 2850 4265 solummodo
2901 4208 3226 4277 evangelista
3278 4208 3437 4271 dicit,
3495 4221 3613 4259 nam
3663 4213 3718 4256 et

2159 4305 2248 4358 alii
2276 4303 2519 4374 discipuli
2550 4313 2604 4357 et
2650 4302 2859 4356 feminae
2880 4302 3112 4354 abierunt
3145 4300 3195 4351 in
3230 4308 3455 4350 montem
3482 4296 3566 4348 ubi
3597 4312 3718 4347 con.

2158 4399 2394 4451 stituerat
2425 4397 2497 4449 eis
2519 4395 2695 4448 Jesus.
2733 4393 2797 4446 In
2824 4403 3047 4446 montem
3065 4431 3080 4455 ,
3110 4391 3162 4444 id
3185 4399 3268 4444 est
3295 4387 3527 4449 Thabor,
3555 4401 3714 4454 quem

2158 4498 2212 4544 et
2244 4489 2310 4542 ad
2349 4496 2558 4542 secreta
2602 4485 2860 4555 loquenda
2892 4483 3126 4552 elegerat
3153 4490 3207 4534 et
3247 4478 3315 4533 ad
3367 4478 3713 4531 adorandum.

2157 4580 2517 4635 Constituerat
2530 4587 2709 4632 autem
2729 4588 2852 4632 ante
2867 4574 3333 4635 resurrectionem,
3357 4571 3567 4640 quando
3579 4586 3718 4638 pne-

2159 4675 2366 4730 dixerat
2392 4673 2458 4726 de
2484 4687 2575 4725 sua
2603 4670 2870 4740 passione,
2901 4676 2955 4720 et
2977 4675 3095 4735 post
3114 4663 3584 4721 resurrectionem,
3623 4674 3718 4727 per

2157 4765 2402 4820 feminas.
2435 4763 2498 4816 Et
2521 4762 2746 4816 videntes
2771 4775 2888 4813 eum
2911 4757 3275 4816 adoruveruut,
3305 4754 3515 4822 quidam
3543 4761 3716 4803 autem

2158 4856 2541 4909 dubitaverunt.
2580 4849 2731 4906 Unde
2760 4848 3137 4903 dubitaverunt
3173 4843 3345 4897 Lucas
3372 4840 3607 4894 ostendit
3638 4840 3716 4891 di-

2165 4960 2291 5001 cens
2338 4963 2349 4996 :
2404 4941 2773 4995 Existimantcs
2822 4955 2875 4991 se
2919 4936 3157 5006 spiritum
3206 4934 3394 4986 videre.
3450 4930 3718 4984 Putabant

2162 5036 2304 5090 enim
2328 5033 2467 5103 quod
2501 5029 2835 5085 solummodo
2866 5025 3130 5094 sipiritum
3163 5022 3277 5092 ejus
3305 5021 3557 5079 viderint,
3589 5019 3718 5087 quia

2162 5140 2354 5194 corpus
2377 5123 2516 5192 quod
2549 5121 2792 5175 viderant
2821 5116 3068 5171 subtilius
3097 5115 3214 5168 aliis
3239 5112 3551 5181 corporibus
3575 5119 3715 5168 erat,

2160 5217 2301 5286 quod
2331 5215 2442 5283 jam
2473 5211 2769 5267 immortale
2805 5219 2861 5264 et
2891 5205 3216 5277 impassibilc
3256 5213 3389 5259 erat.
3429 5200 3722 5255 Existima-

2159 5308 2288 5362 bant
2312 5321 2368 5361 se
2391 5304 2634 5375 spiritum
2660 5301 2860 5356 videre.
2888 5299 3114 5364 Quidam
3138 5307 3307 5348 autent
3329 5294 3719 5346 dubitarerunt.

2161 5399 2428 5455 Dubitatio
2459 5412 2644 5451 eorum
2691 5405 2928 5449 nostram
2975 5393 3124 5446 auxit
3164 5390 3340 5450 ﬁdem,
3381 5388 3507 5441 dum
3549 5385 3724 5438 mani-

2160 5489 2349 5544 festius
2378 5487 2517 5542 latus
2547 5495 2820 5540 ostensum
2848 5492 2930 5538 est
2967 5481 3187 5538 Thema:
3214 5487 3269 5532 et
3300 5478 3416 5532 loca
3442 5476 3722 5530 clavorum

2161 5583 2214 5637 in
2254 5581 2498 5636 manibus
2534 5595 2596 5634 ac
2632 5577 2871 5648 pedibus.
2915 5574 2981 5628 Et
3019 5573 3264 5627 accedens
3294 5570 3478 5632 Iesus,
3513 5567 3720 5620 locutas

2161 5685 2234 5730 est
2261 5675 2350 5740 eis,
2377 5673 2568 5726 dicens.
2598 5669 2664 5724 Et
2685 5665 2987 5724 acccdcndo
3007 5663 3224 5735 propius
3250 5671 3302 5717 et
3328 5657 3590 5734 loquendo
3619 5657 3728 5712 du-.
