3952 6186
320 292 451 348 i501

1436 293 1792 351 EXPOSITlO
1828 294 1895 350 ΙΝ
1933 291 2365 351 MATTHEUM.

3371 288 3513 348 i592

315 404 625 461 hitationem
653 403 828 460 aufert
851 406 991 475 quod
1023 413 1077 462 et
1102 421 1297 478 corpus
1316 415 1455 463 esset
1482 409 1572 478 qui
1593 408 1864 464 videretur
1888 409 1936 469 Α
1962 400 2089 461 esse
2107 421 2228 460 cum
2257 405 2549 476 discipulis,
2576 405 2809 461 ostendit
2834 406 2899 461 se“
2917 404 3054 460 scire
3076 403 3217 459 diem
3231 401 3438 474 iudicii,
3456 418 3515 465 et

312 505 370 552 et
393 496 483 565 qui
522 496 848 566 loqueretur.
885 496 1023 551 Data
1061 508 1136 553 est
1175 500 1301 553 mihi
1343 501 1507 554 omnis
1545 510 1768 569 potestas
1807 500 1862 553 in

319 586 440 639 ςωιο
469 594 519 639 et
541 586 596 640 in
616 596 771 640 terra.
804 587 864 640 Ei
887 588 1011 642 data
1038 597 1121 644 est
1140 598 1377 660 potestas
1400 592 1488 661 qui
1513 591 1670 662 paulo
1690 589 1861 662 [ante]

314 675 604 733 crucifixus
624 686 677 732 et
698 687 940 734 mortuus
967 690 1102 743 erat,
1130 689 1185 735 et
1204 683 1293 751 qui
1316 691 1702 739 resurrexerat.
1729 682 1861 737 Nam

313 767 602 821 secundum
632 768 962 824 divinitatem
993 785 1204 839 semper
1230 771 1416 826 habuit
1441 813 1457 836 ,
1486 773 1610 842 quia
1650 774 1752 828 hoc
1781 779 1863 827 est

310 854 362 910 ei
390 855 587 910 habere
609 857 748 924 quod
770 871 909 923 esse,
930 859 1020 927 qui
1040 868 1163 914 ante
1187 861 1483 916 minoratus
1512 861 1668 931 paulo
1688 862 1864 918 minus

311 945 381 1000 ab
428 944 632 1016 angelis
660 945 873 1012 fuerat,
919 961 1077 1018 supra
1105 949 1322 1019 angelos
1349 951 1588 1006 elevatus
1614 959 1714 1006 est.
1764 952 1865 1007 Per

308 1036 506 1092 cteium
533 1043 589 1092 et
614 1045 810 1091 terram
837 1039 1086 1094 universa
1122 1049 1371 1095 creatura
1406 1041 1737 1112 intelligitur.
1765 1043 1867 1114 Ty-

307 1126 447 1197 pice,
468 1134 525 1180 ut
543 1134 667 1182 ante
686 1128 946 1197 regnabat
970 1128 1025 1182 iu
1045 1129 1202 1193 coelo,
1224 1145 1321 1199 per
1348 1130 1503 1186 iidem
1531 1131 1864 1186 credentium

308 1226 498 1289 regnet
531 1218 585 1271 in
628 1218 805 1273 terris.
844 1217 1040 1273 Euntes
1076 1236 1195 1291 ergo
1240 1221 1417 1276 docete
1459 1238 1633 1276 omnes
1672 1232 1861 1293 gentes.

306 1308 457 1364 Ordo
482 1308 897 1380 pulcherrimus,
920 1319 979 1365 ut
1006 1312 1180 1381 primo
1207 1311 1499 1368 doceantur
1518 1314 1609 1383 qui
1632 1314 1702 1369 sit
1724 1314 1865 1369 Deus

303 1398 497 1464 Pater,
536 1407 592 1454 et
630 1400 824 1467 Filius,
855 1409 910 1456 et
952 1400 1181 1471 Spiritus
1211 1412 1449 1468 sanctus,
1486 1419 1582 1475 per
1610 1420 1769 1475 quem
1804 1404 1865 1460 ﬁt

301 1489 554 1545 remissio
585 1501 955 1560 peccatorum,
986 1499 1042 1547 et
1070 1491 1193 1560 quia
1217 1492 1318 1547 nisi
1348 1493 1469 1563 quis
1493 1495 1654 1549 corde
1692 1495 1865 1551 credi-

301 1581 445 1637 derit
470 1590 525 1636 et
545 1595 639 1637 ore
657 1580 933 1637 confessus
959 1580 1142 1647 fuerit,
1174 1598 1278 1638 non
1302 1583 1464 1638 habet
1492 1584 1861 1640 remissionem

297 1679 669 1742 peccatorum.
704 1670 835 1726 Cum
857 1672 971 1727 haec
990 1672 1149 1727 homo
1181 1672 1525 1738 intellexerit,
1555 1683 1682 1729 tunc
1706 1673 1863 1730 debet

1961 495 2292 550 demonstrat
2316 497 2456 565 quod
2478 505 2597 566 post
2616 504 2839 551 mortem
2861 495 3106 566 discipuli
3125 510 3242 552 esse
3263 496 3510 552 debeant.

1959 583 2098 641 Ecce
2118 584 2348 640 ostendit
2372 583 2504 638 duas
2530 585 2628 638 sibi
2653 586 2825 640 inesse
2845 594 3086 650 naturas,
3108 600 3269 639 unam
3288 601 3410 656 quae
3429 601 3515 643 re-

1960 677 2180 731 cedebat
2200 676 2457 746 corporis,
2484 675 2704 730 alteram
2725 691 2883 745 quam
2905 676 3252 746 pollicebatur
3263 677 3515 733 divinit»

1964 769 2050 823 tis.
2076 767 2224 824 Unde
2242 768 2561 822 conticescat
2578 767 2844 838 Eutycbes
2863 769 2998 823 abba
3010 776 3067 824 et
3088 771 3399 834 monachus,
3421 769 3515 840 qui

1959 856 2229 914 Christum
2256 865 2377 927 post
2400 858 2683 911 humanam
2710 859 3121 929 assumptionem
3147 861 3359 931 negavit
3383 860 3516 916 assi-

1961 958 2108 1005 stere
2149 949 2214 1004 de
2261 949 2465 1004 duabus
2500 944 2726 1014 naturis,
2758 950 2852 1005 sed
2879 949 3043 1005 solam
3084 952 3136 1004 in
3185 966 3249 1006 eo
3281 951 3514 1007 divinam

1962 1038 2188 1093 asseruit
2215 1052 2333 1093 esse
2352 1047 2615 1093 naturam.
2636 1039 2766 1094 Cum
2794 1040 2935 1094 enim
2964 1041 3079 1095 haec
3102 1042 3435 1110 praadicaret,
3456 1051 3512 1098 et

1960 1148 2064 1187 non
2101 1140 2278 1201 posset
2305 1133 2545 1188 convinci
2576 1134 2642 1188 ab
2674 1134 2871 1203 aliquo,
2907 1133 3196 1190 Martiauus
3226 1137 3516 1206 imperator

1961 1223 2305 1294 congregavit
2328 1222 2585 1293 synodum
2608 1232 2981 1278 sescentorum
3000 1224 3216 1295 triginta
3241 1226 3519 1296 episcopo.

1960 1327 2079 1367 rum
2106 1312 2158 1365 in
2184 1310 2525 1366 Chalcidonia
2552 1311 2685 1366 urbe
2722 1312 2976 1368 adversus
3005 1327 3147 1380 eum,
3175 1323 3228 1369 et
3256 1329 3354 1384 per
3382 1330 3516 1384 qua-

1961 1404 2205 1476 draginta
2228 1403 2344 1458 dies
2363 1404 2685 1474 disputatum
2709 1410 2791 1458 est
2814 1403 2880 1458 ab
2900 1404 3162 1474 episcopis
3186 1413 3369 1459 contra
3395 1418 3517 1459 eum

1959 1505 2013 1551 et
2040 1512 2134 1552 sex
2162 1497 2452 1551 monachos
2484 1495 2617 1566 ejus,
2642 1503 2695 1549 et
2730 1510 2832 1549 non
2863 1498 3147 1564 potuerunt
3170 1511 3262 1551 eos
3291 1496 3518 1550 convin-

1958 1603 2101 1643 cere.
2131 1585 2280 1641 Tunc
2302 1586 2354 1639 in
2380 1585 2620 1656 angustia
2643 1585 2930 1655 imperator
2949 1585 3264 1639 constitutus
3289 1584 3423 1638 dixit
3449 1585 3517 1639 ad

1959 1695 2172 1735 omnem
2196 1688 2392 1733 emtum
2423 1697 2436 1732 :
2463 1677 2598 1732 Ecce
2619 1693 2716 1732 nos
2745 1675 3056 1746 reliquimus
3082 1676 3221 1731 idola
3247 1683 3302 1731 et
3332 1675 3515 1746 volup-

298 1762 584 1831 liaptizari.
617 1762 746 1817 Nam
762 1762 1026 1818 sizetatcm
1045 1762 1159 1834 (sic)
1176 1764 1356 1819 ethazc
1370 1766 1858 1831 noncrediderit,in
1889 1753 1935 1813 B
1964 1778 2099 1825 tates
2123 1778 2333 1823 nostras
2375 1769 2567 1838 quibus
2603 1767 2792 1839 pagani
2825 1766 3238 1831 delectabamur,
3275 1774 3329 1821 et
3358 1766 3519 1822 modo

297 1867 503 1906 vanum
532 1852 854 1922 baptizatur,
894 1853 1033 1908 sicut
1059 1868 1223 1923 pecus
1242 1862 1336 1908 aut
1366 1855 1658 1910 metallum.
1686 1855 1863 1910 infan-

299 1940 450 1995 tibus
469 1956 598 1996 vero
621 1942 820 2011 parvis,
846 1956 946 2011 pro
972 1957 1157 1997 eorum
1185 1942 1288 1998 [ide
1311 1945 1403 2013 qui
1424 1960 1521 2015 pro
1545 1946 1622 2001 eis
1644 1960 1863 2014 respon-

298 2029 450 2094 dent,
479 2030 539 2084 lit
559 2031 824 2113 remissio,
854 2031 992 2086 sicut
1014 2032 1079 2086 de
1098 2034 1398 2104 paralytico
1423 2036 1638 2090 dicitur.
1670 2034 1861 2091 Videns

293 2119 458 2175 Iesus
495 2120 650 2188 ﬁdem
676 2120 885 2175 illorum
903 2122 993 2192 qui
1017 2123 1314 2192 offerebant,
1362 2125 1492 2179 dixit
1525 2126 1812 2197 paralytico
1836 2143 1860 2181 ιε

299 2211 544 2281 Conﬁde,
570 2211 670 2281 ﬁli,
690 2212 1022 2267 dimittuntur
1048 2213 1141 2268 tibi
1168 2223 1379 2283 peccata
1406 2225 1517 2270 tua.

371 2301 704 2373 Baptizantes
722 2319 808 2356 eos
832 2303 885 2357 in
911 2304 1117 2358 nomine
1138 2304 1336 2371 Patris,
1366 2314 1414 2360 et
1441 2304 1589 2370 Filii,
1613 2316 1660 2360 et
1689 2306 1860 2377 Spiri-

296 2403 386 2448 tus
423 2395 607 2448 sancti.
650 2392 801 2448 Sicut
836 2401 921 2449 est
951 2394 1231 2463 aequalitas
1263 2396 1317 2450 in
1354 2396 1644 2462 Trinitate,
1692 2397 1770 2453 sic
1807 2398 1861 2453 in

296 2485 583 2539 vocatione
611 2494 667 2540 et
703 2485 1046 2542 immersioue
1065 2487 1362 2557 aequalitas,
1391 2504 1512 2543 cum
1543 2503 1862 2559 unoquoque

295 2578 518 2631 nomine
556 2586 611 2632 et
646 2576 843 2633 mersio
880 2578 1141 2634 celebrari
1179 2578 1353 2634 debet.
1396 2579 1766 2649 Baptizantes,
1810 2581 1862 2637 id

294 2674 385 2720 est
414 2667 668 2730 lavantes,
701 2668 826 2736 quia
857 2668 997 2722 sicut
1017 2684 1047 2722 a
1077 2668 1240 2734 foris,
1273 2669 1346 2723 ita
1378 2669 1601 2724 interius
1626 2680 1858 2725 mentem

294 2750 467 2813 lavat'.
506 2760 572 2813 Et
599 2760 718 2815 ideo
741 2776 863 2816 cum
890 2762 981 2815 tali
1005 2762 1269 2817 elemento
1295 2779 1383 2818 res
1416 2765 1611 2835 agitur,
1638 2774 1698 2819 ut
1718 2766 1860 2834 quod

294 2849 450 2903 videt
482 2847 594 2904 fieri
626 2864 655 2918 a
682 2848 845 2915 foris,
875 2848 1062 2905 credat
1087 2850 1336 2905 similiter
1368 2853 1512 2908 intus
1552 2854 1688 2920 ﬂeri,
1732 2855 1859 2924 quia

294 2952 521 3011 peccata
556 2942 705 3009 quasi
746 2942 988 3011 quaedam
1023 2943 1211 2999 sordes
1244 2945 1561 2999 animarum.
1609 2944 1859 3000 Docentes

293 3049 388 3087 eos
409 3048 610 3087 servare
629 3034 802 3087 omnia
821 3049 1137 3104 quaecunque
1156 3035 1397 3089 mandaui
1417 3035 1575 3089 vobis.
1601 3035 1856 3106 Superius

292 3121 554 3193 praecepit
579 3122 768 3177 docere
797 3121 864 3177 de
891 3124 1204 3179 credulitate
1232 3124 1326 3179 Dei
1368 3133 1423 3179 et
1455 3126 1520 3180 de
1543 3126 1858 3183 remissione

294 3218 641 3281 peccatorum
670 3225 788 3280 quae
824 3210 962 3265 litin
995 3212 1261 3281 baptismo
1301 3213 1387 3268 his
1416 3214 1506 3283 qui
1543 3216 1768 3270 credunt
1804 3223 1859 3271 et

297 3300 641 3364 conﬁtentur,
662 3310 717 3355 et
737 3300 1101 3356 credulitatem
1129 3303 1288 3358 etiam
1316 3304 1530 3370 habent,
1559 3321 1699 3360 nunc
1717 3320 1858 3377 prte-

295 3392 448 3461 cepit
477 3402 536 3445 ut
558 3390 850 3445 doceantur
869 3390 1125 3459 baptizari
1153 3392 1282 3460 quid
1307 3407 1523 3447 servare
1546 3394 1773 3449 debeant
1800 3402 1860 3449 ut

294 3490 506 3536 vestem
543 3497 702 3550 quam
732 3490 1055 3549 acceperunt
1080 3482 1133 3534 in
1162 3482 1427 3550 baptismo
1463 3484 1859 3539 immaculatam

294 3570 573 3641 perferant
613 3580 737 3624 ante
766 3570 1002 3624 tribunal
1039 3569 1262 3633 Christi,
1297 3581 1350 3625 et
1379 3573 1502 3641 quia
1538 3572 1858 3643 baptismum

296 3678 470 3740 uinum
495 3669 579 3717 est
607 3672 663 3717 et
695 3677 800 3716 non
836 3670 1009 3730 potest
1037 3661 1238 3716 iterari.
1264 3660 1472 3729 Omnia,
1506 3661 1696 3731 inquit,
1720 3679 1862 3734 qua:-

298 3769 505 3823 cunque
529 3751 769 3806 mandavi
811 3752 969 3806 vobis.
1000 3750 1206 3814 Omnia,
1239 3752 1575 3816 subauditur,
1596 3760 1861 3823 praecepta

298 3858 425 3914 qua:
444 3841 712 3906 mandavi,
728 3841 782 3895 id
798 3827 882 3895 est
893 3842 1256 3896 commendavi
1271 3841 1613 3897 custodienda
1628 3843 1861 3907 vobis,ut

229 3985 240 3994 ,
298 3933 396 4005 qui
420 3933 472 3986 in
496 3931 755 3985 Trinitate
782 3929 980 3985 fuerint
1010 3932 1284 4001 baptizati,
1307 3935 1486 3987 omnia
1516 3932 1716 3987 faciant
1742 3949 1860 4003 quae

300 4038 572 4098 praecepta
585 4034 726 4082 sunt.
758 4025 888 4081 Ecce
912 4043 1002 4097 ego
1029 4027 1286 4081 vobiscum
1306 4043 1418 4080 sum
1434 4027 1669 4080 omnibus
1681 4026 1860 4080 diebus

300 4135 468 4191 usque
514 4117 581 4171 ad
623 4117 1111 4171 consummationem
1158 4117 1355 4171 seaculi.
1404 4116 1553 4183 Quod
1591 4127 1673 4172 est
1719 4118 1859 4187 quod

301 4215 467 4270 dicit:
496 4212 630 4267 Ecce
663 4229 754 4283 ego
780 4212 1037 4266 vobiscum
1069 4229 1203 4278 sum,
1240 4228 1363 4268 cum
1395 4213 1517 4268 alibi
1544 4214 1702 4279 dicat,
1738 4213 1862 4269 Haec

301 4314 431 4363 sunt
452 4306 612 4360 verba
639 4320 757 4375 qua:
776 4303 983 4358 locutus
1002 4319 1117 4359 sum
1145 4305 1211 4358 ad
1232 4319 1325 4359 vos
1344 4321 1465 4359 cum
1486 4305 1661 4359 adhuc
1685 4318 1857 4359 essem

300 4398 549 4455 mortalis
582 4397 721 4451 sicut
756 4404 811 4451 et
834 4397 964 4451 vos?
996 4395 1147 4462 Quod
1176 4405 1351 4450 autem
1387 4396 1651 4466 promittit
1681 4414 1694 4449 :
1724 4394 1858 4448 Ecce

301 4506 396 4561 ego
428 4487 685 4542 vobiscum
721 4504 835 4542 sum
862 4504 1021 4558 usque
1049 4488 1117 4540 ad
1147 4489 1632 4542 consummationem
1655 4486 1854 4552 strculi,

302 4585 371 4639 de
405 4583 686 4653 praesentia
724 4580 1028 4634 Divinitatis
1063 4589 1118 4634 et
1155 4579 1416 4650 adjutorio
1454 4596 1560 4651 quo
1588 4596 1752 4651 prope
1778 4593 1860 4635 est

303 4676 565 4732 Dominus
614 4674 861 4728 omnibus
911 4673 1283 4727 invocantibus
1332 4688 1453 4727 eum
1513 4674 1564 4728 in
1616 4655 1855 4728 veritate.

304 4767 551 4836 Quandiu
582 4765 819 4819 viventes
849 4763 1093 4827 fuerunt,
1132 4763 1232 4818 fuit
1253 4780 1371 4817 cum
1397 4764 1475 4818 eis
1498 4763 1744 4818 omnibus
1781 4763 1861 4816 in-

306 4856 676 4913 vocationibus
704 4870 887 4909 eorum
908 4894 922 4917 ,
962 4863 1015 4908 et
1042 4855 1197 4909 modo
1232 4855 1410 4909 vident
1446 4853 1635 4909 faciem
1663 4852 1777 4922 ejus
1806 4855 1861 4909 in

305 4947 757 5016 contemplatione
803 4944 1092 5008 claritatis;
1130 4945 1253 5014 quia
1291 4960 1513 5014 corpore
1558 4945 1857 5007 recedebat,

307 5038 605 5097 divinitatis
647 5035 981 5106 prtesentiam
1016 5034 1389 5104 pollicebatur,
1438 5048 1505 5088 ne
1545 5032 1859 5099 difﬁderent,

307 5131 437 5187 licet
463 5144 655 5198 corpus
688 5143 791 5181 non
832 5126 1089 5181 viderent.
1122 5126 1217 5181 Est
1253 5125 1391 5179 Deus
1428 5126 1650 5194 ubique,
1691 5134 1744 5178 et
1781 5133 1865 5180 est

309 5223 474 5276 etiam
496 5236 615 5275 cum
638 5217 874 5288 reprobis
893 5219 1172 5284 praesentia
1188 5217 1500 5281 divinitatis,
1518 5216 1649 5290 quia
1671 5224 1861 5270 cuncta

310 5312 460 5365 videt
483 5319 537 5364 et
570 5317 832 5379 penetrat.
868 5307 971 5361 Sed
1007 5306 1162 5360 aliter
1194 5316 1277 5361 est
1303 5322 1423 5362 cum
1452 5307 1668 5371 electis,
1699 5315 1758 5360 ut
1787 5306 1862 5362 fa-

313 5402 421 5456 ciat
457 5414 640 5454 eorum
667 5399 990 5454 voluntatem
1017 5407 1071 5451 et
1109 5398 1396 5451 secundum
1426 5412 1580 5450 suum
1610 5396 1861 5466 placitum

313 5504 408 5544 eos
434 5489 646 5558 dirigat,
676 5499 735 5544 ut
758 5487 1038 5543 Psalmisla
1065 5488 1142 5542 ait
1168 5503 1184 5542 :
1218 5485 1546 5540 Voluntatem
1577 5485 1863 5540 timentium

315 5594 369 5631 se
389 5577 565 5645 faciet,
590 5587 636 5631 et
652 5577 1056 5647 deprecationem
1069 5592 1244 5630 eorum
1265 5576 1524 5640 exaudiet,
1538 5584 1584 5629 et
1606 5573 1771 5628 salvos
1782 5574 1866 5644 fa-

316 5670 531 5724 cicteos.
555 5666 653 5737 Qui
670 5679 844 5723 autem
861 5671 1005 5735 dicit,
1032 5684 1198 5739 usque
1220 5668 1272 5723 in
1292 5666 1451 5721 tinem
1472 5665 1649 5722 seculi
1675 5665 1868 5721 debeat

1960 1846 2219 1915 abdicatis
2238 1858 2682 1913 delectationibus
2702 1871 2797 1926 pro
2823 1856 2927 1911 lide
2952 1864 3131 1911 nostra
3154 1856 3419 1925 patiemur
3436 1856 3517 1910 in-

1959 1950 2187 2005 fernum.
2230 1947 2337 2003 Sed
2379 1948 2570 2002 scitote
2609 1946 2733 2016 quia
2773 1945 2876 2001 nisi
2918 1928 3216 2015 cognovero
3242 1944 3517 1999 verissime

1959 2039 2085 2109 quid
2115 2038 2334 2094 debeam
2360 2037 2599 2101 credere,
2632 2045 2939 2091 convertam
2979 2049 3066 2089 me
3096 2034 3163 2089 ad
3201 2034 3384 2090 stcculi
3418 2048 3515 2089 vo-

1959 2129 2186 2201 luptates
2210 2145 2330 2184 cum
2359 2126 2505 2185 omni
2532 2127 2662 2183 orbe
2693 2136 2981 2192 terrarum,
3005 2133 3066 2179 ut
3092 2125 3135 2180 si
3161 2124 3329 2180 vitam
3354 2132 3516 2179 teter-

1959 2234 2082 2273 nam
2108 2217 2391 2290 perdidero
2418 2216 2568 2271 fruar
2590 2216 2940 2271 delectatione
2979 2213 3177 2278 saeculi,
3204 2224 3259 2267 et
3288 2227 3392 2268 non
3422 2213 3519 2268 do-

1957 2312 2095 2366 leam
2116 2311 2169 2365 in
2194 2310 2281 2365 illa
2301 2310 2408 2365 vita
2430 2317 2715 2379 utrumque
2732 2306 3049 2377 perdidisse.
3070 2306 3206 2360 Ecce
3218 2319 3315 2360 vos
3332 2318 3520 2359 omnes

1960 2403 2217 2473 episcopi,
2260 2417 2366 2456 non
2410 2399 2632 2471 potestis
2662 2398 2979 2453 convincere
3003 2396 3136 2451 istos
3174 2402 3395 2465 septem,
3421 2394 3514 2464 qui
3545 2392 3555 2405 ‘

1960 2494 2139 2548 dicunt
2157 2492 2317 2547 Verbi
2345 2491 2437 2545 Dei
2466 2497 2518 2546 et
2537 2489 2716 2544 carnis
2742 2495 2985 2541 naturam
3009 2500 3169 2541 unam
3196 2498 3345 2549 esse;
3367 2483 3518 2539 etdi-
3608 2492 3617 2499 ‘

1958 2591 2087 2639 cunt
2107 2584 2230 2653 quia
2254 2598 2348 2638 vos
2375 2579 2613 2635 haeretici
2634 2578 2765 2633 estis
2784 2586 2839 2632 et
2856 2590 2951 2632 vos
2975 2576 3255 2632 haereticos
3278 2592 3309 2631 e
3326 2584 3516 2630 contra

1959 2689 2052 2729 eos
2083 2673 2341 2743 putastis;
2390 2673 2483 2727 sed
2526 2673 2579 2726 in
2621 2669 3064 2742 disputationibus
3105 2666 3370 2722 contraire
3411 2678 3516 2718 non

1955 2764 2203 2835 potestis,
2228 2771 2283 2817 et
2310 2762 2429 2819 ideo
2478 2762 2665 2832 ignoro
2702 2761 2895 2830 quibus
2928 2758 3261 2830 potissimum
3299 2756 3519 2811 credere

1958 2854 2199 2910 debeam.
2231 2854 2339 2909 Vos
2371 2854 2461 2924 qui
2491 2852 2751 2908 columna:
2791 2859 2846 2907 et
2885 2858 3123 2905 rectores
3153 2847 3515 2904 Ecciesiarum

1957 2960 2074 3000 esse
2094 2944 2323 3009 debetis,
2350 2944 2583 2999 invenite
2609 2942 2888 2998 consilium
2908 2955 3014 3011 quo
3034 2955 3136 2994 non
3163 2947 3347 3009 pereat
3369 2953 3519 2991 mun-

1960 3038 2076 3103 dus,
2092 3036 2179 3104 qui
2202 3036 2352 3090 vobis
2377 3050 2407 3088 a
2428 3034 2653 3088 Domino
2676 3044 2758 3088 εει
2785 3030 3205 3086 commendatus.
3231 3029 3382 3082 Tunc
3404 3042 3516 3082 res-

1960 3129 2255 3200 pondentes
2277 3125 2509 3197 episcopi
2546 3124 2795 3179 dixerunt
2821 3136 2837 3176 :
2875 3120 3103 3178 Oremus
3126 3135 3316 3174 omnes
3341 3118 3520 3174 Domi-

1959 3232 2086 3271 num
2109 3224 2168 3270 ut
2191 3215 2434 3270 ostendat
2457 3214 2665 3282 pepulis
2687 3211 2817 3277 suis,
2839 3210 2929 3280 qui
2949 3223 3131 3264 verum
3152 3209 3307 3277 quive
3326 3205 3517 3261 falsum

1961 3305 2121 3362 dicat.
2141 3304 2290 3359 'l‘unc
2303 3303 2507 3360 exstitit
2526 3301 2742 3371 quidam
2764 3300 2853 3370 qui
2882 3299 3085 3355 diceret
3104 3297 3383 3369 quemdam
3398 3310 3519 3351 esse

1962 3395 2237 3449 reclusum
2255 3394 2309 3446 in
2332 3399 2499 3462 petra,
2526 3392 2579 3444 in
2614 3388 3014 3445 similitudinem
3032 3388 3206 3442 sancti
3229 3386 3520 3448 Simeonis,

1958 3487 2239 3541 Achatium
2257 3484 2470 3539 nomine
2484 3496 2577 3552 per
2589 3482 2810 3551 triginta
2821 3494 3011 3544 annos,
3034 3479 3124 3548 qui
3143 3479 3369 3533 virtutes
3384 3478 3520 3533 face-

1959 3585 2043 3630 ret
2060 3593 2073 3640 ;
2097 3585 2151 3628 et
2164 3575 2323 3629 alium
2346 3573 2625 3630 eremitam
2646 3569 3098 3642 superlordanem
3110 3570 3346 3639 ejusdem
3363 3569 3522 3623 fama:

1959 3664 2151 3718 virum.
2185 3662 2336 3717 Tunc
2355 3661 2576 3716 consilio
2600 3661 2968 3730 episcoporum
2992 3657 3243 3727 prtecepit
3265 3656 3389 3711 illuc
3417 3657 3517 3720 ire,

1958 3766 2013 3812 et
2032 3755 2297 3810 adducere
2320 3754 2454 3808 illos.
2470 3752 2711 3822 Cumque
2730 3752 2999 3807 venissent
3016 3750 3080 3805 ad
3100 3764 3314 3819 specum
3339 3748 3520 3804 Acba-

1960 3847 2017 3900 tii
2043 3847 2144 3901 duo
2166 3845 2418 3915 episcopi,
2440 3844 2689 3898 dixerunt
2706 3842 2756 3897 ei
2778 3842 3085 3897 mandatum
3108 3839 3444 3911 imperatoris
3463 3847 3520 3893 et

1960 3937 2352 4007 episcoporum.
2391 3935 2462 3989 At
2486 3933 2574 3989 ille
2600 3933 2903 4004 respondit:
2931 3931 3044 4002 Ego
3070 3948 3170 3985 non
3190 3930 3426 4001 egrediar
3448 3929 3514 3983 de

1958 4028 2053 4081 hoc
2071 4044 2222 4097 specu
2254 4027 2419 4090 vivus,
2447 4026 2569 4096 quia
2590 4041 2681 4078 nec
2701 4022 2966 4077 ambulare
2987 4037 3217 4092 possum,
3231 4036 3321 4074 nec
3339 4018 3520 4090 dispu-

1959 4129 2087 4172 tare.
2119 4118 2247 4172 Erat
2274 4132 2501 4187 namque
2528 4117 2594 4170 ad
2620 4129 2923 4171 mensuram
2959 4111 3258 4183 corpusculi
3280 4110 3395 4178 ejus
3419 4127 3514 4166 ex-

1957 4209 2067 4264 cisa
2094 4194 2274 4277 petra;
2300 4209 2372 4262 ita
2393 4215 2452 4260 ut
2473 4219 2643 4277 neque
2668 4205 2765 4259 hac
2783 4218 2954 4274 neque
2975 4202 3095 4256 iilac
3115 4215 3174 4255 se
3192 4208 3370 4269 posset
3388 4212 3515 4254 con-

1958 4310 2198 4365 vertere,
2230 4300 2323 4355 sed
2364 4299 2523 4369 quasi
2552 4312 2713 4353 orans
2740 4294 2952 4364 jacebat
2985 4293 3223 4349 inclusus
3253 4294 3304 4346 in
3336 4298 3508 4360 petra.

1960 4393 2119 4448 Panis
2141 4401 2317 4446 autem
2349 4390 2577 4445 dabatur
2602 4387 2650 4443 ei
2673 4402 2769 4458 per
2790 4386 3077 4441 fenestram
3097 4392 3148 4439 et
3166 4392 3339 4452 potus.
3361 4379 3511 4446 Quod

1960 4487 2026 4542 de
2046 4499 2268 4555 corpore
2293 4481 2408 4550 ejus
2426 4480 2577 4550 juxta
2598 4479 2964 4565 purgationem
2997 4466 3282 4530 humanam
3310 4472 3511 4534 exibat,

1962 4592 2056 4647 per
2078 4576 2317 4629 foramen
2340 4572 2406 4627 ad
2429 4580 2625 4625 terram
2645 4561 2937 4623 decidebat.
2960 4567 3122 4637 Igitur
3139 4578 3258 4619 cum
3278 4561 3511 4632 episcopi
3578 4626 3591 4640 .

1962 4665 2102 4736 quod
2131 4663 2293 4718 nollet
2318 4662 2465 4717 exire
2486 4703 2500 4727 ,
2537 4667 2905 4731 prmceperunt
2940 4653 3141 4711 destrui
3176 4666 3426 4723 specum,
3457 4659 3512 4705 et

1963 4756 2152 4827 expelli
2184 4770 2325 4809 eum.
2357 4753 2506 4807 Tunc
2531 4752 2694 4820 carpit
2722 4749 2806 4804 ille
2835 4748 3084 4818 adjurare
3108 4786 3122 4811 ,
3154 4760 3223 4799 ne
3246 4745 3509 4798 viventem

1965 4863 2086 4902 eum
2115 4845 2468 4915 expellerent;
2496 4843 2588 4897 sed
2618 4840 2848 4911 episcopi
2880 4854 2976 4909 pro
3007 4838 3175 4892 salute
3202 4834 3380 4904 populi
3406 4848 3509 4888 non

1962 4952 2083 4992 eum
2104 4937 2405 4991 audierunt.
2436 4932 2675 5002 Cumque
2709 4932 2930 4986 eductus
2955 4937 3117 4992 esset,
3156 4927 3255 4980 fuit
3282 4926 3361 4980 sic
3384 4925 3514 4994 rigi-

1961 5027 2061 5082 dus
2090 5028 2228 5081 sicut
2260 5026 2310 5078 in
2337 5039 2495 5095 specu
2521 5030 2769 5087 steterat;
2802 5030 2856 5074 et
2891 5036 2993 5074 non
3022 5017 3187 5070 valuit
3221 5029 3278 5069 se
3305 5015 3513 5085 erigere

1963 5130 2055 5175 aut
2078 5119 2365 5183 ambulare,
2396 5133 2514 5172 cum
2543 5130 2680 5184 equo
2721 5121 2897 5167 tamen
2940 5112 3349 5178 deportaverunt
3385 5119 3507 5159 eum

1962 5213 2028 5266 ad
2060 5213 2431 5279 imperatorem
2452 5247 2467 5271 ,
2491 5204 2646 5260 simul
2681 5218 2801 5258 cum
2824 5201 2914 5255 ilio
2941 5200 3044 5253 alio
3071 5197 3313 5252 eremita.
3343 5195 3512 5251 Dixit-

1964 5318 2066 5372 que
2110 5302 2175 5355 ad
2220 5315 2313 5354 eos
2340 5299 2626 5366 imperator
2660 5310 2675 5348 :
2712 5291 2863 5360 Quod
2887 5290 3038 5345 vobis
3074 5287 3507 5357 impedimentum

1963 5394 2204 5455 fecimus,
2227 5405 2322 5460 pro
2345 5389 2512 5444 salute
2540 5388 2700 5441 totius
2726 5383 2906 5438 mundi
2945 5380 3189 5438 fecimus.
3224 5378 3357 5444 Quia
3381 5392 3511 5432 ecce

1964 5491 2087 5538 sunt
2113 5490 2314 5550 septem
2348 5478 2622 5540 monachi,
2662 5475 2752 5546 qui
2783 5475 2965 5529 dicunt
2997 5470 3137 5543 quod
3177 5482 3281 5530 una
3320 5477 3510 5523 natura

1964 5570 2087 5626 Filii
2130 5568 2292 5625 fuerit
2334 5570 2389 5624 in
2425 5568 2562 5622 Filio
2586 5566 2680 5622 Dei
2708 5572 2826 5636 post
2861 5562 3277 5633 assumptiouem
3308 5559 3505 5614 carnis.

1966 5661 2116 5731 Quod
2143 5676 2327 5717 omnes
2346 5658 2575 5730 episcopi
2604 5657 2794 5728 aliique
2827 5670 2948 5710 cum
2974 5653 3053 5708 eis
3084 5650 3383 5724 denegarat;
3412 5649 3508 5706 sed
