3988 6186
500 257 641 319 1503

1265 258 1648 317 CHRISTle
1683 219 2087 316 oneratum
2123 256 2565 315 commensus
2603 254 2901 316 moment

3559 263 3581 316 ί
3592 262 3693 317 SM

498 370 555 451 in
577 374 896 448 disputando
939 388 1045 431 non
1071 383 1296 445 possunt
1331 376 1649 433 convincere
1678 374 1813 438 illos,
1853 381 1909 429 et
1939 372 2042 427 nisi
2069 376 2121 437 Α
2145 379 2261 447 ειη,
2283 371 2328 427 si
2357 370 2499 426 salva
2529 380 2683 437 sunt,
2710 387 2775 427 ne
2797 379 2980 442 postea
3010 370 3476 441 aliquadubitatio
3500 374 3697 431 habea-

494 466 884 532 subveneritis.
922 481 1108 522 omnes
1152 466 1344 521 iterum
1372 466 1440 521 ad
1473 466 1830 536 paganitatem
1860 477 2043 518 rever-

497 566 693 623 temur,
724 555 849 627 quia
876 554 1142 609 nescimus
1180 554 1310 624 quid
1337 553 1563 609 credere
1580 553 1885 608 debeamus.
1911 552 2045 608 Res-

494 646 732 718 pondeas
779 643 1034 713 Achatius
1076 644 1210 698 dixit
1256 658 1271 697 :
1316 643 1429 713 Ego
1475 642 1581 698 non
1612 657 1833 712 possum
1865 643 2042 698 verbis

494 734 815 792 contendere
845 751 858 787 :
889 733 1014 803 quia
1040 733 1128 788 diu
1155 740 1256 799 est,
1278 749 1345 788 ex
1373 748 1481 803 quo
1504 732 1798 803 disputare,
1823 733 1906 788 vel
1937 734 2045 805 syl-

494 822 747 895 logismos
772 821 947 895 legere
982 822 1168 878 desivi.
1213 821 1302 876 Isti
1329 830 1508 876 autem
1532 819 1602 876 ab
1624 820 1844 875 infantia
1874 838 2043 892 usque

495 930 637 971 nunc
660 915 759 969 hoc
784 915 1122 970 studuerunt.
1147 913 1216 968 Et
1243 913 1498 982 magister
1519 912 1756 983 gentium
1789 913 2044 984 przecepit

440 1008 448 1015 '
494 1002 774 1073 discipulo,
803 1003 985 1058 dicens
1014 1020 1028 1056 :
1064 1000 1192 1057 Noli
1221 1001 1383 1057 verbis
1419 1000 1722 1056 contendere
1746 1017 1766 1056 :
1802 1002 1871 1056 ad
1912 1001 2042 1056 nihil

492 1093 628 1147 enim
677 1091 803 1147 utile
846 1101 923 1148 est
945 1132 961 1157 ,
1017 1092 1119 1146 nisi
1160 1091 1231 1145 ad
1275 1090 1650 1145 suboersionem
1695 1091 2036 1146 audientium.

491 1182 778 1254 Propterea
818 1197 1033 1240 necesse
1070 1191 1153 1238 est
1188 1182 1428 1238 converti
1471 1182 1540 1236 ad
1576 1182 1777 1248 Deum,
1819 1190 1878 1237 ut
1929 1184 2043 1253 ipse

490 1273 735 1329 ostendat
765 1274 886 1344 quis
911 1274 1114 1328 rectius
1134 1273 1346 1337 credat,
1377 1280 1433 1326 et
1464 1271 1511 1326 si
1544 1271 1655 1326 vult
1692 1272 1892 1327 salvam
1923 1273 2039 1328 fieri

490 1362 783 1418 Ecclesium
804 1378 975 1418 suam.
1005 1363 1154 1417 Tunc
1181 1362 1529 1433 interrogavit
1548 1362 1594 1417 si
1615 1370 1758 1418 esset
1781 1362 1834 1416 in
1863 1362 2042 1418 vicino

489 1453 681 1523 aliquis
709 1453 876 1519 locus,
897 1453 985 1507 ubi
1009 1452 1151 1508 Deus
1167 1452 1417 1508 virtutem
1441 1467 1505 1508 ac
1528 1453 1682 1524 signa
1702 1453 2040 1524 peraliquem

487 1549 894 1605 demonstraret.
919 1548 1278 1619 Dixeruntque
1296 1549 1366 1615 ei,
1387 1548 1527 1618 quod
1546 1558 1734 1604 sancta
1748 1548 2040 1619 Euphemia

486 1640 637 1712 virgo
674 1639 931 1696 miracula
966 1640 1358 1694 demonstraret
1395 1638 1701 1709 frequenter
1728 1640 1783 1694 in
1817 1639 1904 1695 his
1945 1639 2037 1709 qui

2144 469 2250 515 tur.
2278 460 2685 530 Responderunt
2709 461 2937 531 episcopi
2962 469 3031 529 get
3070 462 3304 516 haeretici
3334 479 3349 516 :
3384 462 3545 518 Salva
3574 473 3697 520 sunt

2142 550 2415 622 signacula
2444 560 2647 614 nostra,
2676 549 2801 620 quia
2828 564 2926 619 per
2954 551 3093 604 vices
3116 559 3223 605 tam
3247 553 3416 607 nostri
3438 567 3602 622 quam
3628 555 3689 609 il-

2141 639 2311 693 lorum
2338 639 2392 693 in
2412 638 2497 693 die
2515 654 2578 692 ac
2597 646 2749 692 nocte
2770 637 3141 707 vigilaverunt.
3163 637 3525 710 Quodcunque
3545 644 3693 698 nobis

2141 731 2282 787 Deus
2310 732 2636 793 ostenderit,
2679 731 2878 800 absque
2918 730 3247 786 dubitatione
3282 733 3569 789 credemus
3599 750 3695 791 nec

2141 824 2591 880 contradicemns.
2623 821 2771 876 Tunc
2794 819 3343 891 aperueruntjanuas,
3367 832 3424 877 et
3444 839 3698 893 pervene-

2142 921 2266 968 runt
2292 913 2359 967 ad
2388 912 2684 981 sepulcrum
2716 909 2963 981 virginis.
2997 920 3053 965 et
3086 910 3332 965 viderunt
3358 913 3501 981 quod
3532 929 3693 968 unam

2141 1004 2383 1058 chartam
2420 1001 2640 1057 haberet
2673 1000 2738 1055 de
2765 1012 2981 1070 pectore
3013 1015 3111 1055 suo
3134 1001 3393 1057 elevatam
3412 1043 3427 1067 ,
3456 1014 3514 1059 et
3539 1019 3696 1074 super

2139 1107 2202 1148 os
2230 1108 2381 1147 suum
2415 1090 2664 1156 missam,
2700 1106 2767 1146 ac
2795 1091 3117 1163 compressis
3150 1092 3394 1147 manibus
3426 1094 3694 1149 deoscula—

2142 1190 2325 1248 retur;
2356 1181 2514 1236 aliam
2549 1189 2726 1235 antem
2755 1181 2903 1250 quasi
2929 1195 3200 1236 corrosam
3227 1198 3257 1237 a
3289 1183 3557 1239 soricibus
3594 1186 3691 1239 mi-

2140 1283 2323 1327 nutam
2355 1272 2453 1327 sub
2474 1271 2696 1342 pedibus
2716 1270 2973 1326 calcabat.
2995 1271 3110 1327 Non
3136 1281 3313 1329 tamen
3335 1288 3697 1346 cognoverunt

2140 1378 2260 1433 qua:
2281 1377 2385 1416 una
2420 1369 2563 1416 esset
2594 1368 2650 1416 et
2676 1376 2802 1430 qum
2833 1361 3015 1416 altera.
3055 1363 3305 1433 Dixitque
3344 1365 3597 1421 Acbatins
3628 1369 3694 1422 ad

2140 1462 2336 1510 coetum
2361 1471 2375 1507 :
2406 1451 2604 1508 Videtis
2623 1452 2746 1523 quia
2771 1469 2933 1519 unam
2958 1452 3114 1508 ﬁdem
3130 1455 3401 1510 osculatur
3420 1471 3518 1526 per
3533 1473 3695 1527 quam

2140 1545 2254 1616 ipsa
2281 1544 2428 1600 salva
2455 1542 2596 1599 facta
2623 1551 2723 1608 est,
2752 1542 2913 1596 aliam
2941 1542 3114 1598 calcat
3139 1543 3238 1598 sub
3270 1545 3529 1613 pedibus?
3559 1547 3693 1613 Quid

2138 1633 2290 1688 vobis
2314 1632 2556 1687 videtur?
2583 1631 2990 1702 Responderunt
3011 1647 3198 1687 omnes
3223 1651 3236 1686 :
3263 1633 3339 1687 llli
3363 1633 3482 1688 ﬁdei
3508 1650 3695 1690 omnes

484 1706 600 1800 per.
625 1727 741 1797 ejus
769 1727 1077 1799 suffragium
1105 1728 1272 1784 Deum
1298 1706 1571 1797 peterent,
1608 1729 1763 1799 quasi
1791 1706 2039 1784 milliaria
2069 1706 2116 1770 Β
2141 1736 2240 1778 nos
2287 1722 2629 1794 sulijicietnus
2647 1760 2665 1787 ,
2692 1735 2851 1790 quam
2888 1720 3000 1791 ipsa
3027 1721 3314 1777 osculatur.
3356 1723 3696 1794 Elevatisque

484 1818 591 1873 duo
622 1833 654 1873 a
690 1819 923 1874 civitate.
962 1818 1109 1872 Abiit
1153 1819 1443 1888 imperator
1475 1833 1597 1873 cum
1635 1817 1781 1873 omni
1814 1818 2037 1890 synodo.

484 1908 721 1979 Cumque
771 1908 1138 1979 pervenissent
1177 1906 1335 1973 illuc,
1374 1907 1630 1978 praecepit
1669 1906 1759 1964 ille
1785 1907 2041 1963 Achatius

484 1999 693 2068 aperire
719 1998 1021 2070 sepulcrum
1049 1996 1184 2067 ejus.
1217 1996 1367 2064 Quod
1401 2013 1523 2053 cum
1558 2002 1894 2069 aperuissent
1925 1998 2040 2055 visa

484 2099 571 2145 est
591 2086 773 2157 jacere
797 2090 948 2159 quasi
976 2088 1244 2144 dormiens
1280 2089 1335 2142 in
1362 2087 1520 2143 lecto.
1546 2088 1808 2158 Venitque
1837 2104 1951 2155 rex,
1986 2098 2042 2145 et

482 2181 750 2236 osculatus
768 2189 851 2235 est
866 2195 986 2235 eam
1011 2181 1062 2235 in
1090 2189 1305 2251 pectore
1326 2192 1379 2237 et
1403 2180 1657 2252 episcopi,
1685 2194 1845 2253 atque
1864 2183 2040 2239 omnis

482 2270 726 2342 populus.
760 2270 872 2326 Hoc
901 2270 1073 2337 facto,
1111 2272 1363 2342 praecepit
1396 2274 1648 2342 praefatus
1676 2275 1759 2329 vir
1778 2274 2038 2345 episcopis

478 2370 538 2431 et
577 2362 877 2427 monachis,
916 2369 976 2416 ut
1003 2362 1262 2419 scriberet
1295 2364 1659 2434 unusquisque
1689 2363 1845 2418 ﬁdem
1885 2378 2038 2419 suam

482 2461 539 2509 et
575 2452 855 2526 sigillaret.
892 2453 1044 2520 Quod
1072 2469 1193 2508 cum
1222 2453 1494 2519 fecissent,
1523 2456 1701 2524 posuit
1726 2470 1818 2510 eas
1843 2455 2036 2526 praedi-

482 2548 602 2596 ctus
642 2540 728 2595 vir
752 2527 913 2611 supra
938 2550 1122 2612 pectus
1150 2542 1265 2613 ejus
1295 2544 1509 2598 vidente
1538 2559 1661 2615 rege
1696 2553 1752 2599 et
1775 2544 2038 2615 episcopis

484 2649 552 2691 ac
577 2634 860 2691 haereticis.
884 2634 998 2702 Quo
1024 2634 1185 2703 facto,
1218 2636 1466 2691 exierunt
1489 2651 1677 2691 omnes
1703 2636 1769 2691 de
1789 2635 2033 2701 basilica,

482 2732 539 2778 et
562 2722 755 2779 clausa:
778 2733 903 2780 sunt
925 2740 1110 2781 omnes
1135 2724 1190 2780 in
1213 2740 1343 2797 gyro
1359 2766 1375 2791 ,
1408 2733 1463 2780 et
1486 2724 1727 2797 sigillata:
1750 2725 1817 2780 de
1841 2726 2038 2781 annulo

483 2817 656 2887 regis,
677 2825 733 2872 et
754 2817 1123 2889 episcoporum
1140 2858 1157 2884 ,
1185 2827 1346 2889 atque
1370 2819 1762 2875 haereticorum.
1790 2818 2037 2889 Dixitque

479 2906 738 2964 Acbatius
773 2909 840 2966 ad
873 2925 1086 2967 omnem
1124 2918 1322 2967 ccetum
1354 2928 1367 2965 :
1408 2910 1650 2982 Jejuuate
1677 2918 1733 2966 et
1764 2917 1914 2965 orate
1940 2925 2036 2981 per

484 3007 598 3057 tres
621 3001 734 3057 dies
761 3001 817 3056 in
844 3002 1072 3058 circuitu
1096 3003 1328 3059 basilicae
1345 3044 1361 3069 ,
1391 3012 1451 3058 ut
1475 3004 1721 3060 ostendat
1745 3004 1899 3059 nobis
1926 3005 2033 3059 Do-

2141 1814 2387 1870 manibus
2411 1815 2528 1883 ejus
2566 1814 2795 1885 desuper
2834 1814 3022 1870 charta
3071 1817 3314 1885 apparuit
3349 1832 3472 1873 esse
3512 1821 3697 1873 charta

2137 1910 2526 1981 episcoporum,
2562 1918 2617 1964 et
2643 1909 2729 1964 illa
2764 1908 3139 1965 haereticorum
3166 1924 3405 1964 corrosa.
3434 1908 3592 1975 Quod
3618 1909 3698 1963 vi-

2136 2000 2324 2057 dentes
2348 2016 2536 2056 omnes
2564 1999 2995 2071 gloriﬁcaverunt
3030 2002 3225 2066 Deum,
3264 2010 3322 2055 et
3357 2001 3692 2056 corroborati

2137 2102 2260 2149 sunt
2290 2094 2343 2147 in
2373 2092 2477 2148 ﬁde
2503 2109 2617 2149 sua.
2647 2093 2889 2149 Haeretici
2909 2109 3121 2165 quoque
3149 2089 3261 2149 hinc
3286 2095 3548 2158 videntes,
3576 2109 3697 2164 pro-

2130 2181 2380 2254 iecerunt
2403 2199 2461 2239 se
2487 2185 2554 2238 ad
2580 2186 2743 2254 pedes
2769 2184 3000 2250 Achatii,
3026 2193 3081 2239 et
3110 2185 3452 2240 credidertmt
3478 2187 3616 2240 sicut
3642 2186 3696 2239 in

2136 2277 2323 2332 charta
2351 2278 2554 2347 integra
2593 2277 2938 2341 invenerunt;
2972 2288 3027 2331 et
3065 2284 3289 2347 egerunt
3322 2276 3688 2347 pmniteutiam

2137 2367 2205 2421 ab
2230 2382 2413 2423 errore
2453 2382 2570 2421 suo.
2611 2363 2802 2422 Postea
2846 2380 2973 2420 vero
3022 2366 3349 2420 reduxerunt
3379 2364 3496 2418 illos
3522 2365 3690 2419 bonos

2136 2459 2381 2513 homines
2405 2458 2471 2512 ad
2499 2456 2614 2511 loca
2644 2472 2762 2521 sua,
2786 2463 2843 2511 et
2862 2455 3009 2510 illum
3032 2457 3259 2526 primum
3287 2456 3614 2511 recluserunt
3635 2456 3694 2510 in

2134 2547 2405 2618 ergastulo
2432 2562 2550 2612 suo,
2573 2545 2714 2601 sicut
2738 2545 2942 2611 fuerat;
2968 2555 3023 2600 et
3053 2545 3208 2601 illum
3230 2546 3451 2602 alterum
3477 2546 3696 2602 dimise-

2135 2652 2260 2697 runt
2287 2642 2340 2697 in
2369 2641 2656 2698 solitudine
2681 2657 2776 2697 sua
2804 2651 2860 2697 et
2885 2641 3110 2697 salvavit
3130 2639 3380 2696 Dominus
3402 2636 3697 2692 Ecclesiam

2133 2748 2284 2789 suam
2312 2734 2381 2789 ab
2407 2748 2589 2789 errore
2622 2731 2964 2804 perﬁdorum.
2993 2730 3144 2799 Quod
3173 2738 3231 2785 ct
3272 2744 3371 2783 nos
3397 2727 3490 2782 lilii
3519 2726 3699 2782 Eccle-

2133 2824 2334 2878 siarnm
2371 2837 2528 2878 orare
2555 2822 2811 2878 debemus
2843 2830 2903 2876 ut
2928 2822 3068 2876 Deus
3091 2819 3436 2889 omnipotens
3462 2831 3581 2872 eam
3606 2832 3695 2870 cu-

2134 2916 2335 2972 stodiat
2357 2931 2527 2986 usque
2556 2915 2610 2969 in
2637 2913 2798 2971 ﬁnem
2820 2914 2999 2970 seaculi
3031 2913 3404 2977 inconcussam
3427 2917 3484 2962 et
3514 2908 3673 2962 incon

2137 3004 2448 3059 taminatam
2471 3012 2529 3058 ut
2551 3003 2755 3074 absque
2786 3003 2995 3059 macula
3017 3011 3074 3058 et
3091 3017 3220 3072 ruga
3250 3008 3502 3056 occurrat
3528 2998 3581 3052 in
3610 2996 3699 3051 die

481 3088 660 3146 minus
684 3105 911 3159 quorum
938 3092 1066 3147 ﬁdes
1094 3063 1424 3163 beneplacita
1456 3094 1736 3149 habeatur.
1774 3092 2039 3149 Fecerunt
2062 3063 2108 3126 Ο
2132 3094 2340 3165 judicii.
2387 3095 2537 3163 Quod
2573 3063 2810 3150 anriuere
2837 3095 3099 3164 dignetur.
3145 3063 3233 3162 qui
3268 3106 3365 3159 pro
3401 3105 3464 3144 ea
3502 3086 3694 3143 effudit

473 3179 559 3237 ita
590 3187 650 3236 ut
672 3190 1016 3251 praeceperat.
1060 3182 1155 3236 Die
1179 3186 1363 3237 autem‘
1394 3183 1547 3236 tertia
1568 3222 1583 3247 ,
1615 3184 1751 3238 dixit
1776 3184 2035 3240 Achatius

480 3269 746 3342 episcopis
771 3280 827 3326 et
853 3271 1116 3327 haereticis
1145 3290 1158 3326 :
1189 3272 1376 3327 Videte
1411 3271 1692 3342 diligenter
1734 3273 1903 3347 sigilla
1944 3288 2037 3329 ve-

2139 3186 2453 3257 sanguinem
2506 3200 2660 3240 suum
2709 3185 2966 3240 Dominus
3013 3191 3191 3239 noster
3236 3181 3386 3235 Jesus
3420 3178 3695 3242 Christus,

2139 3278 2231 3348 qui
2255 3277 2384 3332 vivit
2412 3285 2465 3334 et
2498 3286 2689 3349 regnat
2714 3279 2766 3333 in
2795 3275 2991 3331 smnia
3017 3274 3343 3331 saeculorum.
3374 3273 3567 3325 Amen.

490 3404 2736 3434 W—

866 3558 869 3563 -
955 3478 2027 3603 CHRISTIANI
2100 3476 3227 3592 DBUTHMABI

1146 3678 1151 3681 ·
1699 3646 2139 3707 CORBEIENSIS
2174 3646 2477 3705 MONACHI

862 3774 1406 3854 EXPOSITIO
1480 3770 1836 3852 BIlEVIS
1912 3772 2023 3851 IN
2101 3770 2439 3851 LUCAM
2514 3768 3320 3849 EVANGELISTAM.

1809 3902 1960 3966 (Bibl.
1984 3908 2085 3955 vet.
2109 3902 2240 3953 Patr.
2262 3901 2404 3962 ibid.)

1889 4002 2290 4021 *1-

551 4078 723 4139 Lucas
766 4079 879 4151 ipse
912 4092 1238 4151 consurgens
1277 4090 1441 4133 causa
1484 4075 1752 4132 scribendi
1787 4075 2033 4146 Evange-

482 4171 637 4239 lium,
683 4183 751 4227 ne
798 4167 1360 4241 pseudo-evangelistis
1391 4175 1534 4223 esset
1577 4166 1804 4222 facultas
1844 4165 2035 4236 prsidi-

480 4263 639 4321 candi
671 4259 827 4328 falsa,
853 4261 951 4317 sub
974 4260 1188 4317 nomine
1210 4260 1490 4316 duodecim
1512 4258 1871 4329 apostolorum
1898 4256 2033 4313 falso

482 4352 649 4412 fuisse
686 4352 970 4425 Evangelia
1010 4351 1345 4423 conscripta,
1379 4349 1523 4420 quod
1559 4349 1726 4405 David
1762 4349 1817 4403 in
1843 4348 2031 4419 viginti

483 4453 715 4518 quatuor
740 4452 913 4501 sortes
939 4441 1118 4498 divisit
1143 4441 1444 4498 sacerdotes
1471 4455 1590 4495 cum
1611 4438 1832 4503 Levitis,
1865 4445 1921 4493 et
1955 4437 2036 4492 fa-

482 4536 689 4603 milias,
726 4543 784 4591 et
813 4543 1001 4592 octava
1029 4549 1147 4589 sors
1176 4533 1339 4598 Abia,
1383 4540 1443 4587 ut
1478 4545 1653 4603 praeco
1686 4529 1816 4585 Novi
1845 4529 2033 4585 Testa-

390 4618 397 4627 ’
483 4625 651 4684 menti
680 4613 1086 4680 monstraretur.
1129 4622 1268 4678 Justi
1300 4631 1421 4677 ante
1459 4622 1758 4677 Dominum.
1806 4621 1922 4677 Non
1953 4629 2037 4677 est

474 4712 656 4785 justus
680 4722 805 4770 ante
828 4713 1127 4778 Dominum,
1158 4713 1205 4768 si
1224 4711 1431 4783 justitia
1459 4727 1567 4769 non
1593 4728 1661 4769 ex
1681 4714 1873 4769 mentis
1902 4715 2031 4769 sim-

482 4805 719 4878 plicitate
741 4803 1020 4860 formetur.
1051 4803 1207 4860 Prius
1230 4804 1561 4870 mandatum,
1588 4804 1856 4874 posterius
1873 4801 2034 4872 justi-

481 4895 682 4953 ﬁcatio.
712 4894 845 4952 Cum
871 4893 1173 4965 iudicamus
1199 4909 1451 4967 congrue,
1484 4908 1678 4950 canere
1708 4893 1914 4949 Domini
1942 4894 2032 4965 ju-

480 4986 831 5045 stiﬁcationes
855 4986 1115 5042 videmur.
1147 4984 1284 5041 Laus
1310 5000 1342 5039 a
1367 4999 1578 5055 genere,
1609 4999 1640 5038 a
1666 4983 1924 5051 moribus,
1964 4985 2032 5041 ab

478 5078 762 5150 aequitate,
794 5078 863 5133 ab
881 5076 1083 5143 oﬁicio,
1114 5091 1145 5132 a
1170 5078 1450 5143 mandato,
1479 5092 1510 5131 a
1531 5075 1930 5147 justiﬁcatione.
1962 5075 2031 5130 Et

479 5179 618 5226 sorte
642 5169 785 5225 exiit.
816 5167 932 5224 Non
960 5178 1087 5224 tunc
1117 5169 1390 5224 incensum
1419 5176 1537 5223 erat
1568 5167 1902 5237 ponendum;
1936 5167 2031 5223 sed

478 5260 656 5332 prisca
686 5266 832 5315 sorte
876 5274 999 5316 cum
1043 5259 1271 5315 invicem
1307 5258 1442 5313 Abia
1489 5258 1798 5313 succederet
1833 5257 1885 5312 in
1915 5258 2031 5328 ipso

477 5367 641 5409 anno.
674 5350 953 5409 lncensum
992 5358 1174 5407 autem
1215 5347 1404 5404 deferti
1452 5348 1658 5404 decimo
1696 5347 1782 5403 die
1822 5345 2033 5417 septimi

480 5442 684 5498 mensis
694 5441 1030 5513 expiationis,
1056 5442 1168 5497 sive
1190 5439 1604 5513 prapitiationis,
1625 5439 1719 5510 qui
1747 5438 2033 5509 aliquando

449 5538 455 5545 '
483 5529 538 5585 in
566 5529 888 5602 Septembri,
913 5530 1197 5602 aliquando
1220 5531 1275 5586 in
1300 5528 1515 5587 Octobri
1537 5528 1793 5596 occurrit,
1818 5536 2034 5600 propter

485 5618 690 5679 varium
731 5635 944 5687 cursum
989 5620 1148 5681 lunae.
1195 5621 1366 5680 Corda
1416 5627 1630 5694 patrum
1672 5619 1934 5678 convertit
1978 5618 2032 5677 in

2137 4072 2296 4127 filios.
2327 4069 2619 4126 Prudentia
2634 4067 2900 4139 iustorum
2925 4077 3039 4134 est,
3066 4084 3176 4124 non
3200 4068 3268 4123 de
3293 4067 3424 4139 legis
3446 4068 3692 4140 cperibus

2130 4163 2391 4234 justitiam
2438 4178 2777 4235 prtesumere.
2827 4162 3217 4227 Taciturnitas,
3262 4171 3317 4216 et
3351 4162 3593 4231 signum,
3638 4170 3693 4215 et

2135 4269 2294 4326 poena
2320 4253 2707 4309 incredulitatis
2732 4252 2848 4307 fuit.
2872 4253 3059 4324 Angeli
3092 4268 3214 4307 cum
3242 4252 3309 4306 ad
3338 4268 3437 4307 nos
3472 4253 3693 4307 mittun-

2137 4353 2224 4398 tur
2252 4344 2330 4399 sic
2352 4343 2587 4399 exterius
2609 4342 2833 4412 implent
2860 4341 3236 4406 ministerium,
3261 4350 3320 4396 ut
3351 4349 3526 4395 tamen
3554 4358 3692 4395 nun-

2136 4448 2297 4504 quam
2321 4432 2496 4487 desint
2520 4432 2744 4487 interius
2767 4447 2863 4503 per
2880 4431 3379 4501 contemplationem
3407 4449 3421 4486 :
3450 4432 3572 4501 quia
3582 4432 3694 4485 tir-

2138 4522 2490 4593 cumscriptus
2519 4538 2623 4577 non
2651 4531 2752 4578 est.
2798 4519 2925 4576 Post
2956 4522 3050 4575 Icos
3079 4522 3208 4576 dies.
3248 4521 3508 4577 Videlicet
3534 4520 3693 4577 oﬁicii

2136 4614 2425 4669 Zachariae.
2455 4613 2583 4668 Post
2612 4614 2752 4669 diem
2790 4613 3136 4682 expiationis,
3173 4613 3401 4667 mutatio
3422 4613 3583 4668 ﬁebat
3610 4628 3693 4666 sa-

2137 4704 2379 4761 cerdotii.
2407 4703 2577 4758 Aliter
2602 4721 2613 4757 :
2647 4720 2741 4774 per
2768 4703 3079 4758 Zachariam
3105 4704 3463 4759 sacerdotium
3484 4702 3692 4759 Iudico-

2139 4811 2280 4860 rnm,
2302 4810 2397 4866 per
2423 4795 2698 4851 Elizabeth
2730 4796 2861 4865 legis
2881 4796 3156 4862 sterilitas,
3179 4797 3304 4864 quia
3330 4796 3464 4850 nihil
3484 4797 3552 4851 ad
3579 4812 3692 4866 per-

2132 4885 2333 4943 fectum
2377 4885 2614 4942 adduxit.
2650 4887 2717 4941 Et
2743 4886 2868 4942 licet
2895 4887 3062 4959 Moysi
3092 4888 3421 4958 temporibus
3445 4896 3502 4942 et
3537 4889 3689 4943 dein-

2128 4997 2254 5052 ceps
2306 4981 2614 5046 eflloruerit,
2665 4982 2718 5036 in
2771 4984 3000 5036 adventu
3053 4972 3229 5035 tamen
3281 4981 3493 5035 Domini
3536 4982 3690 5051 quasi

2129 5083 2402 5130 senectute
2451 5072 2695 5128 confecta
2742 5083 2877 5128 erat.
2933 5072 3302 5128 Sacerdotium
3340 5074 3434 5127 Dei
3482 5082 3689 5128 secreta

2129 5162 2417 5234 cognoscit.
2450 5161 2678 5217 Hebetes
2701 5161 2833 5217 foris
2872 5171 3014 5216 stant
3035 5202 3050 5226 ,
3079 5170 3134 5217 et
3157 5163 3390 5232 quinque
3419 5162 3691 5215 mensibus

2130 5251 2571 5321 occultant;quia
2601 5250 2786 5322 legifer
2818 5266 2914 5322 per
2960 5252 3193 5321 quinque
3237 5251 3402 5307 libros
3435 5251 3685 5321 mysteria

2132 5345 2331 5401 Christi
2366 5361 2462 5416 per
2487 5346 2769 5417 mnigmata
2811 5348 3110 5413 annuntiat,
3136 5347 3215 5400 vel
3245 5347 3330 5402 lex
3359 5347 3557 5402 Christi
3583 5348 3687 5401 dis-

2130 5439 2495 5508 pensationem
2544 5438 2600 5492 in
2645 5440 2881 5508 quinque
2923 5439 3168 5494 aetatibus
3194 5437 3521 5508 prmﬁgurat.
3558 5436 3686 5490 Erat

2129 5538 2279 5600 pater
2320 5529 2434 5599 ejus
2483 5526 2673 5599 Ioseph
2713 5542 2732 5581 :
2770 5528 3084 5599 Opinionem
3120 5527 3262 5599 vulgi
3290 5527 3574 5598 expressit.
3622 5528 3685 5580 Et

2132 5619 2283 5679 multi
2334 5619 2608 5692 adoptant,
2656 5635 2791 5692 quos
2826 5620 2961 5678 ﬁlios
2987 5628 3194 5678 vocant.
3246 5619 3315 5676 In
3356 5622 3559 5691 signum
3600 5619 3679 5673 cui
