3988 6186
266 264 288 317 1
300 263 401 318 305

1334 257 1692 316 EXPOSITIO
1725 259 1966 317 BREVIS
2003 261 2069 317 IN
2106 261 2354 320 LUCAM.

3316 263 3454 321 1506

263 371 652 426 cautradicetur.
682 367 814 424 Nam
839 369 903 424 de
932 375 1080 422 secta
1102 367 1202 422 hoc
1225 349 1408 422 notum
1429 377 1534 434 est,
1549 369 1672 439 quia
1697 370 1808 424 ubi-
1835 385 1884 444 Α
1908 371 2011 428 Per
2029 387 2208 427 aream
2233 374 2486 428 Ecclesia.
2506 373 2696 440 Palem,
2712 375 2798 429 isti
2815 374 2906 445 qui
2929 363 3198 446 mysteriis
3217 374 3459 430 imbuun-

261 475 364 530 que
386 461 435 514 ei
465 460 871 514 contradicetur.
903 457 1058 528 Lapis
1087 459 1410 527 offensionis,
1441 469 1498 513 ut
1525 459 1806 514 revelentur

259 562 322 604 ex
367 548 562 602 multis.
609 548 872 602 Incertum
911 556 1047 613 erat,
1091 547 1179 616 qui
1236 546 1536 602 Iudaeorum
1583 552 1803 618 gratiam

259 638 456 696 Christi
503 638 756 705 recipere,
801 637 892 706 qui
930 653 1180 706 respuere
1212 637 1407 691 vellent
1455 639 1605 692 Anna
1650 655 1807 693 vene-

261 726 440 782 randa:
491 728 904 782 conversationis
957 729 1128 796 dignm
1179 729 1352 782 :etatis
1406 729 1602 783 dicitur
1643 728 1806 784 fuisse

257 819 470 874 Christo
512 819 870 873 testimonium
898 819 1046 882 dare,
1083 828 1138 873 et
1181 819 1474 874 Ecclesium
1522 819 1800 890 signiﬁcat.

257 907 522 962 Numerus
571 924 829 962 annorum
875 907 1150 961 viduitatis
1193 923 1299 976 quo
1343 908 1714 976 peregrinatur
1750 910 1802 963 in

257 1000 480 1064 szpculo,
524 1000 720 1069 septies
760 1000 1015 1063 duodeni,
1062 1001 1331 1069 octoginta
1362 1009 1590 1069 quatuor
1628 1000 1800 1056 ﬁunt:

256 1105 456 1162 septem
485 1093 550 1146 ad
580 1092 736 1162 hujus
769 1092 944 1146 saeculi
972 1107 1207 1155 cursum,
1238 1093 1512 1147 duodecim
1541 1093 1605 1147 ad
1631 1093 1806 1163 perfe-

257 1182 486 1236 ctionem
515 1183 816 1250 apostolicae
841 1182 1096 1236 doctrina:
1122 1183 1405 1251 pertinent.
1447 1183 1696 1252 Quisquis
1726 1193 1806 1239 to-

257 1280 367 1324 tum
410 1273 533 1326 vita:
556 1288 664 1325 sua:
715 1281 920 1342 tempus
949 1271 1254 1340 apostolicis
1294 1274 1624 1342 manciparet
1653 1282 1807 1328 curat

256 1359 512 1413 institutis
535 1400 549 1424 ,
579 1359 846 1442 octoginta
889 1368 1117 1428 quatuor
1166 1361 1320 1413 annis
1351 1359 1577 1416 Domino
1618 1362 1800 1416 servit.

256 1446 358 1501 Per
389 1457 590 1518 septem
616 1465 749 1518 quos
774 1465 893 1503 cum
918 1450 1033 1503 viro
1075 1463 1171 1503 suo
1198 1458 1485 1514 manserat,
1516 1451 1803 1507 Dominica:

219 1593 223 1598 ,
254 1536 634 1592 incarnationis
664 1546 870 1608 tempus
889 1539 1150 1609 signatur,
1180 1540 1302 1610 quia
1332 1555 1428 1608 per
1455 1549 1657 1609 septem
1684 1557 1804 1610 per-

255 1625 413 1680 fectio
435 1627 780 1698 signiﬁcatur.
809 1627 977 1692 Anna,
1005 1628 1173 1697 gratia
1200 1629 1318 1692 Dei;
1352 1629 1607 1694 Phanuel,
1641 1631 1800 1698 facies

1904 470 1991 514 tur
2012 461 2206 536 divinis
2227 477 2242 525 ;
2270 463 2469 516 zizania
2487 503 2501 526 ,
2527 464 2616 533 qui
2642 479 2745 518 non
2771 465 3054 535 dignantur
3073 464 3256 520 audire
3276 464 3455 521 divina

1905 550 2168 604 mandata.
2204 549 2434 630 Joannes
2454 552 2683 622 Baptista
2722 554 2941 623 ﬁguram
2971 553 3102 624 legis
3129 562 3291 609 tenet.
3331 554 3456 610 Cte-

1903 638 2010 693 lutn
2051 649 2292 708 apertum
2337 651 2552 710 propter
2597 657 2722 707 nos;
2757 653 2809 697 et
2848 652 3065 713 propter
3097 658 3196 698 nos
3223 642 3456 714 Spiritus

1903 741 2117 785 sanctus
2137 772 2150 795 ,
2180 739 2234 785 et
2274 733 2494 801 reliqua.
2531 731 2596 784 In
2639 741 2687 785 te
2713 733 2957 801 placitum
2987 751 3156 787 meum
3189 734 3450 788 constitui.

1904 819 2016 875 Hoc
2059 831 2141 876 est
2181 837 2272 890 per
2303 829 2351 875 le
2376 837 2559 892 gerere
2588 823 2726 890 quod
2763 823 2889 877 mihi
2919 824 3120 893 placet,
3152 824 3274 893 quia
3312 826 3454 879 hunc

1903 926 2005 964 non
2032 926 2241 966 creasse
2269 911 2533 981 paenituit.
2573 911 2900 966 Tricennalis
2922 952 2937 976 ,
2981 921 3034 967 et
3057 929 3086 967 a
3118 913 3219 968 ﬁde
3255 923 3456 968 sach
3508 975 3519 988 ο

1903 1002 2177 1056 Trinitatis
2198 1011 2252 1057 et
2271 1004 2579 1073 operatione
2604 1002 2838 1073 decalogi
2856 1043 2870 1066 ,
2902 1004 3114 1074 triginta
3153 1004 3450 1058 cubitorum

1903 1090 2164 1146 funiculus
2190 1101 2325 1156 erat,
2353 1094 2442 1162 qui
2470 1108 2615 1147 mare
2641 1094 2960 1163 ambigebat,
2986 1102 3049 1148 et‘
3069 1109 3160 1147 sex
3198 1103 3456 1150 metretas

1902 1186 2163 1254 capiebat.
2193 1184 2386 1256 Ioseph
2413 1187 2682 1258 trigesimo
2703 1203 2844 1241 anno
2865 1189 2930 1241 de
2951 1203 3166 1244 carcere
3189 1190 3451 1244 educitur.

1903 1275 2066 1331 David
2097 1277 2372 1347 trigesimo
2396 1293 2536 1331 anno
2566 1294 2656 1331 rex
2693 1279 3052 1332 constituitur.
3082 1277 3326 1352 Ezechiel
3352 1280 3454 1332 tri-

1901 1367 2103 1434 gesimo
2130 1382 2269 1421 anno
2293 1376 2506 1436 apertos
2533 1367 2696 1422 cmlm
2723 1369 2873 1422 vidit.
2901 1369 3320 1424 Tabernaculum
3342 1367 3454 1423 lon-

1900 1456 2138 1527 gitudine
2162 1458 2376 1527 triginta
2404 1459 2615 1511 cubitos
2639 1458 2843 1512 habuit.

1968 1544 2131 1601 Jaeob
2153 1557 2206 1602 et
2232 1547 2346 1601 Heli
2374 1548 2567 1604 fratres
2606 1549 2836 1610 fuerunt,
2869 1558 3077 1603 mortuo
3117 1548 3252 1613 Heli,
3288 1548 3456 1603 Jacob

1902 1637 1953 1691 in
1983 1653 2144 1692 uxore
2167 1637 2438 1708 generavit
2457 1637 2672 1706 Joseph.
2700 1637 2975 1691 Matthzeus
2993 1653 3088 1706 per
3105 1638 3457 1708 quadraginta

253 1715 379 1780 Dei,-
406 1717 557 1781 Aser,
573 1716 781 1779 beatus;
806 1727 860 1771 et
882 1725 1101 1771 octavus
1125 1717 1178 1770 in
1201 1718 1386 1772 ordine
1416 1720 1683 1773 nascendi.
1716 1719 1808 1774 Re-
1835 1737 1880 1794 Β
1908 1731 2040 1786 quas
2060 1733 2433 1802 generationes
2451 1731 2726 1800 pmscngig
2746 1730 2921 1786 seculi
2938 1730 3198 1799 signiﬁca;
3221 1730 3458 1785 laborem

252 1807 382 1860 versi
409 1816 526 1859 sunt
550 1807 605 1859 in
631 1806 914 1860 Nasareth.
937 1805 1283 1861 Prmtermisit
1313 1807 1481 1862 Lucas
1501 1809 1640 1877 quod
1671 1809 1802 1863 dixit

251 1893 544 1956 llatthzeus,
574 1894 851 1948 Dominum
874 1909 940 1960 ex
960 1893 1191 1966 [Egypto
1211 1895 1566 1964 deportatum.
1592 1895 1805 1966 Sapien-

247 1984 324 2036 tia
352 1992 399 2036 et
423 1984 591 2052 gratia
613 1982 726 2036 Dei.
745 1983 1016 2053 Sapientia
1036 1984 1325 2039 secundum
1345 2001 1582 2049 carnem,
1600 1989 1724 2057 quia
1750 1991 1802 2044 in

247 2089 316 2127 eo
335 2073 822 2142 habitatplenitudo
847 2075 1139 2130 divinitatis
1163 2078 1525 2146 corporaliter.
1548 2075 1731 2134 Gratia
1746 2090 1803 2134 ut

247 2166 379 2220 dicit
395 2165 626 2220 Joannes
646 2182 658 2218 :
681 2164 888 2234 plenum
921 2168 1090 2235 gratia
1117 2177 1164 2220 et
1189 2170 1399 2222 veritate
1419 2187 1438 2223 :
1465 2171 1605 2239 quod
1632 2170 1805 2226 Lucas

245 2259 563 2327 sapientiam
577 2257 704 2311 dicit
726 2273 739 2310 :
759 2256 824 2310 Et
851 2257 953 2310 ibat
969 2259 1022 2310 in
1046 2257 1268 2312 Pascha.
1287 2259 1457 2315 Lucas
1475 2270 1616 2316 recte
1639 2262 1802 2318 vitulo

246 2348 594 2412 assimilatur,
609 2348 698 2417 qui
714 2347 778 2401 de
792 2347 1051 2400 Zacharia
1065 2357 1263 2402 narrat.
1282 2349 1444 2404 Maria
1459 2351 1524 2404 ad
1547 2351 1801 2421 templum

247 2439 421 2502 mittit,
443 2439 723 2492 Dominum
752 2454 870 2493 cum
897 2439 1096 2493 hostia:
1127 2438 1384 2496 Joannem
1421 2442 1669 2496 similiter
1694 2458 1798 2497 non

247 2543 370 2582 cum
398 2528 707 2596 parentibus
726 2568 741 2592 ,
767 2537 820 2581 et
841 2539 958 2597 post
981 2528 1254 2583 laudantes
1270 2529 1435 2584 Deum
1450 2531 1802 2600 discipulosin

249 2619 465 2687 templo.
495 2618 598 2672 Sed
639 2636 755 2672 cum
787 2631 914 2673 esset
943 2638 1196 2675 annorum
1233 2622 1503 2676 duodecim
1542 2623 1800 2678 Christus.

248 2711 350 2766 Ubi
377 2720 580 2780 tempus
599 2709 747 2765 alluit
768 2720 1042 2781 utramque
1063 2729 1213 2766 suam
1237 2721 1480 2766 naturam
1503 2715 1662 2784 coepit
1681 2729 1806 2782 ape-

246 2802 379 2866 rire,
404 2817 470 2856 ne
496 2803 698 2873 parvuli
717 2804 1032 2858 erubescant
1051 2804 1253 2858 discere
1276 2819 1305 2857 a
1323 2805 1637 2867 senioribus,
1664 2805 1803 2860 Deus

246 2896 553 2950 auscultare
589 2895 751 2950 voluit
778 2896 1034 2960 homines,
1053 2911 1118 2950 ne
1136 2896 1330 2950 inﬁrmi
1346 2897 1540 2951 docere
1552 2897 1799 2962 audeant,

247 3002 358 3042 non
382 2987 562 3042 docuit
584 2994 751 3057 usque
775 2988 840 3041 ad
874 2988 1088 3058 triginta
1116 2997 1304 3044 annus.
1337 2987 1619 3059 Stupebant
1649 3005 1805 3058 super

1902 1806 2176 1879 Ecclesim.
2222 1825 2395 1878 Lucas
2439 1832 2614 1878 autem
2659 1839 2756 1894 per
2801 1823 3134 1892 septuaginta
3183 1829 3382 1891 septem
3423 1835 3455 1876 ι

1902 1914 2117 1970 Christo
2145 1930 2314 1984 usque
2340 1915 2406 1970 ad
2439 1914 2602 1970 Deum
2639 1916 2950 1977 ascendens,
2978 1914 3244 1984 signiﬁcat
3269 1929 3457 1968 ascen-

1903 2021 2081 2060 suram
2122 2005 2414 2060 Ecclesiam
2463 2013 2583 2073 post
2620 2004 2939 2073 baptismum
2977 2011 3031 2058 et
3085 2003 3455 2058 remissionem

1901 2103 2244 2164 peccatorum
2292 2095 2356 2147 ad
2395 2093 2607 2147 cmlum.
2647 2094 2704 2147 ln
2750 2091 3179 2163 generationibus
3227 2090 3458 2146 Matthati

1903 2194 2206 2239 nostrorum
2236 2184 2500 2252 susceptio
2523 2191 2858 2252 peccatorum
2888 2198 2916 2237 a
2946 2181 3177 2238 Christo.
3208 2181 3262 2236 ln
3298 2181 3457 2236 Luca:

1903 2277 2336 2349 generationibus
2362 2275 2559 2331 oblivio
2588 2283 2926 2345 peccatorum
2954 2289 2983 2328 a
3011 2273 3248 2329 Christo.
3277 2273 3345 2328 Et
3367 2273 3488 2346 ille_

1903 2369 2248 2432 descendens,
2277 2367 2379 2421 iste
2407 2365 2715 2420 ascendens.
2749 2364 2813 2417 Et
2834 2362 3004 2418 Lucas
3025 2363 3090 2416 de
3114 2362 3464 2433 Septuaginta

1903 2458 2135 2512 editione
2162 2457 2388 2527 sumpsit
2411 2457 2548 2510 hanc
2573 2453 2966 2525 generationem
2991 2493 3006 2516 ,
3038 2451 3217 2506 Enoch
3253 2451 3306 2505 in
3334 2465 3458 2521 εει)-

1906 2549 2201 2620 tuagesimo
2214 2549 2349 2612 loco,
2365 2555 2425 2601 ut
2438 2544 2700 2616 signiﬁcet
2720 2545 2808 2614 qui
2823 2543 3133 2613 spiritaliter
3152 2541 3463 2612 decalogum

1904 2641 2243 2710 impleverint
2266 2638 2662 2694 transferendos
2691 2636 2745 2690 in
2772 2636 3029 2705 requiem.
3062 2633 3184 2687 Non
3215 2633 3456 2687 tentabis.

1904 2727 2295 2798 Snggerebatur
2333 2729 2474 2783 enim
2515 2734 2767 2796 tanquam
2816 2724 3046 2788 homini,
3077 2731 3135 2776 ut
3175 2722 3327 2793 signo
3365 2721 3463 2776 ali-

1903 2835 2009 2890 quo
2054 2821 2355 2888 exploraret
2399 2819 2512 2887 ipse
2563 2826 2816 2886 quantum
2864 2823 3006 2870 esset
3045 2832 3059 2868 :
3110 2814 3160 2868 id
3197 2823 3280 2868 est
3320 2812 3462 2883 quod

1902 2907 2128 2963 multum
2158 2907 2296 2977 apud
2321 2908 2482 2960 Deum
2515 2914 2690 2975 potest
2718 2923 2732 2957 :
2765 2905 2904 2972 quod
2937 2903 3129 2957 vitiose
3155 2901 3214 2955 ﬁt
3234 2916 3356 2956 cum
3379 2900 3459 2955 ﬁt.

1906 2997 2077 3070 Usque
2114 2999 2182 3052 ad
2225 3008 2442 3068 tempus.
2473 2997 2664 3051 Postea
2703 2995 2846 3050 enim
2883 2995 3110 3049 accessit
3147 3008 3251 3047 non
3293 3000 3464 3046 tenta-

244 3080 546 3150 prndentia.
597 3079 730 3146 Quia
778 3091 986 3136 aetatem
1037 3097 1254 3152 parvam
1317 3082 1582 3136 videbant.
1638 3081 1798 3148 Quasi

1909 3100 2071 3151 turus,
2105 3090 2273 3144 tribus
2319 3088 2592 3142 fraudibus
2633 3087 2920 3157 expositis,
2961 3099 3172 3140 omnem
3220 3083 3468 3139 tentatio-

250 3169 410 3223 homo
447 3170 804 3240 interrogabat
834 3173 1100 3236 seniores,
1139 3171 1290 3241 quasi
1315 3174 1454 3227 Deus
1482 3172 1753 3242 respondit
1788 3191 1800 3224 :

248 3261 392 3328 quod
433 3261 672 3314 seniores
712 3268 765 3314 et
793 3261 930 3315 docti
967 3262 1304 3315 mirarentur.
1336 3261 1488 3315 Jesus
1529 3261 1804 3331 sapientia,

251 3360 404 3418 a'tqte
429 3362 475 3405 et
497 3353 664 3422 gratia
688 3353 1003 3421 proﬁciebat.
1032 3353 1186 3408 IEtas
1208 3353 1272 3407 ad
1288 3369 1524 3417 carnem,
1549 3352 1807 3424 sapientia

254 3443 326 3495 ad
348 3443 601 3505 animam,
625 3444 794 3510 gratia
826 3443 892 3494 ad
919 3443 1317 3512 intelligentiam
1345 3444 1664 3508 naturalem,
1691 3458 1809 3512 qua:

251 3547 508 3586 concessa
531 3540 612 3586 est
632 3545 793 3586 causa
831 3530 1068 3584 rationis.
1110 3530 1347 3584 Herodes
1375 3539 1428 3583 et
1453 3529 1647 3583 fratres
1670 3529 1806 3598 ejus,

253 3624 346 3678 ﬁlii
371 3625 592 3679 alterius
633 3623 876 3686 Herodis,
907 3623 1046 3676 inter
1073 3636 1207 3691 quos
1233 3629 1288 3676 et
1323 3620 1495 3688 ipsum
1525 3619 1808 3684 Herodem,

249 3715 546 3770 Archelaus
574 3713 738 3770 frater
765 3729 949 3769 eorum
971 3713 1153 3768 decem
1182 3725 1349 3765 annos
1374 3709 1633 3780 regnavit.
1659 3707 1812 3763 Anna

253 3814 414 3867 ante,
469 3789 697 3872 Caiphas
735 3803 851 3872 ipso
893 3817 1034 3855 anno
1076 3815 1182 3871 quo
1222 3799 1479 3854 Dominus
1524 3797 1813 3853 eruciﬁxus

251 3905 360 3950 est.
393 3894 468 3947 De
499 3891 757 3962 lapidibus
783 3891 917 3959 ﬁlios
944 3891 1185 3945 Abrahae.
1228 3891 1304 3945 De
1344 3889 1537 3959 quibus
1575 3887 1809 3942 Paulus:

253 3985 318 4040 Si
353 3992 526 4036 autem
552 3998 639 4036 vos
673 3980 886 4044 Christi,
916 3997 1036 4050 ergo
1077 3997 1249 4035 semen
1278 3981 1500 4034 Abraha:
1537 3981 1678 4034 estis.
1723 3978 1816 4034 Se-

251 4075 417 4138 curis,
442 4073 684 4127 Christus
712 4072 802 4141 qui
830 4071 1089 4126 retinetur
1114 4085 1176 4125 ex
1209 4071 1508 4135 manubrio,
1541 4070 1726 4125 incidit
1749 4085 1812 4123 ex

252 4164 558 4219 divinitate.
603 4161 786 4226 Arbor,
837 4175 1003 4232 genus
1049 4160 1357 4213 humanum.
1401 4159 1624 4215 Videtur
1675 4159 1816 4228 quod

255 4255 403 4309 circa
443 4261 650 4320 tempus
681 4249 972 4304 nativitatis
1008 4249 1216 4304 Domini
1255 4265 1358 4321 pax
1399 4265 1496 4319 per
1537 4249 1815 4304 duodecim

255 4357 430 4397 annos
461 4340 646 4404 fuerit,
677 4349 736 4394 ut
763 4340 1116 4410 compleretur
1159 4340 1299 4409 quod
1337 4339 1599 4409 propheta
1633 4339 1767 4392 dixit
1799 4356 1812 4392 :

1906 3195 2024 3234 nem
2050 3167 2323 3232 dicit‘esse
2350 3185 2797 3237 consummatam,
2827 3174 2950 3243 quia
2979 3172 3224 3228 videlicet
3243 3171 3327 3226 his
3348 3186 3464 3226 om-

1906 3268 2050 3322 nium
2086 3268 2334 3321 vitiorum
2387 3267 2622 3337 origines
2669 3265 3076 3334 amplectentur,
3120 3272 3181 3318 ut
3231 3262 3464 3318 Joannes

1907 3358 1982 3411 ait
2011 3374 2024 3410 :
2058 3355 2223 3410 Omne
2248 3355 2386 3426 quod
2419 3357 2474 3408 in
2511 3355 2706 3408 mundo
2745 3362 2817 3407 est
2847 3353 3260 3424 concupiscentia
3293 3350 3468 3405 carnis

1906 3456 2000 3511 est,
2035 3456 2086 3500 et
2122 3445 2532 3514 concupiscentia
2571 3444 2859 3506 oculorum,
2888 3452 2934 3495 et
2967 3441 3202 3511 superbia
3234 3439 3372 3494 vita.
3400 3440 3468 3494 Et

1907 3536 1962 3589 in
1987 3534 2318 3604 Evangeliis,
2347 3532 2516 3586 tribus
2544 3531 2718 3585 solum
2761 3530 2990 3600 negotiis
3011 3529 3089 3583 'ab
3128 3536 3329 3582 aeterna
3357 3527 3467 3581 vita

1908 3623 2280 3678 excluduntur.
2303 3621 2515 3674 Primus
2539 3636 2638 3688 pro
2671 3619 2812 3682 villa,
2843 3618 3117 3673 secundus
3143 3630 3244 3686 pro
3274 3615 3466 3679 bobus,

1910 3712 2100 3767 tertius
2119 3726 2214 3782 pro
2237 3725 2422 3764 uxore.
2454 3709 2647 3765 Uxoris
2682 3708 2966 3778 appetitus,
2998 3707 3222 3762 sicutaet
3240 3705 3377 3775 gula
3399 3705 3468 3760 ad

1909 3801 2388 3872 concupiscentiam
2429 3800 2606 3854 carnis
2647 3799 2898 3868 pertinet.
2935 3797 3085 3852 Villae
3118 3796 3317 3866 emptio
3369 3810 3470 3865 pro

1911 3893 2134 3949 avaritia
2157 3891 2224 3947 ad
2249 3890 2552 3962 superbiam
2578 3890 2702 3943 vita:
2725 3888 2976 3958 respicit;
3007 3885 3255 3957 probatio
3281 3885 3346 3940 ad
3375 3900 3470 3940 cu-

1913 3982 2229 4045 riositatem,
2259 3995 2377 4050 qua:
2405 3987 2490 4033 est
2530 3992 2665 4032 vana
2704 3977 2890 4048 gloria.
2925 3976 3008 4032 Ad
3037 3976 3178 4046 quod
3216 3974 3473 4030 Dominus

1914 4070 2112 4143 triplici
2138 4072 2244 4128 telo
2272 4070 2468 4126 armari
2491 4068 2692 4138 jussit:
2724 4076 2782 4123 ut
2814 4066 3018 4138 jejunio
3055 4074 3239 4122 contra
3276 4079 3472 4120 concu-

1911 4162 2225 4234 piscentiam
2263 4161 2472 4224 carnis;
2534 4160 2866 4230 eleemosyna
2924 4167 3108 4213 contra
3156 4156 3468 4220 avaritiam;

1913 4254 2161 4325 precibus
2195 4251 2454 4321 jactantia
2501 4251 2747 4321 pellatur.
2797 4251 2854 4305 ln
2897 4250 3134 4305 secundo
3163 4248 3298 4302 libro
3322 4245 3472 4301 Jose-

1915 4350 2048 4419 phus
2087 4347 2277 4416 repetit
2326 4360 2388 4399 ea
2427 4358 2546 4414 qua:
2591 4351 2722 4402 ante,
2755 4341 3009 4396 Dominus
3053 4346 3176 4393 ante
3225 4336 3472 4390 traditio-

256 4431 572 4502 Con/labunt
599 4429 800 4500 gladios
824 4446 944 4484 suos
972 4431 1025 4482 in
1049 4425 1293 4494 conteres,
1321 4439 1368 4482 et
1393 4429 1597 4483 lanceas
1621 4445 1742 4482 suas
1763 4429 1816 4482 in
1842 4443 1893 4502 D
1919 4456 2039 4495 nem
2087 4438 2212 4493 fecit
2238 4480 2252 4502 ,
2303 4437 2509 4492 scilicet
2552 4436 2727 4506 primo
2754 4448 2928 4498 anno;
2977 4419 3084 4486 alii
3109 4429 3176 4486 de
3215 4428 3469 4486 secundo.

258 4525 423 4595 falces
459 4535 478 4576 :
524 4530 582 4577 ut
617 4522 840 4592 apostoli
876 4538 973 4592 per
1007 4522 1191 4577 orbem
1232 4522 1310 4576 ire
1352 4529 1588 4590 possent.
1638 4520 1817 4574 Prima

259 4615 550 4683 descriptio
589 4629 706 4684 qua:
729 4615 914 4668 orbem
945 4623 1099 4669 terrae
1133 4622 1302 4669 totum
1346 4614 1705 4682 descripserit,
1735 4613 1818 4668 vel

260 4715 411 4761 certe
438 4705 611 4774 primo
632 4705 886 4774 cmpisSe,
917 4704 1129 4773 quando
1152 4703 1380 4774 Cyrinus
1414 4701 1624 4773 Syriam
1650 4703 1816 4757 venit.

261 4798 555 4867 Augustus,
580 4794 886 4860 Christum;
931 4795 1195 4859 consules,
1221 4795 1617 4864 praedicatores.
1653 4795 1820 4849 Dena-

262 4891 378 4945 rius
407 4903 503 4958 pro
545 4887 727 4942 decem
757 4887 989 4941 nummis
1012 4886 1078 4940 de
1103 4901 1208 4941 :ere
1239 4885 1539 4941 solvebatur
1573 4885 1715 4954 quod
1741 4885 1816 4940 si-

265 4981 487 5053 gniﬁcat
513 4979 840 5048 decalogum.
884 4977 1093 5033 Securis
1118 4977 1186 5030 ad
1222 4977 1438 5040 radices,
1465 4975 1678 5046 quando
1704 4983 1816 5031 tota

265 5073 424 5130 simul
445 5071 725 5142 progenies
753 5069 970 5123 tollitur.
1010 5067 1112 5134 Qui
1137 5067 1285 5121 habet
1315 5067 1446 5120 duas
1470 5067 1695 5122 tunicas.
1718 5065 1820 5121 Per

266 5165 385 5218 hazc
409 5161 550 5231 quod
581 5161 756 5216 tunica
791 5159 909 5228 plus
935 5169 1018 5212 est
1054 5157 1353 5212 necessaria
1383 5172 1542 5226 quam
1578 5156 1816 5225 pallium,

265 5253 574 5324 praecipitur
604 5259 664 5306 ut
697 5251 856 5304 etiam
881 5249 1033 5303 valde
1076 5248 1373 5302 necessaria
1406 5263 1526 5302 cum
1562 5247 1820 5316 proximis

269 5342 582 5412 partiamur.
619 5339 686 5394 In
709 5339 836 5410 igni.
864 5337 976 5393 Hoc
997 5347 1078 5390 est
1103 5338 1156 5390 itt
1183 5337 1494 5407 purgatione
1523 5335 1823 5391 sanctiﬁca-

271 5434 434 5487 tionis
482 5439 537 5486 et
580 5432 895 5501 probatione
944 5427 1319 5482 tribulationis.
1370 5428 1544 5482 Etiam
1595 5427 1824 5498 Spiritus

271 5531 491 5578 sanctus
521 5522 658 5592 ignis
685 5523 915 5576 nomine.
957 5520 1105 5576 Unde
1137 5520 1331 5575 dicitur
1362 5538 1374 5572 :
1425 5520 1824 5590 Baptizabimini

268 5612 473 5684 Spirit‘u
502 5623 698 5668 sancto.
728 5611 830 5666 Per
855 5612 1084 5684 paleam,
1109 5609 1238 5682 justi
1263 5609 1527 5664 examinis
1549 5608 1820 5666 discretio.

1933 4529 2128 4583 Virtute
2167 4527 2412 4599 Spiritus.
2465 4525 2629 4597 Signa
2677 4523 3055 4580 miraculorum
3104 4520 3252 4576 dicit.
3291 4520 3474 4575 Primo

1920 4620 2174 4676 Dominus
2199 4620 2454 4673 virtutum
2480 4618 2632 4687 signa
2660 4614 2974 4670 monstravit
2999 4627 3094 4682 per
3131 4611 3469 4682 sapientiam.

1917 4709 2246 4779 Praeceptum
2293 4706 2492 4762 Judaeis
2539 4707 2741 4761 fecerat
2792 4722 2806 4758 :
2854 4701 3047 4757 Vacate
3085 4711 3132 4756 et
3174 4701 3354 4755 uidete.
3409 4700 3477 4756 Et

1918 4798 2108 4852 domus
2143 4810 2406 4866 synagoga
2445 4795 2738 4850 dicebatur.
2786 4790 2990 4846 Unctus
3029 4799 3112 4844 est
3154 4790 3206 4844 in
3241 4787 3477 4844 Jordane

1917 4904 2028 4958 pra:
2044 4887 2392 4958 participibus
2411 4887 2541 4951 suis,
2566 4885 2684 4940 oleo
2706 4882 2931 4952 spiritali
2954 4890 3008 4937 et
3029 4881 3225 4935 virtute
3247 4879 3473 4936 caelesti.

1921 4981 2071 5035 Diem
2100 4979 2462 5034 retributionis
2485 5017 2499 5040 ,
2529 4991 2634 5045 quo
2668 4973 2810 5029 ﬁlius
2846 4973 3080 5029 hominis
3111 4978 3368 5026 venturus
3393 4977 3478 5024 est

1923 5067 1974 5121 in
2002 5067 2185 5138 gloria.
2207 5067 2428 5135 Aperuit
2457 5064 2712 5118 Dominus
2740 5062 2956 5128 librum,
2985 5061 3074 5132 qui
3102 5059 3311 5130 aperuit
3337 5057 3480 5113 Scri-

1921 5170 2170 5230 pturam;
2209 5159 2383 5213 reddit
2427 5157 2693 5217 ministro,
2742 5154 3013 5224 apostolis.
3045 5151 3224 5218 Stetit,
3263 5151 3478 5222 quando

1922 5253 2236 5306 incarnatus
2255 5257 2356 5313 est,
2380 5248 2477 5302 sed
2505 5247 2716 5316 quando
2750 5246 2802 5300 in
2830 5244 3022 5301 ctelum
3053 5241 3294 5298 ascendit
3311 5239 3480 5310 plica-

1924 5349 2035 5394 tum
2063 5338 2311 5403 reddidit,
2335 5338 2459 5407 quia
2482 5351 2586 5391 non
2617 5336 2864 5390 omnibus
2883 5335 3063 5389 omnia
3084 5339 3206 5387 sunt
3229 5329 3473 5386 dicenda.

1925 5430 2046 5485 Ideo
2092 5427 2343 5498 impleta,
2369 5426 2492 5496 quia
2527 5425 2666 5480 sicut
2692 5425 3010 5494 praedixerat
3051 5424 3162 5492 ipsa
3196 5429 3251 5476 et
3285 5434 3478 5489 magna

1927 5522 2173 5585 faciebat,
2216 5529 2273 5576 et
2295 5518 2496 5587 majora
2523 5517 2939 5586 evangelizabat.
2987 5513 3371 5570 Testimonium
3400 5509 3479 5566 illi
3537 5506 3542 5510 ’

1929 5612 2125 5668 dabant
2169 5624 2292 5665 eum
2338 5623 2488 5675 esse,
2524 5608 2588 5662 de
2627 5622 2734 5679 quo
2780 5606 3052 5678 propheta:
3096 5601 3475 5674 pratdixerant.
