  <div class='ocr_page' id='page_1' title='image "/cluster/home/n/w/nwhite01/storage/ocr_20150623/106/hvd.32044054759717/759.png"; bbox 0 0 3952 6186; ppageno 0'>
   <div class='ocr_carea' id='block_1_1' title="bbox 456 228 694 297">
    <p class='ocr_par' dir='ltr' id='par_1_1' title="bbox 456 228 694 297">
     <span class='ocr_line' id='line_1_1' title="bbox 456 228 694 297; baseline -0.008 0"><span class='ocrx_word' id='word_1_1' title='bbox 456 228 461 231; x_wconf 76' lang='grc'><em>’</em></span> <span class='ocrx_word' id='word_1_2' title='bbox 555 242 694 297; x_wconf 56' lang='grc' dir='ltr'><strong>’πο-ι</strong></span> 
     </span>
    </p>
   </div>
   <div class='ocr_carea' id='block_1_2' title="bbox 1317 194 2960 294">
    <p class='ocr_par' dir='ltr' id='par_1_2' title="bbox 1317 194 2960 294">
     <span class='ocr_line' id='line_1_2' title="bbox 1317 194 2960 294; baseline -0.007 0"><span class='ocrx_word' id='word_1_3' title='bbox 1317 234 1707 294; x_wconf 78' lang='lat' dir='ltr'><strong>CHRISTIANI</strong></span> <span class='ocrx_word' id='word_1_4' title='bbox 1745 232 2147 291; x_wconf 67' lang='lat' dir='ltr'><strong>DRUTHMARI</strong></span> <span class='ocrx_word' id='word_1_5' title='bbox 2185 194 2628 289; x_wconf 65' lang='lat' dir='ltr'><strong>CORDEIENSIS</strong></span> <span class='ocrx_word' id='word_1_6' title='bbox 2661 229 2960 287; x_wconf 68' lang='lat' dir='ltr'><strong>IONACHI</strong></span> 
     </span>
    </p>
   </div>
   <div class='ocr_carea' id='block_1_3' title="bbox 3619 234 3755 290">
    <p class='ocr_par' dir='ltr' id='par_1_3' title="bbox 3619 234 3755 290">
     <span class='ocr_line' id='line_1_3' title="bbox 3619 234 3755 290; baseline 0.029 -3"><span class='ocrx_word' id='word_1_7' title='bbox 3619 234 3755 290; x_wconf 70' lang='grc'><strong>1508</strong></span> 
     </span>
    </p>
   </div>
   <div class='ocr_carea' id='block_1_4' title="bbox 552 340 3763 422">
    <p class='ocr_par' dir='ltr' id='par_1_4' title="bbox 552 340 3763 422">
     <span class='ocr_line' id='line_1_4' title="bbox 552 340 3763 422; baseline -0.004 -13"><span class='ocrx_word' id='word_1_8' title='bbox 552 353 719 409; x_wconf 77' lang='lat' dir='ltr'><strong>Fabri</strong></span> <span class='ocrx_word' id='word_1_9' title='bbox 745 351 904 422; x_wconf 73' lang='lat' dir='ltr'><strong>ﬁlius.</strong></span> <span class='ocrx_word' id='word_1_10' title='bbox 939 349 1073 417; x_wconf 81' lang='lat' dir='ltr'><strong>Quia</strong></span> <span class='ocrx_word' id='word_1_11' title='bbox 1104 355 1257 419; x_wconf 82' lang='lat' dir='ltr'><strong>pater</strong></span> <span class='ocrx_word' id='word_1_12' title='bbox 1279 348 1479 404; x_wconf 88' lang='lat' dir='ltr'><strong>Christi</strong></span> <span class='ocrx_word' id='word_1_13' title='bbox 1506 348 1630 419; x_wconf 83' lang='lat' dir='ltr'><strong>igne</strong></span> <span class='ocrx_word' id='word_1_14' title='bbox 1654 357 1907 418; x_wconf 83' lang='lat' dir='ltr'><strong>operatur</strong></span> <span class='ocrx_word' id='word_1_15' title='bbox 1924 355 1982 400; x_wconf 89' lang='lat' dir='ltr'><strong>et</strong></span> <span class='ocrx_word' id='word_1_16' title='bbox 1998 345 2107 417; x_wconf 80' lang='lat' dir='ltr'><strong>spi-</strong></span> <span class='ocrx_word' id='word_1_17' title='bbox 2131 349 2180 407; x_wconf 81' lang='grc' dir='ltr'><strong>Α</strong></span> <span class='ocrx_word' id='word_1_18' title='bbox 2209 343 2304 406; x_wconf 82' lang='grc' dir='ltr'><strong>ιίο,</strong></span> <span class='ocrx_word' id='word_1_19' title='bbox 2348 350 2515 411; x_wconf 70' lang='lat' dir='ltr'><strong>porta:</strong></span> <span class='ocrx_word' id='word_1_20' title='bbox 2559 340 2746 405; x_wconf 90' lang='lat' dir='ltr'><strong>inferi,</strong></span> <span class='ocrx_word' id='word_1_21' title='bbox 2792 342 2875 396; x_wconf 89' lang='lat' dir='ltr'><strong>vel</strong></span> <span class='ocrx_word' id='word_1_22' title='bbox 2922 345 3270 411; x_wconf 74' lang='lat' dir='ltr'><strong>temperantia</strong></span> <span class='ocrx_word' id='word_1_23' title='bbox 3323 347 3519 402; x_wconf 79' lang='lat' dir='ltr'><strong>carnis.</strong></span> <span class='ocrx_word' id='word_1_24' title='bbox 3558 347 3763 406; x_wconf 68' lang='lat' dir='ltr'><strong>Dim</strong></span> 
     </span>
    </p>
   </div>
   <div class='ocr_carea' id='block_1_5' title="bbox 554 436 2101 512">
    <p class='ocr_par' dir='ltr' id='par_1_5' title="bbox 554 436 2101 512">
     <span class='ocr_line' id='line_1_5' title="bbox 554 436 2101 512; baseline -0.008 -11"><span class='ocrx_word' id='word_1_25' title='bbox 554 447 684 501; x_wconf 83' lang='lat' dir='ltr'><strong>ritu:</strong></span> <span class='ocrx_word' id='word_1_26' title='bbox 714 443 952 512; x_wconf 73' lang='lat' dir='ltr'><strong>Seipsum</strong></span> <span class='ocrx_word' id='word_1_27' title='bbox 974 456 1175 495; x_wconf 74' lang='lat' dir='ltr'><strong>curare.</strong></span> <span class='ocrx_word' id='word_1_28' title='bbox 1216 439 1330 494; x_wconf 80' lang='lat' dir='ltr'><strong>Hoc</strong></span> <span class='ocrx_word' id='word_1_29' title='bbox 1367 447 1452 494; x_wconf 83' lang='lat' dir='ltr'><strong>est</strong></span> <span class='ocrx_word' id='word_1_30' title='bbox 1479 439 1704 493; x_wconf 76' lang='lat' dir='ltr'><strong>virtutes</strong></span> <span class='ocrx_word' id='word_1_31' title='bbox 1729 439 1782 492; x_wconf 91' lang='lat' dir='ltr'><strong>in</strong></span> <span class='ocrx_word' id='word_1_32' title='bbox 1809 453 1903 493; x_wconf 86' lang='lat' dir='ltr'><strong>sua</strong></span> <span class='ocrx_word' id='word_1_33' title='bbox 1928 436 2101 506; x_wconf 85' lang='lat' dir='ltr'><strong>patria</strong></span> 
     </span>
    </p>
   </div>
   <div class='ocr_carea' id='block_1_6' title="bbox 545 526 2102 608">
    <p class='ocr_par' dir='ltr' id='par_1_6' title="bbox 545 526 2102 608">
     <span class='ocr_line' id='line_1_6' title="bbox 545 526 2102 608; baseline -0.008 -16"><span class='ocrx_word' id='word_1_34' title='bbox 545 538 697 608; x_wconf 83' lang='lat' dir='ltr'><strong>jubet</strong></span> <span class='ocrx_word' id='word_1_35' title='bbox 730 533 926 587; x_wconf 84' lang='lat' dir='ltr'><strong>facere.</strong></span> <span class='ocrx_word' id='word_1_36' title='bbox 973 530 1153 586; x_wconf 83' lang='lat' dir='ltr'><strong>Noluit</strong></span> <span class='ocrx_word' id='word_1_37' title='bbox 1193 530 1451 585; x_wconf 82' lang='lat' dir='ltr'><strong>Dominus</strong></span> <span class='ocrx_word' id='word_1_38' title='bbox 1476 528 1581 583; x_wconf 86' lang='lat' dir='ltr'><strong>alia</strong></span> <span class='ocrx_word' id='word_1_39' title='bbox 1610 535 1779 582; x_wconf 90' lang='lat' dir='ltr'><strong>morte</strong></span> <span class='ocrx_word' id='word_1_40' title='bbox 1805 528 1972 590; x_wconf 91' lang='lat' dir='ltr'><strong>mori,</strong></span> <span class='ocrx_word' id='word_1_41' title='bbox 2001 526 2102 579; x_wconf 83' lang='lat' dir='ltr'><strong>nisi</strong></span> 
     </span>
    </p>
   </div>
   <div class='ocr_carea' id='block_1_7' title="bbox 552 616 2104 690">
    <p class='ocr_par' dir='ltr' id='par_1_7' title="bbox 552 616 2104 690">
     <span class='ocr_line' id='line_1_7' title="bbox 552 616 2104 690; baseline -0.007 -11"><span class='ocrx_word' id='word_1_42' title='bbox 552 625 605 679; x_wconf 84' lang='lat' dir='ltr'><strong>in</strong></span> <span class='ocrx_word' id='word_1_43' title='bbox 644 636 823 679; x_wconf 84' lang='lat' dir='ltr'><strong>cruce.</strong></span> <span class='ocrx_word' id='word_1_44' title='bbox 852 621 914 676; x_wconf 74' lang='lat' dir='ltr'><strong>in</strong></span> <span class='ocrx_word' id='word_1_45' title='bbox 944 626 1209 690; x_wconf 85' lang='lat' dir='ltr'><strong>potestate</strong></span> <span class='ocrx_word' id='word_1_46' title='bbox 1254 617 1312 672; x_wconf 83' lang='lat' dir='ltr'><strong>fit</strong></span> <span class='ocrx_word' id='word_1_47' title='bbox 1358 632 1537 673; x_wconf 81' lang='lat' dir='ltr'><strong>sermo</strong></span> <span class='ocrx_word' id='word_1_48' title='bbox 1583 616 1839 680; x_wconf 90' lang='lat' dir='ltr'><strong>doctoris,</strong></span> <span class='ocrx_word' id='word_1_49' title='bbox 1881 631 2003 670; x_wconf 90' lang='lat' dir='ltr'><strong>cum</strong></span> <span class='ocrx_word' id='word_1_50' title='bbox 2040 629 2104 669; x_wconf 86' lang='lat' dir='ltr'><strong>ea</strong></span> 
     </span>
    </p>
   </div>
   <div class='ocr_carea' id='block_1_8' title="bbox 552 704 2100 783">
    <p class='ocr_par' dir='ltr' id='par_1_8' title="bbox 552 704 2100 783">
     <span class='ocr_line' id='line_1_8' title="bbox 552 704 2100 783; baseline -0.007 -16"><span class='ocrx_word' id='word_1_51' title='bbox 552 728 672 783; x_wconf 59' lang='lat' dir='ltr'><strong>qua</strong></span> <span class='ocrx_word' id='word_1_52' title='bbox 693 714 845 767; x_wconf 82' lang='lat' dir='ltr'><strong>docet</strong></span> <span class='ocrx_word' id='word_1_53' title='bbox 869 718 1144 780; x_wconf 82' lang='lat' dir='ltr'><strong>operatur.</strong></span> <span class='ocrx_word' id='word_1_54' title='bbox 1175 704 1316 763; x_wconf 79' lang='lat' dir='ltr'><strong>Sine.</strong></span> <span class='ocrx_word' id='word_1_55' title='bbox 1360 708 1587 773; x_wconf 82' lang='lat' dir='ltr'><strong>Quiesce</strong></span> <span class='ocrx_word' id='word_1_56' title='bbox 1617 722 1647 761; x_wconf 89' lang='lat' dir='ltr'><strong>a</strong></span> <span class='ocrx_word' id='word_1_57' title='bbox 1677 721 1761 761; x_wconf 89' lang='lat' dir='ltr'><strong>me</strong></span> <span class='ocrx_word' id='word_1_58' title='bbox 1785 704 2100 774; x_wconf 89' lang='lat' dir='ltr'><strong>torquendo.</strong></span> 
     </span>
    </p>
   </div>
   <div class='ocr_carea' id='block_1_9' title="bbox 553 794 2105 866">
    <p class='ocr_par' dir='ltr' id='par_1_9' title="bbox 553 794 2105 866">
     <span class='ocr_line' id='line_1_9' title="bbox 553 794 2105 866; baseline -0.008 -8"><span class='ocrx_word' id='word_1_59' title='bbox 553 802 668 858; x_wconf 83' lang='lat' dir='ltr'><strong>Non</strong></span> <span class='ocrx_word' id='word_1_60' title='bbox 695 799 984 856; x_wconf 81' lang='lat' dir='ltr'><strong>voluntatis</strong></span> <span class='ocrx_word' id='word_1_61' title='bbox 1009 808 1091 853; x_wconf 90' lang='lat' dir='ltr'><strong>est</strong></span> <span class='ocrx_word' id='word_1_62' title='bbox 1116 799 1215 852; x_wconf 86' lang='lat' dir='ltr'><strong>ista</strong></span> <span class='ocrx_word' id='word_1_63' title='bbox 1242 796 1522 859; x_wconf 88' lang='lat' dir='ltr'><strong>confessio,</strong></span> <span class='ocrx_word' id='word_1_64' title='bbox 1550 812 1669 866; x_wconf 71' lang='lat' dir='ltr'><strong>qua:</strong></span> <span class='ocrx_word' id='word_1_65' title='bbox 1695 794 1971 866; x_wconf 55' lang='lat' dir='ltr'><strong>praemium</strong></span> <span class='ocrx_word' id='word_1_66' title='bbox 2000 807 2105 847; x_wconf 88' lang='lat' dir='ltr'><strong>non</strong></span> 
     </span>
    </p>
   </div>
   <div class='ocr_carea' id='block_1_10' title="bbox 552 881 2106 960">
    <p class='ocr_par' dir='ltr' id='par_1_10' title="bbox 552 881 2106 960">
     <span class='ocr_line' id='line_1_10' title="bbox 552 881 2106 960; baseline -0.005 -15"><span class='ocrx_word' id='word_1_67' title='bbox 552 890 818 960; x_wconf 66' lang='lat' dir='ltr'><strong>coquitur,</strong></span> <span class='ocrx_word' id='word_1_68' title='bbox 859 888 1110 958; x_wconf 87' lang='lat' dir='ltr'><strong>quoniam</strong></span> <span class='ocrx_word' id='word_1_69' title='bbox 1157 885 1397 941; x_wconf 74' lang='lat' dir='ltr'><strong>diabolus</strong></span> <span class='ocrx_word' id='word_1_70' title='bbox 1432 885 1638 955; x_wconf 90' lang='lat' dir='ltr'><strong>primus</strong></span> <span class='ocrx_word' id='word_1_71' title='bbox 1677 883 1947 954; x_wconf 83' lang='lat' dir='ltr'><strong>peccavit;</strong></span> <span class='ocrx_word' id='word_1_72' title='bbox 1989 881 2106 937; x_wconf 81' lang='lat' dir='ltr'><strong>ideo</strong></span> 
     </span>
    </p>
   </div>
   <div class='ocr_carea' id='block_1_11' title="bbox 552 970 2102 1049">
    <p class='ocr_par' dir='ltr' id='par_1_11' title="bbox 552 970 2102 1049">
     <span class='ocr_line' id='line_1_11' title="bbox 552 970 2102 1049; baseline -0.006 -16"><span class='ocrx_word' id='word_1_73' title='bbox 552 980 726 1049; x_wconf 81' lang='lat' dir='ltr'><strong>primo</strong></span> <span class='ocrx_word' id='word_1_74' title='bbox 770 978 944 1047; x_wconf 83' lang='lat' dir='ltr'><strong>lingua</strong></span> <span class='ocrx_word' id='word_1_75' title='bbox 993 974 1108 1044; x_wconf 84' lang='lat' dir='ltr'><strong>ejus</strong></span> <span class='ocrx_word' id='word_1_76' title='bbox 1148 973 1363 1030; x_wconf 87' lang='lat' dir='ltr'><strong>obclusa</strong></span> <span class='ocrx_word' id='word_1_77' title='bbox 1401 981 1501 1027; x_wconf 87' lang='lat' dir='ltr'><strong>est.</strong></span> <span class='ocrx_word' id='word_1_78' title='bbox 1547 972 1614 1027; x_wconf 85' lang='lat' dir='ltr'><strong>Et</strong></span> <span class='ocrx_word' id='word_1_79' title='bbox 1655 971 1784 1026; x_wconf 75' lang='lat' dir='ltr'><strong>nihil</strong></span> <span class='ocrx_word' id='word_1_80' title='bbox 1818 972 1868 1025; x_wconf 87' lang='lat' dir='ltr'><strong>ei</strong></span> <span class='ocrx_word' id='word_1_81' title='bbox 1910 970 2102 1026; x_wconf 76' lang='lat' dir='ltr'><strong>nocuit.</strong></span> 
     </span>
    </p>
   </div>
   <div class='ocr_carea' id='block_1_12' title="bbox 554 1060 2105 1130">
    <p class='ocr_par' dir='ltr' id='par_1_12' title="bbox 554 1060 2105 1130">
     <span class='ocr_line' id='line_1_12' title="bbox 554 1060 2105 1130; baseline -0.006 -7"><span class='ocrx_word' id='word_1_82' title='bbox 554 1067 671 1123; x_wconf 80' lang='lat' dir='ltr'><strong>Non</strong></span> <span class='ocrx_word' id='word_1_83' title='bbox 694 1066 987 1123; x_wconf 85' lang='lat' dir='ltr'><strong>debilitavit</strong></span> <span class='ocrx_word' id='word_1_84' title='bbox 1014 1066 1067 1118; x_wconf 91' lang='lat' dir='ltr'><strong>in</strong></span> <span class='ocrx_word' id='word_1_85' title='bbox 1107 1063 1381 1119; x_wconf 82' lang='lat' dir='ltr'><strong>membris.</strong></span> <span class='ocrx_word' id='word_1_86' title='bbox 1413 1062 1665 1117; x_wconf 81' lang='lat' dir='ltr'><strong>Homines</strong></span> <span class='ocrx_word' id='word_1_87' title='bbox 1691 1061 1958 1130; x_wconf 81' lang='lat' dir='ltr'><strong>expellunt</strong></span> <span class='ocrx_word' id='word_1_88' title='bbox 1995 1060 2105 1114; x_wconf 63' lang='lat' dir='ltr'><strong>daa-</strong></span> 
     </span>
    </p>
   </div>
   <div class='ocr_carea' id='block_1_13' title="bbox 556 1149 2109 1222">
    <p class='ocr_par' dir='ltr' id='par_1_13' title="bbox 556 1149 2109 1222">
     <span class='ocr_line' id='line_1_13' title="bbox 556 1149 2109 1222; baseline -0.005 -10"><span class='ocrx_word' id='word_1_89' title='bbox 556 1172 740 1215; x_wconf 88' lang='lat' dir='ltr'><strong>mones</strong></span> <span class='ocrx_word' id='word_1_90' title='bbox 780 1155 872 1210; x_wconf 89' lang='lat' dir='ltr'><strong>Dei</strong></span> <span class='ocrx_word' id='word_1_91' title='bbox 921 1156 1111 1219; x_wconf 89' lang='lat' dir='ltr'><strong>verbo;</strong></span> <span class='ocrx_word' id='word_1_92' title='bbox 1142 1152 1384 1208; x_wconf 89' lang='lat' dir='ltr'><strong>Christus</strong></span> <span class='ocrx_word' id='word_1_93' title='bbox 1428 1153 1641 1222; x_wconf 87' lang='lat' dir='ltr'><strong>propria</strong></span> <span class='ocrx_word' id='word_1_94' title='bbox 1684 1159 1968 1222; x_wconf 81' lang='lat' dir='ltr'><strong>potestate.</strong></span> <span class='ocrx_word' id='word_1_95' title='bbox 2017 1149 2109 1205; x_wconf 82' lang='lat' dir='ltr'><strong>Vir</strong></span> 
     </span>
    </p>
   </div>
   <div class='ocr_carea' id='block_1_14' title="bbox 556 1243 2108 1315">
    <p class='ocr_par' dir='ltr' id='par_1_14' title="bbox 556 1243 2108 1315">
     <span class='ocr_line' id='line_1_14' title="bbox 556 1243 2108 1315; baseline -0.003 -12"><span class='ocrx_word' id='word_1_96' title='bbox 556 1248 840 1312; x_wconf 83' lang='lat' dir='ltr'><strong>liberatus,</strong></span> <span class='ocrx_word' id='word_1_97' title='bbox 891 1247 1100 1301; x_wconf 88' lang='lat' dir='ltr'><strong>animus</strong></span> <span class='ocrx_word' id='word_1_98' title='bbox 1142 1245 1374 1300; x_wconf 91' lang='lat' dir='ltr'><strong>hominis</strong></span> <span class='ocrx_word' id='word_1_99' title='bbox 1398 1244 1734 1315; x_wconf 77' lang='lat' dir='ltr'><strong>intelligitur,</strong></span> <span class='ocrx_word' id='word_1_100' title='bbox 1763 1243 1958 1299; x_wconf 83' lang='lat' dir='ltr'><strong>femina</strong></span> <span class='ocrx_word' id='word_1_101' title='bbox 1981 1258 2108 1299; x_wconf 87' lang='lat' dir='ltr'><strong>caro</strong></span> 
     </span>
    </p>
   </div>
   <div class='ocr_carea' id='block_1_15' title="bbox 557 1335 2108 1409">
    <p class='ocr_par' dir='ltr' id='par_1_15' title="bbox 557 1335 2108 1409">
     <span class='ocr_line' id='line_1_15' title="bbox 557 1335 2108 1409; baseline -0.002 -16"><span class='ocrx_word' id='word_1_102' title='bbox 557 1338 873 1409; x_wconf 67' lang='lat' dir='ltr'><strong>intelligitur</strong></span> <span class='ocrx_word' id='word_1_103' title='bbox 908 1353 939 1392; x_wconf 84' lang='lat' dir='ltr'><strong>a</strong></span> <span class='ocrx_word' id='word_1_104' title='bbox 977 1336 1405 1405; x_wconf 88' lang='lat' dir='ltr'><strong>concupiscentia</strong></span> <span class='ocrx_word' id='word_1_105' title='bbox 1435 1336 1720 1391; x_wconf 82' lang='lat' dir='ltr'><strong>refrenata.</strong></span> <span class='ocrx_word' id='word_1_106' title='bbox 1760 1335 1875 1390; x_wconf 86' lang='lat' dir='ltr'><strong>Non</strong></span> <span class='ocrx_word' id='word_1_107' title='bbox 1902 1336 2108 1405; x_wconf 85' lang='lat' dir='ltr'><strong>putavit</strong></span> 
     </span>
    </p>
   </div>
   <div class='ocr_carea' id='block_1_16' title="bbox 554 1425 2108 1485">
    <p class='ocr_par' dir='ltr' id='par_1_16' title="bbox 554 1425 2108 1485">
     <span class='ocr_line' id='line_1_16' title="bbox 554 1425 2108 1485; baseline -0.003 0"><span class='ocrx_word' id='word_1_108' title='bbox 554 1444 613 1485; x_wconf 88' lang='lat' dir='ltr'><strong>se</strong></span> <span class='ocrx_word' id='word_1_109' title='bbox 640 1429 878 1485; x_wconf 83' lang='lat' dir='ltr'><strong>diabolus</strong></span> <span class='ocrx_word' id='word_1_110' title='bbox 912 1438 1085 1483; x_wconf 91' lang='lat' dir='ltr'><strong>morte</strong></span> <span class='ocrx_word' id='word_1_111' title='bbox 1132 1426 1341 1483; x_wconf 90' lang='lat' dir='ltr'><strong>Domini</strong></span> <span class='ocrx_word' id='word_1_112' title='bbox 1384 1441 1505 1482; x_wconf 89' lang='lat' dir='ltr'><strong>esse</strong></span> <span class='ocrx_word' id='word_1_113' title='bbox 1538 1425 1918 1481; x_wconf 85' lang='lat' dir='ltr'><strong>damnandum.</strong></span> <span class='ocrx_word' id='word_1_114' title='bbox 1963 1425 2108 1481; x_wconf 84' lang='lat' dir='ltr'><strong>Mare</strong></span> 
     </span>
    </p>
   </div>
   <div class='ocr_carea' id='block_1_17' title="bbox 552 1516 2104 1583">
    <p class='ocr_par' dir='ltr' id='par_1_17' title="bbox 552 1516 2104 1583">
     <span class='ocr_line' id='line_1_17' title="bbox 552 1516 2104 1583; baseline -0.004 -8"><span class='ocrx_word' id='word_1_115' title='bbox 552 1518 783 1577; x_wconf 72' lang='lat' dir='ltr'><strong>Galilteze</strong></span> <span class='ocrx_word' id='word_1_116' title='bbox 808 1527 862 1573; x_wconf 90' lang='lat' dir='ltr'><strong>et</strong></span> <span class='ocrx_word' id='word_1_117' title='bbox 882 1517 1178 1573; x_wconf 82' lang='lat' dir='ltr'><strong>Tiberiadis</strong></span> <span class='ocrx_word' id='word_1_118' title='bbox 1196 1526 1251 1571; x_wconf 87' lang='lat' dir='ltr'><strong>et</strong></span> <span class='ocrx_word' id='word_1_119' title='bbox 1271 1516 1529 1582; x_wconf 84' lang='lat' dir='ltr'><strong>Genesar,</strong></span> <span class='ocrx_word' id='word_1_120' title='bbox 1550 1532 1713 1572; x_wconf 91' lang='lat' dir='ltr'><strong>unum</strong></span> <span class='ocrx_word' id='word_1_121' title='bbox 1739 1524 1849 1583; x_wconf 88' lang='lat' dir='ltr'><strong>est;</strong></span> <span class='ocrx_word' id='word_1_122' title='bbox 1876 1526 1934 1573; x_wconf 89' lang='lat' dir='ltr'><strong>et</strong></span> <span class='ocrx_word' id='word_1_123' title='bbox 1953 1516 2104 1581; x_wconf 83' lang='lat' dir='ltr'><strong>retia,</strong></span> 
     </span>
    </p>
   </div>
   <div class='ocr_carea' id='block_1_18' title="bbox 555 1606 2106 1678">
    <p class='ocr_par' dir='ltr' id='par_1_18' title="bbox 555 1606 2106 1678">
     <span class='ocr_line' id='line_1_18' title="bbox 555 1606 2106 1678; baseline 0 -17"><span class='ocrx_word' id='word_1_124' title='bbox 555 1607 708 1676; x_wconf 86' lang='lat' dir='ltr'><strong>quasi</strong></span> <span class='ocrx_word' id='word_1_125' title='bbox 736 1606 1020 1661; x_wconf 86' lang='lat' dir='ltr'><strong>retinentia</strong></span> <span class='ocrx_word' id='word_1_126' title='bbox 1049 1606 1328 1670; x_wconf 89' lang='lat' dir='ltr'><strong>dicuntur;</strong></span> <span class='ocrx_word' id='word_1_127' title='bbox 1376 1621 1479 1661; x_wconf 91' lang='lat' dir='ltr'><strong>non</strong></span> <span class='ocrx_word' id='word_1_128' title='bbox 1512 1621 1720 1672; x_wconf 66' lang='lat' dir='ltr'><strong>mersae,</strong></span> <span class='ocrx_word' id='word_1_129' title='bbox 1757 1607 1850 1662; x_wconf 87' lang='lat' dir='ltr'><strong>sed</strong></span> <span class='ocrx_word' id='word_1_130' title='bbox 1894 1606 2106 1678; x_wconf 82' lang='lat' dir='ltr'><strong>pericli-</strong></span> 
     </span>
    </p>
   </div>
   <div class='ocr_carea' id='block_1_19' title="bbox 2205 432 3765 512">
    <p class='ocr_par' dir='ltr' id='par_1_19' title="bbox 2205 432 3765 512">
     <span class='ocr_line' id='line_1_19' title="bbox 2205 432 3765 512; baseline 0.006 -27"><span class='ocrx_word' id='word_1_131' title='bbox 2205 432 2401 487; x_wconf 84' lang='lat' dir='ltr'><strong>diahuli</strong></span> <span class='ocrx_word' id='word_1_132' title='bbox 2444 432 2693 487; x_wconf 88' lang='lat' dir='ltr'><strong>mundus.</strong></span> <span class='ocrx_word' id='word_1_133' title='bbox 2724 433 2852 486; x_wconf 90' lang='lat' dir='ltr'><strong>Sine</strong></span> <span class='ocrx_word' id='word_1_134' title='bbox 2884 432 3250 501; x_wconf 81' lang='lat' dir='ltr'><strong>fundamento,</strong></span> <span class='ocrx_word' id='word_1_135' title='bbox 3281 439 3403 507; x_wconf 83' lang='lat' dir='ltr'><strong>quia</strong></span> <span class='ocrx_word' id='word_1_136' title='bbox 3431 453 3597 493; x_wconf 74' lang='lat' dir='ltr'><strong>wine</strong></span> <span class='ocrx_word' id='word_1_137' title='bbox 3638 457 3765 512; x_wconf 83' lang='lat' dir='ltr'><strong>pec-</strong></span> 
     </span>
    </p>
   </div>
   <div class='ocr_carea' id='block_1_20' title="bbox 2203 519 3766 588">
    <p class='ocr_par' dir='ltr' id='par_1_20' title="bbox 2203 519 3766 588">
     <span class='ocr_line' id='line_1_20' title="bbox 2203 519 3766 588; baseline 0.006 -10"><span class='ocrx_word' id='word_1_138' title='bbox 2203 530 2378 578; x_wconf 85' lang='lat' dir='ltr'><strong>catum</strong></span> <span class='ocrx_word' id='word_1_139' title='bbox 2405 536 2511 576; x_wconf 90' lang='lat' dir='ltr'><strong>non</strong></span> <span class='ocrx_word' id='word_1_140' title='bbox 2539 522 2697 577; x_wconf 83' lang='lat' dir='ltr'><strong>habet</strong></span> <span class='ocrx_word' id='word_1_141' title='bbox 2725 519 3073 577; x_wconf 77' lang='lat' dir='ltr'><strong>substantiam</strong></span> <span class='ocrx_word' id='word_1_142' title='bbox 3101 525 3185 578; x_wconf 90' lang='lat' dir='ltr'><strong>vel</strong></span> <span class='ocrx_word' id='word_1_143' title='bbox 3219 526 3506 582; x_wconf 81' lang='lat' dir='ltr'><strong>discrimen</strong></span> <span class='ocrx_word' id='word_1_144' title='bbox 3530 534 3766 588; x_wconf 79' lang='lat' dir='ltr'><strong>extremi</strong></span> 
     </span>
    </p>
   </div>
   <div class='ocr_carea' id='block_1_21' title="bbox 2195 609 3767 679">
    <p class='ocr_par' dir='ltr' id='par_1_21' title="bbox 2195 609 3767 679">
     <span class='ocr_line' id='line_1_21' title="bbox 2195 609 3767 679; baseline 0.007 -16"><span class='ocrx_word' id='word_1_145' title='bbox 2195 609 2402 679; x_wconf 87' lang='lat' dir='ltr'><strong>judicii.</strong></span> <span class='ocrx_word' id='word_1_146' title='bbox 2422 609 2553 664; x_wconf 83' lang='lat' dir='ltr'><strong>Erat</strong></span> <span class='ocrx_word' id='word_1_147' title='bbox 2577 612 2874 663; x_wconf 76' lang='lat' dir='ltr'><strong>moriturus.</strong></span> <span class='ocrx_word' id='word_1_148' title='bbox 2891 609 3066 676; x_wconf 83' lang='lat' dir='ltr'><strong>Quare</strong></span> <span class='ocrx_word' id='word_1_149' title='bbox 3086 613 3281 668; x_wconf 89' lang='lat' dir='ltr'><strong>dicitur</strong></span> <span class='ocrx_word' id='word_1_150' title='bbox 3303 616 3617 679; x_wconf 83' lang='lat' dir='ltr'><strong>moriturus,</strong></span> <span class='ocrx_word' id='word_1_151' title='bbox 3644 635 3767 674; x_wconf 87' lang='lat' dir='ltr'><strong>cum</strong></span> 
     </span>
    </p>
   </div>
   <div class='ocr_carea' id='block_1_22' title="bbox 2204 696 3768 769">
    <p class='ocr_par' dir='ltr' id='par_1_22' title="bbox 2204 696 3768 769">
     <span class='ocr_line' id='line_1_22' title="bbox 2204 696 3768 769; baseline 0.007 -17"><span class='ocrx_word' id='word_1_152' title='bbox 2204 715 2309 753; x_wconf 90' lang='lat' dir='ltr'><strong>non</strong></span> <span class='ocrx_word' id='word_1_153' title='bbox 2355 696 2548 754; x_wconf 85' lang='lat' dir='ltr'><strong>fuerit?</strong></span> <span class='ocrx_word' id='word_1_154' title='bbox 2583 700 2718 767; x_wconf 85' lang='lat' dir='ltr'><strong>Quia</strong></span> <span class='ocrx_word' id='word_1_155' title='bbox 2764 715 2950 755; x_wconf 82' lang='lat' dir='ltr'><strong>revera</strong></span> <span class='ocrx_word' id='word_1_156' title='bbox 2977 710 3094 756; x_wconf 91' lang='lat' dir='ltr'><strong>erat</strong></span> <span class='ocrx_word' id='word_1_157' title='bbox 3130 704 3436 769; x_wconf 84' lang='lat' dir='ltr'><strong>moriturus,</strong></span> <span class='ocrx_word' id='word_1_158' title='bbox 3473 706 3521 761; x_wconf 87' lang='lat' dir='ltr'><strong>si</strong></span> <span class='ocrx_word' id='word_1_159' title='bbox 3553 707 3768 763; x_wconf 90' lang='lat' dir='ltr'><strong>Domini</strong></span> 
     </span>
    </p>
   </div>
   <div class='ocr_carea' id='block_1_23' title="bbox 2203 790 3771 860">
    <p class='ocr_par' dir='ltr' id='par_1_23' title="bbox 2203 790 3771 860">
     <span class='ocr_line' id='line_1_23' title="bbox 2203 790 3771 860; baseline 0.005 -15"><span class='ocrx_word' id='word_1_160' title='bbox 2203 791 2448 860; x_wconf 85' lang='lat' dir='ltr'><strong>precibus</strong></span> <span class='ocrx_word' id='word_1_161' title='bbox 2499 806 2603 845; x_wconf 90' lang='lat' dir='ltr'><strong>non</strong></span> <span class='ocrx_word' id='word_1_162' title='bbox 2663 791 2902 846; x_wconf 76' lang='lat' dir='ltr'><strong>vixisset.</strong></span> <span class='ocrx_word' id='word_1_163' title='bbox 2957 790 3208 847; x_wconf 80' lang='lat' dir='ltr'><strong>Centurio</strong></span> <span class='ocrx_word' id='word_1_164' title='bbox 3257 793 3358 849; x_wconf 85' lang='lat' dir='ltr'><strong>fide</strong></span> <span class='ocrx_word' id='word_1_165' title='bbox 3413 798 3655 851; x_wconf 83' lang='lat' dir='ltr'><strong>accessit</strong></span> <span class='ocrx_word' id='word_1_166' title='bbox 3705 798 3771 853; x_wconf 84' lang='lat' dir='ltr'><strong>ad</strong></span> 
     </span>
    </p>
   </div>
   <div class='ocr_carea' id='block_1_24' title="bbox 2205 883 3771 956">
    <p class='ocr_par' dir='ltr' id='par_1_24' title="bbox 2205 883 3771 956">
     <span class='ocr_line' id='line_1_24' title="bbox 2205 883 3771 956; baseline 0.004 -18"><span class='ocrx_word' id='word_1_167' title='bbox 2205 883 2391 938; x_wconf 88' lang='lat' dir='ltr'><strong>Deum.</strong></span> <span class='ocrx_word' id='word_1_168' title='bbox 2428 883 2682 939; x_wconf 79' lang='lat' dir='ltr'><strong>Domitius</strong></span> <span class='ocrx_word' id='word_1_169' title='bbox 2719 892 2772 939; x_wconf 84' lang='lat' dir='ltr'><strong>et</strong></span> <span class='ocrx_word' id='word_1_170' title='bbox 2818 883 3171 938; x_wconf 84' lang='lat' dir='ltr'><strong>humilitatem</strong></span> <span class='ocrx_word' id='word_1_171' title='bbox 3198 886 3427 941; x_wconf 86' lang='lat' dir='ltr'><strong>ostendit</strong></span> <span class='ocrx_word' id='word_1_172' title='bbox 3471 888 3524 942; x_wconf 88' lang='lat' dir='ltr'><strong>in</strong></span> <span class='ocrx_word' id='word_1_173' title='bbox 3567 893 3771 956; x_wconf 78' lang='lat' dir='ltr'><strong>eundo,</strong></span> 
     </span>
    </p>
   </div>
   <div class='ocr_carea' id='block_1_25' title="bbox 2205 975 3776 1049">
    <p class='ocr_par' dir='ltr' id='par_1_25' title="bbox 2205 975 3776 1049">
     <span class='ocr_line' id='line_1_25' title="bbox 2205 975 3776 1049; baseline 0.004 -18"><span class='ocrx_word' id='word_1_174' title='bbox 2205 985 2260 1031; x_wconf 90' lang='lat' dir='ltr'><strong>et</strong></span> <span class='ocrx_word' id='word_1_175' title='bbox 2289 976 2578 1045; x_wconf 77' lang='lat' dir='ltr'><strong>potentiam</strong></span> <span class='ocrx_word' id='word_1_176' title='bbox 2625 975 2816 1030; x_wconf 86' lang='lat' dir='ltr'><strong>absens</strong></span> <span class='ocrx_word' id='word_1_177' title='bbox 2853 976 3110 1030; x_wconf 86' lang='lat' dir='ltr'><strong>sanando.</strong></span> <span class='ocrx_word' id='word_1_178' title='bbox 3138 976 3217 1031; x_wconf 77' lang='lat' dir='ltr'><strong>Ad</strong></span> <span class='ocrx_word' id='word_1_179' title='bbox 3262 978 3426 1049; x_wconf 85' lang='lat' dir='ltr'><strong>reguli</strong></span> <span class='ocrx_word' id='word_1_180' title='bbox 3474 979 3652 1034; x_wconf 80' lang='lat' dir='ltr'><strong>ﬁlium</strong></span> <span class='ocrx_word' id='word_1_181' title='bbox 3695 983 3776 1037; x_wconf 84' lang='lat' dir='ltr'><strong>ire</strong></span> 
     </span>
    </p>
   </div>
   <div class='ocr_carea' id='block_1_26' title="bbox 2206 1065 3776 1136">
    <p class='ocr_par' dir='ltr' id='par_1_26' title="bbox 2206 1065 3776 1136">
     <span class='ocr_line' id='line_1_26' title="bbox 2206 1065 3776 1136; baseline 0.004 -17"><span class='ocrx_word' id='word_1_182' title='bbox 2206 1066 2398 1129; x_wconf 86' lang='lat' dir='ltr'><strong>noluit,</strong></span> <span class='ocrx_word' id='word_1_183' title='bbox 2426 1081 2491 1120; x_wconf 88' lang='lat' dir='ltr'><strong>ne</strong></span> <span class='ocrx_word' id='word_1_184' title='bbox 2531 1065 2745 1120; x_wconf 84' lang='lat' dir='ltr'><strong>divitias</strong></span> <span class='ocrx_word' id='word_1_185' title='bbox 2779 1066 3041 1120; x_wconf 90' lang='lat' dir='ltr'><strong>honorare</strong></span> <span class='ocrx_word' id='word_1_186' title='bbox 3069 1076 3365 1136; x_wconf 80' lang='lat' dir='ltr'><strong>putaretur,</strong></span> <span class='ocrx_word' id='word_1_187' title='bbox 3399 1070 3509 1133; x_wconf 90' lang='lat' dir='ltr'><strong>hic,</strong></span> <span class='ocrx_word' id='word_1_188' title='bbox 3546 1087 3621 1127; x_wconf 86' lang='lat' dir='ltr'><strong>ne</strong></span> <span class='ocrx_word' id='word_1_189' title='bbox 3648 1089 3776 1128; x_wconf 87' lang='lat' dir='ltr'><strong>eon-</strong></span> 
     </span>
    </p>
   </div>
   <div class='ocr_carea' id='block_1_27' title="bbox 2206 1154 3773 1231">
    <p class='ocr_par' dir='ltr' id='par_1_27' title="bbox 2206 1154 3773 1231">
     <span class='ocr_line' id='line_1_27' title="bbox 2206 1154 3773 1231; baseline 0.008 -25"><span class='ocrx_word' id='word_1_190' title='bbox 2206 1154 2458 1208; x_wconf 89' lang='lat' dir='ltr'><strong>ditionem</strong></span> <span class='ocrx_word' id='word_1_191' title='bbox 2494 1155 2757 1222; x_wconf 83' lang='lat' dir='ltr'><strong>sprevisse</strong></span> <span class='ocrx_word' id='word_1_192' title='bbox 2788 1156 3074 1227; x_wconf 80' lang='lat' dir='ltr'><strong>videretur.</strong></span> <span class='ocrx_word' id='word_1_193' title='bbox 3104 1156 3211 1211; x_wconf 85' lang='lat' dir='ltr'><strong>iste</strong></span> <span class='ocrx_word' id='word_1_194' title='bbox 3248 1161 3488 1228; x_wconf 88' lang='lat' dir='ltr'><strong>gentium</strong></span> <span class='ocrx_word' id='word_1_195' title='bbox 3512 1164 3773 1231; x_wconf 74' lang='lat' dir='ltr'><strong>populum</strong></span> 
     </span>
    </p>
   </div>
   <div class='ocr_carea' id='block_1_28' title="bbox 2210 1242 3772 1315">
    <p class='ocr_par' dir='ltr' id='par_1_28' title="bbox 2210 1242 3772 1315">
     <span class='ocr_line' id='line_1_28' title="bbox 2210 1242 3772 1315; baseline 0.006 -18"><span class='ocrx_word' id='word_1_196' title='bbox 2210 1246 2417 1315; x_wconf 80' lang='lat' dir='ltr'><strong>figurat.</strong></span> <span class='ocrx_word' id='word_1_197' title='bbox 2446 1242 2692 1299; x_wconf 87' lang='lat' dir='ltr'><strong>Seniores</strong></span> <span class='ocrx_word' id='word_1_198' title='bbox 2717 1260 2849 1314; x_wconf 90' lang='lat' dir='ltr'><strong>quos</strong></span> <span class='ocrx_word' id='word_1_199' title='bbox 2876 1245 3040 1311; x_wconf 87' lang='lat' dir='ltr'><strong>misit,</strong></span> <span class='ocrx_word' id='word_1_200' title='bbox 3068 1246 3315 1302; x_wconf 62' lang='lat' dir='ltr'><strong>Ecclesia</strong></span> <span class='ocrx_word' id='word_1_201' title='bbox 3345 1256 3471 1303; x_wconf 86' lang='lat' dir='ltr'><strong>sunt</strong></span> <span class='ocrx_word' id='word_1_202' title='bbox 3506 1249 3643 1306; x_wconf 84' lang='lat' dir='ltr'><strong>boui</strong></span> <span class='ocrx_word' id='word_1_203' title='bbox 3674 1254 3772 1307; x_wconf 87' lang='lat' dir='ltr'><strong>viri</strong></span> 
     </span>
    </p>
   </div>
   <div class='ocr_carea' id='block_1_29' title="bbox 2206 1334 3771 1409">
    <p class='ocr_par' dir='ltr' id='par_1_29' title="bbox 2206 1334 3771 1409">
     <span class='ocr_line' id='line_1_29' title="bbox 2206 1334 3771 1409; baseline 0.005 -20"><span class='ocrx_word' id='word_1_204' title='bbox 2206 1343 2421 1390; x_wconf 87' lang='lat' dir='ltr'><strong>centum</strong></span> <span class='ocrx_word' id='word_1_205' title='bbox 2462 1335 2593 1390; x_wconf 90' lang='lat' dir='ltr'><strong>viris</strong></span> <span class='ocrx_word' id='word_1_206' title='bbox 2634 1336 2835 1406; x_wconf 89' lang='lat' dir='ltr'><strong>stipati.</strong></span> <span class='ocrx_word' id='word_1_207' title='bbox 2881 1334 3030 1402; x_wconf 81' lang='lat' dir='ltr'><strong>Quod</strong></span> <span class='ocrx_word' id='word_1_208' title='bbox 3071 1337 3334 1406; x_wconf 79' lang='lat' dir='ltr'><strong>signiﬁcat</strong></span> <span class='ocrx_word' id='word_1_209' title='bbox 3378 1338 3771 1409; x_wconf 79' lang='lat' dir='ltr'><strong>perfectionem</strong></span> 
     </span>
    </p>
   </div>
   <div class='ocr_carea' id='block_1_30' title="bbox 2207 1426 3772 1489">
    <p class='ocr_par' dir='ltr' id='par_1_30' title="bbox 2207 1426 3772 1489">
     <span class='ocr_line' id='line_1_30' title="bbox 2207 1426 3772 1489; baseline 0.006 -9"><span class='ocrx_word' id='word_1_210' title='bbox 2207 1428 2482 1481; x_wconf 85' lang='lat' dir='ltr'><strong>virtutum.</strong></span> <span class='ocrx_word' id='word_1_211' title='bbox 2525 1426 2746 1483; x_wconf 89' lang='lat' dir='ltr'><strong>Centum</strong></span> <span class='ocrx_word' id='word_1_212' title='bbox 2785 1429 2941 1482; x_wconf 86' lang='lat' dir='ltr'><strong>annis</strong></span> <span class='ocrx_word' id='word_1_213' title='bbox 2983 1428 3274 1484; x_wconf 61' lang='lat' dir='ltr'><strong>aediﬁcatur</strong></span> <span class='ocrx_word' id='word_1_214' title='bbox 3318 1446 3463 1487; x_wconf 81' lang='lat' dir='ltr'><strong>arca.</strong></span> <span class='ocrx_word' id='word_1_215' title='bbox 3493 1433 3772 1489; x_wconf 81' lang='lat' dir='ltr'><strong>Abraham</strong></span> 
     </span>
    </p>
   </div>
   <div class='ocr_carea' id='block_1_31' title="bbox 2208 1517 3770 1591">
    <p class='ocr_par' dir='ltr' id='par_1_31' title="bbox 2208 1517 3770 1591">
     <span class='ocr_line' id='line_1_31' title="bbox 2208 1517 3770 1591; baseline 0.006 -20"><span class='ocrx_word' id='word_1_216' title='bbox 2208 1517 2485 1571; x_wconf 89' lang='lat' dir='ltr'><strong>centannis</strong></span> <span class='ocrx_word' id='word_1_217' title='bbox 2522 1517 2686 1571; x_wconf 87' lang='lat' dir='ltr'><strong>lilium</strong></span> <span class='ocrx_word' id='word_1_218' title='bbox 2728 1517 2950 1587; x_wconf 87' lang='lat' dir='ltr'><strong>accepit.</strong></span> <span class='ocrx_word' id='word_1_219' title='bbox 2993 1517 3141 1573; x_wconf 86' lang='lat' dir='ltr'><strong>Isaac</strong></span> <span class='ocrx_word' id='word_1_220' title='bbox 3180 1521 3486 1591; x_wconf 87' lang='lat' dir='ltr'><strong>centuplum</strong></span> <span class='ocrx_word' id='word_1_221' title='bbox 3530 1523 3770 1589; x_wconf 77' lang='lat' dir='ltr'><strong>invenit;</strong></span> 
     </span>
    </p>
   </div>
   <div class='ocr_carea' id='block_1_32' title="bbox 2209 1605 3772 1677">
    <p class='ocr_par' dir='ltr' id='par_1_32' title="bbox 2209 1605 3772 1677">
     <span class='ocr_line' id='line_1_32' title="bbox 2209 1605 3772 1677; baseline 0.006 -16"><span class='ocrx_word' id='word_1_222' title='bbox 2209 1606 2276 1661; x_wconf 88' lang='lat' dir='ltr'><strong>de</strong></span> <span class='ocrx_word' id='word_1_223' title='bbox 2312 1605 2437 1660; x_wconf 69' lang='lat' dir='ltr'><strong>laeva</strong></span> <span class='ocrx_word' id='word_1_224' title='bbox 2484 1615 2697 1661; x_wconf 89' lang='lat' dir='ltr'><strong>centum</strong></span> <span class='ocrx_word' id='word_1_225' title='bbox 2743 1608 2939 1661; x_wconf 84' lang='lat' dir='ltr'><strong>transit</strong></span> <span class='ocrx_word' id='word_1_226' title='bbox 2987 1608 3039 1662; x_wconf 89' lang='lat' dir='ltr'><strong>in</strong></span> <span class='ocrx_word' id='word_1_227' title='bbox 3085 1609 3391 1677; x_wconf 84' lang='lat' dir='ltr'><strong>dexteram,</strong></span> <span class='ocrx_word' id='word_1_228' title='bbox 3437 1615 3772 1669; x_wconf 77' lang='lat' dir='ltr'><strong>centesimus</strong></span> 
     </span>
    </p>
   </div>
   <div class='ocr_carea' id='block_1_33' title="bbox 554 1694 3776 1771">
    <p class='ocr_par' dir='ltr' id='par_1_33' title="bbox 554 1694 3776 1771">
     <span class='ocr_line' id='line_1_33' title="bbox 554 1694 3776 1771; baseline 0.001 -15"><span class='ocrx_word' id='word_1_229' title='bbox 554 1709 676 1756; x_wconf 63' lang='lat' dir='ltr'><strong>latae</strong></span> <span class='ocrx_word' id='word_1_230' title='bbox 699 1708 842 1756; x_wconf 85' lang='lat' dir='ltr'><strong>sunt.</strong></span> <span class='ocrx_word' id='word_1_231' title='bbox 878 1699 1122 1755; x_wconf 85' lang='lat' dir='ltr'><strong>Nondum</strong></span> <span class='ocrx_word' id='word_1_232' title='bbox 1142 1698 1721 1769; x_wconf 65' lang='lat' dir='ltr'><strong>coeperatsacrificium</strong></span> <span class='ocrx_word' id='word_1_233' title='bbox 1745 1699 1827 1754; x_wconf 91' lang='lat' dir='ltr'><strong>sui</strong></span> <span class='ocrx_word' id='word_1_234' title='bbox 1852 1699 2108 1770; x_wconf 91' lang='lat' dir='ltr'><strong>corporis,</strong></span> <span class='ocrx_word' id='word_1_235' title='bbox 2138 1712 2185 1771; x_wconf 75' lang='grc' dir='ltr'>Β</span> <span class='ocrx_word' id='word_1_236' title='bbox 2211 1694 2447 1765; x_wconf 87' lang='lat' dir='ltr'><strong>psalmus</strong></span> <span class='ocrx_word' id='word_1_237' title='bbox 2492 1695 2913 1750; x_wconf 84' lang='lat' dir='ltr'><strong>misericordiam</strong></span> <span class='ocrx_word' id='word_1_238' title='bbox 2947 1697 3108 1751; x_wconf 89' lang='lat' dir='ltr'><strong>canit.</strong></span> <span class='ocrx_word' id='word_1_239' title='bbox 3148 1696 3305 1752; x_wconf 75' lang='lat' dir='ltr'><strong>Mittit</strong></span> <span class='ocrx_word' id='word_1_240' title='bbox 3344 1697 3583 1756; x_wconf 78' lang='lat' dir='ltr'><strong>Joannes</strong></span> <span class='ocrx_word' id='word_1_241' title='bbox 3615 1703 3776 1758; x_wconf 78' lang='lat' dir='ltr'><strong>disci-</strong></span> 
     </span>
    </p>
   </div>
   <div class='ocr_carea' id='block_1_34' title="bbox 553 1787 3774 1861">
    <p class='ocr_par' dir='ltr' id='par_1_34' title="bbox 553 1787 3774 1861">
     <span class='ocr_line' id='line_1_34' title="bbox 553 1787 3774 1861; baseline 0.002 -17"><span class='ocrx_word' id='word_1_242' title='bbox 553 1791 677 1861; x_wconf 88' lang='lat' dir='ltr'><strong>quia</strong></span> <span class='ocrx_word' id='word_1_243' title='bbox 707 1805 812 1845; x_wconf 91' lang='lat' dir='ltr'><strong>non</strong></span> <span class='ocrx_word' id='word_1_244' title='bbox 839 1791 1118 1861; x_wconf 89' lang='lat' dir='ltr'><strong>oportebat</strong></span> <span class='ocrx_word' id='word_1_245' title='bbox 1138 1788 1338 1844; x_wconf 89' lang='lat' dir='ltr'><strong>auferri</strong></span> <span class='ocrx_word' id='word_1_246' title='bbox 1369 1796 1540 1854; x_wconf 87' lang='lat' dir='ltr'><strong>vetus,</strong></span> <span class='ocrx_word' id='word_1_247' title='bbox 1569 1788 1740 1843; x_wconf 90' lang='lat' dir='ltr'><strong>donec</strong></span> <span class='ocrx_word' id='word_1_248' title='bbox 1770 1789 1979 1843; x_wconf 78' lang='lat' dir='ltr'><strong>veniret</strong></span> <span class='ocrx_word' id='word_1_249' title='bbox 2012 1802 2105 1842; x_wconf 89' lang='lat' dir='ltr'><strong>no-</strong></span> <span class='ocrx_word' id='word_1_250' title='bbox 2202 1789 2353 1860; x_wconf 84' lang='lat' dir='ltr'><strong>pulos</strong></span> <span class='ocrx_word' id='word_1_251' title='bbox 2382 1787 2449 1841; x_wconf 84' lang='lat' dir='ltr'><strong>ad</strong></span> <span class='ocrx_word' id='word_1_252' title='bbox 2478 1789 2781 1852; x_wconf 90' lang='lat' dir='ltr'><strong>Dominum,</strong></span> <span class='ocrx_word' id='word_1_253' title='bbox 2813 1796 2874 1842; x_wconf 87' lang='lat' dir='ltr'><strong>ut</strong></span> <span class='ocrx_word' id='word_1_254' title='bbox 2899 1789 3119 1844; x_wconf 84' lang='lat' dir='ltr'><strong>credant</strong></span> <span class='ocrx_word' id='word_1_255' title='bbox 3156 1789 3211 1844; x_wconf 87' lang='lat' dir='ltr'><strong>in</strong></span> <span class='ocrx_word' id='word_1_256' title='bbox 3238 1803 3389 1857; x_wconf 89' lang='lat' dir='ltr'><strong>eum;</strong></span> <span class='ocrx_word' id='word_1_257' title='bbox 3429 1801 3488 1846; x_wconf 85' lang='lat' dir='ltr'><strong>et</strong></span> <span class='ocrx_word' id='word_1_258' title='bbox 3523 1793 3655 1848; x_wconf 90' lang='lat' dir='ltr'><strong>ideo</strong></span> <span class='ocrx_word' id='word_1_259' title='bbox 3681 1795 3774 1849; x_wconf 90' lang='lat' dir='ltr'><strong>Do-</strong></span> 
     </span>
    </p>
   </div>
   <div class='ocr_carea' id='block_1_35' title="bbox 552 1879 3773 1951">
    <p class='ocr_par' dir='ltr' id='par_1_35' title="bbox 552 1879 3773 1951">
     <span class='ocr_line' id='line_1_35' title="bbox 552 1879 3773 1951; baseline 0.001 -15"><span class='ocrx_word' id='word_1_260' title='bbox 552 1899 700 1938; x_wconf 87' lang='lat' dir='ltr'><strong>vum.</strong></span> <span class='ocrx_word' id='word_1_261' title='bbox 727 1883 783 1938; x_wconf 91' lang='lat' dir='ltr'><strong>ln</strong></span> <span class='ocrx_word' id='word_1_262' title='bbox 811 1892 994 1938; x_wconf 90' lang='lat' dir='ltr'><strong>monte</strong></span> <span class='ocrx_word' id='word_1_263' title='bbox 1036 1891 1190 1947; x_wconf 88' lang='lat' dir='ltr'><strong>orat;</strong></span> <span class='ocrx_word' id='word_1_264' title='bbox 1229 1883 1282 1937; x_wconf 92' lang='lat' dir='ltr'><strong>in</strong></span> <span class='ocrx_word' id='word_1_265' title='bbox 1324 1882 1540 1937; x_wconf 83' lang='lat' dir='ltr'><strong>civitate</strong></span> <span class='ocrx_word' id='word_1_266' title='bbox 1565 1880 1822 1951; x_wconf 69' lang='lat' dir='ltr'><strong>praedicat</strong></span> <span class='ocrx_word' id='word_1_267' title='bbox 1852 1896 1866 1935; x_wconf 90' lang='lat'><strong>:</strong></span> <span class='ocrx_word' id='word_1_268' title='bbox 1895 1887 1952 1935; x_wconf 88' lang='lat' dir='ltr'><strong>et</strong></span> <span class='ocrx_word' id='word_1_269' title='bbox 1975 1879 2104 1934; x_wconf 90' lang='lat' dir='ltr'><strong>satis</strong></span> <span class='ocrx_word' id='word_1_270' title='bbox 2202 1881 2377 1935; x_wconf 86' lang='lat' dir='ltr'><strong>minus</strong></span> <span class='ocrx_word' id='word_1_271' title='bbox 2423 1880 2550 1935; x_wconf 87' lang='lat' dir='ltr'><strong>fecit</strong></span> <span class='ocrx_word' id='word_1_272' title='bbox 2590 1880 2835 1943; x_wconf 83' lang='lat' dir='ltr'><strong>virtutes,</strong></span> <span class='ocrx_word' id='word_1_273' title='bbox 2877 1888 2931 1934; x_wconf 85' lang='lat' dir='ltr'><strong>et</strong></span> <span class='ocrx_word' id='word_1_274' title='bbox 2969 1880 3144 1935; x_wconf 89' lang='lat' dir='ltr'><strong>dixit:</strong></span> <span class='ocrx_word' id='word_1_275' title='bbox 3172 1880 3359 1935; x_wconf 76' lang='lat' dir='ltr'><strong>Beatus</strong></span> <span class='ocrx_word' id='word_1_276' title='bbox 3401 1893 3502 1948; x_wconf 78' lang='lat' dir='ltr'><strong>est,</strong></span> <span class='ocrx_word' id='word_1_277' title='bbox 3543 1888 3645 1951; x_wconf 76' lang='lat' dir='ltr'><strong>qui</strong></span> <span class='ocrx_word' id='word_1_278' title='bbox 3675 1904 3773 1940; x_wconf 72' lang='lat' dir='ltr'><strong>non</strong></span> 
     </span>
    </p>
   </div>
   <div class='ocr_carea' id='block_1_36' title="bbox 553 1967 3769 2044">
    <p class='ocr_par' dir='ltr' id='par_1_36' title="bbox 553 1967 3769 2044">
     <span class='ocr_line' id='line_1_36' title="bbox 553 1967 3769 2044; baseline 0 -14"><span class='ocrx_word' id='word_1_279' title='bbox 553 1975 962 2044; x_wconf 81' lang='lat' dir='ltr'><strong>cont‘emplative</strong></span> <span class='ocrx_word' id='word_1_280' title='bbox 981 1981 1035 2030; x_wconf 89' lang='lat' dir='ltr'><strong>et</strong></span> <span class='ocrx_word' id='word_1_281' title='bbox 1058 1976 1230 2030; x_wconf 86' lang='lat' dir='ltr'><strong>active</strong></span> <span class='ocrx_word' id='word_1_282' title='bbox 1258 1974 1380 2029; x_wconf 69' lang='lat' dir='ltr'><strong>vita:</strong></span> <span class='ocrx_word' id='word_1_283' title='bbox 1400 1972 1642 2042; x_wconf 86' lang='lat' dir='ltr'><strong>exempla</strong></span> <span class='ocrx_word' id='word_1_284' title='bbox 1664 1972 1845 2027; x_wconf 86' lang='lat' dir='ltr'><strong>donat.</strong></span> <span class='ocrx_word' id='word_1_285' title='bbox 1873 1970 2105 2042; x_wconf 87' lang='lat' dir='ltr'><strong>Caphar-</strong></span> <span class='ocrx_word' id='word_1_286' title='bbox 2202 1968 2357 2039; x_wconf 76' lang='lat' dir='ltr'><strong>fuerit</strong></span> <span class='ocrx_word' id='word_1_287' title='bbox 2382 1967 2766 2026; x_wconf 70' lang='lat' dir='ltr'><strong>scandalizatus</strong></span> <span class='ocrx_word' id='word_1_288' title='bbox 2808 1969 2864 2022; x_wconf 85' lang='lat' dir='ltr'><strong>in</strong></span> <span class='ocrx_word' id='word_1_289' title='bbox 2892 1985 2993 2024; x_wconf 79' lang='lat' dir='ltr'><strong>me.</strong></span> <span class='ocrx_word' id='word_1_290' title='bbox 3035 1969 3136 2037; x_wconf 86' lang='lat' dir='ltr'><strong>Qui</strong></span> <span class='ocrx_word' id='word_1_291' title='bbox 3178 1972 3348 2026; x_wconf 86' lang='lat' dir='ltr'><strong>minor</strong></span> <span class='ocrx_word' id='word_1_292' title='bbox 3388 1982 3475 2028; x_wconf 88' lang='lat' dir='ltr'><strong>est</strong></span> <span class='ocrx_word' id='word_1_293' title='bbox 3510 1974 3566 2027; x_wconf 91' lang='lat' dir='ltr'><strong>in</strong></span> <span class='ocrx_word' id='word_1_294' title='bbox 3604 1990 3769 2044; x_wconf 77' lang='lat' dir='ltr'><strong>rcgno</strong></span> 
     </span>
    </p>
   </div>
   <div class='ocr_carea' id='block_1_37' title="bbox 553 2049 3774 2144">
    <p class='ocr_par' dir='ltr' id='par_1_37' title="bbox 553 2049 3774 2144">
     <span class='ocr_line' id='line_1_37' title="bbox 553 2049 3774 2144; baseline -0 -25"><span class='ocrx_word' id='word_1_295' title='bbox 553 2077 713 2119; x_wconf 80' lang='lat' dir='ltr'><strong>naum</strong></span> <span class='ocrx_word' id='word_1_296' title='bbox 731 2064 891 2117; x_wconf 84' lang='lat' dir='ltr'><strong>etiam</strong></span> <span class='ocrx_word' id='word_1_297' title='bbox 912 2062 1052 2117; x_wconf 89' lang='lat' dir='ltr'><strong>dicta</strong></span> <span class='ocrx_word' id='word_1_298' title='bbox 1073 2070 1156 2117; x_wconf 89' lang='lat' dir='ltr'><strong>est</strong></span> <span class='ocrx_word' id='word_1_299' title='bbox 1169 2062 1358 2116; x_wconf 81' lang='lat' dir='ltr'><strong>civitas</strong></span> <span class='ocrx_word' id='word_1_300' title='bbox 1371 2060 1591 2124; x_wconf 89' lang='lat' dir='ltr'><strong>Christi,</strong></span> <span class='ocrx_word' id='word_1_301' title='bbox 1613 2076 1774 2130; x_wconf 89' lang='lat' dir='ltr'><strong>quam</strong></span> <span class='ocrx_word' id='word_1_302' title='bbox 1793 2049 2105 2115; x_wconf 64' lang='lat' dir='ltr'><strong>illusirando</strong></span> <span class='ocrx_word' id='word_1_303' title='bbox 2204 2057 2319 2123; x_wconf 87' lang='lat' dir='ltr'><strong>Dei,</strong></span> <span class='ocrx_word' id='word_1_304' title='bbox 2348 2059 2430 2113; x_wconf 89' lang='lat' dir='ltr'><strong>vel</strong></span> <span class='ocrx_word' id='word_1_305' title='bbox 2456 2058 2730 2123; x_wconf 88' lang='lat' dir='ltr'><strong>Dominus,</strong></span> <span class='ocrx_word' id='word_1_306' title='bbox 2761 2058 2843 2112; x_wconf 84' lang='lat' dir='ltr'><strong>vel</strong></span> <span class='ocrx_word' id='word_1_307' title='bbox 2884 2060 3121 2144; x_wconf 75' lang='lat' dir='ltr'><strong>angelus.</strong></span> <span class='ocrx_word' id='word_1_308' title='bbox 3146 2059 3473 2117; x_wconf 80' lang='lat' dir='ltr'><strong>Justilicatur</strong></span> <span class='ocrx_word' id='word_1_309' title='bbox 3498 2064 3651 2119; x_wconf 83' lang='lat' dir='ltr'><strong>Deus</strong></span> <span class='ocrx_word' id='word_1_310' title='bbox 3682 2082 3774 2136; x_wconf 85' lang='lat' dir='ltr'><strong>per</strong></span> 
     </span>
    </p>
   </div>
   <div class='ocr_carea' id='block_1_38' title="bbox 553 2149 2102 2219">
    <p class='ocr_par' dir='ltr' id='par_1_38' title="bbox 553 2149 2102 2219">
     <span class='ocr_line' id='line_1_38' title="bbox 553 2149 2102 2219; baseline -0.001 -13"><span class='ocrx_word' id='word_1_311' title='bbox 553 2153 840 2208; x_wconf 87' lang='lat' dir='ltr'><strong>virtutibus</strong></span> <span class='ocrx_word' id='word_1_312' title='bbox 868 2152 1069 2208; x_wconf 82' lang='lat' dir='ltr'><strong>fecerat</strong></span> <span class='ocrx_word' id='word_1_313' title='bbox 1086 2167 1258 2207; x_wconf 89' lang='lat' dir='ltr'><strong>suam.</strong></span> <span class='ocrx_word' id='word_1_314' title='bbox 1289 2151 1529 2219; x_wconf 87' lang='lat' dir='ltr'><strong>Quatuor</strong></span> <span class='ocrx_word' id='word_1_315' title='bbox 1554 2150 1799 2215; x_wconf 87' lang='lat' dir='ltr'><strong>virtutes,</strong></span> <span class='ocrx_word' id='word_1_316' title='bbox 1823 2149 2102 2214; x_wconf 85' lang='lat' dir='ltr'><strong>sobrietas,</strong></span> 
     </span>
    </p>
   </div>
   <div class='ocr_carea' id='block_1_39' title="bbox 551 2242 2108 2316">
    <p class='ocr_par' dir='ltr' id='par_1_39' title="bbox 551 2242 2108 2316">
     <span class='ocr_line' id='line_1_39' title="bbox 551 2242 2108 2316; baseline -0.004 -14"><span class='ocrx_word' id='word_1_317' title='bbox 551 2245 830 2316; x_wconf 80' lang='lat' dir='ltr'><strong>sapientia,</strong></span> <span class='ocrx_word' id='word_1_318' title='bbox 860 2243 1087 2311; x_wconf 80' lang='lat' dir='ltr'><strong>iustitia,</strong></span> <span class='ocrx_word' id='word_1_319' title='bbox 1123 2253 1181 2298; x_wconf 91' lang='lat' dir='ltr'><strong>et</strong></span> <span class='ocrx_word' id='word_1_320' title='bbox 1205 2244 1393 2299; x_wconf 90' lang='lat' dir='ltr'><strong>virtus.</strong></span> <span class='ocrx_word' id='word_1_321' title='bbox 1438 2242 1768 2315; x_wconf 85' lang='lat' dir='ltr'><strong>Paralyticus</strong></span> <span class='ocrx_word' id='word_1_322' title='bbox 1798 2242 1954 2297; x_wconf 88' lang='lat' dir='ltr'><strong>homo</strong></span> <span class='ocrx_word' id='word_1_323' title='bbox 1981 2255 2108 2311; x_wconf 87' lang='lat' dir='ltr'><strong>pec-</strong></span> 
     </span>
    </p>
   </div>
   <div class='ocr_carea' id='block_1_40' title="bbox 552 2331 2107 2404">
    <p class='ocr_par' dir='ltr' id='par_1_40' title="bbox 552 2331 2107 2404">
     <span class='ocr_line' id='line_1_40' title="bbox 552 2331 2107 2404; baseline -0.005 -11"><span class='ocrx_word' id='word_1_324' title='bbox 552 2345 733 2393; x_wconf 80' lang='lat' dir='ltr'><strong>cator:</strong></span> <span class='ocrx_word' id='word_1_325' title='bbox 767 2335 941 2399; x_wconf 84' lang='lat' dir='ltr'><strong>turba,</strong></span> <span class='ocrx_word' id='word_1_326' title='bbox 970 2334 1305 2390; x_wconf 87' lang='lat' dir='ltr'><strong>consuetudo</strong></span> <span class='ocrx_word' id='word_1_327' title='bbox 1340 2333 1628 2404; x_wconf 87' lang='lat' dir='ltr'><strong>peccandi;</strong></span> <span class='ocrx_word' id='word_1_328' title='bbox 1673 2332 1881 2395; x_wconf 90' lang='lat' dir='ltr'><strong>domus,</strong></span> <span class='ocrx_word' id='word_1_329' title='bbox 1926 2331 2107 2402; x_wconf 86' lang='lat' dir='ltr'><strong>Scrip—</strong></span> 
     </span>
    </p>
   </div>
   <div class='ocr_carea' id='block_1_41' title="bbox 552 2422 2108 2496">
    <p class='ocr_par' dir='ltr' id='par_1_41' title="bbox 552 2422 2108 2496">
     <span class='ocr_line' id='line_1_41' title="bbox 552 2422 2108 2496; baseline -0.003 -16"><span class='ocrx_word' id='word_1_330' title='bbox 552 2434 673 2480; x_wconf 89' lang='lat' dir='ltr'><strong>tura</strong></span> <span class='ocrx_word' id='word_1_331' title='bbox 702 2440 853 2480; x_wconf 85' lang='lat' dir='ltr'><strong>sacra</strong></span> <span class='ocrx_word' id='word_1_332' title='bbox 873 2432 975 2488; x_wconf 88' lang='lat' dir='ltr'><strong>est,</strong></span> <span class='ocrx_word' id='word_1_333' title='bbox 1000 2425 1100 2479; x_wconf 89' lang='lat' dir='ltr'><strong>sub</strong></span> <span class='ocrx_word' id='word_1_334' title='bbox 1131 2424 1348 2492; x_wconf 82' lang='lat' dir='ltr'><strong>regulis,</strong></span> <span class='ocrx_word' id='word_1_335' title='bbox 1378 2424 1503 2494; x_wconf 85' lang='lat' dir='ltr'><strong>quia</strong></span> <span class='ocrx_word' id='word_1_336' title='bbox 1523 2425 1623 2496; x_wconf 81' lang='lat' dir='ltr'><strong>sub</strong></span> <span class='ocrx_word' id='word_1_337' title='bbox 1650 2422 1987 2493; x_wconf 90' lang='lat' dir='ltr'><strong>conceptibili</strong></span> <span class='ocrx_word' id='word_1_338' title='bbox 2022 2436 2108 2476; x_wconf 88' lang='lat' dir='ltr'><strong>ve-</strong></span> 
     </span>
    </p>
   </div>
   <div class='ocr_carea' id='block_1_42' title="bbox 554 2511 2105 2571">
    <p class='ocr_par' dir='ltr' id='par_1_42' title="bbox 554 2511 2105 2571">
     <span class='ocr_line' id='line_1_42' title="bbox 554 2511 2105 2571; baseline -0.003 0"><span class='ocrx_word' id='word_1_339' title='bbox 554 2513 767 2571; x_wconf 69' lang='lat' dir='ltr'><strong>lamine.</strong></span> <span class='ocrx_word' id='word_1_340' title='bbox 796 2512 929 2569; x_wconf 89' lang='lat' dir='ltr'><strong>Cum</strong></span> <span class='ocrx_word' id='word_1_341' title='bbox 960 2514 1099 2569; x_wconf 90' lang='lat' dir='ltr'><strong>lecto</strong></span> <span class='ocrx_word' id='word_1_342' title='bbox 1128 2531 1142 2567; x_wconf 90' lang='lat'><strong>:</strong></span> <span class='ocrx_word' id='word_1_343' title='bbox 1175 2514 1277 2568; x_wconf 88' lang='lat' dir='ltr'><strong>hoc</strong></span> <span class='ocrx_word' id='word_1_344' title='bbox 1313 2522 1395 2569; x_wconf 88' lang='lat' dir='ltr'><strong>est</strong></span> <span class='ocrx_word' id='word_1_345' title='bbox 1418 2528 1538 2569; x_wconf 90' lang='lat' dir='ltr'><strong>cum</strong></span> <span class='ocrx_word' id='word_1_346' title='bbox 1576 2527 1740 2567; x_wconf 88' lang='lat' dir='ltr'><strong>carne</strong></span> <span class='ocrx_word' id='word_1_347' title='bbox 1766 2512 1924 2568; x_wconf 88' lang='lat' dir='ltr'><strong>debet</strong></span> <span class='ocrx_word' id='word_1_348' title='bbox 1952 2511 2105 2567; x_wconf 87' lang='lat' dir='ltr'><strong>Chri-</strong></span> 
     </span>
    </p>
   </div>
   <div class='ocr_carea' id='block_1_43' title="bbox 554 2604 2106 2675">
    <p class='ocr_par' dir='ltr' id='par_1_43' title="bbox 554 2604 2106 2675">
     <span class='ocr_line' id='line_1_43' title="bbox 554 2604 2106 2675; baseline -0.002 -13"><span class='ocrx_word' id='word_1_349' title='bbox 554 2614 696 2662; x_wconf 87' lang='lat' dir='ltr'><strong>stum</strong></span> <span class='ocrx_word' id='word_1_350' title='bbox 730 2616 1083 2675; x_wconf 86' lang='lat' dir='ltr'><strong>coguoscere;</strong></span> <span class='ocrx_word' id='word_1_351' title='bbox 1124 2611 1178 2659; x_wconf 90' lang='lat' dir='ltr'><strong>et</strong></span> <span class='ocrx_word' id='word_1_352' title='bbox 1214 2604 1411 2660; x_wconf 89' lang='lat' dir='ltr'><strong>lectum</strong></span> <span class='ocrx_word' id='word_1_353' title='bbox 1438 2604 1649 2669; x_wconf 90' lang='lat' dir='ltr'><strong>tollere,</strong></span> <span class='ocrx_word' id='word_1_354' title='bbox 1684 2604 1855 2674; x_wconf 89' lang='lat' dir='ltr'><strong>ipsam</strong></span> <span class='ocrx_word' id='word_1_355' title='bbox 1890 2618 2106 2659; x_wconf 87' lang='lat' dir='ltr'><strong>carnem</strong></span> 
     </span>
    </p>
   </div>
   <div class='ocr_carea' id='block_1_44' title="bbox 553 2697 2107 2769">
    <p class='ocr_par' dir='ltr' id='par_1_44' title="bbox 553 2697 2107 2769">
     <span class='ocr_line' id='line_1_44' title="bbox 553 2697 2107 2769; baseline -0.003 -13"><span class='ocrx_word' id='word_1_356' title='bbox 553 2699 943 2769; x_wconf 83' lang='lat' dir='ltr'><strong>refrenareper</strong></span> <span class='ocrx_word' id='word_1_357' title='bbox 968 2697 1370 2755; x_wconf 87' lang='lat' dir='ltr'><strong>continentiam.</strong></span> <span class='ocrx_word' id='word_1_358' title='bbox 1412 2698 1495 2754; x_wconf 86' lang='lat' dir='ltr'><strong>Ad</strong></span> <span class='ocrx_word' id='word_1_359' title='bbox 1522 2699 1736 2755; x_wconf 89' lang='lat' dir='ltr'><strong>domum</strong></span> <span class='ocrx_word' id='word_1_360' title='bbox 1781 2706 1837 2753; x_wconf 91' lang='lat' dir='ltr'><strong>et</strong></span> <span class='ocrx_word' id='word_1_361' title='bbox 1856 2698 1923 2753; x_wconf 88' lang='lat' dir='ltr'><strong>ad</strong></span> <span class='ocrx_word' id='word_1_362' title='bbox 1954 2712 2107 2768; x_wconf 55' lang='lat' dir='ltr'><strong>para-</strong></span> 
     </span>
    </p>
   </div>
   <div class='ocr_carea' id='block_1_45' title="bbox 559 2786 2106 2856">
    <p class='ocr_par' dir='ltr' id='par_1_45' title="bbox 559 2786 2106 2856">
     <span class='ocr_line' id='line_1_45' title="bbox 559 2786 2106 2856; baseline -0.003 -12"><span class='ocrx_word' id='word_1_363' title='bbox 559 2790 732 2845; x_wconf 83' lang='lat' dir='ltr'><strong>disum</strong></span> <span class='ocrx_word' id='word_1_364' title='bbox 768 2789 888 2843; x_wconf 88' lang='lat' dir='ltr'><strong>ire:</strong></span> <span class='ocrx_word' id='word_1_365' title='bbox 934 2788 1018 2843; x_wconf 86' lang='lat' dir='ltr'><strong>vel</strong></span> <span class='ocrx_word' id='word_1_366' title='bbox 1046 2788 1259 2843; x_wconf 84' lang='lat' dir='ltr'><strong>interna</strong></span> <span class='ocrx_word' id='word_1_367' title='bbox 1296 2787 1554 2843; x_wconf 87' lang='lat' dir='ltr'><strong>custodia.</strong></span> <span class='ocrx_word' id='word_1_368' title='bbox 1596 2786 1789 2851; x_wconf 85' lang='lat' dir='ltr'><strong>Sanos,</strong></span> <span class='ocrx_word' id='word_1_369' title='bbox 1818 2787 1910 2856; x_wconf 90' lang='lat' dir='ltr'><strong>qui</strong></span> <span class='ocrx_word' id='word_1_370' title='bbox 1955 2800 2106 2841; x_wconf 88' lang='lat' dir='ltr'><strong>suam</strong></span> 
     </span>
    </p>
   </div>
   <div class='ocr_carea' id='block_1_46' title="bbox 552 2876 2102 2950">
    <p class='ocr_par' dir='ltr' id='par_1_46' title="bbox 552 2876 2102 2950">
     <span class='ocr_line' id='line_1_46' title="bbox 552 2876 2102 2950; baseline 0 -20"><span class='ocrx_word' id='word_1_371' title='bbox 552 2879 815 2950; x_wconf 83' lang='lat' dir='ltr'><strong>justitiam</strong></span> <span class='ocrx_word' id='word_1_372' title='bbox 861 2878 1103 2935; x_wconf 87' lang='lat' dir='ltr'><strong>nolentes</strong></span> <span class='ocrx_word' id='word_1_373' title='bbox 1127 2878 1471 2934; x_wconf 81' lang='lat' dir='ltr'><strong>constituere.</strong></span> <span class='ocrx_word' id='word_1_374' title='bbox 1508 2878 1820 2948; x_wconf 88' lang='lat' dir='ltr'><strong>Quicunque</strong></span> <span class='ocrx_word' id='word_1_375' title='bbox 1841 2876 2102 2947; x_wconf 88' lang='lat' dir='ltr'><strong>jejunant,</strong></span> 
     </span>
    </p>
   </div>
   <div class='ocr_carea' id='block_1_47' title="bbox 556 2965 2105 3038">
    <p class='ocr_par' dir='ltr' id='par_1_47' title="bbox 556 2965 2105 3038">
     <span class='ocr_line' id='line_1_47' title="bbox 556 2965 2105 3038; baseline -0.003 -13"><span class='ocrx_word' id='word_1_376' title='bbox 556 2972 655 3025; x_wconf 88' lang='lat' dir='ltr'><strong>nisi</strong></span> <span class='ocrx_word' id='word_1_377' title='bbox 695 2971 747 3024; x_wconf 90' lang='lat' dir='ltr'><strong>in</strong></span> <span class='ocrx_word' id='word_1_378' title='bbox 789 2969 1045 3025; x_wconf 88' lang='lat' dir='ltr'><strong>membris</strong></span> <span class='ocrx_word' id='word_1_379' title='bbox 1083 2968 1284 3025; x_wconf 87' lang='lat' dir='ltr'><strong>Christi</strong></span> <span class='ocrx_word' id='word_1_380' title='bbox 1330 2969 1755 3038; x_wconf 73' lang='lat' dir='ltr'><strong>incorpdrentnr,</strong></span> <span class='ocrx_word' id='word_1_381' title='bbox 1794 2967 1991 3022; x_wconf 82' lang='lat' dir='ltr'><strong>frustra</strong></span> <span class='ocrx_word' id='word_1_382' title='bbox 2025 2965 2105 3020; x_wconf 87' lang='lat' dir='ltr'><strong>fa-</strong></span> 
     </span>
    </p>
   </div>
   <div class='ocr_carea' id='block_1_48' title="bbox 2201 2150 3771 2224">
    <p class='ocr_par' dir='ltr' id='par_1_48' title="bbox 2201 2150 3771 2224">
     <span class='ocr_line' id='line_1_48' title="bbox 2201 2150 3771 2224; baseline 0.003 -19"><span class='ocrx_word' id='word_1_383' title='bbox 2201 2150 2543 2221; x_wconf 86' lang='lat' dir='ltr'><strong>baptismum,</strong></span> <span class='ocrx_word' id='word_1_384' title='bbox 2567 2150 2691 2204; x_wconf 90' lang='lat' dir='ltr'><strong>dum</strong></span> <span class='ocrx_word' id='word_1_385' title='bbox 2715 2164 2773 2205; x_wconf 89' lang='lat' dir='ltr'><strong>se</strong></span> <span class='ocrx_word' id='word_1_386' title='bbox 2793 2164 2980 2205; x_wconf 87' lang='lat' dir='ltr'><strong>omnes</strong></span> <span class='ocrx_word' id='word_1_387' title='bbox 3003 2159 3221 2221; x_wconf 87' lang='lat' dir='ltr'><strong>peccata</strong></span> <span class='ocrx_word' id='word_1_388' title='bbox 3234 2154 3444 2224; x_wconf 85' lang='lat' dir='ltr'><strong>proplra</strong></span> <span class='ocrx_word' id='word_1_389' title='bbox 3454 2154 3771 2210; x_wconf 81' lang='lat' dir='ltr'><strong>conﬁtendo</strong></span> 
     </span>
    </p>
   </div>
   <div class='ocr_carea' id='block_1_49' title="bbox 2196 2239 3772 2313">
    <p class='ocr_par' dir='ltr' id='par_1_49' title="bbox 2196 2239 3772 2313">
     <span class='ocr_line' id='line_1_49' title="bbox 2196 2239 3772 2313; baseline 0.001 -16"><span class='ocrx_word' id='word_1_390' title='bbox 2196 2242 2512 2312; x_wconf 75' lang='lat' dir='ltr'><strong>iustificam.</strong></span> <span class='ocrx_word' id='word_1_391' title='bbox 2544 2239 2852 2312; x_wconf 76' lang='lat' dir='ltr'><strong>Spreverunt</strong></span> <span class='ocrx_word' id='word_1_392' title='bbox 2886 2242 2943 2295; x_wconf 83' lang='lat' dir='ltr'><strong>in</strong></span> <span class='ocrx_word' id='word_1_393' title='bbox 2982 2242 3285 2312; x_wconf 74' lang='lat' dir='ltr'><strong>:entetipsis,</strong></span> <span class='ocrx_word' id='word_1_394' title='bbox 3318 2251 3503 2296; x_wconf 74' lang='lat' dir='ltr'><strong>contra</strong></span> <span class='ocrx_word' id='word_1_395' title='bbox 3531 2246 3772 2313; x_wconf 70' lang='grc' dir='ltr'><strong>εεπιοιὶρο</strong></span> 
     </span>
    </p>
   </div>
   <div class='ocr_carea' id='block_1_50' title="bbox 2203 2333 3771 2406">
    <p class='ocr_par' dir='ltr' id='par_1_50' title="bbox 2203 2333 3771 2406">
     <span class='ocr_line' id='line_1_50' title="bbox 2203 2333 3771 2406; baseline 0.001 -17"><span class='ocrx_word' id='word_1_396' title='bbox 2203 2351 2307 2389; x_wconf 78' lang='lat' dir='ltr'><strong>sos.</strong></span> <span class='ocrx_word' id='word_1_397' title='bbox 2336 2334 2450 2391; x_wconf 83' lang='lat' dir='ltr'><strong>Hoc</strong></span> <span class='ocrx_word' id='word_1_398' title='bbox 2474 2334 2633 2405; x_wconf 87' lang='lat' dir='ltr'><strong>aliqui</strong></span> <span class='ocrx_word' id='word_1_399' title='bbox 2661 2348 2726 2388; x_wconf 86' lang='lat' dir='ltr'><strong>ex</strong></span> <span class='ocrx_word' id='word_1_400' title='bbox 2751 2348 2978 2403; x_wconf 87' lang='lat' dir='ltr'><strong>persona</strong></span> <span class='ocrx_word' id='word_1_401' title='bbox 3008 2333 3237 2398; x_wconf 86' lang='lat' dir='ltr'><strong>Domini,</strong></span> <span class='ocrx_word' id='word_1_402' title='bbox 3265 2334 3424 2404; x_wconf 86' lang='lat' dir='ltr'><strong>aliqui</strong></span> <span class='ocrx_word' id='word_1_403' title='bbox 3449 2350 3516 2390; x_wconf 89' lang='lat' dir='ltr'><strong>ex</strong></span> <span class='ocrx_word' id='word_1_404' title='bbox 3542 2352 3771 2406; x_wconf 77' lang='lat' dir='ltr'><strong>persona</strong></span> 
     </span>
    </p>
   </div>
   <div class='ocr_carea' id='block_1_51' title="bbox 2203 2426 3775 2497">
    <p class='ocr_par' dir='ltr' id='par_1_51' title="bbox 2203 2426 3775 2497">
     <span class='ocr_line' id='line_1_51' title="bbox 2203 2426 3775 2497; baseline 0 -16"><span class='ocrx_word' id='word_1_405' title='bbox 2203 2426 2545 2497; x_wconf 72' lang='lat' dir='ltr'><strong>evangelista:</strong></span> <span class='ocrx_word' id='word_1_406' title='bbox 2581 2426 2781 2483; x_wconf 89' lang='lat' dir='ltr'><strong>dictum</strong></span> <span class='ocrx_word' id='word_1_407' title='bbox 2809 2433 3017 2496; x_wconf 88' lang='lat' dir='ltr'><strong>putant,</strong></span> <span class='ocrx_word' id='word_1_408' title='bbox 3044 2433 3099 2478; x_wconf 91' lang='lat' dir='ltr'><strong>et</strong></span> <span class='ocrx_word' id='word_1_409' title='bbox 3131 2439 3225 2494; x_wconf 88' lang='lat' dir='ltr'><strong>per</strong></span> <span class='ocrx_word' id='word_1_410' title='bbox 3250 2426 3364 2480; x_wconf 71' lang='lat' dir='ltr'><strong>haec</strong></span> <span class='ocrx_word' id='word_1_411' title='bbox 3396 2440 3682 2495; x_wconf 86' lang='lat' dir='ltr'><strong>exponens</strong></span> <span class='ocrx_word' id='word_1_412' title='bbox 3708 2428 3775 2480; x_wconf 70' lang='lat' dir='ltr'><strong>de</strong></span> 
     </span>
    </p>
   </div>
   <div class='ocr_carea' id='block_1_52' title="bbox 2200 2515 3774 2587">
    <p class='ocr_par' dir='ltr' id='par_1_52' title="bbox 2200 2515 3774 2587">
     <span class='ocr_line' id='line_1_52' title="bbox 2200 2515 3774 2587; baseline 0.002 -14"><span class='ocrx_word' id='word_1_413' title='bbox 2200 2519 2489 2574; x_wconf 62' lang='lat' dir='ltr'><strong>Pharisaeo.</strong></span> <span class='ocrx_word' id='word_1_414' title='bbox 2516 2517 2802 2573; x_wconf 83' lang='lat' dir='ltr'><strong>Generatio</strong></span> <span class='ocrx_word' id='word_1_415' title='bbox 2837 2515 3139 2571; x_wconf 73' lang='lat' dir='ltr'><strong>Judzeorum</strong></span> <span class='ocrx_word' id='word_1_416' title='bbox 3173 2518 3235 2571; x_wconf 87' lang='lat' dir='ltr'><strong>de</strong></span> <span class='ocrx_word' id='word_1_417' title='bbox 3276 2518 3403 2587; x_wconf 87' lang='lat' dir='ltr'><strong>ipsis</strong></span> <span class='ocrx_word' id='word_1_418' title='bbox 3427 2522 3774 2576; x_wconf 80' lang='lat' dir='ltr'><strong>enatavimus</strong></span> 
     </span>
    </p>
   </div>
   <div class='ocr_carea' id='block_1_53' title="bbox 2202 2606 3773 2678">
    <p class='ocr_par' dir='ltr' id='par_1_53' title="bbox 2202 2606 3773 2678">
     <span class='ocr_line' id='line_1_53' title="bbox 2202 2606 3773 2678; baseline 0.001 -14"><span class='ocrx_word' id='word_1_419' title='bbox 2202 2609 2353 2664; x_wconf 86' lang='lat' dir='ltr'><strong>vobis</strong></span> <span class='ocrx_word' id='word_1_420' title='bbox 2378 2609 2671 2678; x_wconf 67' lang='lat' dir='ltr'><strong>prophetae.</strong></span> <span class='ocrx_word' id='word_1_421' title='bbox 2692 2606 2793 2673; x_wconf 86' lang='lat' dir='ltr'><strong>Qui</strong></span> <span class='ocrx_word' id='word_1_422' title='bbox 2818 2613 2994 2661; x_wconf 89' lang='lat' dir='ltr'><strong>autem</strong></span> <span class='ocrx_word' id='word_1_423' title='bbox 3022 2606 3264 2662; x_wconf 82' lang='lat' dir='ltr'><strong>dixerunt</strong></span> <span class='ocrx_word' id='word_1_424' title='bbox 3287 2606 3354 2662; x_wconf 85' lang='lat' dir='ltr'><strong>ad</strong></span> <span class='ocrx_word' id='word_1_425' title='bbox 3378 2623 3474 2664; x_wconf 89' lang='lat' dir='ltr'><strong>eos</strong></span> <span class='ocrx_word' id='word_1_426' title='bbox 3496 2624 3513 2664; x_wconf 91' lang='lat'><strong>:</strong></span> <span class='ocrx_word' id='word_1_427' title='bbox 3542 2610 3773 2666; x_wconf 73' lang='lat' dir='ltr'><strong>Salustio</strong></span> 
     </span>
    </p>
   </div>
   <div class='ocr_carea' id='block_1_54' title="bbox 2204 2697 3774 2773">
    <p class='ocr_par' dir='ltr' id='par_1_54' title="bbox 2204 2697 3774 2773">
     <span class='ocr_line' id='line_1_54' title="bbox 2204 2697 3774 2773; baseline 0.001 -18"><span class='ocrx_word' id='word_1_428' title='bbox 2204 2700 2465 2772; x_wconf 74' lang='lat' dir='ltr'><strong>religiosa,</strong></span> <span class='ocrx_word' id='word_1_429' title='bbox 2494 2697 2702 2770; x_wconf 79' lang='lat' dir='ltr'><strong>agilitas</strong></span> <span class='ocrx_word' id='word_1_430' title='bbox 2728 2698 3105 2764; x_wconf 74' lang='lat' dir='ltr'><strong>membrorum,</strong></span> <span class='ocrx_word' id='word_1_431' title='bbox 3144 2708 3327 2773; x_wconf 82' lang='lat' dir='ltr'><strong>cantus</strong></span> <span class='ocrx_word' id='word_1_432' title='bbox 3366 2701 3657 2757; x_wconf 73' lang='lat' dir='ltr'><strong>exsultatio</strong></span> <span class='ocrx_word' id='word_1_433' title='bbox 3697 2704 3774 2757; x_wconf 60' lang='lat' dir='ltr'><strong>lo.</strong></span> 
     </span>
    </p>
   </div>
   <div class='ocr_carea' id='block_1_55' title="bbox 2203 2786 3771 2860">
    <p class='ocr_par' dir='ltr' id='par_1_55' title="bbox 2203 2786 3771 2860">
     <span class='ocr_line' id='line_1_55' title="bbox 2203 2786 3771 2860; baseline 0.001 -15"><span class='ocrx_word' id='word_1_434' title='bbox 2203 2800 2450 2853; x_wconf 82' lang='lat' dir='ltr'><strong>mentum,</strong></span> <span class='ocrx_word' id='word_1_435' title='bbox 2474 2787 2829 2844; x_wconf 70' lang='lat' dir='ltr'><strong>convertimini</strong></span> <span class='ocrx_word' id='word_1_436' title='bbox 2852 2786 2921 2840; x_wconf 84' lang='lat' dir='ltr'><strong>ad</strong></span> <span class='ocrx_word' id='word_1_437' title='bbox 2944 2802 3025 2841; x_wconf 79' lang='lat' dir='ltr'><strong>me</strong></span> <span class='ocrx_word' id='word_1_438' title='bbox 3048 2788 3106 2842; x_wconf 81' lang='lat' dir='ltr'><strong>in</strong></span> <span class='ocrx_word' id='word_1_439' title='bbox 3121 2787 3346 2857; x_wconf 69' lang='lat' dir='ltr'><strong>jejunio.</strong></span> <span class='ocrx_word' id='word_1_440' title='bbox 3372 2789 3657 2860; x_wconf 84' lang='lat' dir='ltr'><strong>Discipuli,</strong></span> <span class='ocrx_word' id='word_1_441' title='bbox 3683 2794 3771 2847; x_wconf 74' lang='lat' dir='ltr'><strong>ﬁlii</strong></span> 
     </span>
    </p>
   </div>
   <div class='ocr_carea' id='block_1_56' title="bbox 2209 2882 2505 2951">
    <p class='ocr_par' dir='ltr' id='par_1_56' title="bbox 2209 2882 2505 2951">
     <span class='ocr_line' id='line_1_56' title="bbox 2209 2882 2505 2951; baseline -0.01 -14"><span class='ocrx_word' id='word_1_442' title='bbox 2209 2882 2505 2951; x_wconf 59' lang='lat' dir='ltr'><strong>sapientiai.</strong></span> 
     </span>
    </p>
   </div>
   <div class='ocr_carea' id='block_1_57' title="bbox 2278 2969 3777 3042">
    <p class='ocr_par' dir='ltr' id='par_1_57' title="bbox 2278 2969 3777 3042">
     <span class='ocr_line' id='line_1_57' title="bbox 2278 2969 3777 3042; baseline 0.002 -16"><span class='ocrx_word' id='word_1_443' title='bbox 2278 2971 2441 3026; x_wconf 77' lang='lat' dir='ltr'><strong>Maria</strong></span> <span class='ocrx_word' id='word_1_444' title='bbox 2471 2973 2643 3042; x_wconf 88' lang='lat' dir='ltr'><strong>primo</strong></span> <span class='ocrx_word' id='word_1_445' title='bbox 2669 2971 2721 3025; x_wconf 91' lang='lat' dir='ltr'><strong>in</strong></span> <span class='ocrx_word' id='word_1_446' title='bbox 2745 2969 2985 3035; x_wconf 72' lang='lat' dir='ltr'><strong>Galilma,</strong></span> <span class='ocrx_word' id='word_1_447' title='bbox 3023 2971 3258 3026; x_wconf 88' lang='lat' dir='ltr'><strong>secundo</strong></span> <span class='ocrx_word' id='word_1_448' title='bbox 3289 2971 3342 3026; x_wconf 90' lang='lat' dir='ltr'><strong>in</strong></span> <span class='ocrx_word' id='word_1_449' title='bbox 3384 2971 3647 3028; x_wconf 78' lang='lat' dir='ltr'><strong>Bethania</strong></span> <span class='ocrx_word' id='word_1_450' title='bbox 3675 2991 3777 3029; x_wconf 87' lang='lat' dir='ltr'><strong>nn-</strong></span> 
     </span>
    </p>
   </div>
   <div class='ocr_carea' id='block_1_58' title="bbox 555 3053 3775 3135">
    <p class='ocr_par' dir='ltr' id='par_1_58' title="bbox 555 3053 3775 3135">
     <span class='ocr_line' id='line_1_58' title="bbox 555 3053 3775 3135; baseline -0.002 -11"><span class='ocrx_word' id='word_1_451' title='bbox 555 3060 720 3115; x_wconf 73' lang='lat' dir='ltr'><strong>Cium-</strong></span> <span class='ocrx_word' id='word_1_452' title='bbox 756 3057 990 3113; x_wconf 66' lang='lat' dir='ltr'><strong>Joannes</strong></span> <span class='ocrx_word' id='word_1_453' title='bbox 1028 3057 1289 3127; x_wconf 67' lang='grc' dir='ltr'><strong>ἱθὶῑιηανίῐ</strong></span> <span class='ocrx_word' id='word_1_454' title='bbox 1336 3065 1395 3113; x_wconf 73' lang='grc' dir='ltr'><strong>ιη</strong></span> <span class='ocrx_word' id='word_1_455' title='bbox 1424 3056 1671 3113; x_wconf 68' lang='lat' dir='ltr'><strong>meritum</strong></span> <span class='ocrx_word' id='word_1_456' title='bbox 1705 3064 1923 3128; x_wconf 67' lang='lat' dir='ltr'><strong>augere!</strong></span> <span class='ocrx_word' id='word_1_457' title='bbox 1950 3054 2107 3111; x_wconf 61' lang='lat' dir='ltr'><strong>Chrir</strong></span> <span class='ocrx_word' id='word_1_458' title='bbox 2137 3053 2181 3117; x_wconf 87' lang='lat' dir='ltr'><strong>C</strong></span> <span class='ocrx_word' id='word_1_459' title='bbox 2212 3071 2406 3133; x_wconf 80' lang='lat' dir='ltr'><strong>guento</strong></span> <span class='ocrx_word' id='word_1_460' title='bbox 2433 3063 2711 3117; x_wconf 85' lang='lat' dir='ltr'><strong>Dominum</strong></span> <span class='ocrx_word' id='word_1_461' title='bbox 2738 3063 2919 3129; x_wconf 84' lang='lat' dir='ltr'><strong>unxit;</strong></span> <span class='ocrx_word' id='word_1_462' title='bbox 2960 3063 3195 3119; x_wconf 84' lang='lat' dir='ltr'><strong>Ecclesia</strong></span> <span class='ocrx_word' id='word_1_463' title='bbox 3222 3063 3305 3117; x_wconf 86' lang='lat' dir='ltr'><strong>vel</strong></span> <span class='ocrx_word' id='word_1_464' title='bbox 3336 3064 3511 3119; x_wconf 84' lang='lat' dir='ltr'><strong>anima</strong></span> <span class='ocrx_word' id='word_1_465' title='bbox 3541 3066 3595 3119; x_wconf 92' lang='lat' dir='ltr'><strong>in</strong></span> <span class='ocrx_word' id='word_1_466' title='bbox 3633 3081 3775 3135; x_wconf 69' lang='lat' dir='ltr'><strong>prte-</strong></span> 
     </span>
    </p>
   </div>
   <div class='ocr_carea' id='block_1_59' title="bbox 558 3144 2103 3217">
    <p class='ocr_par' dir='ltr' id='par_1_59' title="bbox 558 3144 2103 3217">
     <span class='ocr_line' id='line_1_59' title="bbox 558 3144 2103 3217; baseline -0.004 -14"><span class='ocrx_word' id='word_1_467' title='bbox 558 3157 674 3203; x_wconf 88' lang='lat' dir='ltr'><strong>stus</strong></span> <span class='ocrx_word' id='word_1_468' title='bbox 708 3148 908 3217; x_wconf 87' lang='lat' dir='ltr'><strong>absque</strong></span> <span class='ocrx_word' id='word_1_469' title='bbox 950 3156 1209 3215; x_wconf 85' lang='lat' dir='ltr'><strong>peccato,</strong></span> <span class='ocrx_word' id='word_1_470' title='bbox 1257 3156 1475 3216; x_wconf 86' lang='lat' dir='ltr'><strong>peccata</strong></span> <span class='ocrx_word' id='word_1_471' title='bbox 1523 3146 1759 3201; x_wconf 77' lang='lat' dir='ltr'><strong>donavit.</strong></span> <span class='ocrx_word' id='word_1_472' title='bbox 1808 3145 1975 3200; x_wconf 87' lang='lat' dir='ltr'><strong>Nemo</strong></span> <span class='ocrx_word' id='word_1_473' title='bbox 2022 3144 2103 3197; x_wconf 88' lang='lat' dir='ltr'><strong>bi-</strong></span> 
     </span>
    </p>
   </div>
   <div class='ocr_carea' id='block_1_60' title="bbox 553 3233 2100 3303">
    <p class='ocr_par' dir='ltr' id='par_1_60' title="bbox 553 3233 2100 3303">
     <span class='ocr_line' id='line_1_60' title="bbox 553 3233 2100 3303; baseline -0.006 -11"><span class='ocrx_word' id='word_1_474' title='bbox 553 3238 675 3292; x_wconf 75' lang='lat' dir='ltr'><strong>bens</strong></span> <span class='ocrx_word' id='word_1_475' title='bbox 699 3245 859 3291; x_wconf 72' lang='lat' dir='ltr'><strong>uetus.</strong></span> <span class='ocrx_word' id='word_1_476' title='bbox 892 3233 1104 3290; x_wconf 66' lang='lat' dir='ltr'><strong>Iudaeos</strong></span> <span class='ocrx_word' id='word_1_477' title='bbox 1134 3235 1280 3303; x_wconf 69' lang='lat' dir='ltr'><strong>dicit.</strong></span> <span class='ocrx_word' id='word_1_478' title='bbox 1314 3234 1381 3288; x_wconf 83' lang='lat' dir='ltr'><strong>In</strong></span> <span class='ocrx_word' id='word_1_479' title='bbox 1416 3234 1641 3289; x_wconf 76' lang='lat' dir='ltr'><strong>secundo</strong></span> <span class='ocrx_word' id='word_1_480' title='bbox 1667 3234 1879 3288; x_wconf 77' lang='lat' dir='ltr'><strong>sabbato</strong></span> <span class='ocrx_word' id='word_1_481' title='bbox 1914 3235 2100 3302; x_wconf 86' lang='lat' dir='ltr'><strong>primo.</strong></span> 
     </span>
    </p>
   </div>
   <div class='ocr_carea' id='block_1_61' title="bbox 556 3323 2100 3394">
    <p class='ocr_par' dir='ltr' id='par_1_61' title="bbox 556 3323 2100 3394">
     <span class='ocr_line' id='line_1_61' title="bbox 556 3323 2100 3394; baseline -0.003 -12"><span class='ocrx_word' id='word_1_482' title='bbox 556 3327 669 3382; x_wconf 78' lang='lat' dir='ltr'><strong>Hoc</strong></span> <span class='ocrx_word' id='word_1_483' title='bbox 719 3334 802 3381; x_wconf 86' lang='lat' dir='ltr'><strong>est</strong></span> <span class='ocrx_word' id='word_1_484' title='bbox 861 3327 1094 3380; x_wconf 88' lang='lat' dir='ltr'><strong>secundo</strong></span> <span class='ocrx_word' id='word_1_485' title='bbox 1153 3324 1375 3380; x_wconf 87' lang='lat' dir='ltr'><strong>sabbato</strong></span> <span class='ocrx_word' id='word_1_486' title='bbox 1399 3365 1415 3390; x_wconf 93' lang='lat'><strong>,</strong></span> <span class='ocrx_word' id='word_1_487' title='bbox 1449 3324 1641 3394; x_wconf 74' lang='lat' dir='ltr'><strong>prima</strong></span> <span class='ocrx_word' id='word_1_488' title='bbox 1692 3323 2100 3379; x_wconf 87' lang='lat' dir='ltr'><strong>incarnatione:</strong></span> 
     </span>
    </p>
   </div>
   <div class='ocr_carea' id='block_1_62' title="bbox 552 3412 2109 3484">
    <p class='ocr_par' dir='ltr' id='par_1_62' title="bbox 552 3412 2109 3484">
     <span class='ocr_line' id='line_1_62' title="bbox 552 3412 2109 3484; baseline -0.001 -15"><span class='ocrx_word' id='word_1_489' title='bbox 552 3415 798 3470; x_wconf 87' lang='lat' dir='ltr'><strong>videlicet</strong></span> <span class='ocrx_word' id='word_1_490' title='bbox 838 3415 1150 3479; x_wconf 88' lang='lat' dir='ltr'><strong>secundum,</strong></span> <span class='ocrx_word' id='word_1_491' title='bbox 1179 3415 1300 3483; x_wconf 86' lang='lat' dir='ltr'><strong>quia</strong></span> <span class='ocrx_word' id='word_1_492' title='bbox 1331 3429 1424 3484; x_wconf 88' lang='lat' dir='ltr'><strong>per</strong></span> <span class='ocrx_word' id='word_1_493' title='bbox 1452 3414 1620 3484; x_wconf 77' lang='lat' dir='ltr'><strong>legem</strong></span> <span class='ocrx_word' id='word_1_494' title='bbox 1650 3422 1969 3484; x_wconf 80' lang='lat' dir='ltr'><strong>praeceptum</strong></span> <span class='ocrx_word' id='word_1_495' title='bbox 1993 3412 2109 3482; x_wconf 88' lang='lat' dir='ltr'><strong>pri-</strong></span> 
     </span>
    </p>
   </div>
   <div class='ocr_carea' id='block_1_63' title="bbox 553 3490 2109 3576">
    <p class='ocr_par' dir='ltr' id='par_1_63' title="bbox 553 3490 2109 3576">
     <span class='ocr_line' id='line_1_63' title="bbox 553 3490 2109 3576; baseline -0.003 -16"><span class='ocrx_word' id='word_1_496' title='bbox 553 3520 717 3569; x_wconf 85' lang='lat' dir='ltr'><strong>mum,</strong></span> <span class='ocrx_word' id='word_1_497' title='bbox 745 3505 870 3576; x_wconf 85' lang='lat' dir='ltr'><strong>quia</strong></span> <span class='ocrx_word' id='word_1_498' title='bbox 894 3512 1018 3559; x_wconf 82' lang='lat' dir='ltr'><strong>ante</strong></span> <span class='ocrx_word' id='word_1_499' title='bbox 1046 3504 1212 3575; x_wconf 88' lang='lat' dir='ltr'><strong>legem</strong></span> <span class='ocrx_word' id='word_1_500' title='bbox 1236 3519 1267 3559; x_wconf 91' lang='lat' dir='ltr'><strong>a</strong></span> <span class='ocrx_word' id='word_1_501' title='bbox 1289 3504 1448 3574; x_wconf 88' lang='lat' dir='ltr'><strong>justls</strong></span> <span class='ocrx_word' id='word_1_502' title='bbox 1475 3503 1788 3559; x_wconf 84' lang='lat' dir='ltr'><strong>observatos</strong></span> <span class='ocrx_word' id='word_1_503' title='bbox 1811 3510 1912 3558; x_wconf 86' lang='lat' dir='ltr'><strong>est.</strong></span> <span class='ocrx_word' id='word_1_504' title='bbox 1934 3490 2109 3556; x_wconf 86' lang='lat' dir='ltr'><strong>Panes</strong></span> 
     </span>
    </p>
   </div>
   <div class='ocr_carea' id='block_1_64' title="bbox 554 3591 2106 3662">
    <p class='ocr_par' dir='ltr' id='par_1_64' title="bbox 554 3591 2106 3662">
     <span class='ocr_line' id='line_1_64' title="bbox 554 3591 2106 3662; baseline -0.002 -12"><span class='ocrx_word' id='word_1_505' title='bbox 554 3603 678 3650; x_wconf 88' lang='lat' dir='ltr'><strong>ante</strong></span> <span class='ocrx_word' id='word_1_506' title='bbox 734 3594 1013 3649; x_wconf 85' lang='lat' dir='ltr'><strong>sabbatum</strong></span> <span class='ocrx_word' id='word_1_507' title='bbox 1054 3594 1438 3662; x_wconf 83' lang='lat' dir='ltr'><strong>coquebantur,</strong></span> <span class='ocrx_word' id='word_1_508' title='bbox 1484 3601 1538 3647; x_wconf 90' lang='lat' dir='ltr'><strong>et</strong></span> <span class='ocrx_word' id='word_1_509' title='bbox 1582 3593 1637 3648; x_wconf 89' lang='lat' dir='ltr'><strong>in</strong></span> <span class='ocrx_word' id='word_1_510' title='bbox 1688 3591 1909 3647; x_wconf 86' lang='lat' dir='ltr'><strong>sabbato</strong></span> <span class='ocrx_word' id='word_1_511' title='bbox 1939 3606 2106 3661; x_wconf 86' lang='lat' dir='ltr'><strong>pone-</strong></span> 
     </span>
    </p>
   </div>
   <div class='ocr_carea' id='block_1_65' title="bbox 553 3683 2110 3753">
    <p class='ocr_par' dir='ltr' id='par_1_65' title="bbox 553 3683 2110 3753">
     <span class='ocr_line' id='line_1_65' title="bbox 553 3683 2110 3753; baseline -0.003 -13"><span class='ocrx_word' id='word_1_512' title='bbox 553 3686 748 3740; x_wconf 88' lang='lat' dir='ltr'><strong>bantur</strong></span> <span class='ocrx_word' id='word_1_513' title='bbox 774 3684 827 3737; x_wconf 91' lang='lat' dir='ltr'><strong>in</strong></span> <span class='ocrx_word' id='word_1_514' title='bbox 864 3683 1068 3738; x_wconf 89' lang='lat' dir='ltr'><strong>duabus</strong></span> <span class='ocrx_word' id='word_1_515' title='bbox 1096 3698 1216 3738; x_wconf 89' lang='lat' dir='ltr'><strong>cum</strong></span> <span class='ocrx_word' id='word_1_516' title='bbox 1261 3684 1417 3737; x_wconf 88' lang='lat' dir='ltr'><strong>thure</strong></span> <span class='ocrx_word' id='word_1_517' title='bbox 1461 3683 1670 3752; x_wconf 90' lang='lat' dir='ltr'><strong>patcnis</strong></span> <span class='ocrx_word' id='word_1_518' title='bbox 1712 3683 1909 3745; x_wconf 87' lang='lat' dir='ltr'><strong>aureis,</strong></span> <span class='ocrx_word' id='word_1_519' title='bbox 1940 3698 2110 3753; x_wconf 87' lang='lat' dir='ltr'><strong>usque</strong></span> 
     </span>
    </p>
   </div>
   <div class='ocr_carea' id='block_1_66' title="bbox 554 3773 2111 3849">
    <p class='ocr_par' dir='ltr' id='par_1_66' title="bbox 554 3773 2111 3849">
     <span class='ocr_line' id='line_1_66' title="bbox 554 3773 2111 3849; baseline 0.003 -21"><span class='ocrx_word' id='word_1_520' title='bbox 554 3776 620 3829; x_wconf 89' lang='lat' dir='ltr'><strong>ad</strong></span> <span class='ocrx_word' id='word_1_521' title='bbox 646 3774 774 3829; x_wconf 90' lang='lat' dir='ltr'><strong>illud</strong></span> <span class='ocrx_word' id='word_1_522' title='bbox 821 3773 1117 3829; x_wconf 88' lang='lat' dir='ltr'><strong>sabbatum.</strong></span> <span class='ocrx_word' id='word_1_523' title='bbox 1162 3773 1210 3827; x_wconf 93' lang='lat' dir='ltr'><strong><em>P</em></strong></span> <span class='ocrx_word' id='word_1_524' title='bbox 1236 3774 1443 3830; x_wconf 59' lang='lat' dir='ltr'><strong>Hebraei</strong></span> <span class='ocrx_word' id='word_1_525' title='bbox 1466 3790 1576 3829; x_wconf 89' lang='lat' dir='ltr'><strong>non</strong></span> <span class='ocrx_word' id='word_1_526' title='bbox 1620 3784 1831 3849; x_wconf 77' lang='lat' dir='ltr'><strong>sonant.</strong></span> <span class='ocrx_word' id='word_1_527' title='bbox 1857 3774 2111 3845; x_wconf 68' lang='lat' dir='ltr'><strong>Alphaaus</strong></span> 
     </span>
    </p>
   </div>
   <div class='ocr_carea' id='block_1_67' title="bbox 554 3863 2107 3934">
    <p class='ocr_par' dir='ltr' id='par_1_67' title="bbox 554 3863 2107 3934">
     <span class='ocr_line' id='line_1_67' title="bbox 554 3863 2107 3934; baseline 0.001 -15"><span class='ocrx_word' id='word_1_528' title='bbox 554 3863 777 3934; x_wconf 81' lang='lat' dir='ltr'><strong>Cleopas</strong></span> <span class='ocrx_word' id='word_1_529' title='bbox 808 3864 982 3919; x_wconf 90' lang='lat' dir='ltr'><strong>dictus</strong></span> <span class='ocrx_word' id='word_1_530' title='bbox 1006 3874 1110 3928; x_wconf 80' lang='lat' dir='ltr'><strong>est,</strong></span> <span class='ocrx_word' id='word_1_531' title='bbox 1139 3872 1195 3918; x_wconf 91' lang='lat' dir='ltr'><strong>et</strong></span> <span class='ocrx_word' id='word_1_532' title='bbox 1217 3864 1468 3933; x_wconf 66' lang='lat' dir='ltr'><strong>Alphazus</strong></span> <span class='ocrx_word' id='word_1_533' title='bbox 1495 3864 1675 3918; x_wconf 80' lang='lat' dir='ltr'><strong>doctus</strong></span> <span class='ocrx_word' id='word_1_534' title='bbox 1704 3864 1916 3920; x_wconf 90' lang='lat' dir='ltr'><strong>dicitur.</strong></span> <span class='ocrx_word' id='word_1_535' title='bbox 1943 3864 2107 3921; x_wconf 83' lang='lat' dir='ltr'><strong>Judas</strong></span> 
     </span>
    </p>
   </div>
   <div class='ocr_carea' id='block_1_68' title="bbox 552 3952 2106 4021">
    <p class='ocr_par' dir='ltr' id='par_1_68' title="bbox 552 3952 2106 4021">
     <span class='ocr_line' id='line_1_68' title="bbox 552 3952 2106 4021; baseline 0.001 -13"><span class='ocrx_word' id='word_1_536' title='bbox 552 3953 803 4009; x_wconf 77' lang='lat' dir='ltr'><strong>&#39;l‘athzeus</strong></span> <span class='ocrx_word' id='word_1_537' title='bbox 823 3952 1092 4018; x_wconf 88' lang='lat' dir='ltr'><strong>Scarioth,</strong></span> <span class='ocrx_word' id='word_1_538' title='bbox 1118 3955 1365 4008; x_wconf 81' lang='lat' dir='ltr'><strong>memoria</strong></span> <span class='ocrx_word' id='word_1_539' title='bbox 1388 3955 1586 4008; x_wconf 76' lang='lat' dir='ltr'><strong>mortis.</strong></span> <span class='ocrx_word' id='word_1_540' title='bbox 1616 3953 1876 4009; x_wconf 88' lang='lat' dir='ltr'><strong>Maritima</strong></span> <span class='ocrx_word' id='word_1_541' title='bbox 1898 3969 1930 4009; x_wconf 86' lang='lat' dir='ltr'><strong>a</strong></span> <span class='ocrx_word' id='word_1_542' title='bbox 1950 3955 2106 4021; x_wconf 88' lang='lat' dir='ltr'><strong>mari,</strong></span> 
     </span>
    </p>
   </div>
   <div class='ocr_carea' id='block_1_69' title="bbox 555 4046 2109 4119">
    <p class='ocr_par' dir='ltr' id='par_1_69' title="bbox 555 4046 2109 4119">
     <span class='ocr_line' id='line_1_69' title="bbox 555 4046 2109 4119; baseline 0.001 -17"><span class='ocrx_word' id='word_1_543' title='bbox 555 4047 608 4103; x_wconf 88' lang='lat' dir='ltr'><strong>in</strong></span> <span class='ocrx_word' id='word_1_544' title='bbox 633 4065 737 4119; x_wconf 87' lang='lat' dir='ltr'><strong>qua</strong></span> <span class='ocrx_word' id='word_1_545' title='bbox 762 4047 935 4119; x_wconf 79' lang='lat' dir='ltr'><strong>Tyrus</strong></span> <span class='ocrx_word' id='word_1_546' title='bbox 958 4056 1091 4103; x_wconf 84' lang='lat' dir='ltr'><strong>erat.</strong></span> <span class='ocrx_word' id='word_1_547' title='bbox 1116 4048 1258 4103; x_wconf 81' lang='lat' dir='ltr'><strong>Raro</strong></span> <span class='ocrx_word' id='word_1_548' title='bbox 1288 4046 1554 4102; x_wconf 81' lang='lat' dir='ltr'><strong>infirmum</strong></span> <span class='ocrx_word' id='word_1_549' title='bbox 1582 4048 1637 4102; x_wconf 90' lang='lat' dir='ltr'><strong>in</strong></span> <span class='ocrx_word' id='word_1_550' title='bbox 1662 4057 1842 4103; x_wconf 88' lang='lat' dir='ltr'><strong>monte</strong></span> <span class='ocrx_word' id='word_1_551' title='bbox 1871 4048 2109 4103; x_wconf 86' lang='lat' dir='ltr'><strong>invenies</strong></span> 
     </span>
    </p>
   </div>
   <div class='ocr_carea' id='block_1_70' title="bbox 554 4135 2109 4208">
    <p class='ocr_par' dir='ltr' id='par_1_70' title="bbox 554 4135 2109 4208">
     <span class='ocr_line' id='line_1_70' title="bbox 554 4135 2109 4208; baseline -0.001 -15"><span class='ocrx_word' id='word_1_552' title='bbox 554 4147 818 4193; x_wconf 88' lang='lat' dir='ltr'><strong>curatum.</strong></span> <span class='ocrx_word' id='word_1_553' title='bbox 856 4138 923 4193; x_wconf 85' lang='lat' dir='ltr'><strong>Et</strong></span> <span class='ocrx_word' id='word_1_554' title='bbox 967 4138 1013 4193; x_wconf 90' lang='lat' dir='ltr'><strong>si</strong></span> <span class='ocrx_word' id='word_1_555' title='bbox 1053 4136 1372 4208; x_wconf 81' lang='lat' dir='ltr'><strong>generaliter</strong></span> <span class='ocrx_word' id='word_1_556' title='bbox 1402 4135 1647 4192; x_wconf 86' lang='lat' dir='ltr'><strong>Christus</strong></span> <span class='ocrx_word' id='word_1_557' title='bbox 1690 4136 1941 4207; x_wconf 89' lang='lat' dir='ltr'><strong>loquitur,</strong></span> <span class='ocrx_word' id='word_1_558' title='bbox 1988 4150 2109 4206; x_wconf 84' lang='lat' dir='ltr'><strong>spc-</strong></span> 
     </span>
    </p>
   </div>
   <div class='ocr_carea' id='block_1_71' title="bbox 555 4227 2108 4298">
    <p class='ocr_par' dir='ltr' id='par_1_71' title="bbox 555 4227 2108 4298">
     <span class='ocr_line' id='line_1_71' title="bbox 555 4227 2108 4298; baseline 0.001 -17"><span class='ocrx_word' id='word_1_559' title='bbox 555 4227 744 4284; x_wconf 87' lang='lat' dir='ltr'><strong>cialius</strong></span> <span class='ocrx_word' id='word_1_560' title='bbox 782 4229 1041 4284; x_wconf 86' lang='lat' dir='ltr'><strong>tamenin</strong></span> <span class='ocrx_word' id='word_1_561' title='bbox 1068 4228 1355 4298; x_wconf 89' lang='lat' dir='ltr'><strong>discipulos</strong></span> <span class='ocrx_word' id='word_1_562' title='bbox 1400 4228 1582 4283; x_wconf 90' lang='lat' dir='ltr'><strong>oculos</strong></span> <span class='ocrx_word' id='word_1_563' title='bbox 1625 4228 1787 4283; x_wconf 85' lang='lat' dir='ltr'><strong>levat.</strong></span> <span class='ocrx_word' id='word_1_564' title='bbox 1830 4229 2108 4284; x_wconf 70' lang='lat' dir='ltr'><strong>Mattbmus</strong></span> 
     </span>
    </p>
   </div>
   <div class='ocr_carea' id='block_1_72' title="bbox 554 4318 2105 4389">
    <p class='ocr_par' dir='ltr' id='par_1_72' title="bbox 554 4318 2105 4389">
     <span class='ocr_line' id='line_1_72' title="bbox 554 4318 2105 4389; baseline -0.001 -18"><span class='ocrx_word' id='word_1_565' title='bbox 554 4327 771 4387; x_wconf 86' lang='lat' dir='ltr'><strong>propter</strong></span> <span class='ocrx_word' id='word_1_566' title='bbox 795 4320 1261 4383; x_wconf 85' lang='lat' dir='ltr'><strong>resurrectionem,</strong></span> <span class='ocrx_word' id='word_1_567' title='bbox 1297 4318 1531 4388; x_wconf 86' lang='lat' dir='ltr'><strong>quinque</strong></span> <span class='ocrx_word' id='word_1_568' title='bbox 1554 4319 1704 4389; x_wconf 90' lang='lat' dir='ltr'><strong>ponit</strong></span> <span class='ocrx_word' id='word_1_569' title='bbox 1735 4318 2105 4375; x_wconf 86' lang='lat' dir='ltr'><strong>beatitudines.</strong></span> 
     </span>
    </p>
   </div>
   <div class='ocr_carea' id='block_1_73' title="bbox 554 4590 2112 4663">
    <p class='ocr_par' dir='ltr' id='par_1_73' title="bbox 554 4590 2112 4663">
     <span class='ocr_line' id='line_1_73' title="bbox 554 4590 2112 4663; baseline 0 -16"><span class='ocrx_word' id='word_1_570' title='bbox 554 4601 834 4647; x_wconf 87' lang='lat' dir='ltr'><strong>noscentes</strong></span> <span class='ocrx_word' id='word_1_571' title='bbox 855 4607 953 4663; x_wconf 89' lang='lat' dir='ltr'><strong>pro</strong></span> <span class='ocrx_word' id='word_1_572' title='bbox 994 4592 1187 4661; x_wconf 89' lang='lat' dir='ltr'><strong>quibus</strong></span> <span class='ocrx_word' id='word_1_573' title='bbox 1211 4592 1440 4647; x_wconf 82' lang='lat' dir='ltr'><strong>debeant</strong></span> <span class='ocrx_word' id='word_1_574' title='bbox 1480 4590 1643 4657; x_wconf 84' lang='lat' dir='ltr'><strong>flere;</strong></span> <span class='ocrx_word' id='word_1_575' title='bbox 1688 4593 1742 4647; x_wconf 89' lang='lat' dir='ltr'><strong>in</strong></span> <span class='ocrx_word' id='word_1_576' title='bbox 1784 4591 2112 4661; x_wconf 83' lang='lat' dir='ltr'><strong>perfectione</strong></span> 
     </span>
    </p>
   </div>
   <div class='ocr_carea' id='block_1_74' title="bbox 555 4681 2113 4760">
    <p class='ocr_par' dir='ltr' id='par_1_74' title="bbox 555 4681 2113 4760">
     <span class='ocr_line' id='line_1_74' title="bbox 555 4681 2113 4760; baseline 0.001 -22"><span class='ocrx_word' id='word_1_577' title='bbox 555 4683 940 4747; x_wconf 77' lang='lat' dir='ltr'><strong>fortitudinem,</strong></span> <span class='ocrx_word' id='word_1_578' title='bbox 963 4692 1024 4738; x_wconf 89' lang='lat' dir='ltr'><strong>ut</strong></span> <span class='ocrx_word' id='word_1_579' title='bbox 1041 4683 1250 4760; x_wconf 75' lang='lat' dir='ltr'><strong>valeant</strong></span> <span class='ocrx_word' id='word_1_580' title='bbox 1276 4682 1521 4738; x_wconf 87' lang='lat' dir='ltr'><strong>tolerare.</strong></span> <span class='ocrx_word' id='word_1_581' title='bbox 1536 4682 1725 4738; x_wconf 88' lang='lat' dir='ltr'><strong>Omnia</strong></span> <span class='ocrx_word' id='word_1_582' title='bbox 1748 4682 1848 4738; x_wconf 85' lang='lat' dir='ltr'><strong>ista</strong></span> <span class='ocrx_word' id='word_1_583' title='bbox 1858 4681 2113 4739; x_wconf 85' lang='lat' dir='ltr'><strong>Dominus</strong></span> 
     </span>
    </p>
   </div>
   <div class='ocr_carea' id='block_1_75' title="bbox 557 4773 2108 4847">
    <p class='ocr_par' dir='ltr' id='par_1_75' title="bbox 557 4773 2108 4847">
     <span class='ocr_line' id='line_1_75' title="bbox 557 4773 2108 4847; baseline -0.003 -15"><span class='ocrx_word' id='word_1_584' title='bbox 557 4777 761 4832; x_wconf 81' lang='lat' dir='ltr'><strong>habuit.</strong></span> <span class='ocrx_word' id='word_1_585' title='bbox 785 4774 1092 4847; x_wconf 85' lang='lat' dir='ltr'><strong>Prophetas,</strong></span> <span class='ocrx_word' id='word_1_586' title='bbox 1122 4776 1626 4846; x_wconf 79' lang='lat' dir='ltr'><strong>pseudoprophetas,</strong></span> <span class='ocrx_word' id='word_1_587' title='bbox 1648 4774 1796 4829; x_wconf 90' lang='lat' dir='ltr'><strong>dicit.</strong></span> <span class='ocrx_word' id='word_1_588' title='bbox 1825 4773 2108 4829; x_wconf 84' lang='lat' dir='ltr'><strong>Peccatum</strong></span> 
     </span>
    </p>
   </div>
   <div class='ocr_carea' id='block_1_76' title="bbox 555 4865 2107 4940">
    <p class='ocr_par' dir='ltr' id='par_1_76' title="bbox 555 4865 2107 4940">
     <span class='ocr_line' id='line_1_76' title="bbox 555 4865 2107 4940; baseline -0.004 -16"><span class='ocrx_word' id='word_1_589' title='bbox 555 4884 725 4940; x_wconf 88' lang='lat' dir='ltr'><strong>usque</strong></span> <span class='ocrx_word' id='word_1_590' title='bbox 763 4869 831 4923; x_wconf 85' lang='lat' dir='ltr'><strong>ad</strong></span> <span class='ocrx_word' id='word_1_591' title='bbox 860 4880 1103 4923; x_wconf 89' lang='lat' dir='ltr'><strong>mortem.</strong></span> <span class='ocrx_word' id='word_1_592' title='bbox 1148 4867 1479 4939; x_wconf 89' lang='lat' dir='ltr'><strong>lmpugnatio</strong></span> <span class='ocrx_word' id='word_1_593' title='bbox 1523 4867 1822 4931; x_wconf 89' lang='lat' dir='ltr'><strong>charitatis,</strong></span> <span class='ocrx_word' id='word_1_594' title='bbox 1852 4865 2107 4921; x_wconf 84' lang='lat' dir='ltr'><strong>fraterni-</strong></span> 
     </span>
    </p>
   </div>
   <div class='ocr_carea' id='block_1_77' title="bbox 558 4954 2109 5029">
    <p class='ocr_par' dir='ltr' id='par_1_77' title="bbox 558 4954 2109 5029">
     <span class='ocr_line' id='line_1_77' title="bbox 558 4954 2109 5029; baseline -0.003 -15"><span class='ocrx_word' id='word_1_595' title='bbox 558 4962 707 5025; x_wconf 87' lang='lat' dir='ltr'><strong>tatis,</strong></span> <span class='ocrx_word' id='word_1_596' title='bbox 734 4974 834 5029; x_wconf 88' lang='lat' dir='ltr'><strong>pro</strong></span> <span class='ocrx_word' id='word_1_597' title='bbox 858 4974 964 5029; x_wconf 92' lang='lat' dir='ltr'><strong>quo</strong></span> <span class='ocrx_word' id='word_1_598' title='bbox 989 4959 1184 5015; x_wconf 85' lang='lat' dir='ltr'><strong>Paulus</strong></span> <span class='ocrx_word' id='word_1_599' title='bbox 1212 4975 1317 5014; x_wconf 91' lang='lat' dir='ltr'><strong>non</strong></span> <span class='ocrx_word' id='word_1_600' title='bbox 1341 4967 1459 5014; x_wconf 92' lang='lat' dir='ltr'><strong>orat</strong></span> <span class='ocrx_word' id='word_1_601' title='bbox 1484 4974 1581 5028; x_wconf 90' lang='lat' dir='ltr'><strong>pro</strong></span> <span class='ocrx_word' id='word_1_602' title='bbox 1606 4956 1924 5012; x_wconf 84' lang='lat' dir='ltr'><strong>Alexandro.</strong></span> <span class='ocrx_word' id='word_1_603' title='bbox 1955 4954 2109 5011; x_wconf 89' lang='lat' dir='ltr'><strong>Omni</strong></span> 
     </span>
    </p>
   </div>
   <div class='ocr_carea' id='block_1_78' title="bbox 550 5047 2112 5120">
    <p class='ocr_par' dir='ltr' id='par_1_78' title="bbox 550 5047 2112 5120">
     <span class='ocr_line' id='line_1_78' title="bbox 550 5047 2112 5120; baseline -0.002 -16"><span class='ocrx_word' id='word_1_604' title='bbox 550 5051 762 5119; x_wconf 77' lang='lat' dir='ltr'><strong>petenti.</strong></span> <span class='ocrx_word' id='word_1_605' title='bbox 790 5049 847 5105; x_wconf 91' lang='lat' dir='ltr'><strong>ld</strong></span> <span class='ocrx_word' id='word_1_606' title='bbox 875 5057 959 5105; x_wconf 86' lang='lat' dir='ltr'><strong>est</strong></span> <span class='ocrx_word' id='word_1_607' title='bbox 995 5050 1215 5105; x_wconf 85' lang='lat' dir='ltr'><strong>honeste</strong></span> <span class='ocrx_word' id='word_1_608' title='bbox 1240 5059 1293 5104; x_wconf 89' lang='lat' dir='ltr'><strong>et</strong></span> <span class='ocrx_word' id='word_1_609' title='bbox 1321 5049 1482 5120; x_wconf 91' lang='lat' dir='ltr'><strong>juste.</strong></span> <span class='ocrx_word' id='word_1_610' title='bbox 1514 5048 1739 5105; x_wconf 84' lang='lat' dir='ltr'><strong>Fructus</strong></span> <span class='ocrx_word' id='word_1_611' title='bbox 1767 5047 1956 5111; x_wconf 88' lang='lat' dir='ltr'><strong>malus,</strong></span> <span class='ocrx_word' id='word_1_612' title='bbox 1985 5061 2112 5116; x_wconf 91' lang='lat' dir='ltr'><strong>ope-</strong></span> 
     </span>
    </p>
   </div>
   <div class='ocr_carea' id='block_1_79' title="bbox 556 5130 2110 5211">
    <p class='ocr_par' dir='ltr' id='par_1_79' title="bbox 556 5130 2110 5211">
     <span class='ocr_line' id='line_1_79' title="bbox 556 5130 2110 5211; baseline -0.004 -13"><span class='ocrx_word' id='word_1_613' title='bbox 556 5146 698 5199; x_wconf 86' lang='lat' dir='ltr'><strong>ratio</strong></span> <span class='ocrx_word' id='word_1_614' title='bbox 735 5143 934 5209; x_wconf 89' lang='lat' dir='ltr'><strong>carnis,</strong></span> <span class='ocrx_word' id='word_1_615' title='bbox 978 5142 1277 5208; x_wconf 86' lang='lat' dir='ltr'><strong>fornicatio,</strong></span> <span class='ocrx_word' id='word_1_616' title='bbox 1306 5150 1410 5198; x_wconf 90' lang='lat' dir='ltr'><strong>etc.</strong></span> <span class='ocrx_word' id='word_1_617' title='bbox 1440 5130 1667 5197; x_wconf 84' lang='lat' dir='ltr'><strong>Fructus</strong></span> <span class='ocrx_word' id='word_1_618' title='bbox 1692 5140 1929 5211; x_wconf 77' lang='lat' dir='ltr'><strong>spiritus,</strong></span> <span class='ocrx_word' id='word_1_619' title='bbox 1957 5138 2110 5194; x_wconf 90' lang='lat' dir='ltr'><strong>boni-</strong></span> 
     </span>
    </p>
   </div>
   <div class='ocr_carea' id='block_1_80' title="bbox 556 5230 2104 5305">
    <p class='ocr_par' dir='ltr' id='par_1_80' title="bbox 556 5230 2104 5305">
     <span class='ocr_line' id='line_1_80' title="bbox 556 5230 2104 5305; baseline -0.005 -15"><span class='ocrx_word' id='word_1_620' title='bbox 556 5246 659 5298; x_wconf 87' lang='lat' dir='ltr'><strong>tas.</strong></span> <span class='ocrx_word' id='word_1_621' title='bbox 703 5234 954 5291; x_wconf 75' lang='lat' dir='ltr'><strong>Charitas.</strong></span> <span class='ocrx_word' id='word_1_622' title='bbox 999 5233 1209 5305; x_wconf 86' lang='lat' dir='ltr'><strong>Spinas,</strong></span> <span class='ocrx_word' id='word_1_623' title='bbox 1258 5231 1438 5288; x_wconf 75' lang='lat' dir='ltr'><strong>saeculi</strong></span> <span class='ocrx_word' id='word_1_624' title='bbox 1484 5247 1666 5297; x_wconf 89' lang='lat' dir='ltr'><strong>curas;</strong></span> <span class='ocrx_word' id='word_1_625' title='bbox 1706 5230 2104 5285; x_wconf 86' lang='lat' dir='ltr'><strong>fundamentum</strong></span> 
     </span>
    </p>
   </div>
   <div class='ocr_carea' id='block_1_81' title="bbox 554 5324 2107 5400">
    <p class='ocr_par' dir='ltr' id='par_1_81' title="bbox 554 5324 2107 5400">
     <span class='ocr_line' id='line_1_81' title="bbox 554 5324 2107 5400; baseline -0.005 -16"><span class='ocrx_word' id='word_1_626' title='bbox 554 5329 912 5400; x_wconf 81' lang='lat' dir='ltr'><strong>singulariter,</strong></span> <span class='ocrx_word' id='word_1_627' title='bbox 940 5327 1212 5392; x_wconf 80' lang='lat' dir='ltr'><strong>Christus;</strong></span> <span class='ocrx_word' id='word_1_628' title='bbox 1245 5325 1585 5381; x_wconf 88' lang='lat' dir='ltr'><strong>fundamenta</strong></span> <span class='ocrx_word' id='word_1_629' title='bbox 1608 5324 1898 5394; x_wconf 88' lang='lat' dir='ltr'><strong>pluraliter,</strong></span> <span class='ocrx_word' id='word_1_630' title='bbox 1927 5324 2107 5378; x_wconf 88' lang='lat' dir='ltr'><strong>docto-</strong></span> 
     </span>
    </p>
   </div>
   <div class='ocr_carea' id='block_1_82' title="bbox 556 5412 2104 5484">
    <p class='ocr_par' dir='ltr' id='par_1_82' title="bbox 556 5412 2104 5484">
     <span class='ocr_line' id='line_1_82' title="bbox 556 5412 2104 5484; baseline -0.003 -14"><span class='ocrx_word' id='word_1_631' title='bbox 556 5432 660 5473; x_wconf 89' lang='lat' dir='ltr'><strong>res.</strong></span> <span class='ocrx_word' id='word_1_632' title='bbox 686 5416 891 5480; x_wconf 77' lang='lat' dir='ltr'><strong>Fossio,</strong></span> <span class='ocrx_word' id='word_1_633' title='bbox 922 5415 1143 5470; x_wconf 86' lang='lat' dir='ltr'><strong>intentio</strong></span> <span class='ocrx_word' id='word_1_634' title='bbox 1168 5428 1285 5484; x_wconf 76' lang='lat' dir='ltr'><strong>qua:</strong></span> <span class='ocrx_word' id='word_1_635' title='bbox 1307 5414 1374 5468; x_wconf 86' lang='lat' dir='ltr'><strong>de</strong></span> <span class='ocrx_word' id='word_1_636' title='bbox 1398 5414 1645 5468; x_wconf 88' lang='lat' dir='ltr'><strong>cordibus</strong></span> <span class='ocrx_word' id='word_1_637' title='bbox 1668 5412 1898 5468; x_wconf 79' lang='lat' dir='ltr'><strong>fidelium</strong></span> <span class='ocrx_word' id='word_1_638' title='bbox 1927 5412 2104 5466; x_wconf 83' lang='lat' dir='ltr'><strong>omnia</strong></span> 
     </span>
    </p>
   </div>
   <div class='ocr_carea' id='block_1_83' title="bbox 554 5501 2104 5569">
    <p class='ocr_par' dir='ltr' id='par_1_83' title="bbox 554 5501 2104 5569">
     <span class='ocr_line' id='line_1_83' title="bbox 554 5501 2104 5569; baseline -0.003 -9"><span class='ocrx_word' id='word_1_639' title='bbox 554 5516 765 5560; x_wconf 80' lang='lat' dir='ltr'><strong>terrena</strong></span> <span class='ocrx_word' id='word_1_640' title='bbox 788 5506 942 5559; x_wconf 86' lang='lat' dir='ltr'><strong>eruit.</strong></span> <span class='ocrx_word' id='word_1_641' title='bbox 966 5503 1252 5559; x_wconf 86' lang='lat' dir='ltr'><strong>Moraliter.</strong></span> <span class='ocrx_word' id='word_1_642' title='bbox 1279 5502 1663 5566; x_wconf 82' lang='lat' dir='ltr'><strong>Fundamenta,</strong></span> <span class='ocrx_word' id='word_1_643' title='bbox 1691 5501 2104 5569; x_wconf 87' lang='lat' dir='ltr'><strong>uniuscujusque</strong></span> 
     </span>
    </p>
   </div>
   <div class='ocr_carea' id='block_1_84' title="bbox 558 5588 2108 5661">
    <p class='ocr_par' dir='ltr' id='par_1_84' title="bbox 558 5588 2108 5661">
     <span class='ocr_line' id='line_1_84' title="bbox 558 5588 2108 5661; baseline -0.001 -15"><span class='ocrx_word' id='word_1_644' title='bbox 558 5593 903 5661; x_wconf 75' lang='lat' dir='ltr'><strong>cogitationes</strong></span> <span class='ocrx_word' id='word_1_645' title='bbox 928 5592 1012 5647; x_wconf 86' lang='lat' dir='ltr'><strong>vel</strong></span> <span class='ocrx_word' id='word_1_646' title='bbox 1041 5591 1358 5647; x_wconf 86' lang='lat' dir='ltr'><strong>intentiones</strong></span> <span class='ocrx_word' id='word_1_647' title='bbox 1384 5591 1553 5646; x_wconf 70' lang='lat' dir='ltr'><strong>bonae.</strong></span> <span class='ocrx_word' id='word_1_648' title='bbox 1596 5589 1857 5645; x_wconf 84' lang='lat' dir='ltr'><strong>Fluminis</strong></span> <span class='ocrx_word' id='word_1_649' title='bbox 1884 5588 2108 5648; x_wconf 85' lang='lat' dir='ltr'><strong>inunda-</strong></span> 
     </span>
    </p>
   </div>
   <div class='ocr_carea' id='block_1_85' title="bbox 2207 3152 3774 3226">
    <p class='ocr_par' dir='ltr' id='par_1_85' title="bbox 2207 3152 3774 3226">
     <span class='ocr_line' id='line_1_85' title="bbox 2207 3152 3774 3226; baseline 0 -18"><span class='ocrx_word' id='word_1_650' title='bbox 2207 3153 2340 3208; x_wconf 89' lang='lat' dir='ltr'><strong>senti</strong></span> <span class='ocrx_word' id='word_1_651' title='bbox 2379 3153 2557 3208; x_wconf 89' lang='lat' dir='ltr'><strong>carnis</strong></span> <span class='ocrx_word' id='word_1_652' title='bbox 2583 3152 2698 3221; x_wconf 86' lang='lat' dir='ltr'><strong>ejus</strong></span> <span class='ocrx_word' id='word_1_653' title='bbox 2722 3154 2973 3223; x_wconf 82' lang='lat' dir='ltr'><strong>mysteria</strong></span> <span class='ocrx_word' id='word_1_654' title='bbox 3000 3152 3332 3217; x_wconf 88' lang='lat' dir='ltr'><strong>celebrando,</strong></span> <span class='ocrx_word' id='word_1_655' title='bbox 3361 3154 3412 3206; x_wconf 90' lang='lat' dir='ltr'><strong>in</strong></span> <span class='ocrx_word' id='word_1_656' title='bbox 3439 3152 3623 3207; x_wconf 87' lang='lat' dir='ltr'><strong>futuro</strong></span> <span class='ocrx_word' id='word_1_657' title='bbox 3653 3156 3774 3226; x_wconf 80' lang='lat' dir='ltr'><strong>glo-</strong></span> 
     </span>
    </p>
   </div>
   <div class='ocr_carea' id='block_1_86' title="bbox 2205 3243 3775 3314">
    <p class='ocr_par' dir='ltr' id='par_1_86' title="bbox 2205 3243 3775 3314">
     <span class='ocr_line' id='line_1_86' title="bbox 2205 3243 3775 3314; baseline 0.005 -19"><span class='ocrx_word' id='word_1_658' title='bbox 2205 3243 2338 3296; x_wconf 88' lang='lat' dir='ltr'><strong>riam</strong></span> <span class='ocrx_word' id='word_1_659' title='bbox 2358 3244 2688 3306; x_wconf 68' lang='lat' dir='ltr'><strong>mternitatis,</strong></span> <span class='ocrx_word' id='word_1_660' title='bbox 2716 3245 2855 3313; x_wconf 86' lang='lat' dir='ltr'><strong>quod</strong></span> <span class='ocrx_word' id='word_1_661' title='bbox 2885 3244 2987 3299; x_wconf 87' lang='lat' dir='ltr'><strong>sibi</strong></span> <span class='ocrx_word' id='word_1_662' title='bbox 3022 3246 3234 3314; x_wconf 80' lang='lat' dir='ltr'><strong>turpiter</strong></span> <span class='ocrx_word' id='word_1_663' title='bbox 3258 3245 3518 3310; x_wconf 80' lang='lat' dir='ltr'><strong>exhibuit,</strong></span> <span class='ocrx_word' id='word_1_664' title='bbox 3550 3247 3661 3301; x_wconf 85' lang='lat' dir='ltr'><strong>hoc</strong></span> <span class='ocrx_word' id='word_1_665' title='bbox 3695 3258 3775 3303; x_wconf 87' lang='lat' dir='ltr'><strong>to-</strong></span> 
     </span>
    </p>
   </div>
   <div class='ocr_carea' id='block_1_87' title="bbox 2206 3332 3773 3407">
    <p class='ocr_par' dir='ltr' id='par_1_87' title="bbox 2206 3332 3773 3407">
     <span class='ocr_line' id='line_1_87' title="bbox 2206 3332 3773 3407; baseline 0.002 -20"><span class='ocrx_word' id='word_1_666' title='bbox 2206 3340 2316 3387; x_wconf 90' lang='lat' dir='ltr'><strong>tum</strong></span> <span class='ocrx_word' id='word_1_667' title='bbox 2343 3333 2395 3386; x_wconf 92' lang='lat' dir='ltr'><strong>in</strong></span> <span class='ocrx_word' id='word_1_668' title='bbox 2426 3333 2649 3387; x_wconf 87' lang='lat' dir='ltr'><strong>Domino</strong></span> <span class='ocrx_word' id='word_1_669' title='bbox 2679 3333 2973 3402; x_wconf 87' lang='lat' dir='ltr'><strong>replicavit.</strong></span> <span class='ocrx_word' id='word_1_670' title='bbox 3006 3333 3248 3388; x_wconf 62' lang='lat' dir='ltr'><strong>Pharisaei</strong></span> <span class='ocrx_word' id='word_1_671' title='bbox 3272 3332 3556 3390; x_wconf 70' lang='lat' dir='ltr'><strong>Iudaicum</strong></span> <span class='ocrx_word' id='word_1_672' title='bbox 3594 3351 3773 3407; x_wconf 83' lang='lat' dir='ltr'><strong>popu-</strong></span> 
     </span>
    </p>
   </div>
   <div class='ocr_carea' id='block_1_88' title="bbox 2205 3422 3772 3501">
    <p class='ocr_par' dir='ltr' id='par_1_88' title="bbox 2205 3422 3772 3501">
     <span class='ocr_line' id='line_1_88' title="bbox 2205 3422 3772 3501; baseline 0.005 -26"><span class='ocrx_word' id='word_1_673' title='bbox 2205 3423 2315 3477; x_wconf 89' lang='lat' dir='ltr'><strong>lum</strong></span> <span class='ocrx_word' id='word_1_674' title='bbox 2347 3423 2666 3494; x_wconf 83' lang='lat' dir='ltr'><strong>significant.</strong></span> <span class='ocrx_word' id='word_1_675' title='bbox 2696 3424 2895 3501; x_wconf 85' lang='lat' dir='ltr'><strong>Domus</strong></span> <span class='ocrx_word' id='word_1_676' title='bbox 2924 3422 3178 3479; x_wconf 57' lang='lat' dir='ltr'><strong>Pharisaei</strong></span> <span class='ocrx_word' id='word_1_677' title='bbox 3210 3424 3448 3479; x_wconf 83' lang='lat' dir='ltr'><strong>custodia</strong></span> <span class='ocrx_word' id='word_1_678' title='bbox 3488 3424 3631 3497; x_wconf 77' lang='lat' dir='ltr'><strong>legis</strong></span> <span class='ocrx_word' id='word_1_679' title='bbox 3660 3438 3772 3494; x_wconf 79' lang='lat' dir='ltr'><strong>est,</strong></span> 
     </span>
    </p>
   </div>
   <div class='ocr_carea' id='block_1_89' title="bbox 2206 3513 3055 3584">
    <p class='ocr_par' dir='ltr' id='par_1_89' title="bbox 2206 3513 3055 3584">
     <span class='ocr_line' id='line_1_89' title="bbox 2206 3513 3055 3584; baseline 0 -16"><span class='ocrx_word' id='word_1_680' title='bbox 2206 3513 2494 3571; x_wconf 88' lang='lat' dir='ltr'><strong>discubuit.</strong></span> <span class='ocrx_word' id='word_1_681' title='bbox 2522 3514 2574 3568; x_wconf 89' lang='lat' dir='ltr'><strong>in</strong></span> <span class='ocrx_word' id='word_1_682' title='bbox 2601 3528 2762 3568; x_wconf 86' lang='lat' dir='ltr'><strong>carne</strong></span> <span class='ocrx_word' id='word_1_683' title='bbox 2789 3515 3055 3584; x_wconf 88' lang='lat' dir='ltr'><strong>apparuit.</strong></span> 
     </span>
    </p>
   </div>
   <div class='ocr_carea' id='block_1_90' title="bbox 2277 3604 3777 3675">
    <p class='ocr_par' dir='ltr' id='par_1_90' title="bbox 2277 3604 3777 3675">
     <span class='ocr_line' id='line_1_90' title="bbox 2277 3604 3777 3675; baseline 0.005 -17"><span class='ocrx_word' id='word_1_684' title='bbox 2277 3605 2391 3658; x_wconf 91' lang='lat' dir='ltr'><strong>Duo</strong></span> <span class='ocrx_word' id='word_1_685' title='bbox 2423 3605 2691 3660; x_wconf 89' lang='lat' dir='ltr'><strong>debitores</strong></span> <span class='ocrx_word' id='word_1_686' title='bbox 2722 3604 2826 3659; x_wconf 90' lang='lat' dir='ltr'><strong>duo</strong></span> <span class='ocrx_word' id='word_1_687' title='bbox 2854 3606 3056 3675; x_wconf 89' lang='lat' dir='ltr'><strong>populi,</strong></span> <span class='ocrx_word' id='word_1_688' title='bbox 3093 3605 3178 3661; x_wconf 91' lang='lat' dir='ltr'><strong>vel</strong></span> <span class='ocrx_word' id='word_1_689' title='bbox 3200 3605 3514 3661; x_wconf 63' lang='lat' dir='ltr'><strong>.Phariszus</strong></span> <span class='ocrx_word' id='word_1_690' title='bbox 3554 3617 3612 3663; x_wconf 88' lang='lat' dir='ltr'><strong>et</strong></span> <span class='ocrx_word' id='word_1_691' title='bbox 3639 3625 3777 3665; x_wconf 83' lang='lat' dir='ltr'><strong>mu-</strong></span> 
     </span>
    </p>
   </div>
   <div class='ocr_carea' id='block_1_91' title="bbox 2206 3694 3778 3762">
    <p class='ocr_par' dir='ltr' id='par_1_91' title="bbox 2206 3694 3778 3762">
     <span class='ocr_line' id='line_1_91' title="bbox 2206 3694 3778 3762; baseline 0.006 -15"><span class='ocrx_word' id='word_1_692' title='bbox 2206 3694 2324 3749; x_wconf 88' lang='lat' dir='ltr'><strong>lier.</strong></span> <span class='ocrx_word' id='word_1_693' title='bbox 2386 3695 2709 3761; x_wconf 86' lang='lat' dir='ltr'><strong>Fenerator,</strong></span> <span class='ocrx_word' id='word_1_694' title='bbox 2764 3706 2985 3749; x_wconf 84' lang='lat' dir='ltr'><strong>creator.</strong></span> <span class='ocrx_word' id='word_1_695' title='bbox 3033 3696 3328 3753; x_wconf 82' lang='lat' dir='ltr'><strong>Chorozain</strong></span> <span class='ocrx_word' id='word_1_696' title='bbox 3351 3737 3368 3762; x_wconf 91' lang='lat'><strong>,</strong></span> <span class='ocrx_word' id='word_1_697' title='bbox 3416 3699 3778 3756; x_wconf 70' lang='lat' dir='ltr'><strong>ministerium</strong></span> 
     </span>
    </p>
   </div>
   <div class='ocr_carea' id='block_1_92' title="bbox 2207 3784 3779 3856">
    <p class='ocr_par' dir='ltr' id='par_1_92' title="bbox 2207 3784 3779 3856">
     <span class='ocr_line' id='line_1_92' title="bbox 2207 3784 3779 3856; baseline 0.006 -19"><span class='ocrx_word' id='word_1_698' title='bbox 2207 3800 2395 3839; x_wconf 79' lang='lat' dir='ltr'><strong>meum.</strong></span> <span class='ocrx_word' id='word_1_699' title='bbox 2433 3784 2657 3850; x_wconf 81' lang='lat' dir='ltr'><strong>Joanna,</strong></span> <span class='ocrx_word' id='word_1_700' title='bbox 2686 3785 2893 3839; x_wconf 65' lang='lat' dir='ltr'><strong>Domini</strong></span> <span class='ocrx_word' id='word_1_701' title='bbox 2935 3787 3130 3856; x_wconf 82' lang='lat' dir='ltr'><strong>gratia,</strong></span> <span class='ocrx_word' id='word_1_702' title='bbox 3157 3787 3243 3843; x_wconf 89' lang='lat' dir='ltr'><strong>vel</strong></span> <span class='ocrx_word' id='word_1_703' title='bbox 3277 3787 3531 3842; x_wconf 72' lang='lat' dir='ltr'><strong>Dominus</strong></span> <span class='ocrx_word' id='word_1_704' title='bbox 3566 3792 3779 3845; x_wconf 73' lang='lat' dir='ltr'><strong>miseri-</strong></span> 
     </span>
    </p>
   </div>
   <div class='ocr_carea' id='block_1_93' title="bbox 2206 3875 3779 3946">
    <p class='ocr_par' dir='ltr' id='par_1_93' title="bbox 2206 3875 3779 3946">
     <span class='ocr_line' id='line_1_93' title="bbox 2206 3875 3779 3946; baseline 0.005 -17"><span class='ocrx_word' id='word_1_705' title='bbox 2206 3892 2337 3930; x_wconf 82' lang='lat' dir='ltr'><strong>cors.</strong></span> <span class='ocrx_word' id='word_1_706' title='bbox 2356 3875 2622 3944; x_wconf 90' lang='lat' dir='ltr'><strong>Susanna,</strong></span> <span class='ocrx_word' id='word_1_707' title='bbox 2649 3876 2834 3931; x_wconf 81' lang='lat' dir='ltr'><strong>lilium.</strong></span> <span class='ocrx_word' id='word_1_708' title='bbox 2862 3876 3027 3932; x_wconf 78' lang='lat' dir='ltr'><strong>Maria</strong></span> <span class='ocrx_word' id='word_1_709' title='bbox 3050 3879 3159 3943; x_wconf 89' lang='lat' dir='ltr'><strong>hic,</strong></span> <span class='ocrx_word' id='word_1_710' title='bbox 3187 3894 3425 3933; x_wconf 74' lang='lat' dir='ltr'><strong>amarum</strong></span> <span class='ocrx_word' id='word_1_711' title='bbox 3451 3896 3629 3946; x_wconf 70' lang='lat' dir='ltr'><strong>more;</strong></span> <span class='ocrx_word' id='word_1_712' title='bbox 3660 3899 3779 3937; x_wconf 80' lang='lat' dir='ltr'><strong>ina-</strong></span> 
     </span>
    </p>
   </div>
   <div class='ocr_carea' id='block_1_94' title="bbox 2207 3967 3774 4037">
    <p class='ocr_par' dir='ltr' id='par_1_94' title="bbox 2207 3967 3774 4037">
     <span class='ocr_line' id='line_1_94' title="bbox 2207 3967 3774 4037; baseline 0.004 -17"><span class='ocrx_word' id='word_1_713' title='bbox 2207 3967 2440 4037; x_wconf 87' lang='lat' dir='ltr'><strong>gdalum,</strong></span> <span class='ocrx_word' id='word_1_714' title='bbox 2461 3967 2637 4029; x_wconf 80' lang='lat' dir='ltr'><strong>turris.</strong></span> <span class='ocrx_word' id='word_1_715' title='bbox 2661 3967 2719 4021; x_wconf 89' lang='lat' dir='ltr'><strong>In</strong></span> <span class='ocrx_word' id='word_1_716' title='bbox 2742 3977 2886 4037; x_wconf 88' lang='lat' dir='ltr'><strong>petra</strong></span> <span class='ocrx_word' id='word_1_717' title='bbox 2915 3983 3019 4022; x_wconf 88' lang='lat' dir='ltr'><strong>non</strong></span> <span class='ocrx_word' id='word_1_718' title='bbox 3043 3967 3144 4022; x_wconf 91' lang='lat' dir='ltr'><strong>fuit</strong></span> <span class='ocrx_word' id='word_1_719' title='bbox 3162 3970 3576 4037; x_wconf 70' lang='lat' dir='ltr'><strong>perseverantiae</strong></span> <span class='ocrx_word' id='word_1_720' title='bbox 3596 3986 3774 4033; x_wconf 82' lang='lat' dir='ltr'><strong>amor.</strong></span> 
     </span>
    </p>
   </div>
   <div class='ocr_carea' id='block_1_95' title="bbox 2206 4060 3779 4132">
    <p class='ocr_par' dir='ltr' id='par_1_95' title="bbox 2206 4060 3779 4132">
     <span class='ocr_line' id='line_1_95' title="bbox 2206 4060 3779 4132; baseline 0.004 -18"><span class='ocrx_word' id='word_1_721' title='bbox 2206 4075 2306 4115; x_wconf 88' lang='lat' dir='ltr'><strong>nec</strong></span> <span class='ocrx_word' id='word_1_722' title='bbox 2350 4060 2403 4115; x_wconf 93' lang='lat' dir='ltr'><strong>in</strong></span> <span class='ocrx_word' id='word_1_723' title='bbox 2448 4061 2780 4130; x_wconf 85' lang='lat' dir='ltr'><strong>lampadibus</strong></span> <span class='ocrx_word' id='word_1_724' title='bbox 2814 4061 3066 4117; x_wconf 90' lang='lat' dir='ltr'><strong>denarius</strong></span> <span class='ocrx_word' id='word_1_725' title='bbox 3111 4061 3474 4132; x_wconf 88' lang='lat' dir='ltr'><strong>perfectionis.</strong></span> <span class='ocrx_word' id='word_1_726' title='bbox 3503 4063 3687 4119; x_wconf 78' lang='lat' dir='ltr'><strong>Activa</strong></span> <span class='ocrx_word' id='word_1_727' title='bbox 3716 4076 3779 4120; x_wconf 85' lang='lat' dir='ltr'><strong>et</strong></span> 
     </span>
    </p>
   </div>
   <div class='ocr_carea' id='block_1_96' title="bbox 2206 4151 3773 4223">
    <p class='ocr_par' dir='ltr' id='par_1_96' title="bbox 2206 4151 3773 4223">
     <span class='ocr_line' id='line_1_96' title="bbox 2206 4151 3773 4223; baseline 0.003 -18"><span class='ocrx_word' id='word_1_728' title='bbox 2206 4151 2619 4221; x_wconf 84' lang='lat' dir='ltr'><strong>contemplativa</strong></span> <span class='ocrx_word' id='word_1_729' title='bbox 2649 4153 2701 4206; x_wconf 92' lang='lat' dir='ltr'><strong>in</strong></span> <span class='ocrx_word' id='word_1_730' title='bbox 2733 4152 3003 4222; x_wconf 83' lang='lat' dir='ltr'><strong>decalogo.</strong></span> <span class='ocrx_word' id='word_1_731' title='bbox 3051 4152 3108 4206; x_wconf 89' lang='lat' dir='ltr'><strong>In</strong></span> <span class='ocrx_word' id='word_1_732' title='bbox 3153 4153 3352 4215; x_wconf 82' lang='lat' dir='ltr'><strong>activa,</strong></span> <span class='ocrx_word' id='word_1_733' title='bbox 3380 4153 3595 4209; x_wconf 68' lang='lat' dir='ltr'><strong>dilectio</strong></span> <span class='ocrx_word' id='word_1_734' title='bbox 3640 4170 3773 4223; x_wconf 54' lang='lat' dir='ltr'><strong>pro-</strong></span> 
     </span>
    </p>
   </div>
   <div class='ocr_carea' id='block_1_97' title="bbox 2206 4240 3772 4311">
    <p class='ocr_par' dir='ltr' id='par_1_97' title="bbox 2206 4240 3772 4311">
     <span class='ocr_line' id='line_1_97' title="bbox 2206 4240 3772 4311; baseline 0.003 -17"><span class='ocrx_word' id='word_1_735' title='bbox 2206 4241 2371 4306; x_wconf 82' lang='lat' dir='ltr'><strong>ximi;</strong></span> <span class='ocrx_word' id='word_1_736' title='bbox 2405 4242 2457 4295; x_wconf 91' lang='lat' dir='ltr'><strong>in</strong></span> <span class='ocrx_word' id='word_1_737' title='bbox 2488 4240 2894 4311; x_wconf 82' lang='lat' dir='ltr'><strong>contemplativa</strong></span> <span class='ocrx_word' id='word_1_738' title='bbox 2937 4240 3150 4295; x_wconf 88' lang='lat' dir='ltr'><strong>dilectio</strong></span> <span class='ocrx_word' id='word_1_739' title='bbox 3180 4240 3295 4295; x_wconf 87' lang='lat' dir='ltr'><strong>Dei.</strong></span> <span class='ocrx_word' id='word_1_740' title='bbox 3338 4242 3615 4305; x_wconf 72' lang='lat' dir='ltr'><strong>Lucerna,</strong></span> <span class='ocrx_word' id='word_1_741' title='bbox 3644 4258 3772 4298; x_wconf 72' lang='lat' dir='ltr'><strong>ver—</strong></span> 
     </span>
    </p>
   </div>
   <div class='ocr_carea' id='block_1_98' title="bbox 2209 4329 3773 4416">
    <p class='ocr_par' dir='ltr' id='par_1_98' title="bbox 2209 4329 3773 4416">
     <span class='ocr_line' id='line_1_98' title="bbox 2209 4329 3773 4416; baseline -0.001 -31"><span class='ocrx_word' id='word_1_742' title='bbox 2209 4331 2336 4385; x_wconf 89' lang='lat' dir='ltr'><strong>bum</strong></span> <span class='ocrx_word' id='word_1_743' title='bbox 2363 4329 2486 4395; x_wconf 89' lang='lat' dir='ltr'><strong>Dei;</strong></span> <span class='ocrx_word' id='word_1_744' title='bbox 2518 4346 2612 4386; x_wconf 88' lang='lat' dir='ltr'><strong>vas</strong></span> <span class='ocrx_word' id='word_1_745' title='bbox 2640 4330 2868 4416; x_wconf 81' lang='lat' dir='ltr'><strong>electum</strong></span> <span class='ocrx_word' id='word_1_746' title='bbox 2896 4344 3077 4395; x_wconf 87' lang='lat' dir='ltr'><strong>carne,</strong></span> <span class='ocrx_word' id='word_1_747' title='bbox 3111 4330 3195 4385; x_wconf 86' lang='lat' dir='ltr'><strong>vel</strong></span> <span class='ocrx_word' id='word_1_748' title='bbox 3232 4346 3328 4385; x_wconf 84' lang='lat' dir='ltr'><strong>vas</strong></span> <span class='ocrx_word' id='word_1_749' title='bbox 3361 4333 3625 4397; x_wconf 70' lang='lat' dir='ltr'><strong>avaritiae,</strong></span> <span class='ocrx_word' id='word_1_750' title='bbox 3660 4343 3773 4386; x_wconf 82' lang='lat' dir='ltr'><strong>ter-</strong></span> 
     </span>
    </p>
   </div>
   <div class='ocr_carea' id='block_1_99' title="bbox 446 4404 2107 4493">
    <p class='ocr_par' dir='ltr' id='par_1_99' title="bbox 446 4407 2106 4479">
     <span class='ocr_line' id='line_1_99' title="bbox 446 4407 2106 4479; baseline 0 -18"><span class='ocrx_word' id='word_1_751' title='bbox 446 4458 449 4461; x_wconf 33' lang='grc' dir='ltr'><em>ι</em></span> <span class='ocrx_word' id='word_1_752' title='bbox 554 4409 729 4464; x_wconf 88' lang='lat' dir='ltr'><strong>Lucas</strong></span> <span class='ocrx_word' id='word_1_753' title='bbox 771 4410 995 4465; x_wconf 86' lang='lat' dir='ltr'><strong>virtutes</strong></span> <span class='ocrx_word' id='word_1_754' title='bbox 1036 4408 1374 4479; x_wconf 89' lang='lat' dir='ltr'><strong>amplectitur</strong></span> <span class='ocrx_word' id='word_1_755' title='bbox 1409 4426 1422 4462; x_wconf 92' lang='lat'>:</span> <span class='ocrx_word' id='word_1_756' title='bbox 1457 4407 1512 4463; x_wconf 93' lang='lat' dir='ltr'><strong>in</strong></span> <span class='ocrx_word' id='word_1_757' title='bbox 1563 4415 1871 4478; x_wconf 87' lang='lat' dir='ltr'><strong>paupertate</strong></span> <span class='ocrx_word' id='word_1_758' title='bbox 1906 4415 2106 4477; x_wconf 90' lang='lat' dir='ltr'><strong>tempe-</strong></span> 
     </span>
    </p>
   </div>
   <div class='ocr_carea' id='block_1_100' title="bbox 2208 4404 3773 4493">
    <p class='ocr_par' dir='ltr' id='par_1_100' title="bbox 2213 4407 3773 4493">
     <span class='ocr_line' id='line_1_100' title="bbox 2213 4407 3773 4493; baseline 0.001 -18"><span class='ocrx_word' id='word_1_759' title='bbox 2213 4436 2370 4477; x_wconf 89' lang='lat' dir='ltr'><strong>renas</strong></span> <span class='ocrx_word' id='word_1_760' title='bbox 2419 4423 2715 4493; x_wconf 88' lang='lat' dir='ltr'><strong>voluptates</strong></span> <span class='ocrx_word' id='word_1_761' title='bbox 2731 4407 2756 4487; x_wconf 69' lang='grc'><strong>,’</strong></span> <span class='ocrx_word' id='word_1_762' title='bbox 2784 4438 2906 4493; x_wconf 64' lang='lat' dir='ltr'><strong>quae</strong></span> <span class='ocrx_word' id='word_1_763' title='bbox 2945 4430 3069 4478; x_wconf 82' lang='lat' dir='ltr'><strong>sunt</strong></span> <span class='ocrx_word' id='word_1_764' title='bbox 3117 4422 3351 4487; x_wconf 87' lang='lat' dir='ltr'><strong>lectum,</strong></span> <span class='ocrx_word' id='word_1_765' title='bbox 3390 4423 3773 4479; x_wconf 75' lang='lat' dir='ltr'><strong>candelabrum</strong></span> 
     </span>
    </p>
   </div>
   <div class='ocr_carea' id='block_1_101' title="bbox 553 4498 2154 4585">
    <p class='ocr_par' dir='ltr' id='par_1_101' title="bbox 553 4498 2154 4585">
     <span class='ocr_line' id='line_1_101' title="bbox 553 4498 2154 4585; baseline 0.001 -32"><span class='ocrx_word' id='word_1_766' title='bbox 553 4501 806 4564; x_wconf 88' lang='lat' dir='ltr'><strong>rantiam,</strong></span> <span class='ocrx_word' id='word_1_767' title='bbox 840 4501 894 4554; x_wconf 87' lang='lat' dir='ltr'><strong>in</strong></span> <span class='ocrx_word' id='word_1_768' title='bbox 930 4501 1107 4555; x_wconf 82' lang='lat' dir='ltr'><strong>esurie</strong></span> <span class='ocrx_word' id='word_1_769' title='bbox 1143 4498 1427 4567; x_wconf 89' lang='lat' dir='ltr'><strong>justitiam,</strong></span> <span class='ocrx_word' id='word_1_770' title='bbox 1472 4500 1527 4554; x_wconf 89' lang='lat' dir='ltr'><strong>in</strong></span> <span class='ocrx_word' id='word_1_771' title='bbox 1561 4499 1706 4555; x_wconf 90' lang='lat' dir='ltr'><strong>luctu</strong></span> <span class='ocrx_word' id='word_1_772' title='bbox 1752 4500 2107 4570; x_wconf 88' lang='lat' dir='ltr'><strong>prudentiam,</strong></span> <span class='ocrx_word' id='word_1_773' title='bbox 2128 4565 2154 4585; x_wconf 32' lang='grc' dir='ltr'>χ</span> 
     </span>
    </p>
   </div>
   <div class='ocr_carea' id='block_1_102' title="bbox 2212 4516 3779 4587">
    <p class='ocr_par' dir='ltr' id='par_1_102' title="bbox 2212 4516 3779 4587">
     <span class='ocr_line' id='line_1_102' title="bbox 2212 4516 3779 4587; baseline -0.003 -16"><span class='ocrx_word' id='word_1_774' title='bbox 2212 4531 2421 4587; x_wconf 90' lang='lat' dir='ltr'><strong>corpus.</strong></span> <span class='ocrx_word' id='word_1_775' title='bbox 2451 4516 2551 4585; x_wconf 87' lang='lat' dir='ltr'><strong>Qui</strong></span> <span class='ocrx_word' id='word_1_776' title='bbox 2586 4517 2728 4571; x_wconf 85' lang='lat' dir='ltr'><strong>enim</strong></span> <span class='ocrx_word' id='word_1_777' title='bbox 2762 4517 2926 4571; x_wconf 88' lang='lat' dir='ltr'><strong>habet</strong></span> <span class='ocrx_word' id='word_1_778' title='bbox 2967 4517 3105 4570; x_wconf 86' lang='lat' dir='ltr'><strong>idem</strong></span> <span class='ocrx_word' id='word_1_779' title='bbox 3128 4530 3382 4571; x_wconf 11' lang='lat' dir='ltr'><strong>rumorem</strong></span> <span class='ocrx_word' id='word_1_780' title='bbox 3416 4517 3589 4576; x_wconf 87' lang='lat' dir='ltr'><strong>verbi,</strong></span> <span class='ocrx_word' id='word_1_781' title='bbox 3621 4517 3779 4571; x_wconf 11' lang='lat' dir='ltr'><strong>dubi-7</strong></span> 
     </span>
    </p>
   </div>
   <div class='ocr_carea' id='block_1_103' title="bbox 2209 4603 3772 4677">
    <p class='ocr_par' dir='ltr' id='par_1_103' title="bbox 2209 4603 3772 4677">
     <span class='ocr_line' id='line_1_103' title="bbox 2209 4603 3772 4677; baseline 0.002 -19"><span class='ocrx_word' id='word_1_782' title='bbox 2209 4616 2299 4660; x_wconf 86' lang='lat' dir='ltr'><strong>tur</strong></span> <span class='ocrx_word' id='word_1_783' title='bbox 2339 4620 2529 4661; x_wconf 87' lang='lat' dir='ltr'><strong>sensus</strong></span> <span class='ocrx_word' id='word_1_784' title='bbox 2561 4605 2903 4676; x_wconf 85' lang='lat' dir='ltr'><strong>intelligendi.</strong></span> <span class='ocrx_word' id='word_1_785' title='bbox 2942 4603 3190 4658; x_wconf 82' lang='lat' dir='ltr'><strong>Navicula</strong></span> <span class='ocrx_word' id='word_1_786' title='bbox 3218 4604 3308 4659; x_wconf 87' lang='lat' dir='ltr'><strong>hic</strong></span> <span class='ocrx_word' id='word_1_787' title='bbox 3351 4620 3569 4660; x_wconf 80' lang='lat' dir='ltr'><strong>crucem</strong></span> <span class='ocrx_word' id='word_1_788' title='bbox 3599 4606 3772 4677; x_wconf 77' lang='lat' dir='ltr'><strong>signi-</strong></span> 
     </span>
    </p>
   </div>
   <div class='ocr_carea' id='block_1_104' title="bbox 2211 4680 3773 4765">
    <p class='ocr_par' dir='ltr' id='par_1_104' title="bbox 2211 4680 3773 4765">
     <span class='ocr_line' id='line_1_104' title="bbox 2211 4680 3773 4765; baseline -0.001 -16"><span class='ocrx_word' id='word_1_789' title='bbox 2211 4695 2354 4759; x_wconf 81' lang='lat' dir='ltr'><strong>ilcat,</strong></span> <span class='ocrx_word' id='word_1_790' title='bbox 2385 4710 2570 4765; x_wconf 85' lang='lat' dir='ltr'><strong>gerasa</strong></span> <span class='ocrx_word' id='word_1_791' title='bbox 2610 4695 2855 4749; x_wconf 89' lang='lat' dir='ltr'><strong>colonum</strong></span> <span class='ocrx_word' id='word_1_792' title='bbox 2895 4691 3136 4762; x_wconf 87' lang='lat' dir='ltr'><strong>ejiciens,</strong></span> <span class='ocrx_word' id='word_1_793' title='bbox 3172 4680 3257 4749; x_wconf 79' lang='lat' dir='ltr'><strong>vel</strong></span> <span class='ocrx_word' id='word_1_794' title='bbox 3286 4694 3492 4749; x_wconf 68' lang='lat' dir='ltr'><strong>adma</strong></span> 
     </span>
    </p>
   </div>
   <div class='ocr_carea' id='block_1_105' title="bbox 2209 4782 3773 4855">
    <p class='ocr_par' dir='ltr' id='par_1_105' title="bbox 2209 4782 3773 4855">
     <span class='ocr_line' id='line_1_105' title="bbox 2209 4782 3773 4855; baseline -0.001 -15"><span class='ocrx_word' id='word_1_795' title='bbox 2209 4783 2554 4855; x_wconf 81' lang='lat' dir='ltr'><strong>gentilitatem</strong></span> <span class='ocrx_word' id='word_1_796' title='bbox 2597 4784 2878 4855; x_wconf 78' lang='lat' dir='ltr'><strong>signiﬁcat.</strong></span> <span class='ocrx_word' id='word_1_797' title='bbox 2931 4783 3066 4840; x_wconf 88' lang='lat' dir='ltr'><strong>Urbs</strong></span> <span class='ocrx_word' id='word_1_798' title='bbox 3110 4783 3336 4854; x_wconf 79' lang='lat' dir='ltr'><strong>insignis</strong></span> <span class='ocrx_word' id='word_1_799' title='bbox 3379 4793 3531 4838; x_wconf 80' lang='lat' dir='ltr'><strong>trans</strong></span> <span class='ocrx_word' id='word_1_800' title='bbox 3573 4782 3773 4839; x_wconf 68' lang='lat' dir='ltr'><strong>Iorda-</strong></span> 
     </span>
    </p>
   </div>
   <div class='ocr_carea' id='block_1_106' title="bbox 2208 4872 3783 4944">
    <p class='ocr_par' dir='ltr' id='par_1_106' title="bbox 2208 4872 3783 4944">
     <span class='ocr_line' id='line_1_106' title="bbox 2208 4872 3783 4944; baseline -0.001 -14"><span class='ocrx_word' id='word_1_801' title='bbox 2208 4891 2330 4930; x_wconf 89' lang='lat' dir='ltr'><strong>nem</strong></span> <span class='ocrx_word' id='word_1_802' title='bbox 2352 4874 2536 4944; x_wconf 86' lang='lat' dir='ltr'><strong>juncta</strong></span> <span class='ocrx_word' id='word_1_803' title='bbox 2563 4873 2783 4931; x_wconf 85' lang='lat' dir='ltr'><strong>Galaad.</strong></span> <span class='ocrx_word' id='word_1_804' title='bbox 2814 4874 2918 4928; x_wconf 89' lang='lat' dir='ltr'><strong>Per</strong></span> <span class='ocrx_word' id='word_1_805' title='bbox 2937 4874 3142 4944; x_wconf 85' lang='lat' dir='ltr'><strong>virgam</strong></span> <span class='ocrx_word' id='word_1_806' title='bbox 3165 4889 3285 4943; x_wconf 65' lang='lat' dir='ltr'><strong>qua:</strong></span> <span class='ocrx_word' id='word_1_807' title='bbox 3310 4874 3600 4929; x_wconf 74' lang='lat' dir='ltr'><strong>seatndmn</strong></span> <span class='ocrx_word' id='word_1_808' title='bbox 3628 4872 3783 4928; x_wconf 70' lang='lat' dir='ltr'><strong>lar-</strong></span> 
     </span>
    </p>
   </div>
   <div class='ocr_carea' id='block_1_107' title="bbox 2209 4962 3787 5033">
    <p class='ocr_par' dir='ltr' id='par_1_107' title="bbox 2209 4962 3787 5033">
     <span class='ocr_line' id='line_1_107' title="bbox 2209 4962 3787 5033; baseline 0.001 -15"><span class='ocrx_word' id='word_1_809' title='bbox 2209 4978 2329 5019; x_wconf 89' lang='lat' dir='ltr'><strong>cum</strong></span> <span class='ocrx_word' id='word_1_810' title='bbox 2360 4965 2638 5033; x_wconf 87' lang='lat' dir='ltr'><strong>portanda,</strong></span> <span class='ocrx_word' id='word_1_811' title='bbox 2681 4971 2918 5033; x_wconf 88' lang='lat' dir='ltr'><strong>potestas</strong></span> <span class='ocrx_word' id='word_1_812' title='bbox 2943 4962 3241 5033; x_wconf 88' lang='lat' dir='ltr'><strong>accipiendi</strong></span> <span class='ocrx_word' id='word_1_813' title='bbox 3277 4964 3335 5019; x_wconf 91' lang='lat' dir='ltr'><strong>in</strong></span> <span class='ocrx_word' id='word_1_814' title='bbox 3376 4962 3636 5030; x_wconf 76' lang='lat' dir='ltr'><strong>subjectis</strong></span> <span class='ocrx_word' id='word_1_815' title='bbox 3677 4964 3787 5019; x_wconf 78' lang='lat' dir='ltr'><strong>de-</strong></span> 
     </span>
    </p>
   </div>
   <div class='ocr_carea' id='block_1_108' title="bbox 2208 5054 3789 5124">
    <p class='ocr_par' dir='ltr' id='par_1_108' title="bbox 2208 5054 3789 5124">
     <span class='ocr_line' id='line_1_108' title="bbox 2208 5054 3789 5124; baseline 0.001 -16"><span class='ocrx_word' id='word_1_816' title='bbox 2208 5055 2465 5124; x_wconf 87' lang='lat' dir='ltr'><strong>signatur.</strong></span> <span class='ocrx_word' id='word_1_817' title='bbox 2498 5055 2563 5108; x_wconf 88' lang='lat' dir='ltr'><strong>Et</strong></span> <span class='ocrx_word' id='word_1_818' title='bbox 2586 5069 2655 5109; x_wconf 91' lang='lat' dir='ltr'><strong>ne</strong></span> <span class='ocrx_word' id='word_1_819' title='bbox 2683 5055 3030 5110; x_wconf 87' lang='lat' dir='ltr'><strong>induerentur</strong></span> <span class='ocrx_word' id='word_1_820' title='bbox 3058 5054 3267 5109; x_wconf 87' lang='lat' dir='ltr'><strong>duabus</strong></span> <span class='ocrx_word' id='word_1_821' title='bbox 3306 5054 3515 5115; x_wconf 84' lang='lat' dir='ltr'><strong>tunicis,</strong></span> <span class='ocrx_word' id='word_1_822' title='bbox 3559 5068 3789 5122; x_wconf 65' lang='lat' dir='ltr'><strong>praee-</strong></span> 
     </span>
    </p>
   </div>
   <div class='ocr_carea' id='block_1_109' title="bbox 2207 5143 3883 5231">
    <p class='ocr_par' dir='ltr' id='par_1_109' title="bbox 2207 5143 3883 5231">
     <span class='ocr_line' id='line_1_109' title="bbox 2207 5143 3883 5231; baseline 0.002 -33"><span class='ocrx_word' id='word_1_823' title='bbox 2207 5144 2287 5214; x_wconf 90' lang='lat' dir='ltr'><strong>pit</strong></span> <span class='ocrx_word' id='word_1_824' title='bbox 2310 5160 2416 5199; x_wconf 91' lang='lat' dir='ltr'><strong>non</strong></span> <span class='ocrx_word' id='word_1_825' title='bbox 2456 5144 2758 5214; x_wconf 87' lang='lat' dir='ltr'><strong>dupliciter,</strong></span> <span class='ocrx_word' id='word_1_826' title='bbox 2784 5145 2876 5199; x_wconf 85' lang='lat' dir='ltr'><strong>sed</strong></span> <span class='ocrx_word' id='word_1_827' title='bbox 2903 5143 3220 5214; x_wconf 82' lang='lat' dir='ltr'><strong>simpliciter</strong></span> <span class='ocrx_word' id='word_1_828' title='bbox 3245 5144 3505 5199; x_wconf 84' lang='lat' dir='ltr'><strong>incedere.</strong></span> <span class='ocrx_word' id='word_1_829' title='bbox 3554 5144 3785 5200; x_wconf 82' lang='lat' dir='ltr'><strong>Diversi</strong></span> <span class='ocrx_word' id='word_1_830' title='bbox 3882 5178 3883 5231; x_wconf 26' lang='grc' dir='ltr'>ᾗ</span> 
     </span>
    </p>
   </div>
   <div class='ocr_carea' id='block_1_110' title="bbox 2208 5232 3883 5303">
    <p class='ocr_par' dir='ltr' id='par_1_110' title="bbox 2208 5232 3883 5303">
     <span class='ocr_line' id='line_1_110' title="bbox 2208 5232 3883 5303; baseline -0.001 -13"><span class='ocrx_word' id='word_1_831' title='bbox 2208 5234 2603 5290; x_wconf 87' lang='lat' dir='ltr'><strong>convivantium</strong></span> <span class='ocrx_word' id='word_1_832' title='bbox 2631 5234 2926 5289; x_wconf 79' lang='lat' dir='ltr'><strong>discubints</strong></span> <span class='ocrx_word' id='word_1_833' title='bbox 2950 5232 3193 5288; x_wconf 81' lang='lat' dir='ltr'><strong>diversas</strong></span> <span class='ocrx_word' id='word_1_834' title='bbox 3228 5232 3491 5287; x_wconf 79' lang='lat' dir='ltr'><strong>Ecelcsias</strong></span> <span class='ocrx_word' id='word_1_835' title='bbox 3532 5248 3643 5303; x_wconf 85' lang='lat' dir='ltr'><strong>per</strong></span> <span class='ocrx_word' id='word_1_836' title='bbox 3688 5251 3789 5289; x_wconf 64' lang='lat' dir='ltr'><strong>oro</strong></span> <span class='ocrx_word' id='word_1_837' title='bbox 3882 5240 3883 5303; x_wconf 67' lang='lat'>1</span> 
     </span>
    </p>
   </div>
   <div class='ocr_carea' id='block_1_111' title="bbox 2209 5323 3789 5395">
    <p class='ocr_par' dir='ltr' id='par_1_111' title="bbox 2209 5323 3789 5395">
     <span class='ocr_line' id='line_1_111' title="bbox 2209 5323 3789 5395; baseline -0.002 -13"><span class='ocrx_word' id='word_1_838' title='bbox 2209 5326 2353 5382; x_wconf 80' lang='lat' dir='ltr'><strong>hem.</strong></span> <span class='ocrx_word' id='word_1_839' title='bbox 2395 5325 2805 5395; x_wconf 87' lang='lat' dir='ltr'><strong>Quinquaginta,</strong></span> <span class='ocrx_word' id='word_1_840' title='bbox 2850 5323 2977 5393; x_wconf 86' lang='lat' dir='ltr'><strong>quia</strong></span> <span class='ocrx_word' id='word_1_841' title='bbox 3021 5323 3491 5394; x_wconf 65' lang='lat' dir='ltr'><strong>quinquagesima:</strong></span> <span class='ocrx_word' id='word_1_842' title='bbox 3527 5324 3789 5393; x_wconf 73' lang='lat' dir='ltr'><strong>psalmus</strong></span> 
     </span>
    </p>
   </div>
   <div class='ocr_carea' id='block_1_112' title="bbox 2210 5415 3789 5487">
    <p class='ocr_par' dir='ltr' id='par_1_112' title="bbox 2210 5415 3789 5487">
     <span class='ocr_line' id='line_1_112' title="bbox 2210 5415 3789 5487; baseline 0.001 -17"><span class='ocrx_word' id='word_1_843' title='bbox 2210 5416 2554 5487; x_wconf 60' lang='lat' dir='ltr'><strong>poenitentiae.</strong></span> <span class='ocrx_word' id='word_1_844' title='bbox 2584 5416 2708 5470; x_wconf 89' lang='lat' dir='ltr'><strong>Dies</strong></span> <span class='ocrx_word' id='word_1_845' title='bbox 2731 5415 3128 5484; x_wconf 83' lang='lat' dir='ltr'><strong>assumptiouis,</strong></span> <span class='ocrx_word' id='word_1_846' title='bbox 3159 5422 3373 5485; x_wconf 81' lang='lat' dir='ltr'><strong>tempus</strong></span> <span class='ocrx_word' id='word_1_847' title='bbox 3394 5416 3675 5483; x_wconf 60' lang='lat' dir='ltr'><strong>lusionis</strong></span> <span class='ocrx_word' id='word_1_848' title='bbox 3701 5417 3789 5470; x_wconf 75' lang='lat' dir='ltr'><strong>di—</strong></span> 
     </span>
    </p>
   </div>
   <div class='ocr_carea' id='block_1_113' title="bbox 2210 5503 3787 5573">
    <p class='ocr_par' dir='ltr' id='par_1_113' title="bbox 2210 5503 3787 5573">
     <span class='ocr_line' id='line_1_113' title="bbox 2210 5503 3787 5573; baseline -0.001 -12"><span class='ocrx_word' id='word_1_849' title='bbox 2210 5507 2305 5561; x_wconf 88' lang='lat' dir='ltr'><strong>cit.</strong></span> <span class='ocrx_word' id='word_1_850' title='bbox 2340 5505 2585 5560; x_wconf 71' lang='lat' dir='ltr'><strong>Videbam</strong></span> <span class='ocrx_word' id='word_1_851' title='bbox 2620 5503 2892 5560; x_wconf 77' lang='lat' dir='ltr'><strong>Satanam.</strong></span> <span class='ocrx_word' id='word_1_852' title='bbox 2921 5503 3035 5559; x_wconf 80' lang='lat' dir='ltr'><strong>Non</strong></span> <span class='ocrx_word' id='word_1_853' title='bbox 3079 5505 3259 5569; x_wconf 88' lang='lat' dir='ltr'><strong>modo,</strong></span> <span class='ocrx_word' id='word_1_854' title='bbox 3284 5505 3381 5561; x_wconf 81' lang='lat' dir='ltr'><strong>sed</strong></span> <span class='ocrx_word' id='word_1_855' title='bbox 3424 5506 3579 5573; x_wconf 84' lang='lat' dir='ltr'><strong>prius</strong></span> <span class='ocrx_word' id='word_1_856' title='bbox 3624 5507 3787 5560; x_wconf 73' lang='lat' dir='ltr'><strong>vide-</strong></span> 
     </span>
    </p>
   </div>
   <div class='ocr_carea' id='block_1_114' title="bbox 2212 5594 3785 5664">
    <p class='ocr_par' dir='ltr' id='par_1_114' title="bbox 2212 5594 3785 5664">
     <span class='ocr_line' id='line_1_114' title="bbox 2212 5594 3785 5664; baseline 0 -13"><span class='ocrx_word' id='word_1_857' title='bbox 2212 5596 2333 5651; x_wconf 87' lang='lat' dir='ltr'><strong>bam</strong></span> <span class='ocrx_word' id='word_1_858' title='bbox 2375 5596 2586 5662; x_wconf 87' lang='lat' dir='ltr'><strong>quando</strong></span> <span class='ocrx_word' id='word_1_859' title='bbox 2627 5594 2851 5649; x_wconf 90' lang='lat' dir='ltr'><strong>corruit.</strong></span> <span class='ocrx_word' id='word_1_860' title='bbox 2896 5594 3101 5664; x_wconf 74' lang='lat' dir='ltr'><strong>Scripta</strong></span> <span class='ocrx_word' id='word_1_861' title='bbox 3146 5605 3268 5648; x_wconf 72' lang='lat' dir='ltr'><strong>sunt</strong></span> <span class='ocrx_word' id='word_1_862' title='bbox 3314 5596 3521 5650; x_wconf 68' lang='lat' dir='ltr'><strong>nomine</strong></span> <span class='ocrx_word' id='word_1_863' title='bbox 3561 5606 3785 5661; x_wconf 56' lang='lat' dir='ltr'><strong>nam,</strong></span> 
     </span>
    </p>
   </div>
  </div>
