3988 6186
245 268 370 326 1509

1288 254 1645 312 EXPOSITIO
1682 252 1928 309 BREVIS
1962 253 2032 310 lN
2072 250 2324 333 LUCAM.

3287 260 3427 317 1510

240 377 378 449 quasi
418 372 611 427 litteris
659 370 908 425 adnotata
961 368 1103 439 apud
1158 368 1251 422 Dei
1298 367 1617 422 memoriam
1665 338 1771 419 ﬁxa
1802 370 1848 428 Α
1874 365 2132 421 sibilitate
2164 369 2359 442 posuit,
2392 369 2444 429 id
2478 376 2563 424 est
2600 385 2802 426 rarum.
2838 369 2957 429 Alio
2982 386 3084 442 pro
3110 373 3425 444 ίωροεείδίιί

237 465 560 524 atterualiter.
595 461 848 515 Reuelasti
889 458 1136 530 parvulis.
1166 457 1444 513 Adventus
1486 457 1568 512 sui
1595 472 1773 511 sacra-

240 564 403 611 menta
442 551 695 619 apostolis
736 549 962 619 aperuit.
1012 547 1248 612 Timore,
1278 549 1493 601 damnat
1527 560 1771 601 acumen.

239 644 414 701 Omnia
441 641 565 695 mihi
604 639 799 694 tradita
826 649 965 694 sunt.
989 639 1044 694 id
1072 647 1155 693 est
1179 639 1356 694 omnia
1403 638 1591 703 electa,
1625 645 1685 692 ut
1708 637 1775 692 ad

238 749 316 789 me
356 732 588 786 veniant.
626 728 791 784 Nemo
819 730 913 783 scit
940 729 1029 800 qui
1068 729 1137 782 sit
1166 727 1338 783 Filius
1371 728 1473 781 nisi
1519 726 1697 790 Pater,
1727 736 1776 782 et

237 824 314 878 sui
341 820 553 877 voluerit
581 818 721 887 ﬁlius
760 820 1001 872 revelare.
1033 818 1167 885 Quia
1196 817 1263 871 ad
1293 825 1577 884 utrumque
1610 816 1778 892 respi-

238 916 325 975 cit.
350 920 401 967 et
426 911 492 964 ad
519 909 706 963 Filium
732 916 788 963 et
819 908 886 963 ad
919 907 1165 961 Patrem.
1183 906 1313 973 Quis
1348 915 1589 960 vestrum.
1631 904 1778 958 Ami-

238 1021 324 1061 cus
347 1002 594 1058 Dominus
620 999 946 1070 intelligitur.
974 998 1031 1052 In
1067 998 1238 1052 media
1274 1006 1451 1060 nocte,
1481 996 1533 1049 in
1563 995 1778 1050 tribula-

240 1096 389 1150 tione.
430 1091 485 1145 In
519 1106 657 1161 pane
688 1090 803 1155 sui,
842 1089 1187 1159 intelligentia
1233 1086 1533 1142 Trinitatis.
1560 1085 1778 1141 Amicus

238 1184 320 1253 qui
347 1180 485 1236 venit
510 1180 579 1235 de
604 1180 713 1244 via,
740 1186 925 1233 noster
952 1188 1039 1233 est
1063 1178 1273 1233 animus
1299 1175 1391 1246 qui
1436 1176 1501 1231 de
1547 1175 1778 1230 terrenis

237 1272 296 1325 ad
320 1272 478 1325 Deum
508 1270 810 1324 revertitur.
836 1267 1042 1323 Ostium
1083 1267 1430 1337 intelligentia
1473 1266 1636 1321 divini
1670 1281 1781 1322 ser-

236 1361 414 1417 monis.
454 1359 614 1414 Pueri
664 1358 1084 1429 patrisfamilias.
1129 1357 1508 1427 praedicatores
1536 1356 1778 1411 veritatis

236 1452 283 1506 in
328 1449 524 1518 requie.
570 1449 634 1505 Et
680 1448 785 1505 ﬁde
835 1447 1179 1517 intelligentia
1227 1449 1432 1511 datum.
1460 1455 1543 1502 est
1591 1447 1773 1501 homo.

234 1538 401 1605 Panis,
421 1538 690 1603 charitas;
722 1537 873 1607 lapis,
902 1537 1125 1598 duritia;
1175 1530 1361 1605 piscis.’
1392 1533 1525 1589 ﬁdes
1560 1544 1779 1604 propter

231 1628 559 1698 baptismum.
590 1627 840 1697 Serpens,
868 1626 1181 1692 inﬁdelitas;
1222 1626 1274 1680 ia
1302 1641 1405 1680 ovo
1438 1640 1579 1695 spes.
1614 1626 1777 1681 Scor-

1871 456 2106 525 ponitur,
2138 465 2203 511 ut
2243 458 2371 522 Quis
2419 460 2600 515 similis
2644 461 2769 527 tibi,
2812 460 2865 516 id
2907 472 2990 518 est
3024 464 3430 537 nullus..Supra

1872 546 2048 599 omnia
2084 546 2321 602 caelestis
2358 548 2506 619 regni
2539 551 2751 619 gaudia.
2777 550 2892 606 Non
2919 560 2978 607 ut
3002 554 3101 609 soli
3137 555 3279 611 ducti
3326 558 3433 614 Do-

1873 635 2076 690 minum
2105 644 2339 701 teneant,
2382 638 2474 693 sed
2501 647 2559 692 ut
2592 640 2947 697 abundantius
2976 645 3187 700 caeteris
3229 650 3431 704 sanctis

1873 733 2069 779 aeterna
2106 727 2441 793 possessione
2480 727 2744 784 fruantur.
2773 730 2877 795 Qui
2916 732 3053 787 docti
3090 736 3285 804 fuerint
3324 738 3430 808 [ul-

1873 812 2082 883 gebuut,
2109 823 2159 868 et
2186 816 2276 885 qui
2314 817 2384 869 ad
2403 816 2667 885 justitiam
2712 822 2957 874 erudiunt
2984 823 3191 879 multos.
3238 827 3295 881 In
3326 844 3439 884 uno.

1877 903 2019 957 male
2062 910 2218 959 servo
2267 898 2491 961 cunctus
2533 908 2758 978 populus
2800 910 3057 967 malorum
3101 916 3430 986 designatur.

1872 991 2030 1046 Aliud
2073 1000 2154 1047 est
2199 995 2427 1059 nescire,
2457 995 2598 1050 aliud
2632 996 2773 1051 scire
2808 998 3058 1055 noluisse.
3096 989 3294 1073 ignifer
3327 1004 3434 1060 fer-

1874 1096 2094 1148 vorum,
2140 1080 2369 1152 Spiritus
2413 1086 2582 1139 sancti
2616 1088 2789 1156 gratia
2824 1088 3147 1159 designatur.
3184 1092 3432 1164 Sanguis,

1876 1170 2086 1241 inquit,
2128 1187 2224 1242 pro
2283 1173 2624 1229 instinctione
2667 1177 2914 1245 ponitur,
2958 1188 3014 1234 et
3055 1181 3203 1249 prius
3251 1184 3318 1236 ab
3368 1198 3436 1239 eo

1875 1259 2155 1331 perfundi,
2196 1270 2250 1316 et
2288 1262 2367 1317 sic
2410 1263 2573 1319 corda
2619 1263 2973 1324 inﬂammare.
3016 1268 3083 1324 Et
3127 1286 3232 1340 quo
3274 1273 3436 1327 ardor

1876 1351 2043 1405 nostri
2083 1352 2377 1419 angebatur
2416 1361 2474 1408 et
2500 1354 2872 1410 coarctabatur
2910 1360 3165 1414 arumnis
3200 1369 3439 1430 tempore

1876 1441 2159 1510 passionis,
2171 1456 2242 1496 ex
2266 1457 2415 1498 mora
2436 1450 2632 1499 nostrae
2656 1445 3060 1515 redemptionis,
3075 1466 3179 1505 non
3199 1468 3266 1507 ex
3293 1462 3439 1509 metu

1861 1534 2088 1589 mortis.

1948 1624 2192 1694 Quinque
2222 1624 2276 1679 in
2325 1641 2430 1680 una
2476 1626 2634 1683 domo
2680 1637 2835 1697 pater
2876 1637 2932 1683 et
2974 1638 3164 1696 mater,
3207 1630 3349 1687 ﬁlius
3386 1641 3445 1689 et

231 1717 331 1786 pio,
374 1716 695 1785 desperatio.
752 1716 917 1771 Malos
972 1715 1255 1771 dilectores
1306 1716 1517 1781 saeculi,
1561 1724 1775 1771 terrena
1806 1732 1851 1792 Β
1877 1713 1985 1767 ﬁlia
2031 1729 2198 1769 nurus
2244 1714 2326 1769 vel
2370 1730 2577 1772 socrus.
2625 1716 2927 1790 Synagoga,
2977 1719 3256 1788 Christus;
3305 1724 3438 1789 lilia,

182 1858 185 1863 .
229 1809 354 1867 bona
392 1823 516 1878 quae
563 1807 714 1864 nobis
756 1809 893 1864 bona
932 1808 1176 1865 videntur
1222 1808 1350 1863 data
1384 1824 1417 1863 a
1463 1808 1592 1863 Deo.
1633 1807 1775 1863 Con-

230 1896 378 1954 fessio
419 1901 539 1954 bazc
584 1899 654 1953 ad
699 1898 938 1963 laudem,
974 1900 1096 1968 quia
1149 1899 1355 1955 Martha
1396 1909 1453 1956 et
1502 1899 1687 1964 Maria,
1722 1907 1791 1955 et'

229 1988 458 2060 discipuli
515 1989 738 2045 studiosi
782 1989 1001 2047 fuerunt
1035 1991 1102 2045 ad
1137 1990 1399 2046 audienda
1438 1990 1649 2047 Domini
1685 2005 1776 2046 se—

228 2089 385 2134 creta.

289 2170 534 2227 Lucerna
561 2171 898 2235 humanitas;
933 2178 1091 2235 testa,
1116 2172 1327 2236 lumen;
1355 2170 1624 2234 divinitas,
1653 2174 1782 2226 can-

227 2262 527 2323 delabrum;
562 2260 823 2325 Ecclesia,
857 2260 1107 2324 lucerna;
1146 2260 1245 2315 sub
1272 2260 1471 2323 modio,
1510 2261 1614 2316 sub
1640 2275 1783 2314 men-

228 2369 339 2407 sura
361 2353 522 2423 legis,
542 2351 625 2406 vel
650 2351 790 2406 intra
817 2351 1076 2407 terminos
1093 2348 1290 2405 Judaeae
1316 2349 1508 2421 gentis.
1530 2348 1784 2420 Corporis

226 2445 387 2501 nostri
437 2444 661 2499 lucerna
717 2442 1026 2507 intentiori,
1082 2456 1277 2511 corpus
1325 2455 1488 2510 opera
1536 2450 1718 2495 nostra
1763 2457 1777 2493 :

227 2536 536 2606 Hortiﬁcate
556 2536 781 2590 membra
797 2543 962 2591 vestra
981 2548 1099 2604 qua:
1117 2542 1235 2588 sunt
1255 2548 1410 2602 super
1428 2541 1641 2585 terram.

287 2629 387 2696 Qui
418 2626 705 2683 decimatis
740 2627 838 2685 has
875 2625 999 2680 novi
1028 2626 1398 2693 eleemosynas
1424 2628 1657 2685 vestras,
1686 2633 1784 2674 nec

227 2721 287 2776 de
313 2721 395 2776 bis
421 2720 708 2774 admoneo.
739 2717 857 2773 Uno
882 2716 1072 2788 digito,
1103 2716 1206 2770 hoc
1233 2724 1438 2770 estnec
1465 2713 1520 2766 in
1550 2710 1784 2766 minimis

222 2810 501 2881 perﬁcitis.
544 2807 661 2864 Non
690 2816 1033 2862 monumenta
1069 2804 1449 2876 prophetarum
1493 2800 1782 2865 mdiﬁcare,

225 2902 315 2957 sed
344 2898 744 2956 interfectorem
774 2911 974 2962 amare,
1006 2904 1281 2966 peccatum
1324 2901 1427 2948 est.
1452 2890 1785 2947 Consentiris

224 2991 473 3060 operibus
505 3004 710 3053 eorum,
742 2989 1020 3043 Dominum
1046 2987 1139 3056 qui
1162 2986 1242 3040 eis
1270 2985 1335 3039 de
1363 2984 1632 3054 prophetis
1667 2996 1786 3052 pro-

1876 1804 2142 1861 Ecclesia.
2189 1805 2433 1874 Nimbus,
2479 1824 2606 1864 caro
2641 1809 2841 1866 Christi
2884 1828 3186 1884 resurgens,
3218 1831 3286 1871 ex
3331 1832 3443 1885 quo

1876 1895 2048 1951 imber
2111 1896 2527 1965 praedicationis,
2577 1899 2795 1967 Auster,
2844 1910 3006 1958 :estus
3058 1904 3435 1971 tribulationis,

1878 1985 2225 2053 saubauditur
2245 1988 2520 2063 proceditq
2538 1989 2677 2056 Quid
2710 2002 2881 2046 autem
2909 2004 2957 2047 et
2985 2012 3018 2048 a
3049 1995 3310 2065 vobisipsis
3336 2014 3451 2073 uou-

1870 2076 2123 2146 judicatis
2165 2078 2303 2149 quod
2334 2078 2538 2149 justum
2580 2091 2675 2136 est.
2705 2081 2927 2149 Hoeest
2957 2085 3100 2155 quod
3133 2086 3293 2141 homo
3334 2097 3439 2152 est,

1878 2181 1979 2222 nec
2003 2168 2141 2222 mala
2165 2185 2283 2238 qua:
2310 2179 2517 2238 caveat,
2547 2187 2646 2227 nec
2673 2171 2812 2227 bona
2842 2183 3021 2243 potest
3044 2176 3290 2246 ignorare
3316 2191 3439 2246 qua:

1879 2258 2097 2328 appetit.
2143 2258 2400 2314 Minutum
2428 2261 2539 2315 sive
2580 2262 2867 2332 quadrans,
2895 2273 3082 2332 quarta
3115 2279 3244 2333 pars
3272 2267 3443 2322 unciae

1879 2347 2108 2413 videtur,
2152 2357 2205 2402 et
2237 2351 2421 2419 quinta
2469 2365 2595 2421 pars
2636 2351 2689 2404 in
2730 2351 2870 2406 atrio
2920 2352 3121 2422 templi.
3152 2352 3443 2415 Sacriﬁcia

1878 2441 2255 2499 deferebantur
2294 2459 2326 2498 a
2372 2444 2524 2500 laicis
2571 2446 2624 2498 in
2664 2445 2918 2500 interiora
2966 2446 3032 2500 ad
3077 2445 3324 2502 Pilatum.
3371 2447 3448 2502 Os

1880 2533 2228 2598 malleatoris,
2267 2534 2527 2601 diabolus,
2577 2535 2791 2590 miscuit
2835 2535 2975 2592 bona
3003 2550 3167 2607 opera
3193 2552 3314 2598 cum
3361 2538 3442 2593 vi-

1881 2624 1990 2688 tiis,
2021 2632 2075 2679 et
2104 2625 2333 2694 perdidit
2377 2628 2577 2680 multos
2619 2625 2757 2681 sicut
2783 2633 2837 2680 et
2883 2625 2959 2681 illi
3003 2627 3186 2683 decem
3214 2635 3269 2680 et
3292 2635 3438 2691 octo,

1881 2728 2042 2783 supra
2083 2730 2218 2784 quos
2248 2716 2439 2771 cecidit
2478 2716 2640 2770 turris
2684 2716 2738 2769 in
2783 2698 3003 2782 Siloam,
3047 2716 3100 2773 id
3146 2723 3229 2772 est
3270 2716 3447 2787 primo

1881 2806 2049 2862 Caim.
2100 2808 2418 2879 Signiﬁcant
2473 2823 2565 2863 eos
2616 2808 2707 2879 qui
2757 2825 2948 2865 nomen
2998 2809 3207 2863 Domini
3258 2809 3442 2878 iniqua

1882 2897 2058 2967 specie
2090 2898 2388 2963 imitantur,
2418 2897 2541 2966 quia
2570 2897 2759 2952 iisdem
2788 2897 2979 2952 litteris
3015 2912 3205 2952 nomen
3236 2897 3447 2957 Domini

1882 2988 2157 3043 scribitur.
2191 2988 2377 3044 Turris
2406 2989 2549 3044 Siloa
2575 2989 2718 3059 quod
2749 2991 3134 3057 interpretatur
3155 2990 3362 3052 missus,
3394 2999 3451 3044 et

228 3081 502 3136 nuntiatus
527 3087 610 3135 est
652 3077 860 3147 injuriis
899 3076 1125 3148 agendo.
1176 3074 1449 3144 Sapientia
1496 3073 1625 3138 Dei,
1672 3072 1784 3141 ipse
1810 3088 1854 3149 ο
1884 3075 2151 3146 signiﬁcat
2178 3076 2480 3132 Dominum.
2513 3076 2686 3148 Super
2712 3092 2871 3147 quem
2900 3079 3174 3141 ceciderit,
3207 3088 3451 3133 conteret

228 3170 493 3227 videlicet.
522 3168 626 3224 Per
662 3167 793 3223 Abel
814 3174 871 3222 et
904 3166 1240 3230 Zachariam,
1268 3165 1547 3232 utriusque
1589 3162 1786 3233 gradus

228 3267 500 3330 martyres
540 3266 594 3312 et
631 3257 782 3321 laici,
813 3257 1019 3312 scilicet
1045 3255 1233 3310 altaris
1262 3252 1434 3309 olﬁcio
1474 3251 1779 3324 mancipati.

229 3350 398 3409 Clavis
438 3351 697 3415 scientiae,
727 3351 1040 3406 humilitatis
1074 3350 1273 3407 Christi
1308 3357 1410 3405 est.
1453 3347 1678 3413 intrare,
1703 3355 1789 3402 est

227 3458 328 3497 non
354 3456 487 3498 esse
515 3450 822 3496 contentum
849 3440 1130 3511 superﬁcie
1155 3440 1372 3504 litterae,
1399 3439 1491 3494 sed
1520 3454 1688 3509 usque
1719 3439 1787 3494 ad

226 3533 592 3606 intelligentia:
630 3532 938 3588 secretioris
984 3546 1180 3586 arcana
1223 3540 1524 3601 penetrare.
1567 3531 1784 3595 Doctor,

221 3626 306 3695 qui
333 3625 597 3694 exemplo
620 3624 816 3680 docuit.
848 3623 957 3678 Nec
990 3621 1149 3676 intrat
1175 3637 1264 3675 nec
1294 3621 1540 3691 permittit
1570 3623 1783 3672 intrare.

220 3706 580 3772 i‘ermentum
626 3715 1036 3778 Pharismorum,
1066 3710 1382 3783 hypocrisis.
1409 3709 1687 3763 Attendite
1721 3722 1789 3761 ne

216 3806 556 3864 aemulemini
583 3807 941 3873 simulatores,
971 3806 1097 3875 quia
1125 3803 1305 3859 veniet
1346 3812 1557 3871 tempus
1602 3801 1654 3855 in
1685 3814 1791 3870 quo

216 3914 412 3956 eorum
462 3895 764 3968 hypocrisis
801 3897 1142 3953 revelabitur.
1186 3894 1243 3949 in
1274 3891 1528 3963 templum
1579 3891 1791 3947 Domini

215 3991 550 4049 aediﬁcatum
580 3988 868 4045 tabulatum
897 3988 1130 4057 quinque
1155 3985 1349 4042 cubitis
1387 4000 1548 4055 super
1581 3984 1792 4053 laquea-

219 4083 318 4139 ria.
348 4079 539 4145 Assis,
569 4080 616 4136 si
657 4079 969 4144 declinatur,
999 4076 1277 4133 masculini
1322 4075 1554 4146 generis.
1594 4074 1792 4145 Dipon-

217 4176 553 4243 diusgenus
574 4180 656 4226 est
680 4170 928 4240 ponderis
953 4168 1229 4232 levissimi,
1257 4182 1323 4221 ex
1351 4166 1555 4223 duabus
1585 4165 1792 4219 assibus

221 4264 566 4336 compositis.
609 4261 759 4329 Quod
794 4262 861 4318 de
887 4260 1041 4316 vobis
1080 4275 1188 4314 non
1222 4268 1305 4314 est
1337 4273 1465 4313 cura
1509 4258 1639 4321 Deo,
1669 4271 1793 4311 eum

221 4357 286 4412 de
323 4354 666 4428 passeribus,
695 4353 1005 4408 subauditur
1032 4350 1194 4405 dicit?
1225 4349 1330 4405 Sed
1358 4348 1499 4403 aliud
1542 4347 1787 4409 scientia,

1882 3183 2025 3224 eum.
2068 3168 2163 3224 Vel
2203 3184 2300 3224 nos
2339 3169 2606 3224 ardiﬁcare
2636 3169 2892 3225 debemus
2938 3171 3125 3225 turrim
3165 3171 3447 3227 virtutum.

1882 3257 2078 3323 Vinea,
2129 3259 2320 3313 domus
2365 3258 2546 3312 Israel.
2595 3257 2869 3324 Ficulnea,
2914 3258 3212 3332 Synagoga.
3260 3260 3449 3317 Cultor

1883 3350 2073 3426 vineae,
2094 3351 2226 3405 ordo
2255 3351 2550 3406 doctorum.
2581 3349 2802 3404 Succide
2825 3366 2935 3403 eam
2962 3366 3053 3420 per
3080 3368 3268 3409 ramos.
3300 3352 3453 3408 Prae-

1884 3444 2081 3499 dicatio
2127 3444 2505 3513 apostolorum.
2553 3442 2798 3497 Fodiam.
2852 3441 3142 3499 Pnedicem
3201 3453 3443 3500 stercora

1885 3533 2165 3588 malorum.
2200 3533 2328 3601 Quae
2354 3533 2502 3597 fecit,
2531 3548 2969 3589 commemorem.
3011 3531 3064 3587 Si
3096 3535 3301 3598 fecerit,
3334 3551 3447 3590 non

1885 3625 2176 3695 subjunxit,
2203 3625 2295 3695 qui
2320 3625 2692 3694 procliviorem
2724 3625 2938 3679 videbat
2964 3625 3032 3679 ad
3068 3624 3285 3682 malum.
3323 3626 3446 3681 Mu-

1884 3714 1983 3769 lier
2026 3714 2296 3769 inclinata.
2340 3714 2472 3769 Pars
2521 3713 2814 3785 Synagogze
2866 3714 3012 3783 quia
3052 3715 3298 3770 credidit.
3346 3716 3450 3772 Per

1886 3802 2289 3874 quatuordecim
2324 3802 2379 3856 id
2416 3811 2498 3857 est
2531 3816 2626 3855 sex
2664 3814 2761 3868 per
2793 3806 2977 3854 tetates
3003 3808 3057 3854 et
3084 3813 3178 3853 sex
3207 3810 3448 3870 tempora

1886 3893 2097 3949 Domini
2137 3892 2460 3948 visitationis
2488 3892 2543 3944 in
2589 3889 2819 3945 terrenis
2865 3887 3087 3942 intenta.
3125 3888 3269 3944 Vidit
3302 3905 3441 3959 pne-

1885 3968 2221 4045 destinaniio,
2252 3981 2490 4059 vocavit,
2532 3994 2628 4050 per
2667 3978 2999 4043 doctrinam,
3035 3978 3289 4048 imposuit
3331 3996 3449 4037 ma-

1888 4088 2008 4137 nus,
2052 4071 2312 4142 spiritalia
2364 4071 2520 4125 dona.
2568 4067 2758 4133 Homo.
2804 4067 3066 4131 Christus,
3114 4075 3288 4134 ortus,
3340 4069 3443 4124 Ec-

1888 4163 2072 4229 clesia,
2101 4177 2325 4233 granum
2369 4159 2594 4229 sinapis,
2637 4159 2859 4214 verbum
2906 4157 3208 4228 Evangelii,
3239 4158 3451 4228 accepit

1890 4266 1922 4306 a
1959 4250 2235 4305 divinitate
2277 4250 2436 4304 homo
2468 4247 2731 4303 Christus.
2774 4246 2963 4311 Romi,
3012 4247 3313 4319 dogmatum
3362 4248 3448 4301 di-

1893 4339 2195 4402 versitates,
2242 4338 2327 4392 vel
2368 4338 2483 4407 ipse
2527 4336 2772 4392 Christus
2817 4351 2974 4406 quem
3009 4334 3206 4406 Josepb
3252 4337 3450 4407 sepeli-

220 4424 369 4504 aliud
414 4462 574 4502 cura.
610 4444 797 4499 Nonne
823 4460 910 4499 vos
936 4437 1099 4513 plu'ris
1125 4442 1244 4497 estis
1270 4442 1295 4496 i’
1325 4440 1439 4501 Hoc
1465 4447 1548 4493 est
1578 4438 1797 4507 majoris
1824 4432 1872 4491 D
1896 4430 1973 4484 vit
2014 4429 2068 4483 in
2100 4429 2273 4483 horto.
2303 4427 2676 4491 Fertnentum,
2704 4425 2918 4481 dilectio
2962 4424 3056 4480 Dei
3093 4432 3147 4479 et
3185 4426 3449 4494 proximi,

216 4543 407 4613 pretii.
450 4540 552 4595 Est
595 4538 872 4610 legendum
899 4537 1042 4607 quod
1086 4536 1153 4591 ad
1201 4534 1655 4605 comparationem
1697 4546 1795 4585 nu-

223 4638 361 4691 meri
388 4632 651 4707 pertinet.
680 4632 785 4687 Sed
811 4631 976 4701 pluris
1002 4630 1153 4694 estis,
1179 4627 1284 4684 hoc
1306 4634 1391 4681 est
1415 4624 1633 4694 majoris
1657 4622 1795 4693 apud

220 4725 397 4782 Deum
444 4722 629 4779 meriti
674 4732 731 4778 et
773 4720 1069 4792 dignitatis,
1111 4726 1168 4774 et
1211 4715 1597 4784 aestimationis,
1637 4727 1796 4783 quam

217 4817 525 4873 innumera
571 4828 846 4883 passerum
901 4810 985 4866 vel
1025 4822 1243 4878 corpora
1285 4806 1369 4861 vel
1418 4819 1612 4876 genera
1652 4817 1798 4856 eom—

223 4907 524 4980 putamini.
565 4904 679 4960 Non
712 4904 1015 4960 remittetur
1044 4901 1134 4970 qui
1167 4896 1448 4953 manifeste
1496 4894 1797 4965 intelligens

223 5017 396 5071 opera
429 4998 553 5060 Dei,
577 4997 762 5053 eadem
792 4990 1166 5049 stimulationis
1194 4988 1409 5044 invidia.
1433 4986 1799 5042 Calumniatur

224 5101 280 5145 et
317 5090 635 5151 Christum,
659 5093 714 5138 et
747 5097 908 5152 opera
952 5080 1123 5143 sancti
1152 5077 1382 5147 Spiritus
1426 5076 1553 5131 dicit
1588 5074 1801 5129 Beelze-

221 5184 356 5247 bub,
389 5180 522 5237 istis
544 5191 651 5233 non
688 5175 1002 5230 dimittetur.
1031 5171 1217 5227 Anima
1249 5169 1364 5240 plus
1391 5176 1464 5223 est
1503 5183 1659 5238 quam
1688 5181 1803 5220 cor-

222 5289 346 5343 pus.
373 5271 583 5326 Anima
611 5267 699 5321 hic
725 5282 823 5336 pro
848 5266 948 5320 ista
996 5264 1102 5318 vita
1130 5261 1300 5332 posita
1329 5267 1428 5322 est,
1462 5270 1520 5313 ut
1540 5265 1623 5311 est
1652 5255 1797 5311 illud.

224 5364 330 5431 Qui
379 5368 542 5418 autat
584 5360 816 5415 animam
858 5370 1028 5412 suam.
1074 5353 1251 5407 Pluris
1297 5352 1417 5408 estis
1458 5347 1584 5403 illis.
1629 5345 1686 5401 ιιι
1720 5353 1803 5400 est

194 5444 464 5511 'charius
508 5452 717 5508 valetis.
748 5448 863 5514 Quo
907 5448 1197 5501 minimum.
1246 5442 1302 5497 id
1347 5452 1430 5498 est
1460 5439 1692 5509 adjicere
1733 5437 1802 5492 ad

216 5557 516 5603 staturam
565 5558 735 5597 suam.
776 5539 1073 5594 Transierit.
1108 5534 1331 5589 Transit
1375 5532 1442 5587 de
1470 5530 1691 5600 judicio,
1735 5528 1803 5585 ad

220 5652 475 5712 «vagitum
522 5634 679 5690 redit.
709 5633 838 5700 Quis
868 5646 965 5702 pro
993 5625 1303 5683 diﬁicilitate
1336 5637 1444 5678 non
1485 5636 1582 5691 pro
1610 5621 1806 5690 impos-

1899 4522 2069 4577 donec
2131 4520 2470 4591 perﬁciamus
2518 4519 2695 4574 omnia
2740 4517 3012 4575 mandata.
3055 4516 3311 4585 Qumrunt
3362 4516 3451 4571 in-

1899 4622 2045 4671 trare
2090 4612 2276 4668 salutis
2323 4625 2526 4676 amore,
2564 4619 2619 4665 et
2663 4624 2765 4664 non
2817 4616 3068 4679 poterunt
3115 4607 3323 4663 itineris
3366 4622 3453 4661 as-

1899 4706 2143 4777 peritate.
2179 4703 2401 4760 Claudet
2439 4703 2669 4767 ostium,
2710 4702 2882 4758 locum
2929 4700 3258 4771 paenitentiae
3304 4700 3453 4753 anfe-

1902 4793 2004 4852 r'et.
2054 4795 2491 4851 Manducavimus
2540 4794 2595 4848 in
2644 4793 3043 4848 obscurioribus
3106 4790 3238 4846 locis
3300 4787 3448 4843 Scri-

1901 4895 2215 4957 pturarum,
2260 4884 2493 4940 bibimus
2546 4882 2835 4951 apertiora.
2894 4880 3073 4935 Fletus
3125 4880 3190 4934 de
3235 4879 3446 4942 arbore,

1901 4976 2098 5031 stridor
2123 4976 2360 5031 dentium
2394 4974 2461 5028 de
2497 4971 2716 5041 frigore,
2753 4968 2948 5040 duplex
2983 4969 3225 5039 gehenna
3269 4974 3449 5023 esten-2

1902 5066 2064 5121 ditur.

1972 5153 2141 5222 Ejicio
2186 5152 2443 5210 daemonia
2492 5158 2547 5206 et
2595 5149 2850 5205 sanitates
2894 5146 3143 5218 perﬁcio,
3191 5142 3360 5200 hodie
3394 5149 3450 5199 et

1905 5261 2055 5311 cras,
2100 5244 2259 5299 tertia
2299 5257 2605 5297 consumar.
2653 5239 2938 5296 [toleratur
2977 5238 3045 5292 ad
3093 5251 3293 5306 corpus
3332 5233 3452 5305 ejus

1905 5334 2045 5403 quod
2086 5340 2168 5387 est
2210 5329 2466 5387 Ecclesia.
2513 5327 2858 5401 Expellantur
2885 5327 3166 5391 daemonia,
3196 5340 3315 5382 cum
3358 5340 3448 5380 re-

1902 5428 2042 5496 lictis
2080 5426 2319 5499 paternis
2349 5424 2816 5493 superstitionibus
2840 5422 3067 5477 credunt
3092 5422 3146 5476 in
3189 5436 3311 5477 eum
3339 5436 3453 5476 om-

1904 5536 2002 5577 nes
2027 5526 2228 5590 gentes,
2255 5525 2310 5571 et
2334 5515 2682 5585 perﬁciuntur
2708 5513 2984 5575 sanitates,
3007 5527 3128 5567 cum
3158 5512 3444 5568 secundum

1902 5613 2022 5682 ejus
2048 5617 2310 5681 praecepta
2335 5609 2548 5664 vivitur.
2575 5606 2928 5675 Posteaquam
2954 5604 3117 5661 fuerit
3158 5602 3369 5661 diabolo
3394 5608 3451 5663 et
