3988 6186
537 303 661 360 ltili
1302 279 1686 344 CllRlSTlANl
1723 268 2128 333 DRUTHMARI
2168 259 2611 322 CORBEIENSIS
2649 251 2951 314 MONAC-lll
3605 243 3748 298 1519.

527 410 653 465 huic
681 404 874 463 saeculo
909 375 1296 460 renuntiatum,
1338 408 1506 464 usque
1549 392 1602 444 in
1641 389 1801 444 tinem
1837 395 2080 438 resurre-
2107 383 2157 441 Α
2184 373 2397 430 nomine
2429 373 2554 441 quia
2593 369 2881 440 peritorum
2911 363 3020 434 regi
3048 359 3135 418 eis
3158 358 3386 464 expedit.
3421 356 3498 465 ‘Et
3544 357 3724 412 molen

527 499 740 564 ctionis,
786 497 907 566 quia
953 503 1202 562 tanquam
1250 451 1928 542 tertia-consummahitur,
1975 473 2078 528 hoc
2179 477 2280 566 tes,
2326 471 2544 566 propter
2573 457 2941 566 temporalium
2996 453 3330 566 negotiorum
3357 451 3543 566 orbem
3579 461 3748 518 atque

526 539 636 644 est"
661 539 740 642 ad,
779 539 1159 654 plenitudinem
1224 575 1616 646 Evangelicam.
1677 571 1780 624 Per
1839 539 2080 634 corporis
2179 553 2461 610 circuitum
2489 550 2853 620 designantur.
2881 543 2995 598 Una
3031 550 3341 596 assumatur.
3371 539 3445 593 Ea
3469 553 3602 608 pars
3627 553 3749 607 quae

528 678 691 733 etiam
727 630 1174 729 imrmortalitatem
1212 630 1520 737 perﬁcietur
1550 659 1811 720 Ecclesia,
1857 656 1940 709 vel
1988 655 2083 707 ho-
2179 643 2441 701 connuhia
2463 651 2680 712 propter
2699 652 2934 694 amorem
2961 644 3164 689 tantum
3187 633 3400 702 generis
3419 630 3745 694 exercuerit,

530 771 615 826 die
645 779 700 823 et
731 781 851 822 cras
878 777 1130 833 prtescns,
1157 770 1212 814 et
1237 760 1291 813 in
1317 758 1571 817 futurum,
1599 767 1706 822 quo
1741 752 1854 818 ipse
1891 743 2083 816 praedi-

531 861 670 916 cavit
696 857 851 911 tertia
877 856 960 909 die
985 867 1106 907 cum
1136 847 1444 911 resurrexit,
1477 843 1653 898 omnia
1683 841 1886 908 scripta
1916 834 1983 888 de
2026 847 2084 888 se

530 953 938 1012 consummavit.
986 949 1098 1003 Non
1161 943 1431 1016 prohibuit
1482 940 1677 993 fratres
1729 934 1811 988 vel
1863 940 2085 986 caeteros

533 1049 764 1109 imitare,
795 1043 888 1097 sed
917 1038 1168 1095 discrevit
1203 1035 1343 1088 illam
1375 1030 1726 1085 imitationem
1755 1023 1824 1078 ab
1859 1021 2088 1077 eleemo-

531 1153 680 1208 syna.
709 1134 830 1188 Ideo
873 1145 975 1184 non
1006 1130 1100 1191 ait,
1129 1141 1195 1180 ne
1231 1124 1326 1178 ﬁat
1356 1122 1447 1176 tibi
1483 1126 1783 1190 peccatum,
1811 1113 1905 1169 sed
1929 1110 2088 1166 retri-

531 1228 698 1283 butio.
731 1225 868 1279 Stmt
898 1231 1076 1275 autem
1109 1217 1351 1287 quaedam
1380 1211 1642 1274 convivia,
1670 1221 1788 1278 quae
1817 1218 2087 1261 comessa-

534 1317 705 1371 tiones
728 1319 1002 1368 vocantur.
1036 1305 1464 1368 Comessationes
1500 1307 1625 1354 sunt
1651 1295 1880 1359 luxuria,
1907 1292 2089 1348 convi-

531 1408 637 1460 via.
667 1404 722 1459 Si
749 1403 866 1472 quis
911 1397 1221 1469 simpliciter
1257 1392 1499 1461 exemplo
1539 1387 1668 1444 facit
1707 1387 1938 1440 filiorum
1966 1381 2085 1446 Job,

532 1498 671 1552 sicut
705 1503 894 1550 caetera
924 1490 1158 1543 fraterna
1185 1485 1375 1549 cilicia,
1403 1483 1544 1537 Deus
1569 1484 1940 1534 remuneratur
1964 1473 2085 1529 erit.

533 1587 728 1642 Panem
757 1585 809 1638 in
846 1597 1010 1651 regno
1040 1578 1134 1633 Dei
1163 1571 1464 1637 manducat,
1494 1571 1540 1626 si
1574 1569 1694 1640 quis
1723 1567 1991 1622 Christum
2035 1563 2087 1616 in

535 1673 913 1730 incarnationis
937 1675 1269 1724 sacramento
1300 1664 1405 1718 frui
1435 1659 1710 1722 meruerit,
1743 1658 1838 1713 sed
1871 1654 2088 1710 multius

2183 745 2555 801 terrenamque
2581 727 2937 784 substantiam
2958 732 3176 793 propter
3203 722 3369 776 Deum
3400 721 3750 790 dispensare-

2184 833 2327 879 runt.
2352 823 2469 876 Duo
2491 823 2542 876 in
2566 837 2708 890 agro.
2728 819 2783 872 ln
2811 815 3048 872 Ecclesia
3076 813 3469 884 praedicatores.
3498 811 3648 866 Unus
3670 829 3750 864 as-

2184 923 2434 969 sumatur.
2460 913 2561 978 Qut
2600 910 2818 965 verbum
2844 908 2937 962 Dei
2966 915 3186 975 propter
3214 905 3495 958 Dominum
3540 919 3750 958 annun—

2187 1007 2303 1060 tiat.
2341 1004 2474 1059 Tres
2511 1002 2727 1058 ordines
2756 997 3192 1070 pnetlicatorum,
3221 995 3556 1049 continentes
3586 1002 3750 1062 atque

2186 1094 2473 1167 conjugati.
2494 1091 2588 1147 Ubi
2612 1090 2770 1162 fuerit
2789 1106 2997 1160 corpus,
3014 1087 3458 1157 congregabantur
3469 1096 3517 1141 et
3533 1086 3744 1156 aquiltr.

2189 1187 2291 1244 Ubi
2328 1186 2582 1242 Dominus
2619 1194 2675 1238 et
2705 1182 2860 1239 electi
2895 1197 3018 1237 cum
3064 1181 3178 1246 illo,
3212 1180 3304 1250 qui
3332 1178 3472 1248 ejus‘
3496 1179 3748 1249 passione

2187 1287 2440 1349 tanquam
2470 1291 2631 1333 carne
2650 1276 2933 1331 satiantur.
2962 1272 3152 1344 Aquila
3179 1271 3338 1328 altius
3356 1272 3521 1337 volat,
3550 1287 3648 1341 per
3677 1271 3750 1324 la-

2187 1371 2364 1442 pidem
2397 1385 2428 1424 a
2461 1368 2795 1439 serpentibus
2821 1382 2880 1422 se
2904 1364 3168 1429 defendit,
3201 1364 3504 1434 baptizatur
3538 1365 3592 1418 in
3633 1361 3752 1418 Jor-

2189 1463 2344 1516 dane.
2369 1459 2590 1530 Semper
2608 1472 2783 1522 orare,
2801 1471 2863 1512 ea
2882 1467 3041 1526 agere
3062 1469 3274 1524 semper
3293 1468 3412 1522 qua:
3430 1451 3576 1520 jusla
3601 1461 3746 1505 sunt.

2188 1551 2362 1606 Iudex
2387 1551 2597 1622 quidam
2620 1557 2728 1601 erat
2757 1547 2811 1600 in
2840 1545 3060 1599 civitate.
3085 1541 3359 1598 Parabohe
3385 1551 3477 1596 aut
3499 1558 3567 1596 ex
3597 1541 3750 1596 simi-

2189 1641 2414 1696 litudine
2439 1649 2530 1694 aut
2559 1636 2991 1694 dissimilitudine
3016 1641 3299 1703 ponuntur.
3330 1631 3428 1687 ilic
3453 1629 3619 1698 judex
3644 1647 3748 1686 non

532 1721 1132 1822 ἓξὲῖᾈᾶἷέἇὲζιὲξίάρο
1159 1764 1338 1811 narrat
1364 1752 1671 1825 parabolam
1697 1721 1762 1804 ac
1791 1748 1932 1803 illis:
1968 1761 2088 1801 cum
2119 1735 2164 1794 Β
2191 1747 2258 1825 ex
2293 1730 2665 1825 similitudine,
2711 1728 2802 1783 sed
2841 1721 3610 1825 dissimilitudineaqhibetur,

534 1857 690 1928 duplo
715 1855 953 1911 exercitu
978 1861 1162 1907 contra
1191 1850 1439 1920 simplum
1464 1845 1630 1909 venit,
1657 1842 1750 1913 qui
1784 1855 1882 1896 nos
1915 1840 2001 1894 vix
2038 1838 2090 1892 in

535 1947 648 2003 solo
677 1963 838 2017 opere
879 1952 1224 2014 praeparatos,
1256 1939 1414 1995 simul
1437 1939 1502 1993 de
1537 1950 1762 2005 corpore
1797 1942 1852 1987 et
1893 1931 2094 2002 cogita-

537 2042 680 2096 tione
725 2040 1033 2094 discutiunt.
1085 2035 1230 2090 Stola
1288 2033 1458 2103 prima
1514 2029 1680 2083 vestis
1739 2023 2093 2085 innocentite,

538 2129 712 2192 servi,
751 2127 1144 2199 praadicatores,
1187 2121 1474 2181 annulum,
1507 2116 1628 2171 fidei
1672 2113 2000 2184 signaculum
2041 2112 2094 2165 in

538 2218 804 2282 omnibus,
835 2225 892 2270 ut
932 2231 1029 2285 per
1062 2228 1224 2283 Opera
1255 2210 1385 2264 lides
1414 2208 1704 2270 clarescat;
1737 2204 2097 2260 calceamenta

541 2314 594 2368 in
629 2308 1068 2382 pedes,'ollicium
1111 2303 1528 2376 evangelizandi.
1574 2299 1783 2355 Vitulus
1828 2297 2094 2353 Christus.

542 2405 731 2460 Haedos
771 2403 908 2473 apud
953 2402 1096 2472 ipsos
1138 2399 1402 2454 Christus.
1446 2395 1597 2451 Unus
1635 2392 1702 2446 de
1745 2392 1933 2453 servis,
1972 2403 2098 2458 pro-

541 2498 701 2568 pheta
741 2494 930 2564 aiiquis
966 2495 1031 2548 de
1071 2492 1271 2562 Spiritu
1315 2499 1519 2544 sancto.
1565 2483 1756 2540 Omnia
1789 2499 1905 2553 quae
1949 2480 2099 2534 habet

546 2587 705 2640 Pater
731 2601 844 2638 mea
883 2594 1024 2637 sunt.
1057 2583 1131 2636 De
1179 2581 1263 2636 his
1293 2580 1427 2634 dixit
1455 2593 1573 2648 qua:
1615 2575 1694 2630 ad'
1718 2573 1894 2628 Patris
1936 2569 2102 2641 perti-

546 2687 675 2732 nent
702 2677 1051 2731 divinitatem.
1102 2674 1206 2728 lsta
1245 2671 1498 2743 parabola
1543 2677 1598 2723 et
1643 2666 1710 2720 ad
1739 2666 1887 2726 duos,
1931 2661 2103 2733 poeni-

548 2777 746 2821 tentem
774 2774 827 2819 et
857 2767 1058 2837 justum
1079 2804 1094 2828 ,
1137 2770 1314 2833 potest
1360 2759 1571 2814 referri.
1606 2754 1918 2810 Deridebant
1962 2767 2098 2806 eum.

549 2858 684 2924 Quia
715 2859 797 2912 lex
826 2865 878 2911 et
903 2856 1174 2928 propheta;
1201 2867 1305 2906 non
1331 2849 1728 2920 praecipiebant,
1761 2845 1833 2899 ita
1859 2842 2106 2898 omnibus

553 2949 710 3003 bonis
756 2948 862 3002 imo
902 2946 1283 3008 abundaturos,
1316 2942 1361 2997 si
1392 2941 1562 3012 legem
1603 2938 1968 2992 observarent.
2018 2930 2108 2986 γω

549 3037 746 3090 homini
773 3053 862 3106 per
882 3051 1032 3106 quem
1063 3031 1368 3088 scandalum
1402 3030 1552 3084 venit.
1583 3027 1638 3082 id
1659 3035 1741 3081 est
1759 3022 2012 3079 Pharisaei
2035 3023 2108 3076 ir-

550 3127 793 3181 ridebant
818 3125 1116 3179 doctrinam
1140 3120 1368 3184 Domini,
1401 3127 1455 3174 et
1481 3117 1791 3172 avertebant
1814 3114 1947 3168 alios
1967 3127 2032 3166 ne
2055 3111 2107 3164 in

551 3231 676 3270 cum
720 3215 1018 3267 crederent.
1046 3211 1240 3266 Utilius
1263 3217 1345 3262 est
1374 3205 1646 3260 innoxium
1691 3217 1848 3273 ptena
1892 3200 2110 3256 atrocis-

556 3305 691 3358 sima
734 3303 898 3355 vitam
948 3301 1101 3354 ﬁnire
1141 3311 1472 3366 corpoream,
1504 3310 1665 3364 quam
1703 3293 1854 3346 fratri
1901 3292 2110 3346 nocenti

557 3399 782 3446 mortem
827 3390 1018 3444 animae
1064 3387 1257 3443 mereri
1301 3394 1641 3456 perpetuam,
1685 3384 1738 3438 id
1775 3390 1860 3438 est
1890 3381 2112 3452 pusillus

560 3493 644 3539 est
671 3483 760 3552 qui
787 3480 1179 3536 scandalizatur
1204 3486 1388 3533 contra
1425 3475 1687 3546 justitiam
1715 3491 1728 3528 :
1766 3488 1872 3529 non
1907 3480 1992 3527 est
2023 3487 2115 3526 cu-

562 3575 784 3629 randum
817 3573 882 3627 de
908 3571 1159 3627 scandalo
1184 3568 1388 3623 fratris.
1417 3566 1730 3638 Septuagies
1763 3564 1960 3635 septies
1986 3579 2116 3633 qua-

559 3664 854 3736 dringentis
882 3663 1168 3734 nonaginta
1194 3661 1418 3716 vicibus.
1449 3659 1591 3730 Auge
1618 3658 1760 3711 nobis
1783 3655 1958 3725 ﬁdem.
1983 3652 2119 3721 Quia

562 3756 819 3810 Dominus
866 3754 1078 3809 dixerat
1126 3767 1308 3821 supra.
1359 3749 1416 3804 Si
1467 3749 1521 3802 in
1567 3748 1741 3802 alieno
1789 3745 1972 3800 fideles
2013 3758 2119 3798 non

562 3843 771 3908 fuistis;
816 3843 1017 3898 idcirco
1056 3841 1170 3896 haec
1197 3840 1394 3895 docuit.
1423 3839 1659 3895 Granum
1689 3836 1890 3906 sinapis
1934 3849 2121 3906 garga-

565 3937 790 3990 rizatum
820 3940 1009 4005 purgat
1034 3940 1226 4001 caput;
1257 3946 1355 4000 per
1382 3929 1654 4000 pistillum,
1681 3925 2122 3997 persecutio,'per

567 4043 778 4083 morum
821 4027 1064 4081 arborem
1099 4039 1285 4079 omnes
1311 4024 1553 4088 arbores,
1579 4020 1663 4077 vel
1701 4019 1921 4074 verbum
1950 4017 2125 4072 Evan-

569 4120 689 4192 gelii
735 4121 789 4174 in
832 4117 1078 4189 gentibus
1121 4115 1339 4170 missum
1371 4113 1714 4182 designatur.-
1740 4109 1939 4165 Servus
1965 4123 2125 4162 arans

573 4220 661 4265 aut
697 4225 920 4279 pascens
948 4206 1166 4276 quilibet
1213 4206 1398 4262 doctor
1436 4203 1760 4273 intelligitur.
1808 4200 2128 4272 Regreditur

574 4300 638 4354 de
687 4313 837 4369 agro,
885 4312 1006 4352 cum
1061 4297 1366 4350 intermisso
1416 4309 1576 4371 Opere
1628 4290 2018 4362 praedicationis
2061 4289 2128 4344 ad

574 4388 956 4443 conscientiam
985 4387 1289 4441 revertitur.
1318 4383 1413 4440 Cui
1445 4399 1549 4438 non
1577 4382 1711 4436 dixit
1748 4381 1928 4436 statim
1960 4380 2127 4435 transi

577 4482 641 4534 de
671 4479 770 4532 hac
799 4478 906 4532 vita
953 4478 1006 4531 in
1037 4486 1312 4541 aeternam,
1358 4475 1451 4530 sed
1493 4475 1644 4530 stude
1686 4473 2000 4538 virtutibus;
2044 4471 2129 4525 cui

577 4566 826 4638 pnecingi
847 4606 861 4630 ,
894 4573 977 4619 est
1005 4574 1235 4620 mentem
1266 4565 1333 4618 ab
1377 4563 1625 4618 omnibus
1653 4562 1808 4617 malis
1851 4559 2129 4630 cogitatio-

581 4659 737 4713 nibus
783 4657 1167 4726 constringere.
1201 4655 1257 4709 Si
1288 4655 1446 4709 homo
1473 4655 1540 4708 ab
1565 4653 1779 4708 homine
1815 4651 1977 4706 multa
2021 4665 2135 4705 ser-

581 4747 707 4800 vitia
749 4746 960 4814 qumrit,
989 4754 1190 4814 quanto
1218 4744 1388 4814 magis
1425 4753 1637 4798 creator
1677 4751 1876 4798 noster.
1916 4739 2134 4796 Inutiles

583 4838 732 4892 serui.
760 4836 892 4903 Quia
929 4835 1181 4891 Dominus
1215 4845 1394 4891 vester
1417 4836 1556 4890 bono
1583 4842 1758 4889 vestro
1784 4850 1888 4889 non
1916 4834 2133 4903 indiget.

589 4931 690 4996 Qui
730 4930 884 5001 fuerit
921 4931 975 4984 in
1028 4939 1176 4984 tecto.
1225 4930 1283 4985 ln
1333 4927 1643 4984 celsitudine
1689 4925 1963 4978 virtutum.
2000 4922 2136 4976 Vasa

586 5019 720 5089 ejus.
751 5019 1207 5089 Concupiscentize
1233 5017 1493 5074 carnales.
1526 5016 1592 5070 In
1622 5030 1766 5084 agro.
1790 5013 1845 5067 ln
1879 5011 2137 5066 Ecclesia.

594 5109 772 5187 Uxor:
813 5108 929 5163 illos
954 5109 1049 5178 qui.
1088 5108 1141 5163 in
1186 5108 1524 5163 tribulatione
1552 5113 1694 5160 retro
1727 5102 1991 5173 aspiciunt
2017 5100 2140 5154 abs-

590 5214 695 5269 que
736 5213 831 5268 spe
867 5199 1175 5254 divinitatis.
1220 5196 1287 5252 In
1336 5196 1428 5251 illa
1472 5206 1634 5250 nocte.
1684 5193 1740 5248 ln
1785 5193 1873 5247 illa
1919 5189 2142 5246 tribula-

593 5289 755 5342 tione.
784 5286 850 5341 1η
877 5286 1024 5342 lecto.
1058 5286 1114 5341 ιιι
1155 5287 1358 5356 quieto,
1384 5285 1436 5340 id
1466 5291 1548 5340 est
1589 5284 1642 5338 in
1673 5283 1801 5338 otio.
1831 5280 2014 5350 Neque
2053 5293 2143 5333 ne-

593 5380 750 5451 gotiis
778 5379 1140 5445 saecularibus,
1185 5393 1356 5448 neque
1381 5375 1756 5432 ecclesiasticis
1794 5373 1936 5429 curis
1982 5385 2142 5425 occu-

557 5504 562 5510 -
593 5473 723 5542 pati.
758 5469 904 5526 Unus
929 5480 1236 5526 assumetur.
1269 5470 1335 5524 Et
1361 5470 1451 5539 qui
1481 5477 1696 5539 pr0pter
1725 5467 1888 5519 Deum
1923 5462 2142 5518 faciunt.

599 5560 700 5627 Qui
734 5559 888 5615 aliter
921 5561 1269 5630 relinquetur.
1313 5558 1446 5614 Duae
1492 5548 1754 5613 molentes.
1792 5555 1894 5622 Qui
1935 5554 1987 5606 in
2029 5551 2144 5622 ple-

600 5648 753 5706 hibus
789 5651 1058 5708 constituti
1106 5658 1362 5723 reguntur
1388 5663 1418 5704 a
1452 5647 1755 5706 doctoribus
1799 5643 2145 5704 feminarum,

2193 1822 2316 1877 licet
2334 1819 2616 1877 ostendens
2634 1828 2890 1888 quantum
2919 1815 3059 1872 Deus
3084 1829 3228 1869 curre
3253 1814 3316 1868 de
3339 1812 3754 1883 deprecantibus

2191 1920 2246 1966 et
2269 1928 2346 1968 se.
2378 1910 2542 1964 Putas
2587 1908 2827 1962 inveniet.
2851 1905 3178 1961 Charitatem
3221 1903 3476 1958 bonorum
3516 1902 3752 1956 ostendit

2195 2007 2447 2062 Dominus
2480 2003 2711 2057 futuram
2742 2001 2796 2054 in
2819 2000 2904 2054 die
2933 1997 3143 2067 iudicii.
3171 1995 3283 2051 Non
3309 2004 3490 2050 autem
3517 1996 3750 2061 dubitat,

2193 2099 2284 2153 sed
2329 2096 2525 2167 arguit,
2560 2093 2700 2148 sicut
2726 2089 2942 2145 Paulus.
2967 2088 3123 2152 Puto,
3152 2097 3207 2141 et
3233 2101 3332 2157 ego
3363 2086 3616 2155 spiritum
3659 2085 3753 2140 Dei

2195 2190 2386 2243 habeo.
2418 2186 2523 2240 Pro
2551 2184 2756 2240 duobus
2797 2180 2969 2235 modis
3003 2177 3135 2249 justi
3175 2176 3423 2231 dicuntur
3463 2175 3755 2230 vindictam

2196 2279 2405 2350 precari
2458 2277 2524 2331 de
2585 2274 2757 2329 malis.
2807 2271 3046 2338 Quatuor
3106 2276 3232 2322 sunt
3281 2267 3515 2336 species,
3564 2267 3760 2336 quibus

2199 2373 2360 2426 homo
2396 2367 2656 2437 superbus
2697 2379 2819 2419 cum
2866 2361 3065 2416 bonum
3103 2373 3162 2414 se
3198 2358 3398 2412 habere
3430 2365 3610 2426 putat,
3653 2356 3758 2412 sibi

2197 2461 2377 2516 datum
2423 2473 2520 2528 pro
2545 2455 2654 2511 suis
2688 2452 2893 2508 meritis
2921 2457 3102 2520 putat;
3133 2457 3225 2502 aut
3258 2448 3425 2517 jactat
3457 2459 3515 2500 se
3556 2446 3758 2499 habere

2199 2550 2345 2620 quod
2371 2548 2531 2602 habet
2565 2562 2594 2600 a
2623 2541 3010 2613 singularitate,
3039 2539 3155 2593 vult
3179 2537 3368 2591 habere
3396 2535 3531 2605 quod
3567 2535 3758 2590 habet.

2199 2642 2372 2696 Nolite
2397 2639 2531 2695 ellici
2565 2637 2828 2702 sensibus,
2857 2635 2950 2690 sed
2979 2632 3216 2697 malitia;
3243 2629 3325 2686 vel
3351 2632 3490 2686 sicut
3515 2631 3670 2701 pueri
3701 2632 3760 2686 in

2201 2733 2472 2797 discendo,
2500 2745 2605 2785 non
2642 2724 3078 2783 contradicendo.
3112 2722 3295 2792 Neque
3335 2722 3574 2778 rationes
3599 2737 3765 2792 oppo-

2202 2824 2309 2888 nit,
2353 2823 2447 2878 sed
2493 2821 2721 2877 ﬁdeliter
2760 2818 3014 2888 suscipit,
3063 2817 3203 2872 sicut
3243 2824 3298 2870 et
3337 2829 3488 2872 oves.
3529 2813 3762 2871 Verbum

2204 2912 2444 2967 audierat
2478 2912 2576 2967 iste
2611 2911 2855 2981 princeps
2879 2911 2942 2964 de
2969 2909 3188 2963 introitu
3218 2908 3370 2979 regni
3415 2907 3672 2963 caelorum
3698 2906 3764 2961 de

2205 3006 2403 3075 pueris,
2430 3011 2706 3074 propterea
2746 3001 3038 3072 interrogat
3080 3002 3272 3071 quibus
3299 3015 3522 3070 operum
3563 2997 3766 3054 meritis

2133 3078 2178 3140 (ἶ
2210 3099 2409 3176 intrare
2438 3095 2622 3164 possit.
2655 3090 2770 3146 Non
2811 3107 2869 3146 se
2903 3092 3217 3162 magistrum
3258 3092 3456 3146 bonum
3483 3104 3586 3144 non
3623 3103 3764 3152 esse,

2210 3188 2302 3242 sed
2336 3186 2644 3256 magistrum
2675 3185 2887 3252 absque
2911 3182 3021 3237 Deo
3062 3182 3261 3236 nullum
3300 3181 3498 3235 bonum
3540 3195 3661 3235 esse
3690 3189 3771 3233 te-

2211 3287 2398 3334 statur.
2452 3277 2714 3331 Foramcn
2769 3290 2915 3338 acus,
2952 3274 3224 3345 angustias
3269 3271 3600 3341 passionum.
3648 3269 3770 3337 Qua

2210 3369 2377 3423 scissa
2413 3377 2601 3421 natura
2637 3374 2814 3420 nostra
2859 3365 3124 3418 resarcire
3158 3363 3397 3434 dignatus
3439 3369 3542 3415 est.
3577 3357 3770 3414 Possi-

2212 3456 2310 3511 bile
2333 3467 2404 3510 est
2439 3455 2577 3525 apud
2609 3455 2790 3519 Deum,
2822 3453 3068 3508 videlicet
3101 3461 3158 3507 ut
3182 3452 3326 3507 dives
3349 3448 3610 3506 efﬁciatur
3637 3465 3773 3518 pau-

2212 3561 2310 3617 per
2336 3545 2558 3608 Christi,
2597 3553 2652 3599 et
2694 3545 2763 3598 sit
2798 3543 3014 3599 humilis
3055 3553 3111 3598 et
3153 3543 3377 3612 reliqua.
3405 3540 3469 3595 In
3502 3540 3594 3594 hoc
3639 3549 3772 3593 tem-

2214 3653 2356 3709 pore.
2385 3635 2494 3690 Hoc
2522 3643 2605 3691 est
2645 3635 2902 3689 societate
2925 3634 3161 3688 omnium
3197 3631 3637 3688 Christianorum.
3668 3629 3773 3684 Za-

2217 3728 2396 3783 chreus
2429 3725 2753 3796 justiﬁeatus
2779 3725 2974 3780 dicitur
2998 3740 3012 3778 :
3042 3723 3308 3795 signiﬁcat
3335 3722 3580 3793 gentilem
3603 3737 3776 3794 popu-

2219 3819 2348 3873 lum.
2401 3817 2725 3888 Sycomorus
2779 3829 2993 3870 crucem
3030 3813 3324 3884 signiﬁcat,
3363 3813 3484 3882 quia
3531 3827 3560 3864 a
3594 3811 3778 3865 multis

2220 3909 2491 3965 irridetur.
2538 3906 2874 3971 Ascendere,
2923 3905 2981 3959 in
3029 3903 3342 3959 cruciﬁxum
3395 3902 3644 3967 credere;
3687 3902 3782 3957 de-

2221 4001 2502 4067 scendere,
2542 3999 2665 4068 quia
2705 3997 2751 4053 si
2802 4012 3123 4052 noveramus
3161 3995 3438 4051 Christum
3491 3995 3780 4049 secundum

2223 4105 2436 4147 carnem
2458 4089 2571 4159 jam
2603 4090 2867 4147 novimus.
2901 4088 3070 4143 Homo
3103 4087 3287 4142 nobilis
3317 4087 3581 4142 Christus.
3620 4086 3783 4157 Regio

2224 4182 2500 4254 longinqua
2547 4182 2786 4238 Ecclesia
2817 4189 2934 4236 est:
2969 4181 3051 4236 vel
3085 4182 3212 4250 quia
3244 4196 3275 4235 a
3306 4181 3501 4235 ﬁnibus
3536 4188 3691 4234 terra!
3715 4181 3786 4235 ad

2228 4291 2352 4332 eum
2372 4276 2566 4332 clamat
2588 4274 2848 4340 Ecclesia,
2871 4273 2952 4329 vel
2977 4273 3102 4343 quia
3123 4273 3272 4345 longe
3290 4282 3362 4328 est
3383 4290 3417 4326 a
3435 4273 3788 4344 peccatoribus

2229 4371 2391 4426 salus.
3303 4421 3309 4424 .

2303 4460 2491 4514 Decem
2530 4475 2696 4513 mnos.
2741 4458 2998 4513 Denarius
3027 4472 3281 4511 numerus
3307 4456 3373 4511 ad
3412 4454 3580 4525 legem
3623 4454 3799 4526 perti-

2232 4560 2343 4607 net.
2373 4550 2544 4620 Elegit
2575 4549 2857 4619 discipulos
2891 4563 2986 4618 per
3023 4547 3192 4617 legem
3235 4546 3488 4610 imbutos,
3515 4543 3662 4600 dedit
3697 4544 3804 4599 de-

2235 4656 2351 4696 cem
2401 4655 2575 4695 mnas.
2613 4639 2749 4706 Quia
2792 4639 2924 4709 legis
2967 4637 3110 4692 dicta
3154 4636 3465 4707 spiritaliter
3494 4635 3798 4705 intelligere

2237 4731 2380 4787 fecit.
2427 4729 2601 4795 Mina,
2645 4743 2802 4798 quam
2844 4726 3016 4782 Graeci
3051 4741 3174 4780 mna
3215 4726 3414 4790 dicunt,
3447 4740 3480 4779 a
3518 4723 3798 4779 drachmis

2238 4826 2573 4897 appenditur.
2618 4822 2793 4886 Cives,
2835 4821 3036 4885 Judtei;
3064 4820 3251 4885 rediet,
3278 4820 3344 4874 ad
3363 4818 3659 4888 judicium;
3687 4817 3803 4874 sci-

2239 4925 2350 4982 ret,
2389 4916 2528 4971 scire
2571 4915 2788 4968 faceret.
2829 4912 3042 4967 Primus
3068 4926 3273 4976 servus,
3309 4911 3441 4965 ordo
3477 4911 3760 4982 doctorum
3781 4948 3799 4971 ,

2239 5008 2329 5078 qui
2365 5007 2418 5060 in
2447 5004 2853 5060 circumcisione
2889 5017 3071 5056 mnam
3114 5017 3273 5055 unam
3298 5041 3314 5066 ,
3358 5000 3462 5055 hoc
3501 5007 3584 5053 est
3625 5011 3802 5050 unum

2243 5101 2440 5163 Deum,
2477 5111 2635 5151 unam
2682 5094 2836 5149 ﬁdem
2889 5095 3179 5164 praedicare
3225 5091 3406 5161 jussus
3451 5100 3551 5145 est.
3596 5088 3807 5143 Decem

2243 5205 2396 5245 mnas
2423 5186 2704 5257 acquisivit
2753 5185 3000 5256 populum
3034 5183 3355 5239 Judzeorum.
3400 5181 3454 5236 In
3483 5179 3696 5234 modico
3749 5180 3804 5234 in

2245 5279 2406 5334 verbo
2432 5278 2629 5332 divino.
2656 5278 2850 5332 Decem
2881 5277 3143 5342 civitates,
3173 5276 3365 5330 anima:
3398 5287 3491 5344 per
3512 5270 3649 5339 legis
3677 5285 3807 5325 ver-

2244 5368 2370 5422 bum
2407 5365 2474 5420 ad
2504 5364 2734 5436 gratiam
2779 5363 3048 5435 Evangelii
3089 5365 3380 5419 venientes.
3410 5360 3560 5415 Alius
3589 5373 3840 5448 servusn

2247 5471 2420 5512 caecus
2447 5455 2536 5525 qui
2565 5453 2873 5523 przedicavit
2898 5453 3176 5523 praeputio,
3209 5451 3443 5520 quinque
3468 5463 3643 5512 muas,
3675 5462 3809 5518 gen-

2248 5547 2411 5600 tibtas
2436 5543 2670 5614 quinque
2709 5541 2955 5597 sensibus
2976 5540 3188 5596 .dedita.
3220 5539 3348 5592 Esto
3382 5553 3539 5608 super
3581 5537 3812 5606 quinque

2249 5636 2494 5690 civitates.
2540 5631 2652 5689 Hoc
2703 5640 2788 5688 est
2845 5646 3002 5702 super
3054 5644 3145 5686 eos
3195 5643 3331 5700 quos
3386 5625 3628 5684 imbuisti
3689 5632 3810 5680 esto
