3952 6186
176 302 313 354 1313

1334 297 1689 365 ΕΧΡΟΞΙΤῌ)
1734 296 1974 351 ειδειίε
2010 296 2074 351 l.\'
2116 296 2364 352 LUCAM.

3265 300 3401 347 l5”

167 427 400 484 ntagnus
445 421 498 465 et
558 413 819 467 sullimis.
873 415 1100 468 Pecunia
1163 417 1382 468 verbum
1443 412 1733 480 Evangelii.
1768 419 1813 475 Α
1841 409 2145 479 signiﬁcant
2176 415 2341 460 totum
2369 408 2490 461 vitae
2537 415 2991 473 nostrzeJempns,
3023 406 3076 459 in
3098 406 3293 474 quitus
3323 410 3402 460 fn-

167 502 505 574 Bethphage,
533 505 721 559 domus
749 506 951 570 buceta,
990 496 1195 560 viculus
1242 503 1601 559 sacerdotum.
1639 503 1737 555 Be-

167 593 357 647 thania
389 593 461 646 ibi
492 595 674 662 juxta;
715 594 923 655 civitas,
952 594 1189 653 Ecclesia
1221 607 1383 661 super
1417 606 1735 645 monumen-

167 695 289 739 tum
317 685 535 749 Lazari,
572 686 697 755 quia
749 686 942 742 multos
981 694 1103 741 ante
1132 687 1433 755 passionem
1464 703 1615 742 suam
1644 688 1736 743 do-
1790 760 1795 766 .

167 775 345 829 cendo
392 775 546 829 donis
602 776 700 844 piat
725 776 1077 831 confessionis
1112 786 1168 830 et
1212 768 1529 832 obedientiae
1575 778 1736 848 spiri-

167 862 297 917 talis
334 863 589 932 implevit.
621 864 685 917 In
723 877 911 919 monte.
958 866 1070 921 Hoc
1121 877 1203 921 est
1256 869 1308 921 in
1361 868 1475 937 ipso
1514 868 1761 942 Domino‘

163 952 263 1021 qui
296 954 572 1007 unetiones
601 955 917 1023 spiritalium
940 957 1324 1011 charismatum
1367 958 1485 1012 lucc
1515 958 1737 1013 refovet.

166 1043 288 1097 Duo
313 1044 612 1107 mittuntur,
637 1045 721 1099 vel
755 1055 971 1115 prepter
1008 1048 1274 1117 geminam
1302 1046 1740 1110 charitatem,vel

164 1141 391 1203 propter
435 1133 757 1190 locutionem
799 1148 855 1191 et
882 1140 1265 1208 operationem,
1294 1140 1385 1208 qui
1410 1141 1743 1197 contradice-

165 1225 322 1289 bant,
346 1226 589 1296 magistri
618 1244 883 1283 errorum.
910 1231 1168 1286 Dimidius
1190 1247 1361 1288 annus
1379 1241 1495 1288 erat
1513 1248 1620 1303 quo
1638 1234 1743 1288 Do—

164 1317 350 1393 minus
376 1334 481 1373 non
508 1319 608 1374 fuit
630 1334 871 1377 reversus
899 1325 950 1378 in
978 1324 1248 1381 Galilaeam
1271 1329 1484 1397 quando
1511 1332 1657 1384 venit
1676 1330 1743 1385 ad

164 1410 497 1479 passionem.
529 1410 583 1467 Si
615 1414 702 1468 isti
740 1424 1022 1472 tacuerunt
1057 1422 1273 1488 quando
1321 1422 1434 1491 ipse
1484 1423 1741 1487 tacuerit,

164 1508 338 1568 petra:
402 1502 662 1558 scissione
727 1504 1099 1563 clamaverint.
1161 1509 1503 1566 Monumenta
1560 1525 1743 1582 aperta

166 1600 333 1645 sunt:
369 1593 683 1662 spiritaliter
710 1596 936 1667 gentiles
962 1598 1054 1668 qui
1080 1599 1286 1670 lapides
1305 1601 1432 1656 dicti
1460 1611 1604 1657 sunt.
1651 1598 1741 1659 Ci-

167 1679 314 1732 vitas
349 1681 429 1735 vel
466 1682 566 1737 iste
592 1684 850 1750 mundus,
895 1686 979 1742 vel
1008 1703 1160 1743 mens
1206 1689 1625 1761 uniuscujusque
1651 1693 1747 1747 ho-

1837 518 1962 571 gere
1987 502 2242 556 debemus
2267 502 2331 555 de
2360 500 2612 571 IEgypto.
2634 501 2908 571 Coeperunt
2939 509 3112 554 autem
3136 518 3401 556 accusare.

1835 591 2024 645 Petrus
2066 590 2345 645 cucurrit:
2380 591 2520 659 quod
2564 591 2797 648 Joannes
2838 607 2898 646 se
2943 600 3132 646 narrat
3178 591 3402 657 fecisse;

1836 679 2026 734 Petrus
2048 688 2226 733 autem
2275 677 2511 733 fecerat:
2549 687 2606 734 et
2635 682 2760 750 quia
2798 681 2971 737 Lucas
2998 682 3150 746 dixit,
3173 678 3407 737 Joannes

1840 772 2022 825 tacuit.
2053 770 2315 837 Stadium,
2341 779 2527 826 octava
2567 789 2693 842 pars
2742 774 2971 829 milliarii
3004 793 3015 830 τ
3050 775 3104 830 id
3126 783 3211 830 est
3246 790 3403 830 sexa-

1838 864 1984 933 ginta
2035 863 2210 916 stadia
2249 872 2371 917 octo
2417 879 2669 935 passuum
2697 865 2734 937 i.
2761 881 2812 919 v.
2853 866 3198 937 signiﬁcant:
3231 866 3285 920 id
3326 876 3407 921 est

1838 962 1959 1007 octo
1979 961 2035 1007 et
2059 954 2242 1021 semjs.
2272 953 2425 1022 Quod
2472 956 2719 1027 congruit
2748 957 2831 1011 his
2858 997 2874 1023 ,
2915 959 3006 1027 qui
3036 958 3103 1013 de
3144 966 3319 1014 morte
3348 972 3410 1012 ac

1840 1047 2109 1116 sepultura
2139 1048 2293 1109 ecrti,
2318 1048 2384 1102 de
2421 1051 2816 1105 resurrectione
2861 1058 3039 1104 autem
3058 1059 3215 1106 erant
3240 1050 3410 1105 dubii.

1842 1138 2186 1192 Rcsurrcctio
2211 1147 2332 1207 post
2355 1140 2640 1209 septimam
2663 1140 2870 1196 sabbati
2894 1140 3036 1196 facta
3054 1149 3157 1196 est.
3179 1140 3413 1196 Octavus

1841 1244 2096 1284 numerus
2125 1229 2506 1284 resurrectioni
2555 1231 2822 1301 congruit.
2876 1230 3132 1300 Discipuli
3167 1229 3240 1284 illi
3270 1229 3413 1283 incc-

1842 1318 2063 1384 debant,
2088 1318 2331 1374 dolentes
2363 1318 2510 1373 illum
2539 1334 2659 1375 esse
2711 1330 3000 1376 mortuum.
3030 1319 3254 1376 Sextum
3293 1319 3413 1374 sab-

1841 1408 1953 1463 bati
1988 1409 2389 1480 compleverunt
2412 1420 2467 1465 et
2497 1411 2805 1481 septimum,
2832 1412 2959 1480 quia
2982 1413 3126 1466 hunc
3166 1411 3217 1465 in
3241 1408 3416 1479 sepul-

1843 1514 1938 1554 cro
1965 1501 2233 1569 quievisse
2254 1516 2360 1555 non
2409 1490 2742 1556 dubitabant.
2773 1501 2849 1556 De
2894 1510 3083 1556 octava
3133 1501 3411 1556 dimidium

1845 1600 2052 1645 tantum
2096 1601 2338 1662 egerunt,
2374 1593 2500 1663 quia
2532 1593 2981 1648 resurrectionem
3025 1608 3131 1648 non
3182 1592 3420 1663 perfecte

1844 1682 2204 1737 crediderunt.
2264 1682 2363 1750 Qui
2411 1683 2604 1739 falsum
2650 1684 3014 1738 testimonium
3057 1683 3186 1738 dicit
3225 1691 3417 1737 contra

166 1772 355 1856 ruinis.
381 1772 603 1840 Quando
645 1791 675 1835 a
699 1776 896 1834 Judzeis
932 1789 1212 1851 susceptus
1236 1792 1337 1847 est,
1366 1784 1605 1840 decimus
1628 1784 1745 1841 dies
1774 1763 1819 1823 Β
1847 1774 2036 1838 Deum»
2086 1776 2367 1845 Pecuniam
2398 1777 2580 1831 vendit
2606 1816 2622 1842 ν
2676 1787 2728 1830 επ
2759 1777 2851 1846 qui
2877 1774 3169 1830 fraternam
3196 1789 3412 1829 conm"

165 1866 375 1919 mensis
406 1867 544 1921 fuit:
585 1869 691 1923 Deo
721 1885 890 1941 agnus
935 1871 1119 1941 jussus
1151 1883 1235 1929 est
1262 1875 1450 1945 accipi.
1495 1875 1577 1932 Ob
1612 1877 1745 1933 duas

164 1968 366 2009 causas
412 1960 612 2013 veritas
654 1959 874 2016 celanda
923 1972 1040 2029 est,
1089 1951 1316 2033 eamque
1363 1964 1611 2036 indignus
1652 1968 1745 2037 qui

166 2046 386 2111 quierit,
412 2058 466 2102 et
494 2049 585 2117 qui
614 2051 796 2119 inique
820 2054 1043 2121 qumrit,
1081 2070 1113 2108 a
1139 2070 1245 2124 qua
1271 2071 1379 2111 non
1427 2065 1511 2111 est
1556 2073 1745 2128 capax.

166 2134 384 2190 Primus
415 2153 601 2194 servus
634 2142 701 2195 ad
726 2142 938 2197 vineam
959 2184 973 2206 ,
1025 2144 1233 2215 Moyses
1259 2161 1419 2216 quem
1458 2150 1750 2204 exacerba-

169 2226 331 2279 verit.
374 2226 522 2283 Alter
559 2229 728 2285 David
762 2232 829 2287 de
873 2248 981 2302 quo
1027 2233 1225 2290 dixerit
1267 2253 1280 2288 :
1311 2238 1402 2307 qui
1433 2238 1589 2293 nobis
1625 2255 1750 2308 pars

172 2319 379 2387 David;
412 2323 620 2389 tertius,
645 2326 1025 2396 prophetarum
1051 2330 1248 2385 chorus
1274 2348 1287 2382 :
1322 2331 1637 2402 ambigendo
1664 2334 1747 2387 di-

168 2414 351 2465 citur:
395 2414 617 2469 forsitan
665 2425 726 2470 ut
761 2418 929 2473 libera
954 2419 1201 2474 voluntas
1228 2420 1429 2476 homini
1485 2422 1752 2493 relinqua-

173 2513 282 2557 tur.
338 2503 632 2574 Lapidem:
683 2508 784 2564 hoc
830 2521 913 2565 est
951 2510 1107 2566 fidem
1160 2511 1358 2568 Christi
1414 2514 1748 2571 subtrahere.

176 2591 281 2655 Qui
309 2603 559 2660 peccator
600 2604 703 2659 est,
736 2606 790 2651 et
830 2599 1002 2653 credit
1051 2601 1103 2654 in
1130 2601 1318 2662 Deum.
1363 2615 1753 2673 conquassatur

173 2684 392 2748 quando
420 2695 627 2753 peccat.
663 2674 838 2757 Super
883 2705 1021 2758 quos
1053 2692 1232 2747 veniet
1284 2693 1389 2748 illis
1430 2695 1660 2764 desuper
1698 2698 1750 2751 in

167 2770 377 2837 judicio
409 2788 531 2827 cum
558 2789 714 2843 pmna
736 2778 1070 2846 perditionis.
1098 2780 1369 2838 Moraliter
1387 2786 1753 2855 unusquisque

176 2858 336 2913 vinea
360 2861 567 2915 Domini
613 2878 708 2932 per
734 2866 1056 2935 baptismum
1091 2869 1337 2925 efficitur.
1382 2873 1535 2928 Servi
1564 2915 1580 2938 ,
1635 2876 1748 2939 lex,

177 2949 372 3019 psalmi
400 2954 671 3020 propheta:
706 2955 786 3009 vel
825 2957 927 3011 alia
974 2960 1238 3029 scriptura
1265 2945 1490 3029 Domini,
1518 2966 1745 3034 occidit;

177 3056 212 3094 a
236 3056 295 3095 se
335 3041 590 3111 Spiritum
639 3054 882 3101 sanctum
910 3047 1126 3121 effugat.
1160 3052 1607 3125 Gazophylacium
1629 3067 1751 3114 erat

178 3147 308 3187 arca
331 3132 572 3189 foramen
614 3134 816 3192 habens
838 3138 1067 3211 desuper
1094 3144 1288 3211 posita,
1310 3144 1463 3215 juxta
1492 3147 1662 3204 altare
1682 3150 1752 3205 ad

180 3223 481 3291 dexteram.
510 3223 936 3295 lngredientibus
965 3231 1182 3286 domum
1212 3234 1419 3289 Domini
1445 3236 1551 3297 duo
1576 3249 1749 3294 erant.

181 3314 508 3383 Spiritaliter
570 3317 766 3373 dicitur
831 3320 1043 3375 dilectio
1092 3322 1183 3378 Dei
1248 3334 1304 3379 et
1357 3329 1607 3397 proximi.
1663 3329 1754 3384 Vi-

180 3405 309 3467 dua,
344 3405 610 3472 Ecclesia;
642 3409 836 3463 divites
861 3408 1028 3466 Judaei
1072 3415 1139 3469 de
1168 3414 1376 3481 justitia
1421 3436 1750 3488 pnesumcu-

182 3502 281 3549 tes.
317 3494 523 3559 Terror,
550 3514 666 3567 qua:
710 3498 773 3551 de
813 3500 958 3551 malo.
1008 3502 1172 3556 Stella
1210 3507 1387 3575 gladio
1421 3510 1613 3564 similis
1656 3525 1754 3578 per

180 3598 382 3638 a..nutn
411 3593 582 3640 totum
613 3602 774 3656 supra
818 3585 1114 3646 Jerusalem
1141 3596 1411 3662 pependit.
1445 3595 1607 3666 Signa
1635 3615 1751 3652 ma-

180 3688 302 3741 gna.
327 3670 527 3729 Curras
549 3686 604 3729 et
630 3677 838 3745 equites
865 3681 1060 3733 armati
1096 3696 1193 3749 per
1242 3698 1422 3738 aerem
1443 3686 1753 3743 discurrere

179 3762 279 3816 visi
323 3774 465 3817 sunt.
518 3764 694 3821 Vitula
731 3768 798 3822 ad
852 3772 1172 3826 sacriﬁcium
1209 3775 1399 3829 educta
1428 3817 1442 3840 ,
1486 3778 1641 3832 enixa
1671 3790 1754 3834 est

179 3869 394 3924 agnam.
438 3855 581 3910 Tunc
627 3860 716 3929 qui
761 3862 816 3914 in
842 3861 986 3917 Juda
1022 3875 1141 3919 sunt
1197 3867 1397 3937 fugiunt
1439 3870 1493 3923 in
1529 3883 1747 3926 montes.

178 3942 560 3999 Ecclesiastica
602 3947 829 4004 historia
874 3961 1060 4007 narrat
1102 3956 1228 4023 quia
1263 3955 1514 4026 fugerunt
1563 3973 1752 4015 omnes

177 4033 472 4088 Christiani
519 4045 668 4093 trans
699 4038 987 4097 Jordanem
1016 4044 1067 4098 in
1095 4046 1363 4102 civitatem
1394 4051 1607 4107 nomine
1627 4051 1747 4107 Pelr

177 4122 309 4187 iam,
342 4125 511 4181 donec
540 4127 799 4185 desolatio
835 4120 1209 4202 complcretur.
1244 4137 1419 4192 Donec
1439 4140 1751 4210 impleantur

177 4223 410 4283 tempora
437 4217 727 4273 nationum.
780 4219 892 4277 Hoc
929 4233 1011 4278 est
1047 4225 1217 4281 donec
1244 4230 1428 4282 credat
1466 4230 1749 4287 multitudo

176 4317 386 4358 eorum.
434 4303 650 4361 Sonitus
675 4312 837 4364 maris
889 4323 938 4365 ct
973 4316 1227 4381 ﬂuctuum
1249 4330 1267 4367 :
1306 4319 1430 4387 quia
1465 4319 1746 4375 delendum

178 4406 335 4493 mare
356 4405 531 4450 motus
559 4398 642 4451 sui
686 4402 972 4468 praeminet
1000 4404 1216 4460 indicia.
1259 4407 1322 4460 Et
1369 4408 1649 4466 Matthrcus
1674 4412 1749 4481 ip-
1772 4444 1826 4504 Β

176 4480 499 4550 santjudicii
533 4493 873 4557 prmsentiam
910 4506 1108 4549 narrat.
1156 4498 1328 4553 Lucas
1370 4480 1743 4570 praecedentia.

175 4574 441 4631 Arescent
464 4579 555 4647 qui
591 4580 643 4634 in
693 4582 794 4639 hoc
841 4587 1040 4641 mundo
1085 4588 1277 4645 florere
1306 4591 1616 4660 vidcantur;
1658 4612 1746 4666 ge-

177 4667 511 4722 nerationem
539 4679 739 4735 autem,
770 4675 1044 4731 hominum
1091 4694 1278 4748 genus,
1301 4691 1395 4736 aut
1444 4685 1746 4753 specialiter

175 4753 503 4811 Judreorum.
556 4758 760 4816 lenm
815 4765 954 4833 quod
1012 4770 1266 4824 transibit
1312 4786 1415 4826 non
1454 4774 1744 4830 a'thcreum

178 4854 272 4898 aut
306 4844 593 4910 sidereum,
620 4850 713 4905 sed
758 4855 963 4908 aerium
994 4856 1045 4910 in
1092 4874 1198 4927 quo
1226 4876 1351 4915 aves
1388 4863 1508 4919 cmli
1536 4866 1743 4930 volant,

182 4933 295 5003 ipsa
345 4950 465 5003 qua:
507 4936 558 4990 in
605 4941 761 5007 aquis
801 4945 1092 5011 perierunt.
1142 4947 1348 5005 Pascha
1394 4954 1598 5021 primus
1631 4957 1747 5011 dies

180 5024 393 5090 quando
436 5040 605 5096 agnus
633 5031 994 5089 occidebatur.
1047 5037 1246 5108 Azyma
1266 5081 1280 5104 ,
1314 5042 1364 5096 in
1385 5109 1396 5119 .
1416 5048 1741 5110 crastinum,

179 5117 393 5182 quando
420 5120 621 5188 egressi
645 5129 770 5176 sunt
794 5123 860 5178 de
880 5124 1134 5197 Egypto.
1155 5144 1251 5196 per
1267 5117 1469 5201 septem
1496 5135 1627 5197 dies,
1653 5137 1743 5206 qui

548 5749 815 5811 ΡΑτιιοι.
864 5757 1016 5818 CVI.

1844 1865 1988 1919 diam
2018 1864 2263 1936 dissipat.
2296 1865 2419 1921 Non
2444 1866 2615 1921 bibam
2636 1866 2700 1920 de
2719 1867 2974 1937 gcnimine
2998 1866 3132 1920 vitis.
3165 1864 3262 1920 Vel
3285 1864 3415 1919 sim-

1843 1956 2055 2025 pliciter
2079 1956 2164 2010 vel
2193 1957 2444 2027 mystice,
2501 1964 2680 2026 potest
2704 1956 2949 2027 intelligi.
2992 1955 3050 2010 lu
3089 1971 3228 2027 pane
3254 1971 3417 2026 aqua,

1844 2049 1898 2103 in
1923 2048 2048 2102 vino
2068 2062 2206 2117 aqua
2234 2048 2579 2119 designatur,
2611 2057 2672 2102 ut
2713 2048 2947 2103 ostendit
2978 2063 3074 2117 per
3100 2063 3294 2119 aquam
3317 2063 3415 2117 po-

1845 2138 2027 2209 pulum
2058 2154 2220 2209 super
2268 2153 2528 2194 mensam.
2585 2138 2765 2193 Mensa
2808 2139 2923 2192 haec
2953 2137 3190 2193 cmlestis
3231 2137 3418 2208 gloria.

1848 2228 1985 2282 Ecce
2009 2227 2236 2284 Satanas
2277 2230 2516 2299 expetivit
2560 2246 2647 2284 vos
2671 2269 2685 2294 ,
2742 2238 2800 2282 ut
2836 2229 3108 2282 cribraret.
3157 2228 3423 2297 Expeterc

1852 2320 2064 2375 Satana:
2088 2361 2103 2385 ,
2170 2329 2254 2376 est
2290 2322 2357 2375 ad
2413 2319 2754 2376 aﬂlictionem
2800 2320 3095 2376 electorum
3144 2318 3419 2374 anhelare.

1850 2412 2075 2479 Quando
2109 2413 2230 2468 misi
2252 2428 2349 2468 vos
2371 2413 2488 2467 sine
2514 2411 2744 2476 sacculo,
2766 2420 2870 2467 etc.
2893 2410 3031 2467 Sunt
3047 2410 3278 2466 virtutes
3302 2424 3423 2481 quae

1851 2517 2065 2573 semper
2094 2504 2335 2558 tenenda:
2363 2513 2516 2568 sunt;
2565 2510 2690 2557 sunt
2725 2501 2843 2557 alia:
2880 2515 3000 2572 quae
3041 2517 3148 2557 non
3189 2510 3334 2565 sunt,
3363 2511 3425 2556 ut

1852 2594 2045 2659 fames,
2071 2594 2212 2659 sitis,
2243 2594 2455 2666 vigilite,
2481 2595 2715 2659 auditas,
2744 2594 2920 2650 lectio.
2951 2593 3210 2649 Similiter
3227 2594 3295 2649 de
3318 2595 3423 2649 isto

1852 2684 1906 2738 in
1933 2685 2357 2753 persecutionem
2394 2684 2637 2755 praecipit
2674 2684 2874 2739 habere
2903 2684 3213 2754 pecuniam,
3258 2683 3424 2739 victui

1853 2775 2177 2837 necessaria,
2204 2774 2367 2828 etiam
2402 2781 2458 2827 et
2487 2773 2743 2843 gladium.
2775 2771 2947 2828 Gladii
2974 2787 3101 2827 vero
3127 2773 3255 2836 duo,
3278 2772 3424 2827 sulti-

1830 2864 2001 2917 -ciunt
2024 2863 2092 2916 ad
2124 2862 2485 2917 testimonium
2532 2870 2722 2932 sponte
2749 2861 2891 2931 passi
2926 2860 3242 2917 Salvatoris.
3275 2860 3425 2915 Unus

1854 2954 1921 3007 ad
1949 2953 2228 3008 audaciam
2280 2953 2662 3024 apostolorum,
2690 2952 2830 3008 alius
2870 2968 2976 3008 non
3004 2960 3287 3021 exemptus
3325 2967 3423 3022 pa-

1857 3045 2100 3100 tientiam
2130 3044 2264 3114 ejus.
2292 3045 2555 3111 Quantum
2574 3045 2753 3115 jactus
2779 3054 2852 3100 est
2878 3043 3089 3115 lapidis.
3117 3044 3187 3101 Ut
3217 3044 3270 3098 in
3298 3059 3423 3099 eum

1856 3134 2151 3205 dirigerent
2173 3135 2423 3207 lapidem.
2451 3136 2505 3190 id
2543 3146 2628 3190 est
2670 3136 3021 3190 intentionem
3052 3134 3185 3203 legis
3219 3150 3338 3204 qua:
3369 3135 3424 3188 in

1854 3228 2029 3298 lapide
2058 3229 2256 3298 scripta
2290 3237 2393 3282 est.
2419 3228 2648 3296 Agonia,
2676 3229 2931 3284 alacritas
2968 3230 3052 3284 vel
3076 3229 3421 3284 confidentia.

1856 3318 2000 3374 Sicut
2028 3328 2188 3388 gutta:
2230 3320 2500 3390 sanguinis
2532 3320 2872 3376 decurrentis.
2915 3320 3194 3391 Significat
3222 3332 3424 3379 terram

1855 3411 2130 3480 irrigatam
2155 3412 2412 3480 sanguine
2430 3420 2486 3465 et
2522 3426 2618 3481 per
2641 3427 2830 3481 preces
2857 3413 2973 3482 ejus
3001 3413 3334 3474 obtenturas,
3365 3424 3426 3468 ut

1854 3499 2015 3553 ﬁdem
2039 3500 2418 3569 discipulorum
2472 3516 2571 3570 per
2596 3503 2910 3573 sanguinem
2954 3519 3110 3559 suum
3134 3514 3392 3576 purgaret
3408 3545 3423 3568 .

1853 3598 1909 3643 et
1927 3591 2112 3645 orbem
2140 3599 2297 3646 terrae
2324 3606 2420 3646 sua
2447 3600 2621 3647 morte
2664 3595 3008 3650 resuscitaret
3027 3596 3093 3650 ad
3116 3595 3300 3650 vitam.
3331 3596 3391 3651 Si
3410 3627 3423 3636 -

1854 3680 1959 3734 nite
1982 3697 2141 3751 usque
2160 3682 2280 3735 huc.
2317 3681 2374 3736 ιιι
2399 3693 2485 3738 est
2510 3699 2616 3739 non
2641 3699 2738 3739 vos
2779 3698 2990 3743 moveat
3015 3689 3155 3757 quod
3185 3689 3422 3746 futurum

1853 3776 1938 3823 est
1962 3787 1974 3822 :
2016 3772 2391 3839 permittiteut
2410 3788 2497 3828 me
2522 3776 2998 3845 comprehendant.
3026 3779 3164 3835 Dum
3200 3782 3423 3836 interro-

1852 3864 2079 3932 gaverit,
2102 3863 2293 3919 Petrus
2324 3865 2608 3933 percussit.
2662 3866 2882 3932 Servus,
2929 3871 3180 3941 populum
3207 3870 3419 3927 Judaeu-

1852 3968 1970 4006 rum
2012 3954 2280 4022 significat
2306 3972 2319 4007 :
2357 3957 2719 4022 sacerdotum,
2739 3973 2806 4013 ex
2829 3974 2936 4029 quo
2957 3974 3141 4015 eorum
3169 3956 3420 4033 suggestu

1851 4042 2143 4099 Barrabam
2179 4046 2472 4117 elegerunt.
2512 4046 2701 4104 Petrus
2746 4052 2980 4106 ostendit
3003 4053 3183 4108 divino
3218 4052 3425 4122 judicio

1851 4136 2090 4190 auditum
2121 4136 2253 4207 legis
2273 4139 2341 4192 ab
2366 4138 2445 4193 eis
2473 4138 2708 4194 ablatum
2734 4156 2875 4197 esse.
2901 4143 2956 4197 In
2977 4157 3041 4199 eo
3067 4147 3209 4214 quod
3231 4155 3423 4200 sanata
3452 4134 3461 4141 ’

1851 4229 1998 4283 auris
2022 4238 2122 4292 est,
2147 4244 2241 4284 eos
2278 4230 2527 4300 designat
2559 4232 2650 4301 qui
2697 4234 3039 4289 crediderunt
3092 4238 3157 4291 de
3198 4236 3417 4295 Judtcis.

1850 4320 1965 4376 Non
1993 4336 2091 4391 per
2132 4322 2400 4393 principes
2425 4332 2481 4378 et
2509 4326 2814 4381 sacerdotes
2858 4337 3121 4383 venerunt
3158 4344 3414 4399 corpore,

1852 4411 1943 4465 sed
1976 4421 2176 4475 mente,
2202 4412 2325 4481 quia
2358 4412 2595 4471 Herodes
2625 4424 2815 4470 natura
2835 4425 2889 4471 et
2909 4416 3165 4487 religione
3198 4417 3415 4473 Judaeus
3478 4417 3505 4461 Ι

1851 4509 1987 4563 erat,
2014 4501 2132 4556 ideo
2153 4502 2319 4556 mittit
2345 4501 2548 4557 Pilatus
2568 4506 2634 4559 ad
2668 4521 2788 4560 eum
2808 4505 3012 4562 Jesum.
3057 4508 3190 4563 Alba
3216 4510 3381 4564 vestis
3400 4554 3414 4572 ,

1851 4593 1991 4661 quod
2018 4591 2254 4665 Ecclesia
2276 4592 2406 4647 dicit
2443 4594 2497 4647 in
2528 4594 2749 4651 Cantica
2785 4599 3117 4653 canticorum
3142 4616 3156 4653 :
3187 4597 3418 4653 Dilectus

1853 4698 1995 4735 meus
2023 4681 2276 4736 candidus
2310 4693 2358 4737 et
2414 4684 2751 4740 rubicundus.
2782 4685 3041 4741 Columna
3096 4687 3148 4741 in
3178 4687 3417 4744 Ecclesia

1853 4772 2049 4827 montis
2091 4771 2220 4828 Sion
2249 4775 2445 4844 posita,
2473 4768 2680 4831 Domini
2707 4779 2918 4832 cruoris
2946 4779 3167 4850 vestigia
3196 4780 3417 4833 demon-

1852 4871 2009 4917 strat.
2038 4864 2300 4920 Barrabas
2316 4866 2704 4921 Antichristum
2752 4868 3038 4940 significat.
3078 4870 3284 4939 Cyrene
3317 4861 3407 4915 Li-

1850 4958 1961 5027 bym
1976 4959 2175 5033 civitas
2188 4968 2289 5023 est,
2314 4969 2371 5015 et
2398 4961 2781 5029 interpretatur
2799 4964 2989 5019 haeres.
3006 4962 3171 5017 Maria
3197 4962 3411 5032 Magda-

1851 5047 1969 5102 lena
2008 5064 2162 5105 soror
2193 5051 2402 5107 Lazari.
2438 5051 2643 5108 Joanna
2674 5071 2811 5111 uxor
2838 5056 3005 5111 Chuzi
3045 5055 3413 5126 procuratoris

1852 5140 2077 5195 Herodis
2104 5160 2117 5194 :
2142 5141 2306 5197 lllaria
2333 5143 2537 5209 Jacobi,
2560 5162 2714 5202 soror
2737 5157 2934 5203 sancta:
2961 5147 3158 5203 llarim.

2865 5775 2942 5837 lt8
