3988 6186
537 286 683 341 fil?)

1315 284 1700 339 CHRISTIANI
1743 285 2144 340 DRUTHMARI
2181 285 2624 343 CORBEIENSIS
2663 288 2965 344 MONACIII

3652 293 3795 345 1316

997 523 2080 640 GHRIS'I‘IANI

2181 525 3288 641 DBUTHARI

1763 707 2208 765 CORBEIENSIS
2248 709 2553 791 nossem

901 856 1796 937 EXPOSITIUNGULA
1871 860 1981 937 IN
2056 861 2530 942 JOANNEM
2611 865 3429 946 EVANGELISTAM.

1857 1007 2004 1070 (Bibl.
2023 1016 2125 1062 vet.
2141 1010 2284 1090 Patr.
2301 1015 2453 1078 ibid.)-

2007 1143 2255 1156 —_

603 1225 838 1279 Gratiam
869 1237 965 1291 pro
1012 1221 1182 1290 gratia
1212 1260 1226 1283 ,
1282 1219 1333 1274 id
1373 1227 1474 1282 est,
1501 1219 1675 1288 primo
1702 1215 1878 1282 ﬁdem,
1905 1220 2095 1276 deinde
2122 1227 2172 1285 Α
2196 1225 2496 1293 exemplum
2533 1223 2907 1290 credentibus,
2946 1240 3043 1295 per
3077 1240 3170 1280 sex
3223 1227 3402 1281 saeculi
3443 1237 3651 1284 aetates.
3683 1231 3784 1286 Sc-

532 1316 899 1369 rrmissiouem
927 1322 1291 1382 peccatorum,
1315 1319 1372 1364 et
1399 1309 1564 1363 vitam
1593 1318 1866 1363 aeternam.
1886 1310 1958 1363 De
1983 1311 2096 1380 ple-

531 1407 765 1460 nitudine
794 1404 907 1473 ejus
931 1404 1314 1458 misericordiae
1341 1403 1663 1472 accepimus.
1692 1402 1800 1456 Lex
1826 1419 1923 1472 per
1949 1403 2096 1474 Moy-

528 1514 618 1552 sen
649 1497 771 1550 data
794 1507 896 1558 est,
923 1506 1134 1550 ostensa
1157 1504 1376 1564 peccata
1407 1513 1420 1547 :
1457 1495 1556 1548 hoc
1593 1502 1678 1548 est
1701 1495 1947 1549 remissio
1974 1511 2098 1564 pec-

521 1601 787 1644 catorum.
820 1589 1050 1650 Veritas,
1076 1586 1311 1658 cognitio
1337 1586 1504 1655 ipsius
1528 1594 1583 1640 et
1609 1585 1730 1638 vitae
1765 1593 1978 1639 alternae
1999 1587 2095 1640 da-

527 1683 617 1734 tio.
652 1679 887 1734 Trinitas
915 1695 1052 1732 unus
1080 1678 1217 1732 Deus
1252 1677 1397 1730 misit
1421 1674 1683 1730 Joannem
1725 1675 2019 1744 baptizare,
2043 1685 2099 1730 et

523 1772 754 1828 Joannes
781 1772 957 1840 aliqua
983 1781 1206 1826 noverat
1236 1769 1302 1823 de
1329 1767 1586 1822 Domino:
1618 1766 1797 1836 aliqua
1841 1782 1960 1822 esse
1997 1767 2094 1821 do-

519 1874 640 1920 ctus
671 1865 724 1917 in
747 1863 1033 1931 baptismo,
1055 1860 1298 1915 videlicet
1319 1859 1440 1927 quia
1473 1859 1585 1928 ipse
1612 1873 1708 1926 per
1739 1873 1928 1913 omnes
1967 1873 2097 1912 suos

521 1968 704 2007 servos
724 1962 870 2006 esset
898 1952 1286 2020 baptizaturus,
1330 1959 1386 2002 et
1419 1947 1587 2018 ipsius
1625 1949 1923 2016 baptismus
1951 1947 2096 2003 dice-

520 2052 691 2105 retur,
733 2056 838 2095 non
864 2039 1108 2108 alicujus.
1151 2039 1313 2093 Dolus
1337 2048 1421 2094 est
1460 2054 1584 2094 cum
1633 2039 1778 2094 aliud
1809 2039 1986 2109 agitur
2038 2048 2095 2094 et.

518 2131 664 2185 aliud
701 2130 934 2200 ﬁngitur.
985 2131 1041 2183 ln
1091 2128 1415 2184 Nathanaelc
1444 2127 1836 2198 confessionem
1885 2131 2092 2199 peccati

520 2221 776 2285 laudavit,
812 2220 938 2274 folia
968 2219 1206 2274 ﬁculnea:
1239 2219 1608 2287 intelliguntur
1642 2226 1867 2288 peccata
1893 2218 2092 2273 Nutha-

518 2313 635 2368 nael
661 2354 676 2376 ,
723 2312 947 2383 populus
988 2312 1080 2380 qui
1123 2312 1190 2366 de
1233 2310 1431 2366 Judaeis
1467 2311 1698 2367 credidit
1743 2311 2087 2382 designatur,

517 2405 792 2475 Philippus
813 2403 1214 2474 prmdieatores.
1239 2401 1449 2474 Angeli,
1480 2403 1880 2473 praedicatores,
1909 2384 2091 2457 ascen-

516 2495 704 2549 dentes
724 2510 886 2564 supra
918 2493 1083 2547 ﬁlium
1106 2493 1361 2558 hominis,
1385 2509 1546 2563 supra
1572 2493 1866 2549 Ecclesium
1913 2508 2083 2547 suam.

2197 1315 2430 1372 cundum
2472 1314 2900 1383 puriﬁcationem
2961 1313 3287 1371 Judzeorum.
3337 1316 3474 1384 Quia
3510 1317 3618 1372 illis
3651 1321 3779 1375 data

2198 1406 2325 1464 solis
2350 1414 2432 1460 est
2452 1405 2558 1460 lex.
2588 1405 2838 1462 Metrctas
2867 1406 3406 1471 binas:dilectionem
3440 1407 3534 1462 Dei
3561 1419 3617 1463 et
3645 1425 3775 1479 pro-

2201 1497 2349 1550 ximi.
2387 1497 2612 1561 Ternas,
2659 1505 2880 1565 propter
2915 1498 3227 1567 mysterium
3269 1497 3575 1564 Trinitatis;
3618 1503 3776 1555 mini-

2197 1590 2316 1651 stri,
2352 1589 2599 1658 apostoli.
2640 1588 2927 1658 lmplendo,
2973 1589 3023 1643 id
3064 1599 3142 1643 est
3197 1589 3557 1660 intelligendo.
3593 1592 3775 1645 Prima

2199 1681 2388 1750 hydria
2441 1681 2541 1734 sub
2590 1680 2761 1746 Abel;
2821 1682 3052 1735 secunda
3105 1682 3205 1736 sub
3247 1682 3394 1748 Noe;
3457 1685 3616 1738 tertia
3674 1688 3776 1740 sub

2193 1773 2492 1836 Abraham;
2535 1783 2726 1843 quarta
2767 1775 2867 1829 sub
2905 1774 3101 1837 David;
3145 1774 3332 1844 quinta
3371 1777 3469 1829 sub
3495 1775 3647 1838 Jesu,
3684 1794 3775 1848 po-

2193 1865 2348 1933 pulus
2398 1863 2462 1917 de
2496 1862 2809 1932 captivitate
2860 1862 3142 1925 reductus;
3179 1880 3276 1933 per
3303 1866 3643 1934 septuaginta
3674 1882 3772 1919 an-

2193 1971 2292 2010 nos
2310 1945 2692 2024 plenitudinem
2718 1955 2982 2012 bonorum
3012 1970 3230 2021 operum
3256 1971 3270 2017 ;
3315 1971 3412 2024 per
3434 1956 3575 2009 dona
3605 1957 3772 2026 Spiri-

2193 2053 2280 2098 tus
2308 2042 2479 2100 sancti
2503 2044 2612 2097 vita
2651 2043 2983 2114 intelligitur.
3017 2043 3183 2098 Sexta
3205 2052 3362 2098 aetate
3385 2044 3655 2100 Dominus
3677 2063 3771 2115 ap-

2191 2132 2369 2199 paruit
2405 2132 2496 2200 qui
2544 2132 2714 2200 ipsam
2752 2146 2946 2200 aquam
2978 2132 3029 2187 in
3066 2132 3247 2185 vinum
3295 2135 3544 2186 mutavit.
3579 2135 3770 2188 Tricli-

2188 2227 2336 2280 nium
2363 2234 2484 2287 est,
2529 2233 2640 2281 tres
2665 2223 2879 2279 ordines
2903 2224 2958 2278 in
3001 2224 3239 2278 Ecclesia
3266 2265 3282 2288 ,
3329 2225 3762 2295 coniugatorum,

2188 2315 2618 2379 continentium,
2671 2315 2972 2369 doctorum.
3030 2313 3135 2368 Per
3183 2315 3489 2370 columbam
3534 2316 3767 2385 Spiritus

2187 2415 2403 2462 sanctus
2425 2407 2704 2476 accipitur,
2732 2420 2828 2474 per
2855 2408 3019 2460 boves
3065 2406 3463 2475 prmdicatores.
3492 2423 3584 2476 per
3605 2422 3760 2464 oves.

2187 2496 2354 2564 plebs.
2384 2497 2746 2567 Quadraginta
2777 2511 2872 2550 sex
2899 2496 3074 2557 annis,
3101 2497 3229 2566 quia
3250 2497 3484 2552 Christus
3503 2499 3565 2549 de
3584 2497 3763 2550 Adam

516 2585 910 2640 Ascendentem
941 2597 1373 2653 unumquemque
1395 2595 1455 2637 ut
1477 2583 1706 2638 Paulus:
1737 2582 1838 2648 Qui
1867 2582 2082 2646 audivit,
2114 2595 2159 2653 Β
2187 2596 2340 2640 erat:
2379 2595 2432 2641 et
2458 2587 2626 2641 Adam
2679 2586 3067 2655 interpretatur
3126 2586 3198 2640 ibi
3247 2588 3586 2656 quadraginta
3641 2602 3760 2638 sex.

513 2678 618 2738 ait,
673 2675 822 2729 verba
850 2676 906 2728 in
945 2673 1211 2744 paradiso,
1242 2689 1360 2744 qua'
1393 2690 1492 2726 non
1517 2673 1633 2727 licet
1683 2672 1879 2727 homini
1919 2672 2078 2737 loqui.

515 2765 957 2827 Descendentem,
978 2779 1099 2818 cum
1121 2763 1252 2817 dicit
1277 2781 1289 2817 :
1325 2763 1378 2817 Ν
1381 2780 1448 2817 on
1471 2763 1615 2832 potui
1637 2763 1776 2833 loqui
1798 2762 1934 2817 vobis
1961 2772 2080 2814 tan-

513 2847 670 2925 quam
699 2854 1080 2925 spiritualibus,
1101 2853 1191 2907 sed
1211 2854 1362 2924 quasi
1386 2854 1702 2908 carnalibus.

584 2947 767 3001 Stabat
794 2947 1044 3000 Joannes.
1080 2945 1136 3000 ld
1161 2955 1244 3001 est
1271 2946 1322 3000 in
1371 2947 1738 3015 persecutione
1788 2948 2044 3000 virtutum
2065 2986 2080 3009 ,

513 3042 654 3096 unde
675 3041 982 3096 merebatur
1007 3040 1379 3096 celsitudinem
1402 3041 1743 3094 considerare
1768 3039 2079 3094 divinitatis.

510 3132 738 3186 Stabant
761 3132 1026 3200 discipuli,
1049 3131 1176 3200 quia
1199 3131 1517 3200 magistrum
1557 3131 1672 3199 ejus
1719 3130 2084 3198 sequebantur

513 3225 566 3278 in
589 3223 761 3277 bonis.
795 3220 984 3275 Videas
1008 3221 1189 3274 Jesum
1223 3219 1593 3273 ambulantem.
1620 3219 1730 3273 Hoc
1755 3228 1839 3274 est
1858 3221 1909 3273 in
1938 3229 2082 3273 terra

509 3329 632 3368 cum
669 3311 979 3366 hominibus
1017 3317 1423 3365 conversantem
1451 3348 1466 3371 ,
1512 3318 1567 3363 et.
1604 3307 1903 3378 profectum
1958 3309 2080 3362 vita:

510 3405 981 3462 demonstrantem.
1009 3403 1208 3472 Agnus.
1239 3399 1374 3467 Quia
1403 3399 1800 3455 immolatarum
1821 3408 1937 3453 erat
1981 3414 2080 3466 pro

512 3496 684 3555 nobis,
717 3503 771 3549 et
797 3494 936 3548 lanis
959 3493 1042 3548 sui
1066 3491 1279 3546 velleris
1311 3491 1596 3561 largiturus
1639 3489 1880 3558 exempla
1905 3489 2077 3542 virtu—

512 3600 643 3642 tum.
678 3587 820 3641 Bene
843 3585 951 3640 duo
972 3583 1237 3654 discipuli,
1261 3582 1384 3653 quia
1415 3581 1505 3651 qui
1527 3581 1809 3635 Dominum
1839 3580 2080 3648 sequitur

509 3678 734 3747 gemina:
753 3676 1033 3732 eharitatis
1070 3689 1292 3730 munere
1340 3681 1562 3727 ornatus
1597 3672 1756 3726 debet
1809 3672 2074 3726 incedere.

511 3768 656 3822 Vidit
681 3767 822 3831 illos,
852 3767 976 3836 quia
1004 3767 1092 3836 qui
1120 3765 1468 3821 intentionem
1497 3765 1691 3818 bonam
1724 3763 1942 3826 habent,
1971 3764 2073 3818 Do-

511 3858 687 3912 minus
737 3865 792 3912 et
831 3857 1090 3927 approbat
1148 3864 1204 3911 ot
1250 3855 1487 3924 adjuvat.
1546 3853 1697 3919 Quod
1743 3853 2077 3908 mansionem

2181 2675 2353 2732 Boves
2384 2677 2629 2733 doctrina
2662 2677 2926 2742 cmlestis;
2959 2693 3086 2731 oves
3110 2718 3124 2740 ,
3170 2694 3339 2746 opera
3383 2679 3656 2732 munditia:
3703 2689 3757 2731 ct

2181 2769 2412 2839 pietatis,
2443 2769 2725 2833 columbae,
2757 2769 2978 2840 spiritus
3009 2769 3351 2839 intelligitur.
3383 2769 3629 2824 Vendunt
3673 2770 3759 2822 ho-

2181 2873 2296 2924 ves,
2325 2860 2418 2928 qui
2444 2860 2743 2914 doctrinam
2782 2861 2875 2914 Dei
2910 2875 3008 2929 pro
3055 2868 3274 2914 terreno
3316 2871 3522 2928 quzestu
3569 2860 3760 2928 impen-

2183 2951 2348 3014 dunt;
2393 2949 2630 3011 vendunt
2658 2965 2804 3012 oves,
2841 2951 2934 3019 qui
2965 2966 3060 3020 pro
3099 2951 3337 3004 humano
3382 2950 3564 3004 favore
3602 2965 3758 3018 opera

2180 3041 2396 3110 pietatis
2410 3051 2692 3104 exercent;
2716 3041 3258 3103 venduntcnlumbas,
3281 3041 3370 3109 qui
3393 3042 3622 3109 gratiam
3642 3040 3759 3108 Spi-

2158 3188 2162 3193 ,
2182 3130 2316 3184 ritus
2339 3130 2511 3187 sancti
2537 3145 2633 3199 pro
2659 3130 2830 3200 pretio
2850 3145 2914 3185 ac
2936 3145 3036 3199 pro
3061 3130 3201 3201 vulgi
3227 3131 3480 3200 opinione
3511 3134 3755 3194 tradunt;

2181 3234 2430 3273 nummos
2455 3220 2722 3282 vendunt,
2758 3218 2849 3287 qui
2892 3229 3079 3288 aperte
3127 3220 3347 3273 terrenis
3393 3221 3556 3272 rebus
3585 3221 3759 3276 inser-

2179 3310 2347 3364 viunt.
2381 3309 2644 3374 Funiculi,
2676 3309 2959 3364 multitudo
3009 3321 3340 3380 peccatorum
3369 3351 3384 3371 ,
3413 3309 3603 3363 emidit
3647 3328 3757 3374 tes,

2178 3399 2267 3466 qui
2299 3398 2475 3454 aufert
2529 3401 2729 3469 ﬁguras
2782 3416 2964 3456 rerum
3015 3417 3142 3470 quas
3185 3401 3510 3455 dilexerunt.
3571 3401 3757 3457 Priua

2178 3487 2460 3542 aediﬁcatio
2508 3490 2713 3560 templi,
2740 3491 2838 3544 sub
2889 3490 3176 3546 Salomone
3213 3500 3420 3560 septem
3464 3507 3754 3545 annorum.

2180 3563 2292 3636 sub
2325 3579 2638 3644 Zorobabel,
2661 3585 3018 3654 quadraginta
3069 3600 3158 3639 sex
3203 3599 3480 3638 annorum.
3511 3584 3578 3636 Et
3614 3600 3756 3636 ron-

2179 3671 2354 3740 ceptio
2385 3673 2615 3729 hominis
2646 3675 2698 3728 in
2722 3685 2898 3739 utero,
2932 3691 3024 3730 sex
3079 3675 3270 3731 diebus
3315 3676 3465 3730 lactis
3491 3677 3755 3730 similitu-

2177 3760 2355 3815 dinem
2385 3763 2577 3818 habet:
2611 3779 2822 3826 novem,
2855 3766 3160 3835 sanguinis;
3195 3766 3248 3818 in
3281 3764 3594 3820 duodecimo
3619 3767 3757 3820 soli-

2179 3854 2366 3919 datur;
2403 3855 2454 3907 in
2483 3865 2672 3910 octavo
2711 3857 2920 3911 decimo
2955 3858 3235 3923 ﬁrmatur;
3273 3874 3364 3913 sex
3399 3868 3455 3912 et
3491 3874 3675 3911 novem
3702 3869 3760 3912 ct

510 3949 627 4017 ejus
672 3948 1052 4017 inquisierunt,
1090 3946 1284 4001 docent
1333 3955 1392 4000 ut
1423 3960 1610 3999 omnes
1656 3945 1745 4013 qui
1795 3944 2072 3998 Dominum
2102 3957 2146 4018 (ζ
2179 3948 2491 4004 duodecimo
2516 3958 2570 4002 et
2615 3949 2798 4002 decem
2844 3961 2899 4004 et
2941 3961 3065 4004 octo
3109 3951 3469 4021 quadraginta
3516 3952 3760 4019 quinque

509 4056 670 4111 opere
699 4047 1006 4110 sequentur,
1040 4055 1137 4108 pro
1167 4039 1272 4092 vita
1311 4048 1510 4092 aeterna
1555 4038 1656 4091 hoc
1704 4046 1881 4107 agant.
1935 4036 2076 4091 Hora

510 4139 626 4184 erat
659 4129 886 4195 decima,
926 4130 1047 4199 quia
1080 4130 1169 4198 qui
1201 4130 1266 4183 ad
1320 4128 1526 4182 Domini
1581 4129 1909 4182 mansionem
1962 4129 2074 4183 vult

510 4221 714 4286 venire,
747 4221 914 4292 legem
937 4236 1058 4289 quat
1089 4220 1141 4274 in
1169 4219 1352 4274 decem
1392 4218 1566 4272 verbis
1606 4219 2077 4288 comprehenditur

511 4315 668 4368 debet
701 4313 897 4368 habere
929 4319 1372 4367 consummatam.
1428 4309 1522 4363 Die
1580 4323 1687 4362 uno
1733 4318 2072 4372 manserunt,

509 4404 634 4471 quia
697 4402 879 4456 melior
932 4411 1007 4456 est
1067 4403 1178 4455 dies
1240 4418 1344 4454 una
1399 4401 1452 4453 in
1511 4400 1659 4453 atriis
1716 4399 1859 4462 tuis,
1923 4417 2077 4470 super

512 4492 701 4546 millia.
752 4493 902 4549 Sicut
947 4494 1188 4548 Andreas
1233 4492 1452 4546 fratrem
1501 4507 1654 4546 suum
1688 4493 1755 4546 ad
1795 4493 2072 4546 Dominum

511 4584 752 4648 adduxit,
781 4585 859 4640 sic
892 4584 1256 4652 unusquisque
1297 4585 1600 4652 proximum
1624 4599 1778 4637 suum
1814 4585 1971 4638 debet
2008 4585 2075 4639 ad

513 4673 792 4728 Dominum
846 4673 1060 4727 ducere.
1117 4672 1343 4727 lntuitus
1375 4689 1496 4728 cum
1524 4671 1679 4727 Jesus
1731 4673 2074 4727 interioribus

509 4763 680 4819 oculis
708 4762 920 4827 cordis,
960 4771 1013 4818 et
1042 4777 1235 4817 nomen
1267 4762 1408 4832 quod
1442 4777 1472 4814 a
1512 4762 1826 4831 parentibus
1854 4777 2074 4830 accepe-

515 4865 596 4908 rat
623 4896 637 4918 ,
683 4853 844 4917 dicit,
885 4861 940 4908 et
973 4867 1166 4909 nomen
1199 4854 1340 4921 quod
1405 4851 1656 4907 Ecclesize
1707 4867 1941 4921 congrue
1991 4854 2074 4906 vel

514 4946 860 4999 fitiidamento
898 4944 1167 5012 imposuit.
1221 4943 1350 4999 Dico
1379 4943 1649 4998 Christum
1693 4940 1876 4996 Jcsum
1919 4943 2074 4996 mini-

513 5043 681 5089 strum
738 5033 900 5088 fuisse
947 5033 1401 5097 circumcisionis,
1452 5033 1503 5087 id
1551 5041 1636 5086 est
1682 5041 2070 5087 exsecutorem.

512 5123 828 5189 Nathanacl,
865 5125 1059 5178 Domus
1104 5124 1195 5178 Dei
1244 5125 1328 5180 vel
1367 5125 1504 5178 Deus
1553 5142 1715 5179 meus.
1748 5125 1841 5179 Dic
1893 5126 2072 5190 tertia,

512 5217 670 5287 tertia
699 5225 857 5270 aetate
886 5215 1084 5270 saeculi.
1115 5214 1294 5268 Primo
1331 5225 1456 5269 ante
1501 5215 1668 5287 legem
1694 5255 1706 5278 ,
1738 5215 2073 5284 patriarcha-

2179 4051 2321 4094 snnt.
2354 4040 2503 4095 Adde
2527 4058 2688 4095 unum
2717 4058 2824 4111 quo
2858 4043 2908 4096 in
2940 4045 3179 4096 membra
3225 4044 3502 4106 dividitur,
3528 4046 3761 4112 quadra-

2178 4135 2320 4202 ginta
2345 4148 2437 4188 sex
2461 4132 2612 4187 ﬁunt.
2639 4121 2983 4187 Nicodetnuim
3012 4175 3025 4195 ,
3077 4135 3484 4204 interpretatur.
3537 4133 3592 4188 Si
3641 4147 3754 4188 ter-

2180 4239 2302 4276 rena
2324 4223 2434 4275 dixi
2466 4223 2621 4276 vobis.
2656 4223 2766 4276 Hoc
2787 4233 2868 4277 est
2905 4224 3095 4277 solvite
3145 4224 3402 4294 templum
3435 4226 3553 4278 hoc.
3587 4224 3757 4278 Calc-

2175 4313 2294 4366 stia.
2320 4311 2552 4381 Spiritus
2575 4313 2663 4366 ubi
2689 4313 2799 4366 vult
2829 4316 3018 4382 spirat.
3045 4313 3112 4366 Et
3135 4331 3283 4367 nemo
3304 4314 3539 4368 ascendit
3565 4317 3622 4368 in
3650 4332 3754 4368 co:-

2177 4401 2307 4464 lum,
2338 4403 2438 4454 nisi
2467 4403 2556 4470 qui
2586 4403 2864 4455 descendit.
2910 4403 2986 4457 De
3030 4403 3420 4473 puriﬁcatione,
3452 4405 3502 4456 id
3529 4414 3614 4457 est
3657 4418 3762 4472 per

2177 4492 2520 4561 baptismum,
2558 4503 2734 4547 utrum
2763 4491 2995 4548 Joannes
3047 4509 3114 4547 an
3163 4494 3411 4548 Christus
3447 4503 3590 4548 esset
3639 4509 3753 4548 me-

2176 4581 2292 4635 lior.
2322 4581 2436 4635 Non
2481 4583 2622 4637 enim
2654 4584 2719 4637 ad
2748 4598 3052 4637 mensuram
3079 4583 3173 4636 dat
3199 4583 3341 4638 Deus
3382 4584 3663 4652 spiritum,
3699 4585 3752 4636 id

2175 4683 2277 4737 est,
2306 4674 2454 4728 Filio.
2487 4674 2800 4730 llominibus
2823 4690 2948 4730 vero
2976 4676 3094 4730 aliis
3119 4677 3278 4730 datur
3301 4693 3396 4746 per.
3418 4677 3664 4745 spiritum
3697 4678 3749 4731 in

2174 4781 2419 4821 sermone
2453 4758 2744 4836 sapientize,
2777 4777 2830 4821 et
2868 4768 3093 4838 reliqua.
3127 4767 3289 4822 Pater
3308 4769 3479 4837 diligit
3512 4766 3745 4827 Filium,

2174 4865 2220 4909 et
2245 4857 2419 4910 omnia
2441 4857 2582 4910 dedit
2607 4859 2652 4910 ei
2676 4859 2728 4911 in
2757 4875 2991 4923 manum,
3034 4868 3094 4912 ut
3114 4860 3186 4913 sit
3208 4859 3428 4930 aequalis
3452 4857 3599 4911 Patri
3630 4859 3752 4912 sub-

2175 4945 2405 5000 auditur.
2446 4946 2625 5001 .IEnon
2666 4948 2944 5013 dedicatio,
2971 4957 3026 5004 et
3055 4951 3188 5004 cehe
3231 4964 3246 5002 :
3293 4948 3490 5011 Salim;
3522 4946 3746 5006 Sichar,

2174 5036 2446 5092 conclusio
2475 5053 2488 5089 :
2519 5037 2735 5094 Sichem
2793 5039 3064 5093 humerus.
3102 5039 3379 5109 Fatigatur
3415 5051 3478 5090 ex
3526 5036 3748 5090 itinere.

2174 5127 2364 5182 Carnis
2391 5129 2708 5197 assumptio,
2739 5130 2842 5183 iter
2879 5130 3082 5199 ipsius;
3120 5131 3254 5184 hora
3302 5139 3449 5184 sexta
3472 5167 3489 5192 ,
3531 5136 3751 5182 sextam

2173 5227 2386 5273 aetatem
2413 5219 2591 5274 sreculi
2616 5219 2918 5289 signiﬁcat;
2959 5223 3024 5274 ad
3047 5230 3286 5290 puteum,
3321 5221 3388 5274 ad
3421 5214 3750 5289 profundum

512 5282 628 5362 r'um
654 5307 918 5376 exemplo,
942 5309 1173 5362 secundo
1200 5307 1299 5361 sub
1349 5308 1463 5378 lege
1483 5282 1518 5372 ,ν
1550 5282 1763 5378 scriptis
1789 5310 2071 5378 propheta-
2097 5313 2150 5374 D
2176 5317 2372 5363 nostra:
2406 5282 2784 5374 babitatiohis;
2838 5282 3313 5374 munem-Ecclesia
3340 5311 3406 5364 de
3423 5282 3705 5379 gentibus
3730 5325 3744 5370 ;

514 5411 660 5450 rum:
693 5397 870 5461 tertio,
895 5398 994 5450 sub
1041 5398 1211 5467 gratia
1264 5398 1556 5468 Evangelii.
1609 5399 1776 5453 Mater
1829 5400 2067 5466 Domini,

512 5502 795 5558 synagoga,
824 5486 1018 5545 mulier
1042 5526 1060 5554 ,
1099 5488 1208 5544 Eva
1237 5488 1497 5557 appellata
1545 5497 1664 5544 est:
1694 5490 1875 5544 statim
1903 5501 1961 5544 ut
1995 5489 2072 5544 fa-

513 5585 616 5639 cta,
643 5576 851 5646 inquit:
901 5573 1168 5632 Formavit
1197 5595 1310 5632 eam
1336 5579 1388 5633 in
1433 5581 1719 5634 mulierem.
1775 5581 1909 5636 Vasa
1941 5597 2033 5637 sex
2053 5624 2066 5643 ,

512 5663 718 5733 lapidea
743 5667 903 5721 corda
948 5677 1072 5723 sunt
1117 5679 1444 5734 sanctorum,
1471 5686 1588 5740 quae
1622 5673 1791 5740 posita
1838 5681 1962 5729 sunt
2003 5675 2067 5728 ad

2178 5400 2391 5470 hydria,
2443 5400 2742 5469 cupiditas;
2775 5415 2912 5468 aqua
2935 5403 2958 5464 ,‘
3001 5401 3246 5470 voluptas
3290 5398 3492 5454 saeculi.
3538 5400 3748 5452 Donum

2173 5491 2300 5557 Dei,
2353 5490 2586 5561 Spiritus
2639 5501 2886 5552 sanctus:
2938 5509 3108 5561 aqua,
3147 5493 3266 5546 fons
3303 5493 3454 5557 vitae;
3511 5492 3749 5560 quinque

2171 5584 2293 5647 viri,
2316 5584 2550 5654 quinque
2573 5600 2762 5640 sensus
2783 5587 3040 5654 corporis.
3091 5583 3357 5639 Messores
3394 5585 3664 5654 prophetrc
3688 5591 3746 5634 et

2171 5676 2491 5744 patriarchze
2527 5675 2806 5744 designant
2837 5676 3080 5730 deorsum
3111 5676 3317 5730 semine
3346 5677 3489 5738 uati;
3521 5670 3744 5742 apostoli
