3952 6186
292 325 430 379 {317

1371 290 1966 368 exrosnwxeum
1986 286 1991 287 ί
2013 310 2078 365 IN
2118 309 2450 368 JOANNEM.

3386 313 3524 374 4518

290 438 666 494 surrexerunt,
698 430 854 485 simul
882 427 1108 499 gaudeat
1153 426 1242 496 qui
1274 426 1522 489 seminat,
1549 433 1604 478 et
1628 425 1719 493 qui
1748 440 1863 479 mc-
1893 431 1941 487 Α
1969 424 2130 479 vitam
2156 434 2432 479 (sternam.
2469 426 2612 481 Sicut
2639 426 2775 480 novit
2796 442 2875 480 me
2915 423 3084 487 Pater,
3113 435 3160 480 et
3187 443 3277 498 ego
3304 446 3545 505 agnosco.

290 533 401 589 tet;
430 522 658 591 apostoli
681 529 734 575 et
761 519 1033 590 propheta:
1067 517 1384 571 annuutiant
1405 516 1678 571 Christum
1695 530 1859 585 paga-

288 598 404 679 nis;
453 613 614 670 biduo
641 611 877 673 mansit,
923 610 1189 680 geminum
1217 608 1494 663 charitatis
1537 614 1861 677 prmceptum

288 708 475 763 dedit:
510 705 613 759 hoc
637 710 721 758 est
741 701 875 755 Filio
901 701 1086 754 audire
1111 698 1253 769 quod
1280 713 1421 764 esse,
1450 706 1507 752 et
1533 698 1637 751 hoc
1678 697 1862 752 videre

287 800 435 869 quod
478 810 616 851 esse.
648 793 726 848 De
756 801 921 846 morte
946 792 1017 844 ad
1041 792 1217 845 vitam
1242 790 1285 843 Α
1324 797 1496 843 morte
1532 788 1861 843 infidelitatis

291 888 360 943 ad
388 888 554 940 vitam
578 884 719 939 tidei.
747 880 850 948 Qui
875 881 1138 935 audierint
1162 880 1347 935 vivent.
1384 880 1441 935 ld
1458 889 1543 934 est
1566 880 1657 949 qui
1689 881 1860 959 obau-j

290 979 488 1034 dierint
514 975 599 1031 vel
619 974 937 1030 obedierint.
968 972 1124 1027 Dedit
1157 971 1293 1025 Filio
1322 971 1486 1025 vitam
1511 1010 1528 1036 ,
1583 971 1636 1025 id
1660 978 1746 1025 est
1765 984 1862 1041 ge-

292 1074 410 1127 nuit
438 1072 663 1134 Filium;
704 1069 793 1139 qui
831 1075 978 1123 esset
1003 1066 1112 1119 vita
1145 1063 1206 1116 in
1238 1061 1546 1131 semetipso,
1595 1060 1861 1130 gignendo

291 1165 457 1219 dedit.
490 1163 563 1217 De
592 1163 692 1216 ista
717 1157 1112 1215 resurrectione
1143 1154 1441 1209 animarum
1468 1151 1718 1206 dicebant
1745 1152 1859 1206 hae-

292 1254 441 1307 retici
491 1251 601 1321 jam
648 1250 864 1304 factam.
914 1246 1074 1300 Pater
1123 1256 1227 1300 non
1269 1242 1476 1313 judicat
1518 1255 1856 1311 quemquam.

289 1345 425 1410 Quia
454 1343 624 1399 forma
643 1342 780 1397 servi
806 1354 925 1411 qua:
942 1338 1183 1406 iudicata
1210 1344 1314 1401 est,
1357 1333 1616 1405 iudicabit
1644 1333 1700 1387 in
1729 1331 1855 1399 ﬁne,

288 1442 343 1488 et
363 1449 466 1488 non
495 1433 567 1488 ibi
590 1428 857 1486 videbitur
904 1427 1172 1485 divinitas.
1217 1424 1339 1479 Non
1366 1422 1506 1491 facio
1544 1422 1859 1477 voluntatem

288 1541 477 1589 meam,
504 1525 606 1579 hoc
633 1532 715 1577 est
737 1521 901 1578 solam
936 1532 1129 1575 meam.
1163 1516 1351 1572 Omnia
1394 1517 1712 1570 demonstrat
1757 1513 1858 1569 Fi-

287 1612 393 1667 lio:
420 1629 525 1667 non
571 1612 843 1675 faciendo,
895 1609 1241 1679 demonstrat
1274 1605 1409 1660 Filio
1432 1645 1447 1668 ,
1501 1593 1601 1660 sed.
1642 1603 1859 1660 demon-

287 1705 507 1759 strando
539 1704 669 1759 facit
716 1712 810 1773 per
843 1702 1037 1757 Filium
1078 1699 1256 1763 Pater,
1287 1714 1452 1752 unum
1481 1705 1564 1752 est
1606 1696 1783 1751 facere
1800 1705 1858 1751 et

1964 515 2195 571 Patrem.
2240 516 2298 570 lu
2337 520 2437 572 hoc
2465 529 2675 573 constat
2703 521 2794 589 qui
2824 534 3057 591 agnosco
3093 519 3307 575 Patrem
3348 531 3405 576 et
3440 540 3529 578 co-

1958 620 2187 677 gnosqor
2211 622 2240 659 a
2266 605 2438 659 Patre.
2465 605 2600 671 Quia
2626 610 2855 662 animam
2884 626 3049 663 meam
3072 625 3206 679 pono
3230 628 3323 680 pro
3348 613 3528 667 ovibus

1958 696 2182 760 ld
2210 706 2294 752 est
2324 711 2389 751 ea
2420 697 2682 755 eharitate
2731 714 2835 767 qua
2886 715 2984 769 pro
3010 701 3201 775 ovibus
3239 702 3373 757 meis
3412 719 3528 757 mo-

1961 788 2094 849 rior,
2124 796 2381 857 quantum
2412 786 2626 843 Patrem
2677 788 2890 859 diligam
2925 793 3167 847 ostendo.
3199 789 3367 847 Facta
3407 804 3530 859 sunt

1958 882 2207 936 encmnia.
2242 880 2346 936 Per
2371 890 2482 936 tres
2499 881 2648 937 vices
2690 881 3034 939 celebrabant
3055 883 3222 939 Judaei
3259 887 3532 943 encmnio-

1958 988 2077 1027 rum
2100 974 2260 1029 diem.
2298 971 2494 1038 Unum,
2525 973 2739 1043 quando
2780 972 3032 1029 Salomon
3082 975 3350 1031 dedicavit
3381 986 3531 1033 tem-

1955 1062 2101 1133 plum
2132 1065 2185 1118 in
2215 1079 2398 1119 mense
2435 1062 2652 1119 Octobri
2679 1104 2695 1130 ,
2741 1064 2950 1119 decimo
2985 1064 3072 1119 die
3099 1065 3337 1134 ejusdem
3380 1084 3532 1123 men-

1958 1152 2053 1208 sis.
2091 1151 2368 1216 Secuudo,
2412 1154 2626 1221 quando
2656 1153 2724 1206 ab
2756 1153 2840 1208 his
2882 1153 3187 1209 dedicatum
3232 1140 3317 1210 est
3341 1156 3431 1226 qui
3464 1157 3531 1211 de

1957 1240 2227 1312 Babylone
2264 1250 2542 1298 venerant.
2568 1240 2769 1306 Tertio,
2808 1241 3025 1312 quando
3060 1258 3090 1296 a
3127 1241 3264 1298 Iuda
3314 1245 3527 1301 Macha-

1956 1336 2073 1392 bzeo
2112 1326 2305 1390 iterum
2349 1334 2652 1389 dedicatum
2677 1342 2792 1388 est:
2826 1334 2878 1388 id
2925 1343 3007 1389 est
3045 1335 3100 1389 in
3147 1336 3423 1401 Decembri
3456 1337 3531 1391 vi-

1956 1426 2158 1495 gesima
2177 1424 2371 1493 quinta
2397 1424 2484 1478 die
2510 1423 2748 1492 ejusdem
2780 1425 2999 1479 mensis.
3046 1423 3213 1480 Pater
3235 1466 3251 1491 ,
3294 1426 3528 1493 clariﬁca

1957 1514 2157 1570 Filium
2179 1524 2345 1569 tuum.
2383 1512 2742 1570 Similitudine
2769 1514 2914 1568 dedit
2939 1514 3122 1569 nobis:
3151 1516 3205 1570 in
3235 1518 3529 1571 tentatione

1957 1606 2082 1674 quid
2102 1619 2261 1676 agere
2290 1615 2347 1661 et
2393 1605 2574 1659 dicere
2620 1602 2930 1659 debeamus.
2965 1603 3034 1657 Et
3065 1603 3365 1672 clari/icavi.
3415 1606 3528 1662 lloc

1955 1705 2039 1751 est
2064 1704 2188 1751 ante
2210 1695 2434 1757 saecula,
2468 1703 2629 1750 etest
2658 1695 2879 1763 quando
2904 1694 3110 1750 stellam
3137 1697 3275 1766 magi
3311 1696 3378 1750 ad
3404 1712 3528 1752 eum

287 1796 676 1850 demonstrare.
706 1790 915 1862 Μῄονα
938 1790 1312 1844 demonstrabit
1338 1790 1407 1853 ei,
1438 1794 1715 1856 assumpto
1739 1801 1852 1841 om-
1879 1777 1926 1836 Β
1952 1788 2422 1853 demonstrandum
2445 1788 2721 1850 viderunt;
2768 1798 2823 1843 et
2865 1804 2987 1843 cum
3013 1788 3234 1858 spiritus
3265 1790 3316 1843 in
3350 1793 3528 1859 specie

288 1887 397 1949 nia,
421 1886 473 1940 id
525 1894 609 1940 est
661 1882 1105 1939 resurrectionem
1147 1892 1452 1948 corporum.
1506 1874 1653 1931 Sicut
1697 1872 1857 1929 Pater

286 1976 504 2029 suscitat
531 1983 784 2035 mortuos,
799 1974 875 2027 sic
898 1982 946 2026 et
964 1969 1009 2023 F
1010 1972 1134 2025 ilius
1152 1980 1282 2041 quos
1301 1967 1406 2022 vult
1430 1966 1675 2035 vivi/icat.
1702 1964 1760 2020 ld
1775 1973 1858 2019 est

287 2064 480 2139 similis
506 2064 570 2118 de
598 2062 998 2117 resurrectione
1035 2061 1335 2115 animarum
1369 2056 1424 2110 in
1465 2054 1858 2110 resurrectione

284 2171 595 2224 corporum.
627 2152 784 2208 Pater
811 2168 913 2206 non
931 2152 1139 2221 judicat
1184 2162 1512 2218 quemquam.
1546 2143 1752 2199 Stadiis
1779 2145 1858 2196 vi-

283 2249 418 2319 ginti
457 2246 691 2316 quinque
731 2244 898 2315 legem
933 2242 1220 2313 signiﬁcat,
1246 2239 1370 2309 quia
1395 2237 1680 2307 quinquies
1706 2236 1855 2306 quini

281 2336 469 2406 viginti
493 2335 729 2404 quinque
745 2333 963 2388 faciunt.
980 2331 1084 2386 Sed
1106 2330 1233 2385 huic
1252 2329 1352 2400 legi
1378 2336 1661 2397 antequam
1677 2327 1853 2380 Evan-

282 2428 480 2499 gelium
508 2425 736 2489 veniret,
771 2426 957 2480 deerat
986 2421 1265 2493 perfectio.
1296 2419 1564 2476 Perfectio
1592 2427 1770 2472 autem
1800 2419 1853 2471 in

280 2517 493 2572 senario
505 2529 730 2570 numero
747 2513 1245 2583 comprehenditur,
1258 2511 1385 2581 quia
1398 2509 1541 2565 Deus
1551 2524 1644 2564 sex
1668 2509 1857 2562 diebus

283 2606 539 2660 mundum
568 2605 816 2674 perfecit.
846 2604 911 2657 Et
928 2602 1167 2672 quinque
1194 2615 1291 2671 per
1314 2615 1410 2656 sex
1438 2599 1859 2674 multiplicemur

280 2704 341 2747 ut
367 2694 448 2747 lex
471 2709 567 2763 per
586 2693 928 2763 Evangelium
958 2691 1261 2761 impleatur,
1283 2690 1408 2760 quia
1429 2688 1607 2745 sexies
1620 2688 1857 2759 quinque

280 2785 498 2853 triginta
526 2784 753 2838 faciunt.
792 2782 935 2837 Venit
961 2783 1217 2837 Christus.
1242 2781 1422 2836 Primo
1443 2781 1755 2835 summatim
1769 2780 1852 2834 di-

279 2873 391 2935 cit,
422 2883 606 2943 postea
629 2874 948 2943 recapitulat
969 2874 1235 2943 quomodo
1254 2872 1484 2935 venerit,
1508 2881 1564 2926 et
1589 2870 1851 2929 ostendit.

280 2963 405 3030 quia
440 2962 663 3031 pedibus
696 2962 869 3032 ipsum
910 2977 1062 3017 mare
1098 2963 1332 3026 transiit;
1360 2977 1466 3016 non
1509 2976 1607 3031 per
1653 2961 1851 3014 navim.

276 3052 417 3106 Deus
441 3051 603 3107 Pater
624 3055 865 3123 signavit.
895 3054 1119 3125 Signum
1156 3053 1735 3124 ponere,consignare.
1765 3052 1853 3108 Di-

1956 1876 2213 1932 colnmba:
2251 1889 2412 1945 super
2455 1891 2578 1931 eum
2627 1877 2906 1947 apparuit;
2957 1884 3011 1932 et
3062 1891 3184 1931 eum
3236 1878 3289 1932 in
3338 1888 3522 1947 monte

1957 1965 2363 2037 transfiguratus
2384 1973 2485 2020 est.
2504 1964 2834 2034 Clari/icabo.
2858 1964 2990 2021 Cum
3016 1976 3257 2039 resurget
3276 1976 3329 2022 et
3345 1982 3527 2022 ascen-

1955 2056 2048 2121 det
2072 2057 2124 2110 in
2153 2056 2369 2111 caelum.
2400 2053 2556 2111 Nunc
2590 2056 2857 2127 judicium
2883 2066 2958 2111 est
2996 2057 3198 2111 mundi.
3253 2054 3522 2112 Iudicium

1956 2146 2045 2203 hic
2063 2145 2400 2201 discretionis
2443 2146 2732 2219 accipitur;
2773 2155 2834 2209 ut
2860 2146 3165 2217 psalmista.-
3196 2147 3352 2213 Nunc
3382 2148 3527 2217 prin-

1955 2256 2069 2309 ceps
2104 2238 2261 2309 hujus
2287 2238 2486 2292 mundi.
2516 2238 2570 2292 Id
2601 2245 2684 2292 est
2729 2238 2994 2294 diabolus.
3048 2238 3304 2308 Ejicietur
3357 2239 3521 2309 foras.

1956 2328 2216 2384 Videlicet
2263 2329 2329 2383 de
2378 2328 2631 2383 cordibus
2668 2327 2960 2382 electorum
2990 2328 3296 2383 multorum.
3333 2327 3522 2383 Omnia

1955 2420 2158 2474 traham
2186 2420 2253 2474 ad
2287 2421 2554 2490 meipsum.
2595 2419 2651 2474 ld
2698 2428 2781 2474 est
2806 2420 2987 2475 omnia
3010 2419 3078 2473 de
3106 2420 3299 2489 quibus
3330 2419 3517 2476 diabo-

1958 2523 2038 2564 tus
2065 2512 2167 2566 erit
2192 2509 2415 2579 ejectus.
2448 2510 2563 2568 Non
2587 2511 2723 2566 dixit
2746 2527 2944 2575 omnes,
2974 2510 3067 2566 sed
3096 2512 3292 2574 omnia,
3320 2525 3528 2580 corpus

1956 2612 2011 2656 et
2029 2603 2286 2667 animam,
2302 2613 2356 2657 et
2379 2603 2583 2672 reliqua
2603 2602 2785 2660 omnia
2798 2603 3197 2672 pradestinata,
3219 2602 3301 2656 vel
3328 2601 3518 2656 electa.

1959 2692 2021 2748 Si
2041 2692 2302 2748 exaltatus
2327 2692 2494 2762 fuero.
2514 2691 2705 2763 Si,pro
2728 2708 2866 2746 cum.
2893 2690 3022 2756 Quis
3047 2700 3121 2746 est
3148 2692 3243 2746 iste
3261 2692 3404 2760 ﬁlius
3430 2692 3525 2745 ho~

1955 2785 2148 2845 ιηἱηὶεὲ
2182 2784 2440 2854 Superius
2470 2785 2641 2841 dixit:
2677 2782 2825 2839 Venit
2852 2784 2981 2838 liora
3010 2793 3066 2838 ut
3114 2783 3434 2854 gloriﬁcetur
3460 2785 3525 2849 Ii-

1957 2874 2058 2930 lius
2084 2875 2345 2942 hominis;
2374 2884 2430 2931 et
2456 2876 2628 2932 dixit:
2662 2876 2845 2939 Adhuc
2867 2876 3130 2930 modicum
3163 2876 3339 2931 lumen
3359 2877 3414 2930 in
3437 2893 3526 2932 ro-

1957 2966 2032 3019 bis
2073 2974 2168 3020 est.
2217 2965 2380 3034 Quasi
2419 2966 2616 3022 dixerit
2658 2965 2904 3023 Christus
2938 2966 3005 3020 .in
3041 2967 3199 3023 domo
3235 2974 3416 3022 manet
3466 2968 3523 3022 in

1955 3063 2237 3110 aeternum.
2270 3054 2355 3110 Ne
2376 3058 2602 3115 tenebris
2623 3073 2710 3112 vos
2728 3057 3181 3127 comprehendant.
3206 3055 3319 3114 Hoc
3351 3067 3437 3114 est
3473 3060 3522 3115 si

277 3141 645 3198 xeruntJudaei
670 3117 691 3197 ξ
713 3143 922 3216 Moyses
942 3117 1089 3200 dedit
1108 3117 1324 3208 manna,
1350 3117 1404 3199 tu
1422 3117 1699 3199 hordeum.
1716 3142 1843 3199 Om-
1876 3117 1923 3179 Ο
1952 3146 2275 3217 negaveritis
2300 3147 2417 3217 ejus
2462 3117 2872 3201 humanitatem.
2912 3145 3201 3218 Propterea
3234 3161 3342 3202 non
3372 3158 3523 3217 pote-

280 3250 343 3287 ne
361 3234 499 3305 quod
510 3235 600 3289 dat
622 3237 749 3289 mihi
776 3234 956 3302 Pater,
976 3252 1079 3289 non
1100 3237 1306 3305 ejiciam
1337 3236 1503 3305 foras.
1530 3235 1605 3291 De
1624 3236 1710 3290 illa
1731 3235 1843 3290 vita

278 3335 478 3397 teterna
508 3327 647 3382 unde
689 3327 886 3383 dictum
916 3336 999 3383 est
1027 3343 1041 3381 :
1071 3327 1221 3381 Intra
1248 3329 1304 3381 in
1333 3328 1584 3397 gaudium
1607 3326 1839 3381 Domini.

350 3414 449 3479 Qui
499 3416 780 3468 manducet
829 3432 1037 3469 carnem
1074 3431 1241 3470 meum
1286 3426 1333 3469 et
1383 3416 1507 3469 bibit
1541 3408 1844 3485 sanguinem

277 3518 466 3558 meum.
495 3502 607 3559 Hoc
627 3512 709 3558 est
735 3505 825 3573 qui
861 3513 1042 3558 manet
1070 3505 1124 3557 iu
1153 3519 1266 3567 me,
1294 3514 1349 3559 et
1385 3520 1483 3575 ego
1511 3505 1565 3558 in
1598 3519 1681 3561 eo.
1712 3505 1844 3558 Cum

276 3593 503 3648 videritis
543 3588 712 3663 ﬁlium
739 3593 963 3647 heminis
993 3593 1351 3647 ascendentem
1394 3594 1481 3647 ubi
1529 3603 1660 3645 erat.
1693 3593 1843 3647 Tunc

276 3681 569 3752 intelligitis
594 3697 701 3737 non
737 3682 803 3737 de
836 3694 1000 3735 carne
1027 3682 1270 3752 corporis
1297 3681 1516 3747 dixisse,
1546 3682 1669 3751 quia
1714 3698 1844 3736 caro

277 3770 510 3825 hominis
529 3772 597 3825 ad
625 3769 1055 3825 manducandum
1082 3769 1219 3825 nihil
1242 3770 1481 3839 prodest.
1514 3769 1694 3825 Manet
1720 3771 1843 3840 quis

276 3862 332 3916 in
366 3860 495 3925 Deo,
525 3861 678 3930 cujus
716 3861 1013 3916 membrum
1038 3868 1143 3923 est,
1173 3866 1355 3914 manet
1396 3860 1510 3929 ipse
1552 3860 1604 3914 in
1651 3860 1842 3924 nobis,

276 3966 400 4007 cum
433 3965 617 4005 sumus
645 3949 898 4019 templum
936 3950 1073 4021 ejus.
1117 3950 1218 4016 Qui
1252 3950 1708 4019 perseveraverit,
1755 3950 1843 4006 hic

277 4046 459 4099 salvus
484 4042 606 4098 erit.
632 4041 854 4097 Nolebat
873 4042 1141 4098 ambulare
1161 4043 1218 4097 in
1235 4041 1501 4097 Iuda-am.
1528 4028 1841 4113 Eiemplum

276 4134 547 4202 praebebat
569 4134 699 4189 suis.
726 4132 947 4204 Tempus
970 4149 1143 4188 meum
1164 4134 1393 4187 nondum
1431 4134 1654 4188 advenit.
1685 4134 1843 4189 Tem-

277 4236 378 4292 pus
395 4221 786 4285 exsultationis,
815 4222 954 4290 quod
980 4223 1087 4277 erit
1128 4223 1179 4276 in
1214 4223 1299 4276 die
1319 4223 1503 4291 judicii
1526 4223 1610 4277 vel
1635 4231 1842 4295 tempus

276 4313 560 4384 passionis.
588 4310 668 4364 Ad
694 4311 830 4365 diem
851 4310 1043 4380 {suum
1068 4312 1224 4366 hunc.
1252 4311 1352 4367 Ubi
1386 4311 1609 4381 gloriam
1655 4314 1844 4369 huma-

278 4414 402 4455 nam
428 4400 701 4469 quaeratis.
748 4399 1077 4471 Seenopegia
1108 4409 1195 4456 est
1232 4399 1288 4453 in
1331 4400 1436 4455 isto
1481 4401 1679 4457 mundo
1721 4411 1839 4457 tan-

276 4509 436 4564 quam
468 4494 522 4547 in
543 4494 776 4556 deserto,
798 4501 853 4548 et
879 4493 1122 4549 Christus
1151 4494 1299 4549 latet.
1332 4492 1431 4548 Ubi
1460 4512 1601 4561 sunt,
1625 4514 1712 4551 vos
1734 4512 1838 4551 non

277 4584 488 4654 potestis
518 4586 705 4637 uenire.
747 4582 861 4637 Non
890 4584 1025 4638 dixit
1049 4584 1137 4637 ubi
1180 4601 1285 4647 ero,
1324 4585 1419 4639 sed
1446 4585 1534 4638 ubi
1579 4603 1696 4639 sum
1744 4601 1840 4655 per

278 4674 630 4729 divinitatem.
673 4672 732 4729 Si
759 4676 874 4744 quis
896 4675 1003 4728 sitit
1048 4677 1243 4744 ﬂuenta
1269 4692 1419 4746 aqum
1446 4678 1590 4730 vim.
1615 4676 1837 4732 Charis-

280 4775 502 4831 matum,
533 4767 667 4822 dena
690 4767 773 4822 vel
793 4768 1027 4822 charitas
1052 4768 1380 4839 intelligitur.
1411 4769 1651 4825 Nondum
1683 4772 1839 4840 spiri-

278 4867 366 4912 tus
395 4858 551 4913 datus
602 4860 681 4913 sic
731 4857 982 4927 profuse,
1033 4860 1171 4914 sicut
1222 4869 1343 4929 post
1388 4862 1834 4916 resurrectionem

280 4963 450 5013 suam,
471 4948 596 5017 quia
617 4948 849 5002 charitas
873 4950 964 5003 Dei
1014 4948 1201 5004 diﬂ‘usa
1241 4960 1324 5004 est
1362 4952 1412 5004 in
1467 4952 1717 5007 cordibus
1745 4970 1838 5007 no-

281 5040 406 5093 stris
450 5052 548 5108 per
591 5037 844 5109 Spiritum
892 5050 1165 5105 sanctum,
1197 5041 1285 5107 qui
1333 5041 1490 5116 datus
1534 5052 1617 5098 est
1661 5043 1834 5097 nobis.

280 5130 456 5197 Quare
498 5137 620 5199 post
648 5131 1126 5184 resurrectionem?
1151 5131 1276 5199 quia
1300 5132 1645 5199 perfectiores
1683 5142 1839 5203 erant

280 5220 499 5290 apostoli
530 5222 596 5275 ad
640 5220 1041 5274 custodiendum
1077 5221 1351 5289 spiritum,
1397 5229 1454 5274 ut
1496 5222 1548 5274 in
1600 5237 1837 5285 resurre:

282 5311 463 5366 czione‘
508 5321 687 5365 nostra
724 5309 929 5380 llagret.
964 5307 1103 5363 ’Oves
1143 5326 1268 5364 mete
1306 5327 1479 5364 vocem
1529 5329 1692 5365 meum
1742 5330 1837 5366 ou-

280 5404 451 5457 diunt.
494 5402 606 5457 Hoc
645 5411 727 5457 est
771 5401 862 5470 qui
910 5402 1346 5470 perseveraverit,
1379 5411 1431 5455 et
1469 5404 1693 5472 reliqua.
1729 5404 1838 5474 Ego

284 5498 394 5553 νίνηὶ
434 5508 486 5550 ut
522 5497 673 5550 vitam
700 5496 921 5550 habeant
952 5504 1218 5548 retentam.
1251 5494 1612 5564 ingredientes
1651 5498 1702 5550 in
1737 5498 1835 5552 lic-

282 5589 517 5667 clcsiam,
549 5596 609 5640 ut
629 5576 979 5641 abundantius
1003 5585 1230 5640 habeant
1271 5586 1322 5639 in
1369 5585 1472 5639 vita
1498 5594 1716 5641 acterna.
1759 5590 1838 5643 ln-

283 5679 596 5748 grctlinntur
629 5690 723 5743 per
761 5675 915 5731 [idem
965 5677 1016 5730 in
1052 5674 1340 5731 Ecclesium
1361 5694 1379 5753 ελ
1409 5677 1742 5745 egredietur,
1771 5680 1835 5733 ad

1864 4468 1917 4529 Β

1945 3244 2070 3307 rant
2094 3237 2334 3294 credere.
2364 3236 2465 3292 Ubi
2489 3236 2890 3307 intelligendum
2918 3245 3024 3301 est,
3068 3237 3193 3309 quia
3223 3238 3516 3295 nolebant:

1943 3326 2392 3396 quemadmodum
2431 3327 2631 3382 dictum
2658 3334 2741 3381 est
2768 3326 3016 3391 Domino,
3046 3326 3108 3382 Si
3130 3344 3237 3401 non
3256 3329 3519 3385 credimus

1942 3415 2149 3481 illi,illc
2171 3416 2341 3484 ﬁdelis
2368 3425 2465 3476 est,
2489 3430 2689 3483 negare
2738 3416 2974 3487 seipsum
3019 3431 3125 3474 non
3169 3426 3376 3486 potest;
3410 3436 3519 3476 non

1943 3507 2068 3574 quia
2107 3507 2303 3560 mutari
2326 3506 2617 3568 'bomines,-
2632 3506 2728 3561 sed
2768 3507 2911 3576 quod
2933 3507 3115 3563 vitalia
3143 3509 3378 3578 sapiunt,
3409 3526 3519 3565 non

1942 3602 2165 3662 possunt
2214 3594 2453 3648 credere.
2505 3591 2618 3662 Ego
2664 3610 2769 3648 non
2798 3594 2983 3665 judico
3023 3611 3355 3667 quemquam.
3404 3597 3520 3654 Hoc

1941 3691 2026 3749 est
2044 3683 2218 3736 modo.
2256 3679 2474 3735 Verbum
2496 3682 2635 3752 quod
2650 3681 2851 3739 locutus
2877 3700 3012 3739 sum.
3038 3684 3097 3740 ld
3114 3695 3198 3740 est
3221 3687 3511 3757 meipsum.

1941 3770 2094 3826 Dedit
2116 3772 2231 3841 ﬁlio
2254 3773 2431 3838 vitam,
2457 3773 2511 3827 id
2548 3782 2634 3828 est
2661 3775 2945 3845 gignendo.
2991 3774 3150 3833 Nunc
3187 3777 3513 3848 clariﬁcatus

1941 3872 2016 3922 est
2053 3862 2196 3931 ﬁlius
2240 3863 2484 3917 hominis.
2530 3863 2665 3930 Quia
2695 3873 2925 3919 exeunte
2953 3866 3229 3929 immundo
3256 3910 3273 3934 ,
3313 3885 3515 3935 ,omnes

1942 3952 2125 4008 mundi
2161 3961 2554 4009 remanserunt.
2602 3951 2671 4006 Et
2711 3954 2954 4009 continuo
3010 3955 3322 4025 clariﬁcabit
3367 3976 3508 4015 eum.

1943 4042 2158 4099 Scilicet
2190 4043 2437 4113 passione
2474 4051 2528 4098 et
2557 4044 2951 4100 resurrectione
2977 4059 3092 4099 sua.
3127 4044 3372 4111 Qitwritis
3398 4065 3502 4109 me,

1940 4144 1994 4190 et
2016 4137 2155 4191 sicut
2176 4136 2311 4190 dixit
2331 4135 2528 4191 Iudaeis
2551 4154 2563 4188 :
2592 4135 2707 4201 Quo
2735 4152 2826 4206 ego
2851 4136 3004 4199 vado,
3041 4151 3126 4190 ros
3158 4152 3260 4189 non
3300 4139 3512 4206 potestis

1940 4227 2129 4291 venire,
2156 4237 2203 4280 et
2231 4225 2367 4279 vobis
2393 4224 2510 4279 dico
2537 4225 2710 4278 modo.
2764 4223 2961 4280 JlldtBlS
2984 4236 3162 4281 autem
3203 4226 3308 4282 non
3335 4227 3503 4295 dixit,

1941 4316 2098 4371 modo
2135 4316 2467 4370 subauditur.
2497 4314 2559 4370 Si
2592 4314 2865 4383 quominus
2901 4314 3165 4370 dixissem.
3198 4315 3312 4373 Hoc
3338 4328 3422 4374 est
3463 4319 3510 4374 si

1942 4406 2134 4471 alicubi
2165 4406 2263 4461 nisi
2292 4405 2528 4469 indomo
2551 4404 2727 4459 Patris
2770 4405 2874 4459 mei
2905 4403 3130 4479 fuissent
3154 4406 3335 4467 multae
3359 4423 3514 4465 man-

1944 4496 2121 4551 siones
2160 4505 2394 4564 paraue,
2443 4494 2696 4549 dixissem
2726 4494 2894 4548 vobis.
2941 4493 3160 4548 Paravit
3186 4496 3341 4551 nobis
3379 4496 3507 4551 dum

1944 4600 2041 4654 pro
2068 4585 2222 4639 nobis
2247 4595 2486 4639 mortuus
2512 4592 2612 4639 est.
2641 4581 2702 4638 Si
2731 4583 2925 4637 abiero.
2961 4584 3071 4639 lloc
3098 4594 3179 4639 est
3207 4600 3303 4654 per
3326 4586 3509 4642 carnis

1944 4676 2260 4729 absentiam.
2294 4673 2550 4744 Philippe,
2579 4676 2667 4745 qui
2716 4675 2849 4728 videt
2873 4691 2971 4728 me.
3003 4674 3276 4745 Tanquam
3317 4676 3508 4732 melior

1943 4779 2060 4819 esse
2084 4764 2244 4818 Pater
2266 4803 2281 4828 ,
2338 4763 2570 4835 cupiebat
2600 4764 2770 4818 videre
2797 4765 3133 4819 subauditur.
3165 4765 3377 4837 Παίονα
3421 4769 3509 4837 fa-

1942 4860 2058 4912 ciet.
2107 4858 2280 4911 Etiam
2325 4857 2377 4910 in
2418 4856 2590 4910 salute
2616 4856 2853 4924 gentium
2901 4872 3008 4926 quo
3055 4856 3296 4913 facerent
3347 4860 3500 4914 dixit.

1942 4949 2077 5015 Quia
2103 4950 2171 5003 ad
2194 4946 2406 5001 Patrem
2449 4948 2579 5001 vado
2603 4956 2649 5000 et
2688 4946 2827 5017 quod
2862 4940 3136 5017 petieritis,
3157 4950 3255 5001 hoc
3283 4948 3498 5017 faciam.

1938 5037 2006 5091 Et
2045 5038 2207 5091 alium
2245 5035 2586 5106 paraclytum.
2620 5036 2733 5090 Hoc
2756 5044 2841 5091 est
2865 5045 2924 5090 ut
2963 5037 3080 5107 plus
3110 5037 3358 5093 habeant.
3392 5037 3503 5091 Ro—

1936 5129 2066 5199 gabo
2111 5125 2339 5181 Patrem.
2373 5126 2478 5181 Per
2508 5127 2914 5194 humanitatem,
2945 5130 3082 5183 dabo
3110 5145 3207 5198 per
3254 5130 3503 5182 divinita-

1939 5227 2063 5272 tem.
2112 5216 2224 5286 Ego
2255 5217 2381 5270 vivo.
2415 5214 2534 5270 Mox
2566 5233 2660 5286 per
2692 5219 3131 5273 resurrectionem
3164 5219 3498 5274 immortalis.

1941 5311 2007 5364 Et
2030 5326 2116 5363 vos
2142 5311 2331 5362 niveus.
2359 5308 2414 5361 In
2445 5308 2549 5361 line
2579 5309 2924 5363 immortales.
2949 5308 3054 5373 Qui
3083 5309 3229 5362 habet
3250 5311 3499 5363 mandata

1939 5420 2070 5458 mea.
2100 5402 2153 5455 ιιι
2183 5411 2265 5457 est
2313 5403 2364 5454 in
2393 5401 2669 5455 memoria.
2727 5400 2795 5454 Et
2822 5411 3008 5455 servat.
3036 5400 3090 5455 Id
3121 5410 3205 5455 est
3234 5401 3284 5453 in
3312 5416 3495 5469 opere.

1939 5494 2165 5563 Diligam
2190 5510 2326 5546 eum.
2356 5491 2468 5546 Iloc
2487 5502 2572 5546 est
2592 5500 2652 5545 ut
2684 5491 2959 5561 perveniat
2982 5492 3047 5544 ad
3078 5491 3334 5544 visionem
3362 5492 3496 5545 veri-

1939 5586 2084 5639 tatis.
2116 5581 2183 5636 Et
2230 5582 2569 5650 manifestabo
2615 5582 2661 5635 ei
2714 5582 2979 5650 meipsum.
3040 5581 3367 5636 Subauditur
3402 5597 3499 5652 per

1939 5674 2180 5728 eamdem
2209 5671 2542 5725 charitatem.
2575 5669 2640 5723 Et
2676 5686 2844 5723 sermo
2885 5670 2973 5739 qui
3002 5671 3107 5738 ipse
3143 5680 3236 5723 est.
3287 5667 3469 5724 Pacem
