3952 6186
505 270 644 340 1549
734 283 1116 341 CllRlSTlANl
1157 284 1558 340 DRUTHMARI
1594 283 2032 339 COliDElENSlS
2068 285 2365 341 MONACHI
2406 286 2993 347 EXPOSITIUNCULA
3030 291 3096 344 IN
3134 288 3468 347 JOANNEM.

3583 294 3742 350 1520

499 409 555 462 in
585 407 756 475 prima
796 419 900 459 non
933 404 1070 458 dixit
1108 418 1305 467 meam,
1336 404 1429 458 sed
1482 406 1534 458 in
1565 404 1824 469 secunda;
1855 412 1912 458 et
1951 405 2054 457 ista
2081 403 2131 460 A
2156 410 2432 456 torrentem
2457 401 2678 458 Cedron.
2730 402 2961 469 Cedron,
2995 396 3261 474 genitivus
3282 401 3504 463 Gnaeus
3533 409 3735 478 plura-

606 496 893 557 mundana,
922 493 1009 547 illa
1038 504 1313 563 perpetua.

567 575 788 659 Propter
806 586 1008 641 verbum
1042 586 1181 656 quod
1214 585 1416 639 locutus
1460 602 1571 640 sum
1615 587 1774 642 vobis.
1822 588 1933 643 Hoc
1970 598 2056 645 est

494 678 856 742 credulitatis,
899 676 1024 746 quia
1073 676 1189 730 sine
1223 677 1388 732 verbo
1423 677 1555 732 nihil
1599 687 1687 733 est
1733 680 2047 748 haptismus.

493 771 705 825 Manere
727 785 825 825 nos
855 768 908 822 in
937 768 1151 824 Christo
1171 775 1226 823 et
1254 766 1523 823 Christum
1548 769 1600 824 in
1629 770 1803 834 nobis,
1832 771 1937 827 hoc
1967 780 2053 827 est

490 862 644 917 nobis
671 862 907 932 prodest,
935 875 1041 914 non
1067 859 1158 914 illi.
1186 857 1465 929 Praecepta
1489 860 1665 914 Patris
1690 864 1907 917 servavi.
1939 864 2051 919 Hoc

489 963 570 1008 est
596 962 654 1007 ut
682 969 923 1007 morerer
941 967 1038 1022 pro
1056 952 1378 1007 hominibus.
1423 949 1685 1007 Gaudium
1708 964 1927 1008 vestrum
1950 957 2050 1009 im-

487 1043 708 1114 pleatur.
757 1045 869 1098 Hoc
896 1052 977 1099 est
1004 1042 1200 1097 habere
1228 1042 1553 1111 consortium
1580 1058 1700 1097 cum
1728 1043 1860 1113 ipso.
1892 1044 2049 1099 Aliud

488 1144 569 1190 est
598 1151 717 1190 esse
744 1151 955 1190 servum
986 1135 1214 1197 timoris,
1246 1134 1390 1188 aliud
1424 1130 1641 1187 amoris.
1693 1132 1881 1189 Omnia
1924 1147 2046 1191 nota

485 1225 584 1294 feci
613 1226 767 1279 vobis.
817 1224 1093 1294 Signiﬁcat
1119 1225 1259 1294 quod
1290 1238 1347 1278 se
1379 1224 1582 1278 sciebat
1607 1240 1726 1278 esse
1758 1225 2041 1281 facturum.

554 1316 701 1370 Eatis
726 1315 971 1379 volendo,
999 1314 1230 1368 fructum
1262 1312 1497 1370 affet-alis
1520 1317 1809 1384 operando.
1851 1317 1912 1372 Si
1941 1335 2044 1373 non

482 1404 751 1468 venissem,
779 1413 1039 1474 peccatum
1082 1419 1185 1457 non
1212 1403 1477 1458 haberent.
1524 1404 1635 1459 Hoc
1658 1416 1743 1461 est
1764 1417 2041 1476 peccatum

482 1494 867 1548 incredulitatis
890 1508 996 1563 quo
1023 1493 1379 1562 despexerunt
1405 1496 1622 1552 credere
1648 1497 1700 1551 in
1728 1513 1870 1564 eum,
1897 1500 2044 1554 vide-

480 1582 607 1638 licet
643 1582 936 1648 homicidii,
975 1597 1082 1653 quo
1123 1597 1245 1638 eum
1282 1584 1615 1640 occiderunt.
1670 1585 1711 1637 Α
1742 1602 1890 1656 putre
1923 1605 2042 1658 pro-

2156 489 2222 544 lis
2248 501 2353 557 est,
2379 493 2521 561 quod
2547 502 2720 562 potest
2744 495 2844 550 dici
2873 497 3173 551 cedrorum.
3218 498 3319 550 Aut
3344 498 3414 551 ad
3445 512 3735 569 sequentes

2152 582 2263 637 dies
2284 600 2372 638 vos
2398 587 2686 650 ascendite,
2729 603 2820 655 ego
2859 603 2959 642 non
2999 587 3295 641 ascendam.
3342 568 3621 645 Videlicet
3665 568 3732 646 ad

2151 672 2312 727 istum
2349 674 2581 743 primum
2623 674 2883 730 ascendit.
2941 674 3069 731 Veni
3093 686 3148 730 ut
3177 678 3397 748 quinon
3431 682 3623 736 vident
3661 684 3731 736 ri-

2148 763 2321 819 deant.
2376 765 2446 820 Et
2471 767 2561 835 qui
2589 767 2863 832 videbant,
2892 767 2945 823 id
2969 777 3075 833 est,
3101 768 3282 825 videre
3305 772 3606 839 putabant,
3635 791 3728 828 no-

2148 851 2364 909 luerunt
2387 855 2442 910 in
2473 870 2595 910 eum
2628 856 2866 929 credere,
2903 864 2961 911 et
2980 856 3100 912 ideo
3125 859 3250 914 caaci
3276 875 3723 929 permanserunt.

2146 943 2548 1002 Monumentum
2593 928 2690 1002 Dei
2731 948 2928 1004 dicitur
2967 949 3037 1005 ab
3075 952 3606 1023 evangelistislocus
3633 974 3722 1010 m-

2143 1036 2359 1098 tundus,
2407 1037 2473 1091 ad
2517 1037 2670 1106 cujus
2699 1040 2895 1095 ostium
2937 1041 3216 1097 advolutus
3261 1042 3361 1098 fuit
3400 1045 3569 1117 lapis.
3624 1048 3719 1101 Se-

2144 1126 2387 1193 pulcrum
2420 1144 2548 1183 vero
2576 1129 2770 1184 dicitur
2792 1130 2940 1187 locus
2971 1133 3025 1187 in
3056 1133 3173 1202 ipso
3201 1136 3435 1204 tugurio,
3466 1137 3520 1191 in
3558 1139 3723 1209 Aqui.

2144 1216 2312 1272 lonari
2348 1227 2498 1287 parte
2535 1223 2885 1287 monumenti,
2914 1223 2968 1277 in
2994 1238 3102 1294 quo
3144 1224 3477 1282 Dominicum
3514 1244 3718 1300 cor-prs

2142 1308 2361 1376 quievit.
2404 1309 2563 1379 Lapis
2600 1313 2871 1368 revolutus
2904 1314 3106 1370 divisus
3140 1324 3243 1381 est,
3281 1327 3337 1372 et
3371 1318 3477 1374 duo
3514 1321 3717 1376 altaria

2141 1396 2371 1467 desuper
2396 1399 2537 1455 facta
2565 1409 2707 1455 sunt.

2211 1487 2524 1558 Sepulcrum
2554 1500 2754 1547 sanctae
2779 1493 2962 1549 Marize
2986 1502 3070 1550 est
3093 1495 3308 1552 in.valle
3337 1492 3623 1569 Josaphat,
3663 1501 3717 1555 in

2137 1579 2354 1636 basilica
2386 1583 2441 1637 in
2468 1599 2571 1652 qua
2601 1584 2883 1655 aliquando
2907 1586 3115 1657 sepulta
3142 1586 3259 1644 fuit.
3293 1587 3397 1645 Sed
3420 1591 3489 1646 de
3516 1594 3716 1647 eodem

481 1673 633 1737 cedit,
659 1682 706 1726 et
734 1690 827 1743 ego
856 1674 1077 1729 mittam.
1117 1673 1292 1728 Unum
1330 1682 1434 1741 est,
1463 1675 1586 1745 quia
1609 1678 1850 1745 procedit
1878 1693 1909 1731 a
1939 1678 2042 1733 Pa-
2067 1740 2111 1752 _
2138 1669 2379 1739 sepulcro
2429 1675 2713 1741 quomodO’
2734 1674 2819 1730 νει
2865 1690 2972 1744 quo
3008 1684 3279 1747 tempore;
3324 1694 3392 1734 an
3430 1695 3465 1735 ἃ
3508 1683 3716 1752 quibus

481 1773 562 1818 tre
588 1774 643 1819 et
670 1740 821 1829 sine,
852 1772 907 1819 et
936 1765 1082 1819 venit
1113 1780 1209 1819 sua
1244 1774 1453 1835 sponte.
1480 1740 1798 1823 'Perltibebit
1836 1770 1901 1823 de
1936 1785 2035 1824 me.
2067 1740 2115 1799 Β
2141 1760 2382 1827 personis
2403 1740 2649 1817 sancmm
2675 1740 3049 1834 corpusculum
3072 1740 3188 1837 ejus
3215 1740 3286 1822 sit
3303 1740 3566 1837 ablatura,
3596 1774 3716 1827 nul-

482 1851 592 1907 lioc
622 1860 707 1907 est
729 1862 790 1908 ut
816 1847 977 1908 faciat
1012 1869 1107 1910 eos
1138 1856 1358 1910 credere
1392 1856 1446 1910 in
1481 1872 1587 1912 me.
1632 1856 1762 1911 Hac
1796 1858 1860 1912 ab
1890 1860 2040 1914 initio

479 1962 580 1998 non
609 1944 739 2000 dixi.
792 1935 904 2002 Hoc
951 1958 1034 2003 est
1073 1946 1143 2004 de
1174 1949 1532 2018 promissione
1576 1950 1743 2005 sancti
1786 1949 2034 2021 Spiritus,

477 2036 559 2089 vel
591 2036 656 2090 de
678 2037 986 2107 cxpulsione
1019 2036 1335 2109 Synagogae,
1365 2039 1614 2095 videlicet
1638 2041 1702 2095 de
1748 2041 2035 2106 occisione,

473 2136 528 2181 et
551 2126 773 2196 reliqua.
820 2127 921 2182 Ille
958 2138 1137 2199 arguet
1169 2129 1439 2184 mundum.
1494 2130 1695 2202 Arguet
1736 2131 1825 2187 ille
1867 2131 2038 2204 Spiri-

475 2226 562 2272 tus
599 2219 841 2274 veritatis
882 2219 947 2275 de
984 2219 1070 2274 bis
1114 2221 1390 2287 mundum,
1440 2223 1534 2277 sed
1577 2223 1909 2280 solummodo
1950 2223 2039 2280 Ju-

473 2307 673 2371 damm;
706 2315 960 2378 tanquam
986 2308 1033 2363 si
1068 2309 1308 2365 diceret:
1335 2310 1426 2366 Ille
1465 2311 1707 2368 infundet
1750 2314 1802 2368 in
1843 2316 2035 2371 vestris

471 2395 740 2451 cordibus.
765 2397 1103 2455 charitatem.
1159 2398 1332 2456 Natus
1374 2411 1455 2479 est
1486 2403 1639 2457 homo
1677 2404 1732 2457 in
1759 2404 2031 2460 mundum.

470 2483 904 2542 Subaudieudum
934 2495 1038 2552 est,
1070 2486 1154 2543 vel
1182 2487 1427 2545 Christus
1454 2492 1707 2557 surrexit,
1733 2492 1816 2548 vel
1844 2494 2031 2549 Eccle-

470 2578 550 2633 sia
585 2578 846 2650 parturiet
877 2577 1014 2633 ﬁlios
1042 2579 1096 2634 in
1124 2581 1288 2635 vitam
1316 2589 1592 2637 aeternam.
1646 2581 1733 2637 Me
1753 2599 1855 2637 non
1881 2600 2032 2653 roga-

470 2672 607 2727 bitis.
653 2672 709 2728 Id
740 2682 826 2729 est
845 2690 967 2729 anon
1007 2675 1422 2747 interrogabitis.
1473 2676 1597 2733 Non
1640 2677 1837 2747 petistis
1879 2677 2031 2748 quid-

469 2778 645 2834 quam.
694 2761 807 2819 Hoc
835 2771 939 2831 est,
970 2764 1095 2834 quia
1125 2764 1179 2820 in
1206 2766 1420 2822 nomine
1447 2764 1573 2821 Jesu
1602 2782 1707 2821 non
1737 2767 2026 2837 petierunt.

473 2853 595 2906 Non
631 2854 897 2924 rogabitis.
945 2854 1056 2910 Hoc
1084 2854 1151 2911 de
1190 2855 1370 2913 futuro
1409 2856 1545 2912 dixit
1576 2857 1668 2926 qui
1711 2855 2032 2913 suﬂicienter

466 2943 756 2999 habebunt.
801 2942 939 3010 Quia
976 2962 1062 3001 vos
1090 2962 1172 3002 me
1203 2947 1437 3001 amastis.
1481 2945 1810 3003 Subauditur
1833 2964 1847 3001 :
1870 2945 2033 3003 Pater

464 3036 1126 3106 prinsamavit'gratuitu,
1151 3046 1207 3093 et
1233 3037 1410 3094 etl‘ecit
1436 3046 1496 3093 ut
1527 3039 1809 3094 crederent
1846 3039 1911 3119 in
1942 3037 2051 3092 Fi—'

464 3126 615 3194 lium,
649 3135 703 3183 et
738 3136 984 3183 amarent
1009 3142 1154 3184 eum.
1203 3130 1356 3187 Exivi
1401 3149 1433 3186 a
1473 3129 1652 3187 Patre.
1702 3131 2033 3188 Subaudion-

467 3217 595 3270 dum
641 3225 722 3271 est
751 3235 763 3270 :
798 3218 924 3286 quia
953 3218 1008 3271 in
1037 3232 1099 3273 ea
1127 3220 1307 3273 forma
1341 3235 1448 3288 qua
1482 3222 1704 3290 aqualis
1736 3231 1820 3278 est
1864 3223 2028 3289 Patri,

467 3313 521 3358 et
543 3306 596 3359 in
621 3314 894 3376 assumpta
920 3316 1165 3363 creatura
1199 3309 1377 3365 minbr
1398 3311 1664 3380 apparuit.
1695 3312 1765 3366 Et
1801 3316 1935 3367 venit
1974 3315 2030 3368 in

463 3395 736 3449 mundum.
800 3395 914 3453 Hoc
959 3405 1064 3464 est,
1109 3399 1162 3454 in
1210 3397 1381 3455 forma
1422 3401 1561 3456 servi
1595 3420 1607 3455 :
1640 3402 1798 3474 hujus
1845 3405 2028 3460 mundi

465 3487 795 3561 amatoribus
838 3489 1083 3559 praebuit.
1131 3488 1337 3561 Reliqui
1381 3491 1652 3547 mundum.
1702 3492 1760 3549 ld
1809 3503 1893 3549 est
1932 3496 2029 3550 hu-

460 3578 778 3634 manitatem
807 3578 874 3633 ad
898 3578 1071 3635 Patris
1096 3580 1431 3651 majestatem
1453 3582 1691 3641 adduitit.
1739 3583 1874 3639 Ecce
1894 3602 2029 3641 nunc

462 3665 636 3736 palam
668 3666 912 3738 loqueris.
960 3667 1227 3741 Putabant
1258 3670 1481 3740 apostoli
1525 3672 1699 3729 adhuc
1737 3675 1897 3730 rudes
1937 3690 2031 3745 pa-

464 3758 570 3813 lam
597 3757 783 3825 fuisse,
818 3760 942 3829 quia
972 3761 1389 3831 profunditatem
1428 3764 1675 3820 datorum
1701 3780 1893 3835 capere
1922 3764 2028 3821 nan

461 3848 729 3904 valebant.
786 3849 942 3904 Nunc
975 3852 1186 3906 scimus.
1231 3852 1488 3909 Dominus
1530 3856 1704 3910 sciens
1747 3856 2026 3926 cogitatio-

463 3954 560 3995 nes
593 3955 800 4008 eorum,
833 3940 1040 3997 locutus
1072 3952 1155 3999 est
1190 3943 1256 4000 de
1286 3946 1369 4001 his
1412 3961 1530 4016 qua:
1570 3948 1668 4017 ipsi
1698 3950 2029 4023 interrogare

463 4029 735 4085 volebant.
795 4029 955 4087 Modo
999 4036 1237 4103 creditis,
1292 4037 1464 4108 inquit
1513 4037 1696 4107 Jesus,
1747 4058 1859 4097 ecce
1894 4045 2025 4098 venit

462 4121 616 4187 liora,
655 4132 703 4176 et
730 4123 848 4193 jam
894 4125 1048 4190 venit,
1092 4137 1148 4181 ut
1195 4128 1561 4202 dispergamini
1593 4134 1944 4205 unusquisque
1973 4138 2026 4192 in

460 4214 691 4305 propria.
747 4212 860 4270 Hoc
903 4218 1326 4277 subaudiendum
1352 4264 1366 4287 ,
1409 4224 1462 4279 in
1510 4225 1837 4305 inﬁdelitatis
1876 4228 2029 4284 timo-

463 4316 599 4357 rem.
639 4302 706 4358 ln
730 4322 810 4360 me
837 4324 1012 4377 pacem
1037 4310 1289 4367 habeatis.
1338 4314 1392 4370 ld
1427 4324 1528 4379 est,
1569 4315 1725 4372 ﬁdem
1757 4302 1862 4374 non
1889 4319 2028 4375 desi-

463 4392 696 4459 deratis;
731 4394 816 4449 vel
854 4397 1017 4454 etiam
1052 4399 1192 4456 inter
1227 4418 1352 4459 suos
1378 4420 1563 4474 pacem
1599 4406 1857 4475 habeant,
1887 4419 1941 4464 et
1967 4426 2025 4467 se
2050 4442 2101 4502 Β

463 4492 665 4539 ament.
705 4485 1008 4545 Claritatem
1042 4510 1199 4563 quam
1241 4495 1427 4550 dedisti
1463 4498 1591 4552 milli
1619 4499 1740 4554 dedi
1766 4500 1858 4556 eis.
1910 4501 2021 4558 lloc

459 4580 546 4626 est
571 4574 927 4643 cognitionem
957 4583 1337 4665 omnipotentis
1369 4585 1544 4643 Patris
1572 4590 1623 4644 in
1654 4589 1805 4646 Filio.
1856 4591 2019 4648 Trans

2139 1850 2221 1905 lus
2241 1859 2415 1920 potest
2444 1852 2649 1909 referre
2671 1869 2771 1925 pro
2795 1864 2962 1912 certo.

2205 1937 2410 2023 Corpus
2442 1940 2711 1998 Simeonis
2747 1951 2803 1998 et
2825 1940 3019 2015 Ioseph
3059 1945 3215 2015 bajoli
3243 1948 3455 2004 Domini
3484 1950 3544 2004 in
3594 1953 3711 2023 ipsa

2137 2022 2291 2092 valle,
2323 2029 2377 2083 in
2407 2030 2511 2085 alia
2533 2031 2753 2087 basilica
2774 2035 2977 2104 sepulta
3004 2044 3128 2091 sunt
3150 2038 3285 2092 inter
3300 2047 3545 2096 montem
3576 2022 3709 2097 Sion

2136 2125 2191 2172 et
2217 2122 2452 2175 niontem
2475 2120 2668 2178 Oliveti
2686 2163 2702 2187 ,
2731 2123 2785 2178 in
2810 2125 2947 2180 valle
2969 2124 3245 2197 Josaphat.

2206 2208 2297 2267 Sal
2329 2217 2488 2267 terra:
2516 2212 2712 2269 dicitur
2741 2214 2830 2285 qui
2861 2215 2915 2271 in
2943 2223 3085 2274 terra
3115 2218 3405 2287 invenitur,
3426 2230 3482 2278 et
3505 2239 3614 2280 non
3639 2224 3701 2281 ﬁt

2134 2299 2201 2355 de
2223 2315 2379 2370 aqua.
2412 2289 2583 2359 ,Unde
2620 2305 2896 2362 Dominus.
2948 2308 3053 2364 Vos
3078 2310 3213 2365 estis
3238 2312 3318 2367 sal
3346 2321 3521 2370 terrm.

2203 2389 2277 2443 ln'
2298 2390 2641 2448 Draconitida
2668 2396 2887 2466 regione
2914 2407 2997 2453 est
3020 2397 3144 2456 fons
3171 2402 3261 2457 cui
3296 2419 3482 2459 nomen
3520 2406 3697 2473 Fiala,

2130 2482 2275 2536 unde
2296 2482 2542 2538 oriuntur
2573 2484 2748 2542 fontes
2769 2488 3124 2556 subterranei,
3153 2503 3361 2550 centum
3378 2496 3555 2566 viginti
3576 2506 3703 2551 sta-

2131 2571 2203 2625 dii
2234 2587 2404 2641 usque
2423 2574 2489 2629 ad
2514 2574 2815 2634 Ctesaream
2848 2579 3110 2652 Philippi:
3135 2600 3258 2654 qua:
3289 2597 3337 2640 et
3370 2586 3569 2643 Paucas
3600 2590 3697 2644 di-

2131 2668 2214 2714 cta
2259 2669 2341 2715 est
2377 2678 2408 2717 a
2446 2662 2613 2721 Panio
2656 2678 2862 2735 monte,
2899 2671 2989 2727 ubi
3027 2673 3187 2731 divisi
3224 2679 3459 2733 oriuntur
3496 2677 3593 2735 Jor
3640 2690 3700 2737 et

2131 2750 2264 2806 Dan.
2312 2753 2379 2808 Et
2406 2764 2529 2824 post
2556 2759 2828 2827 paululum
2852 2761 3153 2834 junguntur
3191 2776 3248 2822 et
3283 2768 3345 2823 ﬁt
3365 2769 3553 2826 llnvius
3577 2787 3701 2827 cen-

2132 2848 2243 2895 tum
2273 2843 2459 2913 viginti
2492 2846 2678 2903 stadiis
2704 2864 2873 2919 usque
2901 2853 2967 2907 ad
2996 2852 3183 2909 urbem
3211 2855 3433 2925 Iuliam;
3474 2869 3531 2915 et
3564 2869 3697 2917 tunc

2133 2930 2264 2988 facit
2290 2933 2463 2990 lacum
2487 2935 2758 3006 Genesar,
2785 2942 2876 3011 qui
2908 2952 2963 2997 et
2982 2943 3322 3003 Chennereth
3345 2959 3582 3005 vocatur.
3619 2951 3701 3006 De

2133 3022 2352 3080 locustis
2375 3066 2390 3090 ,
2439 3034 2494 3082 et
2542 3028 2645 3083 mel
2692 3030 2954 3088 silvestre.
3017 3033 3259 3092 Locusta
3302 3047 3426 3093 sunt
3470 3040 3525 3094 in
3581 3041 3698 3110 ipsa

2057 3096 2103 3160 Ο
2134 3122 2276 3170 terra
2311 3116 2588 3173 minimum
2631 3135 2819 3190 genus,
2862 3138 3090 3192 quarum
3134 3130 3444 3197 corpuscula
3482 3132 3535 3186 in
3578 3096 3701 3189 mo-

2131 3208 2256 3263 dum
2281 3209 2432 3280 digiti
2462 3226 2654 3268 manus
2679 3213 2869 3269 exsilia
2896 3225 2953 3271 et
2970 3217 3148 3273 brevia
3177 3228 3317 3274 sunt.
3344 3221 3411 3275 Et
3437 3224 3563 3290 quia
3596 3238 3700 3278 ea-

2130 3314 2249 3353 rum
2268 3300 2447 3356 brevis
2468 3311 2551 3357 est
2571 3304 2806 3371 volatus,
2838 3306 3042 3364 similes
3071 3319 3188 3363 sunt
3217 3310 3437 3366 saltibus
3479 3312 3697 3370 levium

2130 3402 2420 3456 ranarum;
2450 3401 2507 3448 et
2533 3392 2688 3450 facile
2723 3395 2773 3451 in
2804 3396 2989 3454 herbis
3023 3400 3322 3470 rapiuntur,
3348 3410 3404 3456 et
3430 3390 3603 3459 coctae
3634 3407 3696 3465 in

2127 3479 2251 3537 oleo
2288 3481 2488 3538 victum
2529 3486 2769 3555 praebent
2806 3503 3119 3560 pauperum.
3159 3489 3232 3546 De
3264 3492 3419 3548 melle
3441 3509 3573 3549 vero
3600 3497 3701 3549 sil-

2129 3573 2312 3627 vestri.
2353 3573 2487 3628 Sunt
2518 3575 2740 3632 arbores
2768 3593 2944 3648 parva:
2962 3620 2975 3641 ,
3007 3579 3115 3634 lata
3140 3589 3196 3635 et
3221 3582 3437 3636 rotunda
3478 3584 3695 3638 haben-

2127 3669 2210 3717 tes
2232 3661 2375 3727 folia,
2404 3663 2633 3719 lacteum
2657 3665 2908 3725 colorem.
2954 3673 3280 3740 et'saporem
3318 3669 3484 3726 melici
3512 3689 3527 3724 :
3552 3687 3699 3740 quo-

2126 3766 2246 3805 rum
2273 3750 2522 3806 foliorum
2550 3761 2740 3807 natura
2771 3754 2973 3826 fragilis
2996 3757 3150 3813 valde
3176 3767 3284 3823 est;
3307 3766 3362 3837 et
3388 3759 3477 3829 qui
3494 3758 3689 3813 volunt

2127 3842 2426 3904 comedere,
2469 3858 2532 3898 ea
2569 3845 2802 3912 primum
2850 3847 3101 3916 manibus
3140 3848 3461 3913 confricant,
3496 3851 3693 3911 deinde

2126 3933 2442 3999 comedunt;
2480 3941 2535 3989 et
2571 3936 2673 3990 hoc
2711 3944 2796 3991 est
2837 3937 2944 3992 mel
2982 3938 3228 3996 silvestre
3255 3940 3312 3995 in
3341 3940 3486 3996 silvis
3509 3955 3692 4009 reper-

2125 4033 2260 4078 tum.
2309 4023 2483 4079 Locus
2515 4024 2607 4079 ubi
2649 4026 2905 4082 Dominus
2945 4029 3184 4098 quinque
3218 4030 3386 4085 millia
3416 4030 3691 4085 hominum

2123 4114 2289 4183 pavit,
2322 4113 2456 4168 citra
2482 4128 2630 4169 mare
2661 4113 2879 4171 Galilea:
2918 4124 3032 4183 est;
3076 4125 3131 4173 et
3174 4127 3301 4189 post
3336 4128 3551 4174 etiamm
3588 4120 3690 4174 ha-

2123 4205 2256 4259 bens
2302 4205 2523 4269 fontem,
2566 4205 2636 4260 de
2669 4219 2776 4275 quo
2812 4204 3001 4261 bibunt
3034 4207 3134 4278 ipsi
3169 4209 3260 4279 qui
3299 4217 3425 4264 sunt
3454 4208 3692 4279 (Ἀβων-

2124 4309 2306 4359 naum,
2346 4308 2503 4350 secus
2545 4293 2722 4350 lacum
2758 4286 3118 4353 Chennereth.
3166 4298 3319 4355 Mons
3343 4299 3557 4355 Thabor
3590 4302 3685 4354 tri-

2125 4383 2271 4453 ginta
2302 4383 2488 4439 stadiis
2514 4376 2857 4454 sublimatur,
2882 4400 3044 4458 super
3062 4386 3203 4445 latus
3225 4389 3408 4460 viginti
3432 4398 3666 4459 quatuor

2125 4473 2440 4531 subauditur
2469 4476 2676 4532 stadiis.
