3988 6186
276 428 3456 489 m

1526 604 1602 646 AN
1613 601 1695 645 ΝΟ
1736 603 1969 647 DOMINI
2014 602 2254 648 DCCCLI.

1125 716 2635 943 AURELIANUS

1450 1046 1839 1101 REOMENSIS
1875 1046 2269 1107 MONACHUS.

1703 1182 2091 1207 -ῄ

888 1275 1334 1353 ,ΝΟΤΙΤΙΑ
1396 1278 1935 1360 HISTORICA
1996 1284 2105 1360 IN
2162 1282 2862 1381 AURELIANUM,

1351 1432 1558 1493 (Fabric.
1605 1422 1905 1486 Bibliotheca
1922 1436 2051 1486 med.
2076 1442 2129 1486 et
2150 1436 2234 1486 inf.
2255 1435 2386 1498 Lat.)

332 1628 651 1684 Aurelianus
694 1626 922 1699 clericus
970 1628 1291 1684 Rhemensis
1326 1627 1400 1699 (α)
1440 1627 1718 1690 ecclesire,
1759 1628 1825 1682 ad
1855 1634 1903 1694 Α
1929 1628 2063 1699 Acta
2101 1628 2359 1683 Martialis
2399 1628 2792 1699 Lemovicensis
2829 1631 2929 1686 sub
2976 1633 3243 1687 Aureliani
3284 1637 3498 1690 nomine

256 1697 586 1780 §ernardum
622 1698 1067 1780 archicantorem,
1102 1706 1289 1780 postea
1326 1697 1654 1780 episcopum,
1690 1706 1829 1752 teste

258 1766 575 1849 Sigeberto,
763 1767 897 1832 uo,
932 1768 1149 1852 scripsit
1181 1766 1470 1822 Tonarium
1510 1766 1827 1849 regularem,

256 1852 371 1891 Slve
416 1837 479 1891 de
518 1836 729 1891 Heaut:
766 1838 1211 1891 modulationum.
1252 1855 1380 1891 uuas
1430 1848 1576 1891 tonos
1612 1854 1716 1891 sive
1751 1847 1827 1890 Ie-

287 1853 371 1893 IVe
416 1853 479 1892 ac
518 1853 594 1891 ue

682 1834 729 1893 is
766 1834 1211 1901 modulationum,
1252 1855 1380 1907 quas
1430 1834 1595 1907 tonos'
1612 1839 1716 1891 sive
1737 1834 1829 1907 re-

1932 1698 2176 1755 feruntur
2200 1739 2215 1763 ,
2253 1699 2405 1754 edita'
2437 1698 2655 1754 Parisiis
2691 1700 2864 1763 1522,
2903 1703 2960 1756 8°
2984 1741 2999 1765 ,
3038 1710 3093 1757 et
3128 1717 3248 1757 cum
3286 1704 3452 1758 Abdia
3479 1746 3493 1767 ,

1929 1768 2167 1831 Basileaa,
2224 1768 2391 1833 1552,
2435 1768 2526 1826 fol.
2575 1770 2723 1825 Adde
2756 1770 2888 1826 Acta
2939 1780 3243 1827 sanctorum
3285 1774 3353 1827 30
3399 1773 3493 1828 Ju-

1928 1839 2036 1904 nii,
2077 1847 2206 1893 tom.
2250 1839 2326 1903 V,
2363 1854 2483 1908 pag.
2520 1838 2643 1893 555.
2702 1841 2807 1895 Sed
2851 1840 2936 1895 ille
2983 1841 3302 1898 Aurelianus
3346 1860 3491 1897 eom-

257 1922 408 1982 ποίεε
446 1906 730 1982 appellant,
767 1908 916 1982 et_c_ie
947 1923 1133 1982 earum
1158 1906 1439 1982 vocabulis.
1465 1906 1569 1982 ‘Ab
1596 1909 1697 1960 hoc
1724 1906 1831 1982 ᾼιι-
1928 1908 2204 1963 mentitius
2262 1922 2328 1982 se
2364 1906 2673 1982 auditorem
2739 1910 2876 1964 illius
2928 1911 3186 1982 adeoque,
3226 1913 3494 1982 apostoro-

254 1976 485 2060 reliano'
517 1977 770 2060 epistolas
797 1977 1055 2060 “Martiali
1110 1976 1479 2060 Lemovieensi
1527 1977 1828 2060 suppositas
1925 1994 2045 2060 rum
2087 1978 2416 2060 temporibus
2451 1979 2761 2060 propiorem
2789 1976 3096 2060 profitetur."
3146 1976 3353 2060 Noster,
3403 1982 3495 2050 qui

254 2044 421 2116 fuisse
459 2044 763 2116 suspicatur
794 2046 1048 2105 Barthius
1079 2063 1206 2112 xcv,
1245 2046 1276 2098 7
1311 2056 1366 2100 et
1392 2046 1483 2111 2|,
1514 2044 1825 2110 Adversan,

1925 2049 1992 2104 de
2037 2049 2243 2121 musica
2289 2048 2539 2121 Scripsit,
2592 2065 2622 2102 a
2672 2048 2989 2121 Trithemio,
3045 2067 3163 2121 cap.
3218 2052 3353 2118 29‘,
3401 2048 3496 2107 no-

253 2115 400 2171 nullo
450 2115 565 2171 alio
602 2117 794 2173 ductus
840 2126 1157 2189 argumento
1205 2132 1368 2186 quam
1425 2117 1567 2186 quod
1617 2117 1736 2171 Vita
1775 2124 1829 2170 et
1925 2126 2069 2173 tatur
2113 2118 2313 2173 vixisse
2355 2115 2500 2173 circa
2538 2135 2735 2172 annum
2789 2120 2989 2175 Christi
3041 2115 3166 2176 900.

323 2226 402 2298 (α)
436 2227 533 2283 Vel
563 2229 744 2298 potius
768 2230 1082 2286 Reomensis
1114 2230 1436 2295 monachus,
1466 2238 1525 2284 ut
1548 2228 1655 2284 fert
1676 2228 1990 2285 Martenius.
2037 2227 2173 2283 Vide
2209 2227 2447 2284 notulatn
2488 2228 2628 2283 infra
2672 2230 2726 2284 in
2770 2229 3116 2285 Bernardum.
3163 2231 3317 2286 Ευιτ.

256 2374 3449 2414 mm

667 2706 1253 2797 “EPISTOLA
1330 2720 1460 2795 AD
1534 2700 2153 2799 BERNARDUM
2230 2656 3085 2803 ARCHICANTOREM

1410 2895 1717 2938 FUTURUM
1779 2892 2325 2938 ARCBIBPISCOPUM

1116 3018 1442 3081 Prtemt'ssa
1475 3017 1636 3079 libro
1669 3015 1741 3078 de
1766 3016 2014 3078 Musica
2039 3017 2112 3078 ab
2147 3036 2214 3078 eo
2251 3017 2616 3097 composito.

1196 3160 1449 3224 (mrtem,
1472 3161 1761 3225 amplissima
1780 3158 2030 3221 Collectio,
2046 3165 2167 3209 tom.
2189 3158 2231 3220 ι,
2252 3171 2360 3222 pag.
2389 3148 2479 3210 122
2498 3158 2520 3221 )

378 3393 608 3436 INCIPIT
640 3392 963 3436 PREFATIO
996 3393 1242 3436 Πυθίαῶ
1284 3394 1667 3439 DISCIPLINE.

322 3472 750 3528 Christianorum
795 3471 1127 3549 nobilissimo
1171 3472 1449 3538 nobilium,
1478 3474 1824 3544 virorumque

249 3561 712 3631 praestantissimo,
739 3569 900 3633 atque
928 3560 1145 3615 honoris
1162 3560 1397 3615 culmine
1426 3561 1703 3630 apostolici
1726 3577 1823 3615 no-

251 3650 511 3711 bilissime
563 3649 889 3714 sublimato,
948 3648 1212 3718 simulque
1257 3648 1520 3718 imperiali
1566 3649 1821 3719 dignitate

253 3742 529 3806 decorate,
560 3747 615 3795 et
642 3741 899 3794 virtutum
940 3740 1085 3795 omni
1111 3755 1308 3810 genere
1355 3738 1565 3795 ﬂorenti
1589 3737 1641 3793 in
1669 3738 1821 3794 Chri-

249 3842 331 3887 sto
358 3832 589 3888 feliciter
615 3831 901 3886 BERNABDO
929 3831 958 3871 ιι
990 3832 1367 3896 archicantori,
1392 3839 1454 3887 ut
1493 3841 1620 3901 opto
1660 3830 1821 3885 totius

248 3931 453 3978 sanctae
487 3920 744 3976 Ecclesia:
790 3928 847 3975 et
889 3929 1077 3978 vocato
1118 3929 1173 3976 et
1198 3920 1375 3976 futuro
1401 3936 1530 3976 vero
1554 3920 1819 3989 archiepi-

247 4026 435 4080 scopo,
458 4010 803 4065 AURELIANUS
834 4011 1174 4076 vernaculus,
1209 4011 1477 4081 quondam
1505 4010 1818 4069 monasterii

252 4100 313 4155 S.
338 4098 562 4154 Joannis
584 4098 920 4164 Rcomensis,
948 4115 1091 4154 nunc
1138 4108 1315 4154 tamen
1341 4098 1602 4168 abjeclus,
1626 4100 1720 4155 sed
1741 4108 1820 4154 ta-

249 4206 375 4246 men
408 4197 610 4256 vester,
637 4197 693 4244 et
714 4190 840 4244 velit
866 4190 997 4245 nolit
1022 4191 1270 4255 mundus,
1295 4200 1494 4255 vester,
1524 4200 1701 4245 vester
1739 4191 1820 4244 in-

247 4296 437 4351 quam,
463 4289 660 4345 vester,
686 4294 978 4349 servusqtle
1022 4280 1261 4334 omnium
1298 4280 1546 4337 minimus
1580 4279 1816 4339 famulo-

250 4386 371 4425 rum
402 4369 625 4426 Christi.

319 4461 582 4527 Quoniam
627 4462 859 4532 genuino
890 4460 1099 4531 ingenio
1137 4459 1557 4531 praepolleutem,
1583 4470 1637 4515 et
1688 4461 1816 4514 arti-

249 4549 413 4605 ﬁciali
464 4550 711 4605 doctrina
755 4551 1043 4615 cluentem,
1084 4566 1194 4620 pra:
1242 4549 1453 4605 caneris
1484 4559 1689 4604 vosmet
1725 4566 1813 4605 so-

249 4640 359 4693 lum
383 4640 575 4709 agnovi
602 4639 657 4695 in
684 4640 996 4695 harmonica
1026 4640 1383 4710 philosophia,
1414 4648 1632 4708 rogatus
1656 4656 1684 4694 a
1711 4640 1816 4694 fra-

1839 3379 1887 3438 B
1916 3375 2135 3431 musicae
2177 3384 2377 3431 norunt
2427 3384 2646 3432 statuta.
2691 3376 2894 3432 Tamen
2933 3385 2990 3432 ut
3040 3364 3273 3434 merant;
3303 3381 3501 3449 prisci,

1926 3479 2188 3533 nusquam
2217 3472 2417 3529 tamen,
2466 3475 2524 3519 ut
2548 3466 2801 3531 arbitror,
2830 3466 3100 3521 invenitur
3145 3469 3399 3534 musicus,
3429 3487 3494 3526 ac

1923 3570 2022 3624 per
2056 3556 2160 3610 hoc
2184 3570 2305 3624 qua:
2332 3557 2559 3625 sparsim
2596 3557 2652 3612 in
2675 3565 2915 3611 veterum
2949 3557 3106 3613 dictis
3130 3560 3368 3615 invenire
3392 3577 3490 3629 po-

1924 3644 2034 3708 tui;
2074 3643 2168 3700 sed
2200 3651 2256 3698 et
2274 3660 2394 3714 qua:
2427 3661 2457 3698 a
2486 3646 2638 3700 vobis
2666 3654 2722 3701 et
2767 3648 2836 3701 ab
2879 3647 2997 3703 aliis
3024 3649 3363 3719 audivi,ipsc
3390 3669 3491 3705 no-

1922 3747 2049 3786 vum
2077 3748 2212 3802 opus
2237 3732 2470 3788 condere
2499 3735 2701 3800 studui,
2741 3735 2832 3790 illo
2857 3736 3088 3792 donante
3131 3739 3221 3808 qui
3252 3741 3488 3805 donavit,

1921 3831 1976 3877 et
2024 3823 2140 3878 sine
2167 3839 2275 3894 quo
2299 3824 2431 3878 nihil
2476 3840 2779 3895 possumus,
2825 3827 2910 3882 cui
2941 3835 2997 3882 et
3045 3828 3266 3885 devotus
3291 3831 3490 3899 gratias

1922 3927 2044 3981 ago.
2077 3911 2171 3968 llis
2196 3912 2358 3984 igitur
2392 3914 2707 3984 prmlibatis,
2733 3912 3007 3986 agnoscite
3034 3932 3119 3972 me
3165 3934 3259 3972 vos
3283 3934 3498 3984 amare,

1922 4005 2215 4074 suscipere,
2258 4004 2455 4071 colere,
2494 4007 2701 4071 mirari,
2736 4008 3085 4063 reminiscens
3128 4009 3274 4079 pium
3318 4011 3488 4079 animi

1922 4094 2170 4151 allectum
2194 4096 2358 4152 vestri
2388 4111 2513 4169 erga
2542 4113 2648 4161 me,
2685 4112 2842 4167 quem
2892 4111 3025 4167 pure
3061 4098 3337 4163 dilexistis,
3368 4116 3485 4155 mo-

1896 4185 2132 4246 -nuistis,
2174 4185 2448 4251 docuistis,
2488 4186 2787 4241 enutristis.
2835 4186 3256 4242 Animadvertite
3306 4197 3485 4243 autem

1920 4289 2008 4328 me
2032 4274 2406 4330 recoueiliatas
2429 4275 2694 4330 amicitias
2720 4290 2852 4345 pure
2898 4275 3094 4349 colere,
3125 4285 3179 4330 et
3204 4293 3307 4331 non
3334 4279 3486 4349 juxta

1918 4362 2219 4417 Plautinam
2248 4363 2565 4417 sententiam
2617 4363 2785 4418 altera
2830 4378 2986 4417 manu
3018 4364 3267 4435 lapidem-
3283 4373 3485 4431 tenere,

1918 4468 2111 4522 panem
2141 4452 2334 4508 offerre
2358 4453 2544 4508 altera.
2593 4453 2703 4526 Ego
2739 4463 2885 4509 certe
2934 4463 2992 4509 ut
3045 4455 3246 4511 homini
3273 4457 3488 4512 nobilis-

1920 4544 2056 4599 simo
2078 4550 2133 4597 et
2176 4543 2512 4598 severissime
2537 4545 2704 4599 risum
2736 4560 2997 4612 meveam,
3028 4554 3083 4601 et
3108 4547 3338 4602 imiteris
3383 4547 3485 4602 ali-

1923 4633 2135 4702 quando
2161 4631 2433 4700 Crassum,
2480 4649 2640 4704 quem
2692 4636 2856 4690 semel
2892 4637 2947 4689 in
2992 4637 3101 4690 vita
3150 4636 3333 4695 risisse
3358 4637 3487 4692 dicit

250 4728 424 4783 tribus
465 4736 525 4783 ut
566 4743 729 4799 super
763 4728 1081 4801 quibusdam
1130 4729 1326 4800 regulis
1375 4730 1814 4794 modulationum,
1844 4719 1888 4780 C
1922 4724 2173 4779 Lucilius.
2215 4725 2401 4779 Dicam
2442 4727 2584 4796 quod
2628 4742 2768 4797 saepe
2816 4728 3052 4799 rogitans
3100 4730 3267 4784 risum
3304 4738 3488 4785 tenere

248 4832 385 4888 quas
416 4812 570 4875 tonos
597 4834 692 4874 seu
714 4828 928 4874 tenores
952 4818 1238 4887 appellant,
1270 4819 1363 4873 sed
1396 4826 1452 4872 et
1491 4819 1555 4873 de
1579 4820 1814 4889 ipsorum

178 4894 185 4897 ’
249 4906 525 4962 vocabulis
573 4923 753 4962 rerum
805 4908 1117 4962 laciniosum
1152 4907 1550 4977 prtescriberem
1608 4923 1814 4963 sermo-

249 5011 396 5060 nem,
419 5010 483 5050 ac
517 4996 636 5051 ideo
660 4997 854 5052 seriem
882 4997 1073 5051 harum
1115 4997 1413 5053 litterarum
1444 4998 1511 5052 ad
1535 5014 1816 5054 censuram

248 5098 445 5144 vestra:
471 5089 766 5143 nobilitatis
793 5089 984 5153 direxi,
1013 5096 1297 5157 vestroque
1324 5088 1529 5143 nomini
1553 5090 1816 5156 dedicavi,

248 5187 310 5233 ut
335 5178 383 5232 si
413 5179 721 5249 conspectui
749 5178 910 5249 digno
943 5179 1214 5243 videntur,
1248 5179 1521 5233 memoria:
1548 5195 1820 5234 commen-

249 5272 581 5337 dentur;sin
630 5280 807 5325 autem
860 5270 1036 5335 aliter,
1089 5269 1341 5326 oblivioni
1378 5271 1658 5326 ducantur.
1692 5271 1817 5327 Scio

248 5363 393 5418 enim
423 5362 548 5432 quia
597 5361 917 5417 nobilissimi
965 5361 1309 5417 inveniuntur
1350 5370 1616 5416 cantores.
1650 5360 1819 5430 llujus

249 5461 452 5518 autem,
499 5452 693 5519 fateor,
740 5453 843 5508 nisi
891 5467 985 5507 vos
1028 5450 1220 5517 solum,
1257 5464 1343 5506 me
1390 5451 1659 5507 neminem
1687 5450 1820 5505 artis

248 5543 446 5599 vidisse
490 5543 739 5614 peritum.
769 5543 994 5611 Quidam
1046 5543 1245 5596 etenim
1295 5549 1600 5598 nostrorqu
1649 5543 1817 5597 multa

321 5668 347 5697 α
379 5655 456 5710 Ex
490 5671 593 5710 ms.
625 5655 916 5709 Elnonensi
939 5670 1200 5709 annorum
1223 5655 1439 5709 circiter
1465 5655 1588 5710 800.

319 5727 347 5768 δ
371 5725 633 5782 Eumdcm
659 5726 796 5781 infra
820 5734 975 5780 vocat
1001 5725 1245 5781 abbatem
1271 5741 1445 5791 suum,
1475 5726 1561 5781 hic
1588 5742 1711 5782 vero
1734 5743 1818 5782 ar-
1848 5721 1855 5728 ’

1921 4830 2025 4870 non
2052 4830 2290 4884 possum.
2307 4816 2625 4873 Dolebamus
2642 4834 2738 4873 vos
2760 4819 2984 4873 nimium
3012 4836 3131 4875 esse
3158 4822 3482 4891 patientem:

1920 4908 2012 4962 sed
2055 4917 2115 4961 ut
2141 4908 2320 4974 video,
2358 4909 2635 4965 exaltastis
2662 4910 2751 4964 diu
2802 4927 3017 4967 manum
3049 4922 3104 4968 et
3132 4913 3487 4982 suspendistis

1919 4998 2149 5068 plagam,
2194 5007 2253 5052 ut
2301 4998 2538 5055 ierirctis
2581 4998 2812 5067 fortiter,
2840 5010 2894 5057 et
2924 5003 3262 5058 taciturnitas
3305 5012 3483 5058 vestra

1918 5087 2244 5159 dispensatio
2290 5091 2407 5154 fuit,
2435 5105 2543 5145 non
2577 5105 2889 5148 consensus.
2922 5093 3186 5160 Quorsum
3214 5093 3315 5149 ista
3339 5095 3487 5149 dixe-

1918 5181 2045 5247 rim,
2074 5183 2152 5237 uti
2174 5183 2310 5236 bene
2334 5183 2525 5248 nostis,
2565 5184 2619 5237 in
2646 5192 2845 5238 memet
2884 5184 3251 5255 experimenta
3302 5172 3482 5239 didici.

1919 5266 2148 5340 Ideoque
2178 5270 2306 5325 illud
2356 5273 2724 5341 propheticum
2755 5274 2992 5344 quotidie
3035 5274 3260 5329 decanto
3294 5291 3308 5328 :
3339 5274 3488 5330 Iram

1922 5361 2130 5415 Domini
2155 5362 2433 5426 sustinebo,
2460 5363 2621 5417 donec
2633 5363 2886 5433 justiﬁcet
2911 5382 3123 5419 causam
3145 5382 3332 5420 meam.
3351 5365 3485 5419 Mul-

1923 5464 1995 5507 ta:
2014 5454 2156 5509 enim
2182 5454 2282 5507 via:
2307 5454 2612 5510 hominibus
2639 5465 2798 5512 rectae
2838 5456 3109 5522 videntur,
3138 5472 3256 5526 quae
3296 5466 3481 5526 postea

1920 5561 2099 5615 prava:
2123 5545 2482 5614 reperiuntur.
2511 5544 2617 5601 Sed
2662 5563 2802 5618 smpe
2847 5549 3130 5604 thesaurus
3154 5550 3207 5604 in
3236 5550 3484 5604 testaceis

1930 5657 2305 5780 chicanltlorcrtn,
2356 5656 2495 5713 forte
2535 5658 2677 5727 quod
2726 5659 2779 5713 in
2838 5660 3039 5715 musica
3071 5668 3186 5716 arte
3236 5659 3483 5714 omnibus

1930 5741 2104 5780 omne
2148 5741 2278 5780 ere.
2368 5748 2371 5753 -

1924 5741 2278 5799 prmpoucret.
2368 5748 2371 5753 ·
