3952 6186
294 222 299 229 ’
393 234 527 291 1523

1244 230 1609 285 AURELIANI
1649 228 2034 285 liEOMENSIS
2069 220 2370 286 MONACHI
2408 226 2753 286 EPISTOLA.
3126 270 3131 279 .
3508 233 3674 288 152$

391 346 541 403 vasis
563 346 828 402 conditur.
858 345 919 400 In
946 345 1237 416 Evangelia
1266 345 1573 415 importuna
1594 344 1807 399 tandem
1832 358 1955 398 mu-
1984 349 2032 407 Α
2057 346 2304 415 quisquis
2324 360 2403 409 es,
2430 346 2780 416 vituperabile
2804 347 2858 401 in
2881 363 2945 402 eo
2974 347 3265 412 inveneris,
3278 341 3439 403 iniibi
3468 352 3673 405 curri—

393 438 493 493 Iier
526 437 700 492 audiri
726 438 947 495 meruit;
976 445 1029 489 et
1050 435 1232 490 clauso
1262 451 1382 489 cum
1409 435 1577 489 servis
1606 434 1765 497 ostio,
1794 432 1967 487 media
2064 436 2295 506 gendum
2348 437 2619 500 insinues,
2679 424 3107 509 calumniamque
3154 438 3331 495 facere
3381 442 3665 496 desistas.

393 528 522 583 licet
542 537 700 582 nocte
722 541 889 596 panes
911 526 1116 579 amicus
1135 525 1201 579 ab
1225 525 1398 579 amico
1419 524 1642 593 accepit.
1670 523 1811 577 Deus
1834 524 1966 593 ipse,
2064 526 2134 581 At
2160 528 2247 582 ubi
2277 528 2521 584 ordinate
2561 540 2615 585 et
2647 531 3036 586 rationabiliter
3060 541 3237 586 aetum
3265 534 3498 600 videris,
3534 551 3668 591 me-

393 620 486 689 qui
532 618 690 673 nullis
720 625 906 672 contra
934 631 992 671 se
1021 615 1260 686 superari
1310 613 1598 669 virtutibus
1645 621 1838 683 potest,
1868 626 1967 680 pu-
2067 632 2191 672 cum
2223 619 2355 683 Deo,
2380 620 2472 688 qui
2500 620 2733 685 donavit,
2784 620 2985 694 gratias
3021 637 3168 692 agas,
3214 639 3667 696 cognoscam,

392 709 590 765 blicani
614 706 864 779 precibus
906 706 1157 760 vincitur.
1191 704 1387 758 Ninivc
1403 702 1594 758 civitas
1621 702 1833 757 ﬂemus
1858 704 1969 755 ate-
2068 704 2191 775 quia
2226 700 2378 776 "apud
2409 708 2660 778 antiquos
2701 720 2812 764 tam
2841 718 2995 779 turpe
3040 719 3159 765 erat
3188 712 3440 782 ignorare
3466 718 3667 771 inusi-

396 800 479 854 tit.
504 798 772 861 Christus,
802 796 1043 866 inquam,
1066 794 1345 865 prodigum
1388 791 1565 847 lilium
1608 797 1969 849 revertentem
2066 810 2189 850 eam
2216 794 2629 864 quant-lituras.
2656 795 2866 852 Etenim
2894 788 2957 852 et
2974 798 3087 868 ipse
3111 801 3337 855 mundus
3364 812 3420 856 ei
3443 804 3666 858 οωιυω

393 892 549 947 Iactus
590 888 947 960 amplectitur.
975 885 1170 941 Paulus
1220 901 1286 940 ex
1314 894 1661 955 persecutore
1694 881 1755 935 Iit
1802 878 1974 935 maxi—

395 967 515 1037 mus
530 980 866 1051 prmdicator.
893 977 1110 1031 Petrum
1135 985 1216 1029 ter
1236 981 1515 1044 negantem
1536 986 1722 1026 amare
1744 969 1797 1025 in
1813 983 1971 1024 suum

394 1069 571 1126 locum
603 1071 853 1140 Iacryma:
898 1068 1199 1123 restituere.
1237 1066 1335 1120 Cui
1366 1065 1485 1135 plus
1511 1063 1818 1127 dimittitur,
1853 1060 1972 1131 plus

404 1172 569 1218 amat.
595 1162 672 1219 De
702 1169 813 1215 toto
836 1173 995 1229 grege
1018 1158 1225 1223 siletur,
1249 1165 1304 1211 et
1324 1157 1394 1211 ob
1413 1155 1570 1210 unius
1598 1151 1855 1209 morbida:
1881 1164 1973 1220 pc-

401 1252 555 1306 cudis
585 1250 777 1304 anima:
812 1248 993 1318 angeli
1039 1247 1289 1301 Imtantur
1325 1244 1379 1300 in
1414 1245 1570 1299 cmlo.
1604 1241 1756 1310 Quod
1799 1241 1845 1296 si
1886 1237 1972 1295 cui

302 1398 319 1409 ,
397 1343 608 1398 videtur
639 1341 939 1411 indignum,
968 1340 1151 1394 audiat
1196 1354 1224 1392 a
1257 1338 1505 1402 Domino,
1545 1334 1754 1399 Amice.
1799 1332 1845 1388 si
1871 1344 1973 1401 ego

404 1438 600 1500 bonus,
631 1448 800 1505 quare
823 1431 1012 1488 oculus
1049 1440 1172 1485 tuus
1196 1429 1464 1500 nequam?
1501 1427 1632 1482 Vale
1673 1441 1822 1498 pars,
1865 1425 1974 1479 imo

400 1529 446 1583 si
497 1526 755 1596 dignaris,
789 1524 968 1578 unitas
1000 1523 1193 1577 animm
1241 1536 1395 1586 meae,
1422 1535 1685 1575 caecorum
1727 1516 1973 1580 baculus,

399 1616 754 1673 esurientium
783 1613 954 1677 cibus,
1001 1626 1123 1682 spes
1158 1611 1497 1674 miserorum,
1529 1608 1765 1664 solamen
1793 1607 1977 1675 lugen-

400 1711 557 1772 tium,
587 1708 750 1762 decus
787 1704 1057 1769 Eoclesite,
1086 1703 1175 1757 lux
1206 1700 1411 1765 mundi,
1442 1708 1497 1756 et
1549 1697 1657 1753 noli
1703 1695 1977 1765 despicere
2005 1686 2054 1745 Β

401 1800 637 1855 animam
671 1794 941 1860 conservi,
964 1808 1061 1863 pro
1085 1807 1190 1862 qua
1213 1788 1456 1846 Christus
1482 1797 1565 1843 est
1601 1795 1866 1842 mortuus.

564 1900 594 1950 ἒ
911 1904 1140 1975 Explicit
1162 1902 1404 1973 prmfatio
1417 1942 1428 1954 .
1458 1942 1471 1954 κ

656 2035 925 2076 ικειῐδιυκτ
947 2032 1210 2072 CAPI'I‘ULA
1242 2030 1481 2070 ΡΒΑΞΡΑἸΊ
1517 2027 1721 2081 01⁵8818.

401 2119 444 2173 1.
480 2119 554 2173 De
581 2113 738 2169 laude
766 2112 986 2168 musica:
1017 2108 1332 2180 disciplinae.

404 2183 468 2245 ll.
498 2187 575 2242 De
621 2185 835 2240 nomine
857 2189 912 2236 et
938 2174 1309 2236 inventoribus
1344 2176 1478 2247 ejus,
1507 2182 1562 2231 et
1587 2174 1855 2247 quomodo
1884 2182 1981 2228 nu-

478 2270 748 2312 merorum
775 2252 962 2308 formae
985 2252 1214 2306 inventa:
1240 2248 1459 2304 fuerint.

405 2329 490 2383 Ill.
520 2326 673 2393 Quod
695 2324 914 2377 musicae
947 2322 1052 2375 tria
1077 2321 1185 2375 sint
1209 2334 1426 2393 genera.

406 2398 496 2454 IV.
526 2390 679 2464 Quod
709 2393 905 2448 habeat
932 2393 1164 2464 humana
1192 2390 1395 2445 musica
1422 2397 1621 2458 partes.

409 2469 475 2523 ν.
507 2460 584 2521 De
608 2478 802 2519 vocum
826 2460 1157 2518 nominibus.

408 2539 497 2595 VI.
527 2536 681 2604 Quod
710 2533 907 2588 habeat
926 2530 1133 2586 musica
1156 2545 1279 2585 cum
1301 2542 1525 2583 numero
1545 2525 1835 2581 maximam
1854 2536 1980 2577 con-

480 2606 740 2664 cordiam.

406 2677 521 2734 VII.
553 2676 693 2745 Quid
729 2674 799 2729 sit
818 2672 961 2727 inter
981 2670 1242 2727 musicum
1266 2676 1321 2724 et
1343 2676 1641 2725 cautorem.

407 2749 541 2804 VIII.
570 2749 647 2802 De
675 2745 815 2801 tonis
841 2750 984 2797 octo.

408 2819 499 2876 IX.
523 2819 652 2887 Qum
676 2815 805 2887 ipsis
830 2812 1195 2887 inscribantur
1216 2809 1377 2866 tonis.

413 2890 477 2944 Χ.
515 2883 591 2944 De
622 2883 843 2941 autentu
860 2883 1029 2954 proli.

414 2960 499 3014 .\'l.
527 2962 603 3015 De
631 2956 804 3027 plagis
834 2952 995 3027 preti.

412 3029 523 3084 XII.
554 3023 880 3081 De'au'tent‘u
908 3023 1134 3076 deuteri.

411 3098 545 3154 XIII.
576 3096 653 3148 De
679 3093 850 3164 plagis
872 3091 1099 3164 deuteri.

410 3166 551 3222 XIV.
577 3165 653 3217 De
672 3159 892 3217 {intentu
922 3159 1056 3212 triti.

416 3238 528 3291 KV.
555 3235 630 3287 De
657 3231 826 3301 plagis
849 3228 981 3283 triti.

413 3305 553 3362 XVI.
580 3298 899 3357 De'autentu
922 3298 1165 3352 tetrardi.

414 3374 575 3431 XVII.
609 3373 684 3428 De
708 3370 877 3442 plagis
907 3367 1152 3442 tetrardi.

416 3444 598 3500 XVIII.
630 3439 1059 3507 DeiiteroIOgium
1083 3446 1351 3493 tonorum.

416 3513 777 3571 XIX.Norma
828 3501 1059 3579 qualiter
1110 3501 1725 3579 vcrsnuni‘spissitudo,
1767 3502 1989 3579 raritas,

487 3582 779 3654 spissitudo
803 3574 1246 3650 profunditasquc
1274 3574 1609 3632 discernatur
1635 3574 1877 3627 omnium
1908 3583 1992 3626 to-

489 3671 590 3710 1101'
594 3670 681 3709 um
689 3692 702 3706 .

420 3726 537 3782 XX.
567 3723 717 3791 Quod
746 3721 814 3775 ab
861 3721 963 3775 hac
982 3717 1267 3791 disciplina
1298 3715 1593 3791 composita
1642 3719 1857 3791 exstant
1880 3725 1996 3766 nm-

489 3783 785 3856 dulamina,
814 3806 933 3859 qum
962 3788 1049 3843 diu
1078 3783 1348 3859 noctuque
1371 3783 1526 3857 juxta
1551 3783 1995 3859 constitutionem

490 3875 703 3938 patrum
723 3851 1140 3932 praecedentium
1162 3851 1529 3927 praicinuntur
1551 3854 1605 3908 in
1641 3851 1889 3908 ecclesia.

802 3963 929 4020 Post
959 3973 1111 4035 caput
1134 3962 1333 4017 201mm
1358 3960 1617 4031 leguntur.

493 4081 789 4153 Explicitus
816 4079 952 4134 liber
981 4077 1044 4131 de
1075 4074 1364 4145 Disciplina
1395 4075 1609 4128 musica:
1653 4072 1800 4135 artis,
1827 4071 2003 4126 editus

424 4189 524 4248 pro
551 4181 710 4241 captu
732 4184 872 4234 meo,
901 4183 1060 4237 quem
1104 4174 1295 4236 rogatu
1340 4164 1589 4229 fratrum,
1622 4163 2001 4231 undecunque,

427 4263 644 4321 Christo
686 4258 1002 4329 opitulante,
1048 4257 1258 4328 collegi,
1309 4264 1366 4311 et
1413 4256 1572 4310 unius
1607 4252 1768 4308 libelli
1818 4262 2005 4308 tenore

428 4353 657 4412 strictim
711 4348 986 4412 conclusi,
1043 4362 1310 4418 quemque
1371 4344 1794 4416 percurrendum
1843 4351 2004 4412 atque

432 4440 845 4501 examinandum
874 4438 1070 4493 domno
1112 4447 1167 4492 et
1204 4437 1384 4491 abbati
1419 4450 1539 4490 meo
1568 4433 2002 4490 reverentissimo

431 4533 703 4592 Bernardo
745 4541 794 4596 α,
840 4528 1019 4583 futuro
1061 4542 1191 4582 vero
1219 4527 1626 4596 archiepiscopo
1672 4525 1861 4591 obtuli,
1910 4525 2003 4579 de-

433 4640 641 4699 precor,
663 4638 778 4687 oro,
821 4620 1066 4680 obsecro,
1092 4627 1152 4673 ut
1189 4619 1234 4672 si
1257 4617 1409 4687 quid,
1449 4632 1482 4672 ο
1508 4618 1744 4686 prudens
1789 4624 2000 4691 cantor,

503 4751 531 4779 ι
552 4738 612 4793 In
635 4733 804 4791 veteri
824 4731 1073 4803 catalogo
1113 4731 1364 4803 abbatum
1397 4730 1714 4803 licomcnsis
1740 4740 2008 4803 monaste—

437 4809 527 4875 rii,
557 4823 716 4878 quem
748 4802 914 4878 refert
956 4800 1147 4878 Petrus
1172 4802 1441 4878 _I_{overu_s-
1485 4801 1536 4854 in
1568 4800 2005 4878 Ilistoricaejus-

437 4869 853 4950 dem-ascetcrii,
884 4873 1147 4950 reperitur
1172 4870 1481 4950 Bernardus
1507 4869 1790 4950 episcopus
1826 4869 2008 4950 Augu-

439 4947 796 5009 stodunensis,
819 4944 911 5013 qui
937 4939 1329 5013 Reomensihus
1344 4939 1621 5013 praefuisse
1648 4939 2007 5013 diciturcijca

440 5034 638 5074 annum
663 5008 789 5073 846.
811 5008 988 5087 Sedet
1012 5013 1066 5067 in
1096 5008 1372 5087 privilegio
1399 5008 1648 5067 Heretico
1672 5009 1852 5087 abbati
1879 5008 2010 5087 Cor-

440 5088 684 5144 bionensi
705 5101 848 5150 anno
873 5083 977 5139 845
1022 5080 1378 5138 concesso'iu
1423 5090 1688 5150 conventu
1714 5080 2011 5150 Gel-minia-

440 5160 589 5227 censi
633 5148 951 5225 subscripsit
978 5151 1281 5227 Bernartius
1327 5148 1564 5227 abbasAS.
1605 5149 1830 5227 Joannis
1865 5149 2009 5227 Reos

444 5221 661 5286 mensis.
694 5221 1017 5295 Atepisc0pi
1048 5237 1241 5277 nomen
1266 5237 1386 5295 non
1423 5221 1607 5295 refert,
1644 5223 1736 5295 sed
1759 5236 1933 5295 neque
1955 5221 2011 5274 in

444 5292 831 5369 vulgata_serie'
853 5292 1224 5369 episcoporum
1248 5292 2011 5369 Augus_toduncusium_lccum

446 5360 625 5423 habet.
653 5360 903 5421 Rovcrus
934 5360 1180 5419 eumdem
1208 5360 1636 5418 esse'cxistimat
1662 5377 1785 5417 cum
1812 5360 2009 5427 Berno,

446 5439 533 5493 cui
578 5434 1022 5492 Carolus-Calvus
1058 5433 1426 5504 episcopatum
1470 5432 2013 5504 Augustodunenscm

448 5508 614 5571 dedit,
638 5509 690 5562 in
712 5501 1111 5627 cujusﬁratiani
1131 5501 1357 5557 Gueuilo
1386 5501 1820 5571 archiepiscopus
1847 5501 2016 5556 Seno—

450 5577 631 5627 nensis
656 5576 842 5627 scribit
920 5573 1117 5627 moloni
1148 5571 1487 5627 Luadunensi
1519 5573 1768 5627 antistiti.
1806 5586 1864 5626 ut
1892 5588 2014 5626 eum

450 5577 631 5629 nensis
656 5571 842 5629 scribit
870 5571 1117 5627 Amoloni
1148 5571 1487 5640 Lugdunensi
1519 5573 1768 5635 antistiti,
1806 5586 1864 5626 ut
1892 5588 2014 5626 eum

453 5645 736 5712 episcopali
765 5644 1072 5698 charactere
1094 5657 1189 5710 pro
1218 5638 1318 5697 hac
1341 5638 1471 5698 Sede
1500 5644 1799 5712 insignirct.
1830 5646 2015 5699 Exstat

2069 899 2229 955 supra
2261 900 2377 950 nos,
2416 883 2568 952 juxta
2602 885 3040 956 philosophorum
3081 889 3293 959 dogma,
3336 902 3572 962 gestare
3609 895 3666 948 in

2070 984 2242 1030 semet
2267 976 2525 1032 dicuntur
2548 978 2841 1033 harmonia:
2865 980 3235 1036 sonoritatem.
3266 982 3469 1038 Musica
3504 986 3666 1040 enim

2072 1067 2348 1121 hominum
2381 1077 2557 1123 movet
2585 1063 2825 1133 affectus,
2857 1069 2911 1123 in
2936 1070 3206 1126 diversum
3250 1073 3495 1129 habitum
3528 1090 3663 1145 pro-

2072 1169 2223 1213 vocat
2257 1174 2496 1213 scnsum.
2530 1158 2587 1212 In
2613 1157 2753 1214 bello
2775 1174 2987 1228 quoque
3014 1163 3363 1231 pugnantium
3392 1166 3551 1219 vires
3577 1181 3664 1220 re-

2072 1248 2206 1311 iicit,
2238 1258 2292 1303 et
2337 1258 2540 1318 quanto
2585 1249 2952 1305 vehementior
2997 1246 3161 1307 fuerit
3210 1254 3349 1309 iubar
3400 1255 3661 1327 danger,

2075 1348 2227 1394 tanto
2251 1341 2465 1395 animus
2499 1340 2566 1395 ad
2611 1349 2884 1397 certamen
2929 1340 3157 1397 edicitur
3195 1344 3404 1401 fortior.
3435 1347 3663 1402 Bestius

2072 1444 2312 1500 quoque,
2337 1438 2631 1499 serpentes,
2678 1429 2927 1485 volucres
2958 1446 3024 1486 ac
3050 1430 3326 1502 delphines
3353 1430 3453 1489 ‘ad
3500 1437 3666 1490 audio

2075 1534 2190 1578 tum
2216 1532 2490 1593 prevocat,
2523 1522 2658 1579 sicut
2684 1532 2740 1578 et
2758 1520 2927 1592 Supra
2953 1524 3009 1578 in
3048 1524 3207 1580 laude
3242 1527 3463 1582 musice
3482 1527 3664 1584 disci-

2075 1614 2254 1684 plinae,
2282 1621 2443 1683 prout
2460 1613 2749 1682 potuimus,
2774 1614 3027 1669 diximus.
3059 1613 3128 1669 Et
3169 1616 3297 1685 quid
3324 1616 3514 1686 plura?
3543 1633 3667 1672 mu-
3728 1612 3733 1615 ⁷

2079 1704 2190 1758 sica
2234 1718 2322 1757 ars
2367 1717 2554 1757 omnes
2612 1711 2898 1772 exsuperat
2944 1711 3108 1757 artes.
3158 1701 3345 1774 Angeli
3394 1720 3663 1776 quoque,

2079 1798 2219 1868 quod
2247 1799 2354 1851 Deo
2374 1796 2558 1851 Iaudes
2583 1812 2733 1851 more
2752 1794 2975 1864 hujusce
3012 1796 3301 1866 disciplina:
3328 1798 3382 1851 in
3410 1790 3543 1852 arce
3573 1815 3665 1853 re-

2079 1889 2262 1945 ferunt
2300 1888 2509 1943 siderea
2543 1927 2558 1952 ,
2608 1886 2779 1941 lector
2815 1885 3136 1956 Apocalypsi
3180 1902 3446 1956 acutoque
3491 1888 3661 1943 dubi—

2081 1986 2175 2032 tet.
2199 1976 2463 2031 Caztemm
2486 1976 2627 2045 quod
2669 1975 2725 2028 in
2754 1975 2914 2029 terris
2948 1975 3255 2045 angelorum
3284 1991 3552 2031 resonare
3574 1993 3647 2032 an

2080 2067 2299 2122 diuntur
2329 2079 2487 2119 voces
2509 2063 2691 2118 multis
2729 2064 3082 2133 perdocemur
3102 2064 3379 2135 exemplis,
3402 2079 3435 2120 e
3462 2066 3661 2135 quibus
3730 2046 3735 2075 ³

2079 2159 2187 2213 duo
2237 2157 2325 2212 hic
2375 2155 2677 2210 ostendam.
2714 2153 2969 2209 Veterum
3016 2155 3204 2226 pandit
3251 2157 3546 2218 memoria,
3601 2158 3663 2212 ni

2074 2249 2257 2314 fallor,
2289 2248 2611 2303 monachum
2641 2247 2929 2315 quemdam
2955 2262 3022 2303 ex
3044 2249 3376 2303 monasterio
3393 2245 3662 2305 5.,me-

2080 2342 2156 2395 ris
2204 2340 2252 2406 b,
2287 2340 2430 2410 quod
2466 2346 2550 2393 est
2602 2339 2757 2408 juxta
2810 2336 3303 2394 Cinnomannorum
3354 2339 3651 2405 civitatem,

2078 2430 2248 2502 gratia
2280 2429 2542 2486 orationis
2577 2429 2644 2484 ad
2671 2426 2946 2484 basilicam
2984 2427 3044 2482 S.
3093 2429 3392 2500 archangeli
3418 2428 3651 2484 Michae~

2068 2521 2144 2577 'Iis
2190 2520 2499 2591 pervenisse
2544 2521 2596 2574 in
2641 2528 2821 2574 monte
2862 2517 3133 2590 Gargano,
3172 2530 3481 2588 noctemque
3522 2529 3660 2577 ante

2079 2613 2227 2669 fores
2269 2613 2510 2669 ecclesia:
2562 2612 2874 2682 pervigilem
2915 2611 3142 2676 ducens,
3186 2611 3387 2667 aud'wit
3425 2612 3660 2667 chorum

2085 2703 2395 2774 angelorum
2423 2701 2758 2757 cantantium
2797 2700 3202 2771 responsorium
3231 2703 3373 2771 quod
3394 2701 3447 2754 in
3474 2700 3661 2756 natale

2081 2792 2447 2864 apostolorum
2478 2792 2711 2856 canitur,
2741 2790 2989 2846 videlicet
3016 2808 3031 2844 :
3058 2790 3112 2858 ἢ.
3139 2788 3286 2845 Cives
3308 2789 3661 2860 apostolorum

2078 2897 2127 2942 et
2166 2884 2432 2940 domestici
2474 2882 2572 2937 Dei
2615 2881 2930 2936 adveneram
2977 2881 3150 2943 hodie,
3199 2889 3305 2935 etc.
3346 2883 3403 2951 7.
3441 2881 3661 2958 Emitte,

2085 2978 2324 3041 Domine,
2351 2974 2614 3046 spiritum.
2637 2973 2739 3041 Qui
2766 2973 2993 3029 Romam
3017 2974 3260 3037 veniens,
3290 2974 3469 3028 retulit
3498 2983 3666 3044 atque

2088 3066 2626 3125 Romanae‘Ecclesia:
2677 3064 2891 3120 clericis
2932 3063 3071 3118 sicut
3110 3064 3353 3118 audierat
3387 3066 3669 3120 memoria:

2088 3159 2435 3224 contradidit,
2469 3164 2846 3226 mutantesque
2874 3169 3113 3219 versum,
3148 3153 3347 3209 scilicet
3366 3154 3421 3223 Ῡ.
3444 3153 3515 3208 In
3547 3172 3672 3209 om—

2088 3264 2205 3302 nem
2242 3258 2435 3301 terram
2462 3247 2619 3301 exivit
2642 3261 2799 3300 sonus
2823 3259 3030 3309 eorum,
3059 3257 3156 3297 non
3193 3243 3365 3296 solum
3392 3243 3459 3296 ab
3496 3242 3670 3312 ipsis,

2089 3340 2185 3395 sed
2211 3340 2374 3393 etiam
2397 3339 2466 3394 ab
2490 3338 2635 3393 omni
2659 3343 2911 3391 cantatur
2936 3333 3193 3389 Ecclesia.
3211 3332 3273 3388 In
3293 3328 3513 3389 civitate
3540 3349 3675 3405 qua:

2090 3429 2572 3485 Antissioderensis
2617 3434 2859 3488 vocatur,
2914 3423 3094 3479 ferunt
3140 3423 3306 3479 fuisse
3353 3423 3668 3494 religiosum

2091 3520 2485 3593 presbyterum,
2516 3519 2606 3588 qui
2658 3519 2800 3573 inter
2824 3524 3018 3571 caetera
3064 3514 3330 3586 religionis
3353 3521 3660 3582 augmenta,

2095 3612 2197 3665 hoc
2225 3609 2327 3664 sibi
2373 3607 2657 3669 asciverat,
2689 3616 2748 3661 ut
2790 3604 3024 3660 basilicae
3070 3605 3223 3677 signo
3248 3603 3484 3675 pulsante
3511 3601 3665 3659 illico

2096 3710 2420 3772 assurgeret,
2444 3699 2818 3769 extemploque
2845 3694 3127 3754 eccr‘e5iam
3156 3704 3497 3767 pnepararet.
3524 3695 3664 3752 Dum

2098 3793 2181 3848 his
2208 3801 2264 3846 et
2282 3788 2585 3859 hujusmodi
2608 3789 2823 3844 ﬂoreret
2845 3788 3074 3852 actibus,
3108 3787 3338 3855 quadam
3370 3793 3521 3840 nocte
3544 3799 3666 3838 mm

2100 3902 2128 3939 a
2176 3884 2392 3954 propria
2436 3882 2784 3953 egrederetur
2820 3880 3000 3945 domo,
3046 3895 3166 3949 quze
3205 3878 3397 3948 parieti
3436 3877 3671 3932 merebat

2101 3978 2335 4035 basilica:
2377 3978 2430 4032 in
2458 3978 2716 4032 honorem
2762 3973 2819 4030 S.
2842 3972 3033 4028 Albani
3060 3972 3340 4044 martyris,
3365 3970 3673 4042 angelon

2103 4069 2306 4124 audivit
2352 4068 2576 4124 chorum
2629 4080 2863 4121 consona
2914 4077 3111 4118 canere
3153 4078 3287 4117 voce
3314 4061 3521 4116 alleluia
3548 4074 3670 4114 cum

2102 4157 2310 4227 psalmo
2335 4171 2535 4212 cxmn
2560 4166 2583 4194 ο
2612 4167 2784 4224 usque
2806 4154 2873 4208 ad
2903 4151 3060 4206 linem
3082 4151 3346 4223 psalterii,
3372 4152 3459 4221 qui
3483 4150 3679 4204 altoni-

2104 4249 2175 4305 tis
2209 4249 2426 4303 auribus
2450 4247 2516 4301 ad
2539 4246 2733 4301 ostium
2761 4245 2928 4314 ipsius
2953 4243 3177 4298 oratorii
3207 4242 3516 4297 ol;scultans
3541 4240 3678 4295 didi-

2107 4339 2181 4395 cit
2201 4355 2341 4395 eam.
2364 4338 2493 4392 Erat
2520 4344 2698 4392 autem
2721 4333 2883 4408 [mos]
2907 4334 3119 4389 alleluia
3145 4349 3272 4388 cum
3299 4332 3562 4403 superiori
3588 4347 3678 4387 ca-

2106 4445 2235 4486 nere
2254 4428 2672 4500 psalmo-diebus
2703 4436 2911 4480 tantum
2938 4424 3247 4486 Dominicis,
3279 4438 3400 4493 qua:
3423 4422 3475 4477 in
3500 4422 3678 4491 primo

2104 4538 2262 4578 versu
2287 4520 2476 4585 semel,
2506 4521 2579 4577 in.
2611 4520 2846 4574 secundo
2873 4519 2977 4583 bis,
3009 4518 3062 4571 iu
3110 4516 3272 4571 tertio
3320 4515 3491 4570 tribus
3538 4514 3683 4569 reci-

2105 4622 2361 4685 procatur
2392 4611 2619 4676 vicibus,
2653 4620 2710 4667 et
2737 4611 2790 4666 in
2828 4612 2986 4667 tertio
3017 4611 3209 4664 iterum
3245 4624 3277 4663 a
3305 4608 3479 4679 capite
3528 4622 3685 4677 repe-

2106 4728 2223 4852 (θῦε
2282 4727 2398 4807 haec
2423 4723 2661 4806 epistola.
2697 4724 2838 4794 apud
2878 4721 3083 4792 Lupum
3133 4719 3561 4802 Ferrariensem,
3592 4721 3681 4776 8|.

2156 4812 2307 4852 erum
2335 4797 2422 4849 Inc
2449 4809 2554 4849 non
2581 4807 2881 4852 episcopus,
2935 4793 3027 4847 sed
3064 4789 3276 4845 futurus
3324 4792 3681 4852 archiepisco-

2156 4812 2307 4852 erum
2335 4796 2422 4849 hic
2449 4789 2554 4849 non
2581 4789 2881 4864 episcopus,
2935 4789 3027 4864 sed
3064 4789 3276 4864 futurus
3324 4791 3684 4864 archiepisco-

2110 4882 2211 4938 pus
2236 4866 2461 4938 dicitur;
2495 4860 2647 4933 cujus
2676 4860 2853 4938 autem
2887 4862 3214 4938 sedisplane
3239 4860 3540 4938 ignoratur.
3564 4860 3685 4938 Fuit

2113 4931 2325 5006 quidem
2350 4931 2656 4990 Bemardus
2706 4932 3077 5004 Lugdunensis
3103 4932 3564 5002 archiepiscopus,
3592 4931 3690 4985 sed

2113 5007 2270 5059 paulo
2293 5005 2485 5059 serius.
3306 5010 3313 5017 ’

2112 5021 2503 5131 Ρῧῗιῗάεὲξὶυέ.
2530 5073 2759 5129 Victurii
2780 5074 3014 5142 episcopi
3060 5071 3504 5135 Cenomanensis,
3538 5071 3709 5140 cujus

2117 5147 2334 5202 nomine
2354 5146 2601 5201 exstabat
2620 5143 2759 5207 olim.
2774 5145 2915 5212 apud
2937 5143 3272 5200 Cenomanos
3302 5143 3695 5212 monasterium

2118 5233 2283 5287 prope
2308 5215 2538 5287 ﬂuvium
2571 5214 2764 5279 Sartze,
2803 5210 2871 5268 de
2898 5232 3005 5285 quo
3034 5215 3087 5269 in
3114 5210 3376 5287 GestisgS.
3420 5211 3690 5287 Quirinali,

2116 5280 2247 5371 tam.
2282 5285 2344 5341 Ill
2381 5285 2756 5371 Attale-uterum
2798 5295 2854 5339 ct
2893 5280 2947 5339 in
2989 5293 3263 5356 praecepto
3289 5280 3469 5338 Caroli
3493 5282 3692 5351 Magni,

2116 5358 2335 5423 ibidem,
2363 5373 2416 5426 p.
2439 5356 2564 5410 264.

2189 5440 2209 5466 ε
2231 5428 2329 5481 Hic
2342 5430 2479 5482 ritus
2489 5424 2715 5480 canendi
2730 5422 2941 5478 alleluth
2955 5425 3019 5478 ad
3035 5423 3273 5493 singulos
3283 5419 3472 5492 psalmi
3485 5435 3691 5493 csum

2116 5515 2327 5562 versus,
2360 5497 2519 5552 modo
2548 5496 2635 5549 hic
2678 5496 3014 5565 praescripto,
3036 5490 3143 5563 qui
3172 5490 3301 5547 oliui
3348 5494 3399 5546 in
3443 5492 3697 5546 omnibus

2120 5570 2413 5646 hominicis
2435 5578 2553 5646 erat
2592 5568 2664 5646 in.
2687 5582 2807 5646 usu,
2837 5575 2896 5646 ut
2914 5583 2978 5620 ex
3026 5565 3273 5645 hoeloco
3296 5573 3465 5633 patet,
3508 5573 3692 5631 postea

2116 5636 2365 5713 paqnius
2392 5640 2488 5694 fuit
2516 5638 2807 5693 hominist».
2830 5636 3269 5707 Scptuagcsitum.
