2073 3161
188 218 1806 244 W

831 328 917 353 ANNO
939 330 1052 353 DOMINI
1074 331 1176 354 DCCCC.

659 447 1327 598 JOSEPPUS

843 734 1147 793 NOTITIA

645 870 805 903 (Bibliotheca
815 870 982 901 Gntlandiam‘z,
998 871 1130 900 tom.XlV,
1147 870 1245 902 Proleg.
1262 877 1286 901 p.
1304 870 1350 902 ut.)

221 1059 241 1086 l.
253 1057 310 1086 Nec
325 1057 390 1093 quis
403 1057 495 1090 fuerit,
512 1065 562 1085 nec
576 1066 631 1093 quo
646 1059 706 1086 loco
715 1059 756 1086 vel
770 1064 892 1093 tempore
904 1059 1003 1087 vixerit
1015 1058 1162 1092 Joseppus,
1175 1058 1232 1085 sive
1243 1057 1390 1092 Josephus,
1407 1057 1468 1084 libri
1483 1056 1681 1093 hypomnestici
1702 1060 1810 1090 auctor,

185 1103 317 1130 convenit.
333 1102 406 1129 inter
420 1102 570 1137 scriptores
587 1111 594 1130 :
611 1107 641 1129 ut
653 1102 722 1129 nihil
736 1103 825 1130 dicam
838 1103 871 1131 de
885 1102 974 1130 ϐεινωί
987 1103 1133 1134 sententia,
1149 1102 1334 1129 existimantis
1350 1109 1383 1129 ex
1395 1102 1476 1129 titulo
1488 1102 1588 1136 capitis
1598 1102 1680 1137 primi
1692 1101 1811 1129 fortasse

186 1147 221 1173 ad
241 1146 394 1181 marginem
416 1146 544 1181 ascripti,
563 1153 617 1180 quo
635 1145 769 1181 Iosephus
785 1147 916 1175 llebrteus
938 1147 1011 1175 illius
1024 1146 1179 1181 argumenti
1192 1150 1323 1173 tractator
1342 1145 1526 1177 indicabatur,
1541 1144 1642 1172 factum
1659 1144 1745 1172 fuisse
1760 1145 1810 1172 ho-

186 1189 254 1215 mini
269 1188 380 1223 Josephi
400 1197 511 1221 nomen,
537 1190 581 1216 cui
595 1194 687 1224 postea
704 1190 736 1217 ad
758 1191 904 1218 discritnen
921 1190 1006 1218 .ludzci
1029 1191 1175 1218 adhaaserit
1191 1191 1340 1218 Christiani
1360 1190 1516 1225 appellatio.
1541 1189 1684 1216 Fabricius
1704 1190 1740 1224 (ιι)
1758 1197 1810 1217 non

185 1238 245 1259 ante
263 1232 354 1259 seculi
374 1240 401 1260 xt
418 1233 520 1259 exitum
534 1233 635 1261 vixisse
663 1234 830 1268 suspicatur,
845 1243 877 1262 ex
897 1242 958 1270 cap.
975 1234 1037 1265 156,
1055 1235 1081 1261 in
1098 1243 1152 1269 quo
1169 1233 1330 1269 Hippolytus
1347 1232 1496 1263 Thebanus
1510 1233 1631 1260 all'ertur.
1645 1233 1759 1260 Cavaaus
1772 1232 1809 1267 (b)

186 1276 269 1304 refert
282 1277 315 1304 ad
329 1285 432 1304 annum
450 1277 554 1305 Christi
570 1278 634 1305 420.
654 1278 816 1306 Gallantlius
830 1284 922 1306 noster
939 1280 967 1306 in
987 1279 1044 1306 stris
1059 1278 1225 1305 adversariis
1244 1277 1416 1312 consignavit
1434 1276 1467 1303 ad
1484 1283 1585 1303 annum
1607 1276 1709 1304 Christi
1728 1276 1808 1303 I000.

187 1319 224 1346 Ex
237 1320 355 1348 Fabricii
375 1321 534 1356 praefatione
547 1328 655 1350 constat
672 1322 808 1350 Oudinutn
824 1322 980 1351 conludisse
994 1330 1134 1358 perperam
1147 1321 1295 1356 Josephum
1317 1325 1440 1349 nostrum
1465 1328 1528 1349 cum
1543 1320 1690 1355 Gorjoaide
1704 1329 1711 1347 :
1726 1320 1807 1347 Lam—

186 1364 291 1391 becium
314 1365 379 1392 item
402 1365 470 1398 l'alli,
492 1367 540 1400 qui
563 1367 597 1394 ad
619 1366 768 1402 Josephum
791 1366 913 1394 Flavium
935 1366 1072 1402 pertinere
1093 1370 1180 1400 putat.
1201 1365 1327 1397 Cavzeus,
1351 1365 1410 1392 loco
1430 1365 1485 1400 jam
1508 1364 1639 1396 excitato,
1663 1364 1810 1399 aliquando

185 1408 312 1434 eumdem
325 1415 387 1435 cum
408 1408 527 1444 Josepho
541 1409 703 1443 Tiberiensi,
720 1411 753 1438 ab
770 1411 923 1446 Epiphanio
936 1414 1087 1437 memorato
1103 1410 1150 1444 (c).
1175 1409 1251 1436 illum
1272 1417 1302 1436 se
1321 1408 1419 1436 fecisse
1437 1409 1594 1436 conﬁtetur.
1611 1408 1699 1436 Tanta
1717 1408 1810 1434 erudi-

186 1455 276 1478 torum
293 1452 406 1480 dissidia
427 1454 506 1482 nobis
523 1461 632 1489 quoque
651 1455 684 1482 de
700 1455 825 1487 veritate,
843 1455 865 1482 si
896 1455 954 1481 ﬁeri
972 1458 1072 1488 potest,
1100 1453 1259 1488 inquirendi
1275 1453 1431 1480 facultatem
1450 1452 1583 1488 praebent.
1599 1451 1639 1479 Ex
1656 1452 1716 1487 ipso
1727 1451 1810 1487 igitur

183 1493 305 1530 Josepho
316 1504 373 1524 rem
387 1497 537 1525 extundere
553 1498 684 1531 nitamur,
700 1503 729 1526 ut
741 1498 848 1533 aliquid
865 1499 961 1526 saltem
977 1497 1152 1533 plausibilius
1166 1497 1257 1524 dicere
1272 1504 1417 1532 queamus.

221 1550 255 1577 ll.
271 1551 373 1578 Auctor
389 1552 481 1587 itaque
501 1557 594 1580 noster
615 1553 704 1588 capite
724 1553 816 1581 statim
839 1554 928 1588 primo
947 1553 999 1581 sub
1018 1561 1095 1580 num.
1112 1553 1155 1586 15,
1180 1552 1286 1583 scribit,
1302 1552 1336 1578 de
1350 1550 1451 1584 Phaleg
1473 1552 1588 1585 loquens
1606 1559 1612 1577 :
1637 1550 1810 1585 Πληροῦνται

186 1594 231 1619 ἐπ’
246 1594 327 1620 αὑτὸν
340 1595 395 1621 ἀπὸ
413 1595 501 1631 Ἀδὰμ
512 1596 560 1631 ἔτη
573 1604 608 1632 χ’
623 1596 692 1623 ὥστε
708 1594 777 1623 εἶναι
791 1596 822 1623 τὸ
836 1597 923 1632 ἥμισυ
940 1595 987 1623 τοῦ
1003 1598 1099 1632 χρόνου
1116 1597 1166 1632 τῆς
1181 1596 1324 1631 παρούσης
1335 1597 1364 1622 ὲν
1374 1595 1448 1628 ἐξάδι
1462 1595 1588 1630 χιλιάδων
1602 1596 1810 1627 καταστάσεως.

187 1636 397 1671 Compleitturin
414 1647 443 1665 eo
461 1639 494 1666 ab
513 1640 597 1667 Adam
619 1641 684 1667 anni
710 1641 790 1671 5000,
809 1641 883 1668 itaut
900 1641 980 1675 fuerit
1002 1641 1143 1667 dimidium
1162 1639 1284 1674 temporis
1301 1639 1437 1673 presenti:
1455 1639 1569 1673 computi
1584 1639 1611 1665 in
1627 1639 1732 1666 senario
1749 1639 1812 1666 mil-

189 1679 363 1708 lenan'ontm.
384 1682 528 1710 Scribebat
554 1683 636 1718 igitur
651 1683 788 1718 Iosephus
811 1683 883 1711 intra
904 1689 1010 1712 sextum
1032 1684 1122 1711 adhuc
1141 1683 1336 1716 millenat'ium,
1360 1687 1442 1717 atque
1461 1686 1492 1709 ut
1517 1690 1579 1709 cum
1606 1682 1723 1709 maxime
1737 1690 1810 1715 sero.

188 1725 284 1752 ultimo
308 1725 396 1759 ipsius
422 1728 492 1754 sexti
518 1727 662 1755 millenarii
682 1735 766 1755 anno.
788 1727 856 1755 Cum
883 1735 965 1762 porro
979 1727 1065 1755 Graeci
1088 1735 1121 1755 ex
1139 1735 1194 1754 tera
1210 1734 1259 1755 sua
1281 1726 1422 1763 historica,
1444 1726 1523 1761 cujus
1535 1731 1632 1754 auctor
1649 1726 1810 1761 Africanus.

187 1768 304 1796 natalem
319 1770 420 1797 Christi
433 1771 594 1805 consignent
606 1772 640 1799 ad
658 1779 759 1799 annum
777 1772 872 1799 mundi
895 1772 975 1804 5500,
993 1779 1109 1806 eamque
1127 1771 1262 1806 epocham
1284 1771 1412 1798 octennio
1427 1771 1549 1806 vulgaris
1566 1778 1639 1805 pone
1655 1776 1808 1806 sequatur;

187 1813 260 1840 unde
278 1821 297 1840 a
314 1814 387 1841 civili
406 1816 566 1842 eorumdem
582 1815 738 1844 Graecorum
757 1823 810 1843 tera
827 1816 899 1843 idem
921 1815 1021 1843 natalis
1038 1815 1141 1843 Christi
1165 1815 1224 1842 dies
1246 1815 1279 1842 ad
1299 1822 1401 1842 annum
1418 1814 1600 1849 consignatur
1618 1815 1713 1842 mundi
1729 1815 1811 1847 5508,

187 1857 371 1891 consequitur
385 1857 536 1893 Josephum
549 1859 693 1894 scripsisse
708 1859 740 1887 ad
755 1867 894 1887 summum
916 1867 989 1887 attno
1001 1859 1102 1887 Christi
1116 1859 1180 1892 492,
1198 1864 1246 1886 aut
1260 1859 1283 1886 si
1294 1859 1382 1886 mavis
1397 1859 1474 1893 sequi
1491 1858 1629 1886 Panodori
1642 1866 1724 1886 teram
1738 1858 1814 1886 Crte-

187 1907 283 1926 corum
303 1901 531 1934 ecclesiasticam,
551 1910 612 1937 quae
630 1908 724 1930 natttm
742 1904 844 1931 asserit
857 1903 997 1931 Christum
1020 1910 1093 1930 anno
1115 1904 1208 1931 mundi
1224 1903 1307 1937 5494,
1322 1904 1463 1938 scripserit
1483 1903 1620 1938 Josaphus
1635 1908 1727 1931 noster
1740 1911 1813 1931 anno

187 1951 247 1970 aer-te
261 1944 384 1978 vulgaris
397 1945 459 1977 507,
473 1946 546 1973 sicut
560 1953 611 1974 suo
624 1946 683 1974 loco
697 1947 730 1974 ad
743 1947 847 1974 calcem
861 1947 1064 1975 adnotavimus.
1080 1947 1115 1975 At
1127 1948 1201 1975 enim
1216 1954 1269 1974 non
1282 1947 1455 1982 cogimur,“
1469 1947 1550 1974 modo
1562 1947 1812 1981 loquendilossphi

188 1995 290 2014 annum
307 1989 422 2023 praecise
436 1990 628 2023 determinare,
647 1991 787 2026 tnultoque
803 1991 893 2018 minus
910 1999 1022 2019 neceSse
1035 1991 1168 2018 habemus
1181 1991 1257 2018 illum
1276 1990 1435 2018 existimare
1452 1995 1622 2025 postremum
1639 1989 1725 2017 luisse
1740 1990 1811 2017 sexti

188 2031 346 2060 millenarii.
363 2033 437 2061 Satis
449 2039 492 2061 est
507 2034 530 2061 si
547 2035 704 2062 necessario
720 2043 850 2069 cogamur
867 2039 977 2070 propter
993 2035 1023 2061 τὸ
1036 2035 1178 2070 παρούσης
1192 2042 1324 2067 asserere,
1344 2034 1419 2061 illum
1435 2041 1488 2062 non
1509 2035 1581 2061 ultra
1601 2038 1708 2062 sextum
1724 2034 1814 2061 mille-

188 2076 300 2102 narium
316 2078 472 2111 ponendum
495 2085 562 2106 esse.
583 2078 677 2106 Potest
690 2086 755 2113 ergo
775 2078 808 2105 ad
832 2079 969 2113 quitttttm,
990 2083 1119 2113 quartum
1141 2079 1286 2105 tertiumve
1305 2077 1436 2104 stcculum
1459 2077 1597 2111 pertinere
1622 2085 1628 2104 :
1650 2085 1705 2103 non
1722 2082 1812 2104 tamen

190 2118 309 2146 ulterius
327 2125 394 2147 aetas
416 2121 490 2148 illius
506 2121 615 2156 ﬁgenda
637 2126 688 2149 est.
704 2121 797 2150 Sensit
812 2122 894 2157 hujus
914 2123 969 2149 vim
991 2121 1144 2157 argumenti
1161 2120 1285 2152 Cavzelts,
1308 2121 1387 2156 cujus
1404 2120 1471 2147 alias
1490 2119 1534 2147 hic
1560 2121 1814 2148 animadversiones

187 2163 377 2195 suhjicicmus.

225 2223 271 2249 lll.
286 2222 414 2252 Ultimam
429 2233 511 2260 quam
525 2232 658 2254 memorat
671 2228 798 2255 haeresim
812 2228 959 2262 Iosephus,
977 2231 1019 2255 est
1039 2225 1357 2261 Anthropomorphitica.
1377 2224 1414 2251 Ea
1427 2232 1509 2259 porro
1526 2224 1608 2259 coepit
1623 2223 1696 2251 circa
1710 2230 1814 2250 annum

188 2266 290 2294 Christi
307 2267 368 2295 399.
391 2269 530 2297 Pertineat
542 2270 627 2305 igitur
645 2270 781 2306 Iosephus
796 2276 888 2299 noster
908 2271 960 2298 hoc
972 2271 1083 2306 quidem
1096 2275 1257 2304 argumento
1268 2270 1301 2297 ad
1314 2269 1391 2296 initia
1407 2269 1500 2296 saeculi
1521 2268 1624 2303 quinti.
1638 2267 1733 2295 Obviat
1751 2267 1815 2295 huic

188 2316 352 2345 argumento
363 2312 504 2341 Fabricius
514 2314 564 2349 (Δ),
575 2314 702 2350 inquiens
710 2316 832 2350 potuisse
839 2315 988 2350 Josephum
997 2322 1050 2342 non
1062 2314 1132 2341 ultra
1149 2313 1293 2341 haereticos
1308 2313 1494 2348 quartisaaculi
1503 2319 1657 2344 excurrere,
1671 2311 1743 2346 quod
1754 2311 1814 2346 Epi-

191 2355 323 2387 phanium
335 2356 370 2383 ob
379 2357 474 2384 oculos
486 2358 624 2385 habuerit.
642 2358 694 2385 Sed
709 2367 790 2394 quam
803 2359 896 2394 jejuna
911 2364 938 2386 et
956 2358 1053 2393 frigida
1071 2359 1128 2386 haec
1144 2358 1215 2385 ratio
1228 2358 1273 2391 sit,
1291 2364 1370 2384 nemo
1385 2364 1437 2384 non
1455 2357 1538 2384 sentit
1554 2356 1580 2383 in
1597 2356 1708 2384 ltotniue
1717 2357 1810 2384 saeculi

191 2395 225 2422 XI
238 2396 296 2430 jam
317 2400 496 2430 senescentis,
515 2401 593 2435 cujus
610 2401 765 2428 institutum
783 2401 819 2429 sit
842 2401 974 2432 libellum.
990 2402 1048 2430 sive
1069 2402 1286 2437 promptttarium
1303 2401 1338 2428 ad
1356 2401 1517 2428 memoriam
1539 2408 1630 2428 rerum
1656 2400 1815 2436 hujusmodi

187 2441 376 2469 conscribere.
398 2444 439 2469 An
456 2451 494 2470 xi.
510 2443 541 2470 C.
558 2443 699 2471 Fabricius
712 2444 894 2479 Epipliauium
910 2445 963 2472 sibi
982 2446 1017 2473 ob
1032 2447 1128 2474 oculos
1145 2447 1335 2482 proposuisset
1357 2445 1409 2472 hac
1422 2449 1511 2478 aetate,
1535 2445 1558 2472 si
1581 2445 1702 2472 laborem
1727 2445 1813 2472 illius~

194 2485 263 2511 tttudi
282 2485 632 2521 fuissctaggressus?Num
647 2489 728 2516 etiam
746 2493 826 2524 caput
845 2489 1037 2523 conclusisset,
1058 2495 1088 2517 ut
1106 2489 1243 2526 Iosephus
1260 2490 1334 2522 facit,
1352 2490 1496 2524 inquiens:
1516 2489 1564 2516 Hu'
1579 2493 1641 2516 sunt
1655 2497 1715 2524 ergo
1729 2489 1812 2514 lucre-

188 2535 232 2554 σεδ
247 2536 305 2563 quo:
321 2536 413 2556 contra
426 2536 547 2558 sanctum
564 2531 712 2559 Ecclesium
732 2537 797 2560 orta:
815 2534 898 2560 sunt?
915 2534 1037 2566 Accedit,
1053 2533 1125 2568 quod
1140 2533 1276 2568 Josephus
1291 2533 1360 2560 duas
1378 2537 1481 2560 tantum
1498 2537 1523 2560 et
1539 2533 1680 2567 sexaginta
1700 2533 1816 2558 lucrescs

184 2577 400 2606 commemorat,
424 2574 592 2609 Epiphanius
610 2583 675 2602 vero
689 2576 838 2611 octoginta.
859 2577 1029 2612 Epiphanius
1057 2577 1219 2604 Ancoratum
1254 2585 1346 2608 suum,
1362 2581 1390 2604 ut
1404 2582 1478 2605 notat
1491 2577 1548 2612 ipse
1560 2576 1710 2606 Fabricius,
1728 2574 1815 2608 scrip-

187 2617 266 2641 sitA.
278 2616 308 2642 C.
325 2617 390 2650 575,
411 2617 524 2652 ideoque
537 2627 604 2646 xxttt
619 2624 645 2647 et
665 2620 737 2654 quod
751 2621 883 2653 excurrit,
907 2629 995 2649 annos
1016 2626 1080 2649 ante
1094 2626 1170 2649 ortos
1189 2621 1484 2656 Anthropomorphitas
1505 2629 1538 2648 cx
1560 2619 1649 2647 Cavazi
1669 2617 1814 2645 sententia.

186 2658 249 2686 Non
265 2661 354 2695 potuit
365 2669 431 2697 ergo
448 2662 482 2689 ob
497 2663 592 2691 oculos
609 2664 709 2692 habere
720 2665 918 2700 Epiphaniam:
936 2673 987 2693 nec
1004 2666 1076 2693 ultra
1093 2672 1175 2700 qttam
1189 2664 1222 2691 ad
1239 2664 1346 2691 iuitiutn
1367 2663 1461 2692 smeuli
1475 2664 1564 2699 quinti
1580 2662 1726 2697 pertinere.

225 2761 266 2799 (ᾳ)
331 2761 363 2799 C.
382 2768 448 2789 tom.
465 2763 488 2790 Χ
505 2771 567 2798 pag.
584 2763 642 2792 l09.
657 2770 683 2792 ct
700 2765 726 2792 iu
742 2764 810 2793 Cod.
828 2765 925 2793 Pseud.

680 2787 683 2792 .
700 2765 726 2792 in
742 2764 810 2793 Cod.
828 2765 925 2793 Pseud.
1071 2764 1106 2799 (ιτ)
1121 2763 1271 2799 ῙΙςι-ΙἏΧΧΧ,
1289 2771 1365 2799 num.
1381 2764 1408 2795 4,
1424 2771 1498 2796 seqq.

222 2797 261 2830 (b)
281 2797 315 2823 11.
331 2797 363 2824 ι.
381 2806 442 2832 pug.
455 2799 517 2825 257.

1074 2797 1111 2834 ((1)
1130 2799 1160 2825 Β.
1180 2798 1212 2826 G.
1229 2804 1294 2826 tom.
1316 2798 1368 2832 Vll,
1382 2806 1442 2834 pag.
1458 2798 1518 2824 421.

352 2846 482 2875 l’nnuL.
502 2846 558 2876 [ἶκ.
577 2847 654 2877 CH.

1586 2843 1602 2874 1

970 3059 1222 3121 48648
