2073 3161
244 145 287 179 VII
969 149 1173 179 JOSEPPUS.
1852 148 1883 180 l2

267 205 331 234 "IV.
353 205 435 234 Addit
449 205 575 240 Caunus,
596 206 672 234 illum
700 206 826 242 nuspiam
840 206 1013 235 Nestoriana:
1029 208 1142 236 haeresis
1161 207 1327 235 mentionem
1340 206 1440 239 facere,
1456 214 1510 235 non
1526 206 1553 234 in
1565 207 1700 243 catalogo,
1723 215 1777 237 non
1803 206 1880 236 alibi.

251 250 317 284 Qum
329 257 391 277 cum
405 255 465 277 orta
481 250 516 278 sit
532 251 566 277 Λ.
586 250 617 277 C.
632 250 695 283 418,
709 251 749 278 vel
765 255 793 278 ut
806 251 896 278 serius
912 251 976 282 M9,
991 252 1115 287 cogimur
1131 251 1194 279 inde
1203 255 1312 279 aetatem
1324 250 1398 279 illius
1409 251 1507 278 iterum
1518 259 1573 279 non
1584 251 1654 279 ultra
1671 251 1747 279 initia
1764 253 1855 280 saeculi
1866 261 1881 280 v

249 294 407 321 detrudere.
428 294 558 328 Equidem
582 293 720 322 fatendum
738 295 764 321 in
781 295 834 321 line
853 302 914 329 cap.
934 295 984 323 I39
1003 296 1072 323 inter
1090 295 1235 323 haereticos
1247 295 1457 322 commemorari
1476 294 1672 327 Hominicolas,
1694 302 1747 329 quo
1770 296 1882 323 nomine

250 335 404 364 Nestoriani
420 337 524 364 censeri
540 342 665 372 possunt.
681 338 734 366 Sed
749 337 906 373 hujusmodi
923 339 1081 373 appellatio,
1096 340 1161 374 quia
1181 343 1315 374 quantum
1338 338 1452 366 memini
1475 338 1528 366 nisi
1552 338 1626 373 apud
1644 338 1778 372 quosdam
1797 339 1881 366 medii

250 381 298 407 aevi
314 381 462 416 scriptorcs
475 382 605 414 occurrit,
619 383 769 410 assumenti
785 383 929 418 cujusdam
946 390 996 411 nos
1008 383 1090 413 facile
1107 385 1133 411 in
1156 383 1341 419 suspicionem
1356 382 1491 410 adducere
1506 385 1606 417 potest.
1626 381 1689 409 Haec
1706 381 1879 417 potissimum

250 432 282 451 cx
300 425 408 452 Car-ro.

287 478 319 505 V.
338 480 486 508 Poswmus
501 485 527 508 ct
538 480 607 508 alias
622 481 768 509 nonnullas
784 481 1038 510 animadversiones
1051 481 1199 517 subjicere.
1213 481 1310 517 Capite
1319 480 1356 508 25
1373 484 1497 508 recenset
1512 485 1610 508 auctor
1624 480 1712 508 libros
1733 481 1882 509 canonicos

250 523 284 551 ν.
304 523 335 550 Τ.
347 532 448 559 coSque
466 529 609 551 enumerat
629 533 696 558 xvtt,
715 533 769 552 non
787 527 932 554 recensitis
948 525 1110 553 nominatim
1134 525 1361 560 Paralipomenis,
1383 524 1453 552 forte
1468 524 1532 560 quia
1549 524 1601 551 sub
1616 523 1737 559 Regibus
1758 532 1883 559 compre-

250 567 415 594 hendantur.
437 568 474 594 Ea
490 575 572 602 porro
590 569 753 596 numerandi
777 569 850 596 ratio
861 569 993 596 vetustior
1003 575 1055 602 est,
1070 577 1153 604 quam
1165 570 1294 598 sat-culum
1307 577 1324 596 ι
1340 569 1381 596 vel
1397 576 1434 601 ιι,
1453 569 1509 596 imo
1522 568 1678 596 communis
1698 568 1726 595 in
1744 568 1882 602 prioribus

237 609 380 638 "Ecclesia:
393 611 511 643 saeculis,
526 615 553 638 et
565 612 699 639 vetustior
713 613 801 640 adhuc
816 620 898 644 penes
912 612 1051 640 Ilebraros.
1064 613 1133 641 Nam
1153 621 1186 641 ex
1210 612 1330 648 Josepho
1352 613 1392 648 (α)
1415 620 1448 640 eo
1467 619 1584 639 numero
1604 611 1667 638 olim
1692 611 1726 638 ab
1748 611 1881 639 Israelilis

249 654 442 687 censebantur,
456 662 506 690 pro
518 662 631 682 numero
641 655 765 683 videlicet
780 656 944 684 Litterarum
955 655 1149 684 IIebraicarum
1165 666 1173 685 :
1186 657 1258 692 quod
1270 657 1350 685 etiam
1366 664 1399 684 ex
1411 655 1529 691 Origene
1542 655 1808 683 autumatEusebius
1822 655 1859 688 (b)
1873 664 1880 682 :

244 699 319 726 ’Sunt
348 703 436 726 autem
459 707 514 726 χχιι
530 699 593 726 libri
606 699 686 734 juxta
705 699 842 728 Ilebra'os.
862 700 960 728 Postea
973 708 1037 728 vero
1050 701 1122 736 apud
1137 701 1268 729 recutitus
1282 700 1410 733 obtinuit,
1424 705 1455 727 ut
1475 707 1507 728 ex
1521 700 1635 734 repetita
1651 703 1692 726 ter
1711 699 1798 727 littera
1815 699 1879 730 Jod.

251 751 262 768 \
270 743 346 776 iginti
354 747 472 777 quatuor
482 748 704 777 numerarentur,
713 751 767 778 quo
776 744 857 771 etiam
867 744 974 772 nomine
983 745 1041 770 κατ’
1049 744 1145 780 ἐξοχὴν
1153 743 1286 779 hodieque
1297 748 1381 772 totum
1392 751 1492 778 corpus
1502 742 1629 770 billlieum
1638 742 1878 777 suumappellant:

250 787 409 814 siculetiam
425 786 670 822 apudChristianos
682 787 814 821 quosdatn
825 787 986 822 interpretes
1000 788 1155 822 capiuntur,
1173 795 1205 816 ex
1215 787 1437 822 interpretatione
1453 794 1516 814 xxtv
1530 785 1669 814 seniorum
1682 785 1716 812 de
1728 786 1828 820 quibus
1849 786 1880 812 ﬂt

251 829 352 856 tnentio
363 829 389 856 in
400 829 572 865 Apocalypsi.
584 830 693 857 Accedit
703 830 907 857 nomenclatura
918 831 1075 859 eorttmdcm
1084 831 1215 859 librorttm
1226 832 1297 867 apud
1305 831 1453 866 Josephttm
1467 834 1602 863 nostrum,
1613 836 1672 864 quae
1681 828 1821 864 Origenem
1832 837 1880 863 pn-

237 874 387 900 a'xissimnm
407 873 547 908 exprimit,
567 880 596 901 ut
619 874 703 909 liquet
713 882 744 902 ex
770 883 798 902 ιι.
826 875 869 907 I0,
895 875 939 902 ubi
967 875 1062 903 tertius
1078 879 1246 910 quartusque
1264 875 1368 910 Regum
1391 874 1562 909 appellantur
1591 873 1755 900 Vammelech
1769 872 1856 900 David
1870 881 1880 900 .'

249 918 322 953 quod
344 918 437 945 itidem
458 919 483 946 in
504 918 565 945 Ioco
589 919 673 946 citato
689 918 798 947 Eusebii
814 919 944 948 occurrit.

285 975 330 1002 VI.
346 975 414 1002 Dum
431 974 567 1010 Iosephus
582 975 744 1010 interpretes
759 975 910 1011 Scriptura:
920 976 1000 1004 affert
1018 977 1066 1013 (c),
1085 976 1235 1004 Lucianum
1249 983 1302 1004 non
1321 978 1528 1006 commemorat,
1544 973 1622 1009 cujus
1637 973 1728 1002 versio
1752 973 1879 1001 Nicome—

249 1019 300 1046 diae
314 1019 384 1054 apud
396 1018 505 1046 «Iudaeos
517 1019 568 1046 sub
579 1018 759 1046 Constantino
775 1019 810 1046 Μ.
829 1025 932 1054 reperta
949 1025 1004 1054 est,
1018 1024 1082 1048 ante
1095 1028 1198 1048 anntnn
1212 1019 1315 1047 Cltristi
1325 1019 1389 1051 357,
1405 1025 1460 1053 quo
1469 1018 1668 1045 Constantinus
1682 1016 1746 1044 fatis
1765 1024 1877 1044 conces-

246 1064 298 1090 sit.
307 1061 345 1090 Ea
356 1070 438 1098 porro
455 1062 654 1097 interpretatiol
665 1067 737 1090 teste
751 1062 916 1098 Hieronymo
937 1063 987 1098 (ιι),
1011 1064 1083 1098 apud
1104 1072 1192 1090 omnes
1215 1063 1366 1090 Orientales
1391 1061 1525 1088 Ecclesia:
1550 1061 1583 1087 ab
1606 1060 1748 1086 Antiochia
1766 1059 1878 1086 Cl’olim

248 1115 329 1142 usque
340 1106 491 1134 obtinebat.
507 1105 558 1133 Vix
570 1113 635 1140 ergo
652 1106 725 1134 credi
747 1110 834 1141 potest
847 1106 990 1141 ignorasse
1009 1105 1158 1141 Josephum
1171 1106 1307 1133 celebrem
1318 1105 1385 1132 adeo
1397 1104 1591 1138 Vulgatamque
1606 1102 1872 1137 interpretationem,

249 1151 291 1177 sin
306 1151 397 1177 minus
411 1149 503 1177 statim
520 1149 555 1177 ab
573 1149 684 1176 inventu
703 1150 774 1184 ejus,
792 1153 865 1177 certe
881 1155 1025 1185 postquam
1042 1154 1083 1177 tot
1100 1149 1235 1177 Ecclesias
1249 1151 1421 1184 pervaserat,
1437 1147 1460 1175 si
1472 1149 1540 1174 adeo
1552 1146 1596 1173 ille
1610 1152 1671 1173 sero
1691 1145 1829 1172 ﬂoruisset
1848 1150 1879 1172 ut

244 1193 390 1221 'Fabricins
410 1193 462 1221 sibi
475 1193 542 1221 velle
558 1193 674 1220 videtur.
695 1193 771 1220 Adde
785 1194 860 1221 illum
873 1194 954 1222 codd.
968 1194 1117 1229 Scriptura:
1131 1201 1211 1220 usum
1223 1192 1309 1220 fuisse
1322 1191 1437 1218 nimium
1457 1189 1606 1224 corruptis,
1625 1189 1697 1224 quod
1712 1189 1807 1223 utique
1821 1197 1876 1215 non

251 1238 361 1265 fecisset
373 1241 433 1272 post
448 1236 615 1264 Lucianeam
639 1236 798 1264 editionem.
819 1236 857 1264 Ex
872 1237 915 1265 his
930 1237 1000 1264 haud
1017 1238 1052 1265 ab
1075 1245 1104 1265 re
1116 1236 1243 1272 scriptori
1261 1240 1356 1263 nostro
1375 1234 1506 1262 saeculum
1531 1236 1659 1268 quartum
1682 1231 1876 1265 assignaveris.

289 1293 340 1320 \‘ll.
360 1293 546 1321 Centirmatur
559 1293 618 1321 haec
635 1293 723 1320 mtatis
738 1293 798 1328 ejus
810 1293 913 1328 epocha
932 1302 965 1321 ex
983 1301 1017 1321 eo
1032 1293 1105 1330 quod
1119 1293 1209 1328 capite
1227 1292 1279 1319 I50
1296 1291 1421 1319 ultimam
1441 1288 1658 1325 persecutionem
1673 1286 1804 1315 Ecclesia:
1815 1287 1875 1313 illa-

247 1343 304 1366 tam
321 1342 519 1364 commemorat
536 1337 588 1365 sub
600 1336 712 1364 Juliano
730 1337 860 1372 Apostata
876 1338 1037 1372 contigisse,
1049 1337 1176 1365 videlicet
1194 1336 1271 1363 circa
1288 1335 1321 1363 A.
1334 1334 1365 1362 C.
1380 1334 1444 1361 502.

288 1391 354 1420 VIII.
374 1390 502 1420 Nonnihil
516 1391 598 1418 etiam
616 1391 760 1426 scriptoris
780 1392 867 1419 nostri
882 1392 1037 1427 antiquitas
1049 1391 1268 1423 commendatur,
1284 1398 1317 1418 ex
1336 1397 1369 1417 eo
1385 1390 1457 1424 qttod
1471 1396 1532 1424 cap.
1561 1387 1612 1416 I50
1629 1387 1768 1415 Christum
1781 1391 1876 1414 natum

250 1437 324 1464 dicat
337 1437 370 1463 Α.
383 1435 418 1463 Μ.
432 1435 514 1467 5500,
530 1442 590 1469 qua!
608 1435 732 1462 videlicet
745 1435 955 1464 estGraecorum
970 1444 1025 1463 tera
1037 1435 1169 1464 historica
1182 1435 1317 1467 Africani,
1334 1434 1380 1470 qui
1399 1433 1493 1461 ﬂoruit
1508 1433 1582 1460 circa
1595 1432 1628 1458 A.
1645 1432 1677 1458 C.
1693 1431 1756 1462 220,
1768 1430 1877 1457 eadem.

249 1488 304 1516 que
320 1480 437 1507 maxime
451 1479 523 1506 inter
536 1478 710 1506 Christianos
723 1478 832 1507 Grrecos
844 1480 956 1514 antiqua
972 1488 979 1505 :
995 1487 1078 1515 quam
1097 1483 1215 1507 exeunte
1234 1478 1345 1506 demum
1361 1477 1461 1506 sa‘culo
1479 1480 1578 1512 quarto
1589 1476 1640 1504 sub
1656 1474 1811 1503 Theodosio
1828 1475 1877 1501 ad-

250 1524 361 1552 modum
375 1521 576 1558 Ircquentanda
589 1522 697 1557 excepit
712 1530 766 1549 tera
779 1523 867 1551 civilis
878 1527 989 1559 propter
999 1523 1174 1551 indictiones.

286 1578 331 1607 IX.
349 1578 425 1606 Adde
436 1577 554 1613 denique
572 1585 646 1611 eum,
662 1578 751 1612 capite
766 1578 829 1611 Mt,
851 1582 891 1606 tot
910 1578 1008 1607 atl‘erre
1033 1580 1168 1614 μαντειῶν
1184 1580 1258 1607 varia
1274 1586 1373 1614 genera
1391 1586 1422 1606 ac
1442 1578 1566 1611 nomina,
1585 1582 1616 1604 ut
1636 1584 1697 1604 sese
1712 1576 1874 1610 scriptorem

248 1624 348 1659 prodat
359 1622 585 1650 manifestissime
599 1629 631 1649 ea
644 1626 723 1649 aetate
738 1622 886 1656 viventem,
896 1631 950 1658 qua
964 1624 1054 1651 adhuc
1066 1624 1247 1652 ethnir-ismus
1264 1623 1344 1658 longe
1360 1624 1465 1657 lateque
1479 1621 1667 1657 grassabatur,
1680 1625 1708 1648 et
1719 1619 1875 1655 superstitio

244 1667 354 1703 passim
367 1665 518 1694 obtinebat.
535 1663 593 1692 Iloc
605 1665 640 1693 de
659 1665 794 1700 scriptore
811 1667 902 1701 quarti
921 1674 1004 1702 quam
1018 1667 1153 1695 undecimi
1171 1667 1263 1696 saeculi
1276 1667 1445 1702 probabilius
1459 1666 1587 1694 allirmari
1600 1668 1699 1701 potest.

288 1722 321 1748 X.
339 1720 429 1748 Unum
448 1720 546 1747 obesse
556 1719 674 1751 videtur,
689 1720 761 1756 quod
778 1728 838 1755 cap.
862 1720 922 1748 I56.
943 1721 1118 1757 Hippolytum
1132 1721 1293 1749 Thebanum
1310 1721 1407 1755 alleget
1423 1729 1430 1748 :
1448 1727 1481 1748 ex
1501 1727 1555 1755 quo
1580 1722 1709 1754 appareat
1725 1716 1874 1752 Josephum

252 1765 401 1793 inclinante
414 1763 514 1791 smculo
534 1771 560 1790 χι
586 1763 722 1791 ﬂoruisse.
739 1764 770 1791 Et
784 1764 842 1791 haec
859 1771 927 1792 sane
944 1767 1015 1792 ratio
1027 1770 1079 1797 est,
1094 1774 1155 1801 qua:
1169 1765 1323 1794 Fabricium
1347 1773 1362 1792 a
1379 1765 1468 1792 Caveat
1482 1765 1614 1791 sententla
1626 1762 1739 1790 divellit.
1755 1761 1790 1788 At
1806 1768 1876 1796 pne-

251 1817 377 1844 terquatu
392 1808 465 1844 quod
483 1807 628 1836 Fabricius
644 1808 702 1843 ipse
715 1809 900 1837 subodoratus
912 1815 953 1837 est
967 1811 1010 1845 (ε),
1025 1815 1108 1845 caput
1122 1810 1186 1838 illud
1204 1810 1320 1838 fortasse
1332 1808 1527 1837 assumendum
1541 1814 1601 1834 esse
1613 1807 1700 1834 aliena
1717 1812 1799 1832 manu
1811 1804 1874 1832 sub-

251 1855 396 1890 junctum,
412 1853 476 1880 dum
493 1852 530 1879 ait
545 1860 551 1878 :
566 1850 595 1878 Si
613 1855 692 1885 caput
707 1851 760 1879 150
776 1852 808 1878 ab
826 1853 882 1886 ipso
901 1858 1009 1880 auctore
1024 1859 1077 1887 est;
1092 1854 1143 1881 alia
1161 1854 1243 1881 etiam
1259 1854 1359 1881 fatetur
1371 1860 1432 1888 qum
1446 1859 1478 1879 ex
1498 1858 1577 1886 aequo
1597 1849 1744 1877 illiusmodi
1762 1853 1872 1876 senten-

245 1899 320 1926 ~tiam
338 1902 365 1925 et
377 1895 540 1932 hypothesin
552 1900 686 1923 evertant.
708 1895 747 1923 Illi
760 1895 834 1923 enim
852 1897 965 1931 perinde
976 1903 1059 1933 atque
1077 1899 1156 1926 nobis
1171 1899 1214 1926 via
1230 1898 1347 1926 ineunda
1363 1901 1447 1929 esset,
1464 1900 1493 1923 ut
1510 1896 1578 1922 ratio
1593 1894 1723 1922 reddatur
1736 1893 1874 1929 quomodo

253 1942 372 1978 potuerit
387 1940 548 1967 Theodorus
563 1938 782 1972 Cantuariensis,
801 1940 847 1974 qui
863 1940 933 1967 obiit
944 1949 1017 1968 anno
1025 1942 1090 1974 690,
1105 1943 1132 1969 in
1150 1942 1274 1977 Angliam
1293 1941 1398 1977 primus
1410 1940 1537 1967 attulisse
1551 1938 1739 1973 apographum
1751 1937 1874 1964 hominis

252 1987 298 2022 qui
313 1985 412 2014 saeculo
428 1992 454 2012 ιι
484 1983 631 2011 inclinante
646 1982 769 2011 ﬂorebat.
788 1983 924 2020 Quidquid
939 1985 982 2013 ille
998 1986 1180 2021 responderit,
1193 1993 1244 2013 nos
1264 1985 1406 2021 hypothesl
1423 1987 1524 2011 nostrm
1537 1981 1818 2010 accommodaremus.

283 2040 335 2068 XI.
353 2039 406 2067 Sed
422 2046 516 2067 revera
535 2043 616 2074 caput
633 2038 698 2065 illud
715 2046 775 2066 esse
788 2046 893 2066 merum
910 2039 1125 2068 additamentum
1142 2041 1231 2068 aliena
1248 2048 1332 2068 manu
1348 2044 1474 2067 assutum
1487 2037 1585 2067 exinde
1598 2037 1692 2072 liquet,
1711 2035 1783 2070 qttod
1798 2043 1875 2070 supe-

252 2085 317 2114 riori
330 2085 386 2120 jam
396 2091 459 2119 cap.
475 2083 536 2110 I55.
551 2082 683 2110 Joannem
700 2087 727 2110 et
743 2082 904 2110 Zachariam
921 2091 997 2111 more
1017 2092 1066 2111 suo
1081 2083 1337 2112 commemoraverit
1357 2092 1363 2110 :
1381 2082 1551 2110 brevissimis
1568 2087 1666 2114 nempe
1681 2080 1772 2106 verbis
1783 2084 1809 2106 et
1827 2087 1874 2113 per

252 2128 513 2164 interrogationem;
526 2126 576 2154 'ltie
592 2134 657 2153 vero
676 2130 780 2153 mutata
799 2127 962 2161 epigraphes
981 2135 1061 2154 scena
1088 2131 1116 2154 ct
1129 2128 1234 2154 ratione
1248 2126 1367 2157 dicendi,
1381 2125 1542 2152 historicum
1559 2122 1791 2157 apospasmatium
1809 2130 1872 2155 pro-

250 2173 314 2201 lixis
323 2172 366 2200 sui
381 2171 502 2198 auctoris
518 2170 610 2197 verbis
627 2169 750 2196 aﬂ'ertur.
764 2169 821 2196 Hoc
835 2169 984 2197 discrimen
1000 2174 1190 2197 assumentum
1207 2169 1271 2196 illud
1282 2176 1344 2196 esse
1359 2168 1466 2195 abunde
1481 2166 1591 2202 prodit:
1604 2165 1742 2199 simulque
1755 2164 1874 2191 ostendit

252 2223 360 2250 tempus
374 2214 504 2248 descripti
525 2213 598 2240 illius
612 2213 727 2245 codicis,
741 2216 768 2240 et
781 2212 861 2247 cujus
875 2213 964 2241 inlatis
980 2213 1088 2241 codices
1109 2213 1312 2248 suppeditarint
1329 2211 1508 2247 fragmentum
1532 2209 1596 2237 illud
1613 2208 1733 2244 Iosepho
1757 2207 1874 2243 subjun-

244 2265 335 2293 clunt,
348 2257 442 2286 saeculi
459 2264 555 2292 nempe
575 2264 591 2283 κ
610 2261 640 2283 ut
652 2256 798 2284 ernerus
810 2257 837 2284 in
852 2257 927 2292 praef.
939 2265 954 2285 a
968 2257 1094 2285 Fabricio
1109 2257 1239 2291 allegatus
1255 2256 1388 2292 perltibet.

289 2314 344 2341 ΧΠ.
356 2313 394 2339 Ex
402 2312 502 2347 iisquze
512 2311 653 2339 attulimus
662 2311 947 2340 anitnadversionibus
957 2312 1141 2344 cum‘nostris,
1154 2316 1210 2339 tttm
1222 2312 1342 2339 virorum
1351 2310 1531 2341 eruditorum,
1539 2308 1641 2343 liquido
1654 2312 1776 2342 apparet,
1787 2315 1836 2335 nos
1847 2308 1872 2334 in

251 2366 310 2385 eam
325 2356 491 2384 sententiam
516 2363 603 2390 prono
625 2356 717 2383 animo
734 2355 870 2389 inclinari,
889 2364 950 2391 qua:
972 2356 1122 2391 .Iosephum
1139 2356 1212 2384 hunc
1234 2356 1421 2384 Cltristianum
1437 2354 1573 2382 mediante
1587 2352 1687 2380 ssecnlo
1703 2356 1802 2387 quarto
1822 2352 1873 2379 ﬂo-

252 2402 340 2429 ruisse
354 2400 493 2435 opinatur.
506 2399 540 2426 At
552 2399 677 2434 quisnam
695 2399 718 2427 is
732 2399 825 2432 fuerit,
839 2400 919 2435 longe
935 2401 1024 2428 adhuc
1036 2401 1172 2429 diﬂicilior
1186 2407 1213 2429 et
1229 2401 1385 2436 impeditior
1400 2399 1515 2434 quaestio
1529 2403 1580 2426 est.
1597 2397 1708 2425 Cavzens
1723 2397 1783 2424 loco
1795 2404 1873 2430 Supe-

251 2448 307 2472 rius
314 2444 433 2471 cxcitalo
442 2443 550 2471 scribit:
566 2442 639 2478 Swpe
651 2444 712 2471 aliut
720 2444 871 2478 suspicatus
882 2453 940 2471 sum
955 2444 1022 2471 hunc
1030 2453 1080 2472 non
1089 2445 1171 2472 alium
1181 2439 1590 2480 fuissequae:Josephumillum
1598 2441 1819 2473 Tiberiadcnsem,
1827 2441 1872 2475 qui

249 2499 282 2517 ex
296 2489 452 2516 Judazorum
469 2487 598 2522 apostolo,
612 2495 657 2514 seu
674 2496 804 2516 assessore
816 2489 1009 2522 patriarchali,
1024 2489 1112 2523 factus
1128 2494 1166 2516 est
1184 2489 1368 2520 Christianus,
1388 2492 1412 2515 et
1431 2497 1445 2514 η
1462 2486 1637 2514 Constantino
1662 2484 1700 2511 M.
1717 2484 1752 2510 ad
1767 2484 1870 2511 comitis

249 2533 406 2569 dignitate!»
421 2534 531 2559 evectus.
548 2531 587 2558 De
600 2532 676 2566 cujus
691 2533 857 2559 conversione
874 2537 898 2559 et
915 2533 1025 2568 egregiis
1044 2541 1105 2568 erga
1128 2533 1273 2560 Ecclesium
1287 2533 1389 2559 meritis
1406 2531 1472 2558 mira
1486 2531 1575 2565 plane.
1593 2534 1672 2564 atque
1686 2529 1753 2556 satis
1768 2528 1871 2561 prolixe

248 2581 344 2604 narrat
360 2575 524 2610 Epiphanius
542 2575 587 2611 (Γ).
609 2576 629 2602 A
652 2583 700 2603 sua
716 2580 806 2603 tamen
825 2576 959 2604 sententia
978 2577 1090 2604 recessit
1107 2577 1137 2603 V.
1155 2576 1185 2603 C.
1204 2577 1254 2603 hac
1270 2576 1397 2603 inductus
1409 2574 1629 2602 ratiocinatione.
1642 2572 1716 2600 Obiit
1733 2572 1869 2600 Constan-

250 2622 323 2648 tinus
336 2619 371 2647 Μ.
384 2627 456 2647 anno
474 2619 536 2652 557,
552 2625 614 2646 ante
627 2627 706 2654 quem
721 2625 795 2647 certe
807 2620 840 2646 ad
852 2620 960 2647 comitis
975 2619 1135 2655 dignitatem
1151 2621 1251 2655 Joseph
1261 2621 1306 2647 ille
1317 2619 1485 2647 Tiberiensis
1500 2619 1578 2647 evehi
1592 2618 1696 2646 debuit.
1710 2616 1776 2644 Cum
1786 2622 1870 2650 porto

249 2665 295 2691 ille
315 2663 464 2699 pcuultinto
483 2663 541 2691 loco
558 2663 782 2691 Macedonianam
806 2663 931 2692 hzeresitu
948 2669 1154 2697 commemoret,
1178 2664 1409 2699 Macedoniusque
1435 2663 1534 2690 obierit
1553 2670 1599 2689 an.
1616 2660 1684 2692 560,
1704 2667 1735 2687 ac
1758 2657 1871 2687 haeresis

281 2781 320 2816 (α)
338 2781 428 2818 λιιι),
447 2788 531 2810 contr.
547 2782 658 2816 Appian.
1123 2783 1163 2818 (tl)
1183 2783 1211 2810 In
1230 2783 1301 2818 apol.
1315 2783 1375 2818 adv.
1394 2782 1484 2809 Rnlin.

283 2818 320 2852 (b)
340 2817 375 2853 II.
392 2815 486 2853 Eilih.
502 2826 537 2849 γι,
554 2815 641 2844 αξξ-ὗ.

1121 2815 1158 2853 (ei
1172 2819 1201 2844 II.
1217 2815 1254 2845 (;.’
1267 2824 1332 2845 ιοιιι.
1351 2817 1385 2849 Χ,
1399 2825 1458 2852 pag.
1475 2815 1532 2842 I09.

281 2850 318 2888 (ε)
333 2852 398 2887 Cnl‘-
414 2852 472 2878 ίῖί-
1121 2850 1155 2888 (Ῑ)
1172 2854 1211 2880 Ad
1226 2853 1322 2881 Eltion.
1337 2850 1404 2879 Iner.
1420 2850 1484 2883 m,
1499 2857 1575 2876 num.
1591 2850 1606 2876 .t
1618 2857 1694 2884 seqq.
