2073 3161
192 163 225 196 ιδ
930 160 1096 191 NOTITIA.
1790 162 1822 195 1t

191 219 265 247 illius
278 218 411 246 damnata
427 217 536 245 dcntunt
555 216 636 244 fuerit
653 224 698 244 an.
713 216 777 250 581,
788 215 816 243 in
832 215 937 251 synodo
950 216 1121 244 oecumenica
1138 218 1257 245 secunda
1277 227 1283 244 :
1303 219 1344 246 vix
1360 219 1435 247 credi
1464 225 1554 256 potest
1568 221 1744 255 superstitem
1758 225 1824 249 tunc

191 263 281 290 adhuc
293 261 379 289 fuisse
399 260 547 296 Iosephutu
568 265 705 292 nostruttt,
729 261 776 295 qui
795 267 867 288 anno
886 259 942 295 jatn
966 259 1033 292 355,
1051 268 1104 295 quo
1122 260 1293 296 Epiphanius
1317 263 1388 290 aedes
1410 264 1483 291 illius
1507 264 1575 292 adiit
1597 265 1629 291 ad
1648 264 1822 291 iuvisendum

192 306 341 334 Eusebium
357 305 558 333 Vercellensem
575 304 646 339 apud
660 304 736 331 illum
748 304 944 339 hospitantem,
957 303 1093 339 decrepita
1107 305 1163 340 jam
1181 310 1239 333 erat
1252 311 1341 338 aetate,
1357 315 1444 335 annos
1456 312 1539 336 natus
1553 308 1663 336 circiter
1679 307 1724 335 70.
1745 308 1824 334 Fuis-

191 354 233 377 set
246 349 320 376 enim
334 349 445 384 quando
462 348 609 375 damnatus
624 353 666 375 est
684 347 861 375 Macedonius
876 354 1012 375 annorum
1031 348 1140 376 circiter
1159 348 1204 376 96.
1220 349 1296 378 Adde
1309 352 1447 379 reccnscri
1463 352 1497 379 ab
1513 352 1559 379 illo
1574 352 1670 379 ultimo
1690 352 1749 379 loco
1765 352 1823 378 Au-

194 392 452 428 thropomorphitas
466 392 622 424 haereticos,
639 399 757 426 quorum
772 391 872 426 placita
889 391 959 418 inter
977 392 1127 420 monachos
1141 393 1235 420 Nitriae
1248 393 1393 421 fervebant
1411 396 1529 423 maxime
1546 403 1618 422 anno
1628 396 1689 423 599.
1704 395 1767 422 llaec
1784 403 1826 422 ra-

193 438 305 465 tiocinia
328 437 471 464 hominem
491 436 629 464 eruditum
648 435 841 463 deterruerunt
856 442 870 462 a
892 435 979 470 priori
999 436 1145 469 sententia,
1163 442 1366 473 suaseruntque
1384 443 1512 474 reputare
1527 438 1676 475 Iosephutu
1693 443 1819 467 nostrum

193 482 277 510 alium
291 489 307 509 a
324 480 479 508 Tibet'iensi
495 480 649 515 Epiphanio
663 479 715 515 ipsi
731 483 986 514 commemoratum.

229 536 300 564 XIII.
322 535 389 568 Sed,
406 540 436 563 ut
451 536 523 570 quod
539 542 596 563 rem
614 542 676 562 esse
694 538 771 570 puto,
788 534 868 561 fateri
883 533 963 562 velint
989 534 1047 563 haec
1065 541 1226 571 argumenta
1241 538 1312 572 apud
1330 544 1372 564 me
1387 538 1453 565 tanti
1472 545 1526 564 non
1543 542 1618 570 sunt,
1631 542 1661 565 ut
1674 537 1824 573 Iosephqu

193 580 386 609 Christianum
408 587 423 606 a
438 578 592 607 Tiberiensi
613 586 758 606 secernere
775 585 868 612 cogar.
890 577 991 606 Fateor
1009 586 1054 606 an.
1077 580 1188 608 demunt
1215 581 1264 608 581
1290 581 1448 609 damnatam
1465 581 1774 616 haeresim-Macedonii;
1791 590 1825 610 an

192 625 308 660 proinde
322 628 386 651 ante
397 630 500 650 annum
514 622 591 650 illum
607 626 736 658 tanquant
754 621 877 649 haeretici
894 621 1009 656 produci
1023 629 1078 648 non
1093 627 1242 657 potuerunt
1258 631 1390 658 sequaces
1403 623 1494 651 illius?
1508 623 1634 651 Concedo
1647 624 1717 652 inter
1731 631 1825 651 mona-

191 670 261 697 chos
273 668 369 696 Nitriaz
382 671 547 703 grassatam,
566 673 639 694 anno
661 666 780 693 maxime
798 665 862 697 599,
887 665 1225 701 Anthropomorphiticam
1240 667 1382 701 haeresim;
1407 675 1497 695 amton
1533 668 1648 703 proinde
1667 673 1729 696 ante
1746 668 1822 696 illum

193 720 296 740 annum
317 712 389 739 inter
403 711 549 739 haereticos
569 709 675 738 censeri
697 714 858 745 potuerunt,
871 717 933 737 curn
952 709 1104 744 praesertim
1125 710 1291 738 haberentur
1304 719 1352 746 pro
1377 711 1486 739 sarculo
1507 711 1728 745 Manichzrorum,
1745 717 1772 739 et
1788 714 1823 740 ab

193 757 356 785 orthodoxis
368 757 539 784 evitarentur
550 756 642 783 statim
660 755 695 783 ab
712 755 800 783 Audei
816 755 905 788 obitu,
920 755 966 789 qui
981 758 1107 781 mortuus
1119 758 1162 781 est
1178 761 1223 781 an.
1238 754 1312 782 3'10?
1329 755 1410 788 Quid,
1424 755 1498 790 quod
1510 756 1716 784 Macedonianm
1727 761 1755 784 et
1767 757 1822 783 An-

192 800 464 835 thropomorphiticae
483 799 598 827 haeresis
612 798 839 826 commemoratio
853 799 1070 826 additamentum
1086 804 1147 824 esse
1158 802 1258 832 potest,
1276 798 1349 832 quod
1366 806 1400 825 ex
1414 799 1540 834 margine
1559 800 1585 827 in
1608 804 1712 827 textum
1734 800 1824 827 immi-

193 845 290 880 grarit,
312 844 385 879 quod
401 843 467 871 item
478 843 512 871 de
528 842 625 871 haeresi
642 842 893 878 Ἀνθρωπολατρῶν
905 841 1036 877 judicium
1051 841 1108 868 ﬁeri
1127 845 1228 875 queat,
1252 841 1274 869 si
1295 842 1405 876 quidem
1424 843 1520 870 subeo
1534 844 1647 871 nomine
1668 842 1825 872 Nestoriani
1859 866 1863 876 .

192 888 327 917 veniunt?

228 941 300 970 XIV.
313 941 407 977 Neque
417 941 500 969 etiam
515 941 652 969 hominem
670 940 704 968 ad
721 948 767 968 sex
784 944 811 967 et
827 939 975 974 nonaginta
988 939 1078 966 vetatis
1089 946 1175 966 annos
1189 947 1269 974 posse
1281 940 1422 974 pervenire
1435 941 1594 970 incredibile
1606 943 1752 971 admodum
1765 949 1806 972 est
1819 954 1825 972 :

194 986 348 1022 praesertim
363 993 425 1013 cttnt
447 984 617 1020 Epiphanius
631 984 705 1012 idem
721 984 766 1011 ille
780 985 838 1019 ipse
855 984 959 1010 amicus
970 988 998 1010 ct
1015 982 1115 1016 hospes
1131 981 1241 1016 Ioseplti
1260 982 1439 1017 Tiberiensis,
1454 986 1564 1019 quando
1576 987 1660 1014 Cessit
1675 986 1755 1014 CPoli
1777 988 1827 1015 sub

194 1030 322 1063 Arcadio,
337 1033 419 1057 natus
436 1033 511 1056 esset
532 1035 620 1056 annos
637 1027 688 1054 “5
709 1035 742 1055 ac
754 1034 864 1054 menses
883 1031 950 1057 tres.
974 1031 1003 1053 ut
1025 1031 1101 1054 notat
1115 1026 1186 1053 idem
1204 1026 1319 1054 Caranus
1340 1027 1368 1054 in
1385 1028 1430 1055 illo
1445 1027 1494 1063 (π).
1511 1029 1577 1056 Cum
1590 1038 1672 1065 porro
1687 1039 1739 1058 non
1757 1032 1828 1060 alius

194 1073 350 1101 innotescat
367 1080 416 1108 per
434 1080 467 1099 ea
481 1077 604 1107 tempora
630 1071 673 1099 cui
696 1071 793 1098 melius
806 1075 940 1106 congruat
952 1069 1196 1105 hypomuesticon.
1217 1077 1300 1105 Quam
1317 1069 1456 1106 Iosephus
1474 1073 1519 1101 ille
1537 1073 1718 1108 Tiberiensis,
1734 1083 1784 1104 uos
1799 1076 1827 1103 itt

194 1117 247 1145 hac
261 1122 341 1152 parte
355 1116 392 1147 Is.
406 1115 535 1144 Vossium
547 1114 702 1150 sequimur,
717 1115 762 1149 qui
778 1119 901 1142 nostrum
917 1113 1065 1148 Iosephum
1081 1121 1096 1140 a
1114 1113 1269 1142 'l‘iberiensi
1288 1114 1332 1142 ille
1348 1123 1402 1143 non
1412 1115 1554 1144 discernit.

231 1171 291 1200 XV.
312 1171 390 1200 llunc
398 1172 451 1200 sub
469 1171 580 1207 Iosephi
600 1171 710 1199 comitis
723 1171 833 1197 nomine
846 1170 926 1205 vulgo
943 1169 1065 1205 agnosci,
1081 1174 1108 1196 et
1125 1169 1196 1196 inter
1206 1175 1316 1198 sanctos
1334 1171 1449 1198 relatum
1460 1180 1544 1200 cssea
1556 1172 1658 1202 Grazcis
1671 1173 1830 1210 Latinisque

195 1221 314 1249 constat,
327 1216 408 1251 cujus
423 1214 678 1243 commemorationi
694 1215 831 1249 assignata
842 1214 900 1241 dies
912 1213 948 1240 22
975 1212 1039 1241 Iulii
1056 1214 1104 1250 (ὑ).
1125 1214 1160 1241 Ex
1178 1214 1296 1249 ipsomet
1306 1214 1427 1251 Iosepho
1437 1216 1532 1244 didicit
1546 1217 1607 1252 ejus
1621 1218 1704 1245 vitam
1721 1218 1750 1246 S.
1763 1218 1830 1254 Epi-

196 1261 326 1297 phanius,
343 1266 371 1288 et
386 1261 413 1287 in
432 1267 482 1287 suo
499 1259 621 1286 Pauario
634 1258 733 1292 refert,
754 1266 786 1286 ex
804 1266 861 1293 quo
877 1258 967 1285 cat-teri
981 1258 1146 1291 hauserunt,
1159 1257 1269 1294 Fleury,
1285 1258 1392 1291 Baillet,
1405 1264 1459 1287 etc.
1471 1260 1585 1288 Summa
1600 1269 1632 1289 eo
1647 1263 1727 1290 redit.
1744 1261 1830 1290 Natus

196 1310 239 1334 est
252 1304 386 1339 Iosephus
400 1304 434 1332 A.
447 1304 478 1332 C.
494 1303 560 1337 286,
571 1303 718 1331 Tiberiade
735 1303 847 1330 civitate
860 1302 1022 1333 Palaestina,
1040 1309 1073 1330 ex
1089 1301 1188 1329 illustri
1211 1302 1283 1329 ittter
1300 1301 1409 1331 Iudtnos
1432 1303 1553 1336 familia,
1574 1305 1746 1341 apostolique
1757 1307 1829 1341 apud

197 1357 292 1377 corum
316 1349 501 1384 patriarcham
521 1347 646 1375 Hillclem
668 1354 776 1374 mttntts
802 1346 905 1374 obibat.
924 1346 991 1374 Cum
1009 1346 1036 1373 in
1060 1346 1254 1380 gravissimum
1270 1346 1397 1374 morbum
1420 1348 1562 1377 incidisset
1577 1349 1667 1383 llillel,
1684 1350 1830 1378 accersivit

199 1394 319 1421 vicinum
336 1392 491 1421 Tiberiadis
506 1392 676 1427 episcopum,
691 1398 706 1418 a
720 1398 774 1426 quo
788 1390 914 1418 sanitatis
931 1390 1044 1417 obtentu
1062 1390 1227 1424 baptismum
1244 1391 1358 1427 recepit.
1377 1391 1405 1420 id
1423 1393 1492 1420 clam
1508 1394 1664 1422 observavit
1679 1394 1829 1431 Iosephus,

198 1438 246 1473 qui
259 1438 342 1466 etiant
362 1437 430 1465 vidit
446 1437 525 1465 Hillel
543 1436 615 1464 haud
631 1444 744 1471 parvam
759 1435 819 1463 auri
840 1435 894 1462 vim
916 1434 1024 1462 dedisse
1039 1434 1178 1469 episcopo,
1201 1439 1230 1461 ut
1253 1442 1302 1469 pro
1318 1443 1348 1462 se
1365 1436 1531 1465 oblationem
1551 1438 1663 1467 faceret.
1681 1439 1767 1468 Biduo
1783 1442 1832 1469 tri—

198 1484 288 1512 duove
303 1487 377 1518 past,
391 1484 445 1510 vita
457 1481 552 1509 functo
562 1480 668 1513 Hillele,
683 1485 825 1516 parentem
843 1479 919 1506 illum
937 1485 1018 1506 suum
1029 1478 1056 1515 in
1074 1477 1249 1512 patriarchali
1267 1478 1400 1513 dignitate
1418 1479 1503 1507 Iudas
1519 1480 1593 1509 ﬁlius
1610 1482 1832 1512 adolescentulus

197 1527 315 1562 excepit.
329 1526 435 1554 Interea
449 1525 550 1561 Ioseph
562 1530 589 1554 et
601 1525 714 1552 tutelam
728 1524 805 1559 pueri
824 1528 852 1551 et
865 1521 1134 1550 administrationem
1154 1521 1378 1556 patriarchalium
1400 1530 1544 1551 mutterum
1564 1526 1667 1554 obibat.
1688 1526 1728 1554 Ex
1742 1535 1775 1555 eo
1788 1527 1832 1555 fa-

197 1575 270 1598 ctum
282 1575 335 1602 est,
354 1575 385 1596 ut
405 1577 453 1604 spe
470 1568 644 1596 invenienda:
662 1575 770 1604 magnae
793 1566 914 1601 pecunia:
934 1565 1156 1602 gazophylacium
1175 1565 1334 1594 Tiberieuse
1354 1567 1482 1602 aperiret,
1505 1575 1555 1595 nec
1571 1572 1663 1596 tamen
1679 1570 1732 1597 nisi
1746 1571 1831 1599 libros

198 1614 331 1649 repererit
346 1623 352 1641 :
370 1613 442 1641 inter
458 1620 527 1648 quos
542 1611 657 1640 Joannis
673 1611 850 1647 Evangeliutn
869 1615 897 1638 et
916 1610 983 1638 Acta
999 1610 1189 1644 apostolorum
1209 1609 1344 1638 Hebraice
1364 1611 1511 1646 descripta.
1524 1612 1591 1640 Cum
1610 1613 1694 1642 Iudas
1707 1615 1734 1642 in
1750 1623 1831 1643 omne

199 1657 306 1686 facinus
318 1657 488 1693 proﬂigatus,
499 1657 618 1685 evidenti
629 1656 673 1684 Dei
686 1656 807 1692 potentia
819 1655 891 1691 turpi
903 1663 950 1691 spe
957 1654 1111 1685 cecidisset,
1121 1652 1232 1688 Iosephi
1241 1654 1364 1680 animum
1375 1662 1418 1682 res
1433 1654 1479 1682 illa
1489 1663 1575 1691 usque
1584 1656 1652 1684 adeo
1661 1657 1787 1692 perculit,
1802 1663 1833 1685 ut

198 1703 311 1738 quietus
338 1709 478 1736 nunquam
495 1701 668 1728 consisteret.
684 1700 731 1728 Dei
746 1701 828 1727 etiam
841 1700 946 1727 monitu
957 1699 1058 1734 saepius
1069 1702 1185 1725 vocatus
1200 1703 1230 1724 ut
1243 1697 1271 1724 in
1282 1697 1422 1726 Christum
1440 1699 1578 1734 crederet;
1596 1701 1704 1728 tandem
1720 1709 1832 1737 asperso

197 1753 383 1781 cnergumeno
401 1752 472 1780 aqua
482 1745 560 1780 signo
571 1744 662 1772 crucis
679 1752 693 1771 a
713 1751 742 1771 se
759 1743 902 1771 benedicta
918 1743 951 1770 ad
973 1742 1125 1777 periculum
1144 1741 1204 1768 ﬁdei
1222 1742 1397 1776 capiendum,
1410 1743 1446 1771 ab
1460 1751 1550 1778 eoque
1561 1744 1685 1772 dicmone
1701 1746 1828 1781 expulso,

196 1790 362 1825 vulgatoque
374 1797 423 1824 per
435 1788 530 1816 urbem
546 1788 698 1822 miraculo;
719 1788 793 1823 quod
814 1792 905 1815 tamen
924 1786 1010 1814 Iudaei
1032 1789 1163 1820 putarunt
1179 1785 1255 1812 illum
1277 1790 1452 1821 perpetrasse
1470 1795 1502 1815 ex
1524 1790 1750 1822 pronuntiatione
1766 1795 1793 1818 et
1807 1792 1834 1818 vi

198 1833 317 1861 nominis
332 1831 565 1868 tetragrammati;
578 1831 696 1866 Spiritus
707 1831 795 1859 sancti
810 1830 928 1866 impulsu
937 1829 1050 1865 pronius
1058 1829 1092 1857 ad
1101 1829 1181 1857 (idem
1190 1829 1314 1857 animum
1325 1830 1487 1859 inclinavit:
1502 1837 1648 1862 nectamen
1661 1834 1714 1863 nisi
1731 1835 1836 1872 aliquot

196 1882 260 1912 post
273 1884 362 1904 annos
377 1875 511 1911 baptizari
528 1883 588 1903 sese
602 1883 699 1910 passus
712 1880 764 1903 est.

232 1934 303 1962 XVI.
313 1934 418 1962 Interea
429 1942 491 1962 cum
506 1933 533 1960 in
549 1933 672 1961 Ciliciam
685 1932 806 1960 venisset
818 1939 852 1960 ex
862 1939 974 1960 munere
989 1932 1030 1960 sui
1050 1931 1157 1961 Iudaici
1167 1933 1351 1969 apostolatus,
1360 1933 1395 1961 ab
1409 1933 1539 1970 episcopo
1555 1934 1673 1963 civitatis
1691 1935 1834 1971 cujusdam

197 1979 345 2014 Evangelia
361 1978 474 2013 legenda
486 1977 603 2012 accepit.
617 1975 740 2004 Vexatus
753 1984 769 2003 a
783 1976 841 2004 suis
858 1976 891 2004 ad
913 1976 1125 2004 Constantinum
1140 1976 1175 2005 M.
1191 1985 1220 2006 se
1232 1978 1347 2013 recepit,
1359 1985 1373 2005 a
1384 1986 1440 2014 quo
1456 1978 1567 2006 comitis
1581 1979 1743 2015 dignitatem
1757 1981 1831 2007 obti-

197 2024 271 2056 nuit,
284 2031 317 2051 ac
331 2024 438 2051 veniant
451 2028 582 2058 prteterca
603 2022 826 2050 aediﬁcandorum
841 2021 1017 2056 templorum.
1033 2021 1113 2048 Anno
1125 2021 1178 2048 555
1196 2022 1345 2050 Eusebium
1356 2023 1561 2050 Vercellensem
1575 2023 1674 2051 exsilio
1686 2024 1834 2060 profugum

199 2067 227 2095 in
239 2068 310 2096 aedes
326 2075 390 2095 suas
403 2067 516 2102 recepit,
529 2067 562 2094 ad
576 2074 658 2102 quem
672 2065 845 2093 invisendum
859 2065 983 2100 sequenti
996 2072 1069 2092 anno
1087 2064 1140 2092 556
1158 2066 1302 2092 ventitavit
1323 2065 1352 2092 S.
1368 2065 1549 2100 Epiphanius.
1561 2067 1626 2094 Erat
1643 2071 1708 2094 tunc
1720 2067 1834 2102 Ioseph.

198 2112 285 2139 relatu
301 2111 330 2140 S.
348 2111 483 2143 Doctoris,
496 2118 584 2138 annos
614 2114 696 2138 natus
713 2109 761 2143 70;
778 2117 864 2144 quare
881 2113 908 2136 et.
921 2109 1037 2136 natalem
1058 2107 1118 2142 ejus
1137 2108 1170 2135 ad
1188 2115 1291 2135 annum
1307 2109 1532 2144 consignavimus
1549 2109 1615 2136 986.
1631 2109 1714 2137 Beato
1725 2112 1835 2138 tandem

198 2157 252 2184 ﬁne
265 2156 408 2191 quievisse
420 2164 453 2183 ex
468 2162 500 2183 eo
518 2155 670 2187 erudimur,
682 2154 755 2189 quod
771 2154 841 2181 inter
855 2158 965 2181 sanctos
978 2153 1012 2180 ab
1021 2153 1142 2181 Ecclesia
1158 2153 1253 2181 referri
1266 2153 1401 2181 videatur.

235 2208 316 2236 XVII.
328 2209 423 2236 Editus
438 2213 480 2236 est
493 2208 611 2244 primum
624 2206 861 2242 IoscpltiLibeIlus
875 2206 1035 2233 memorialia
1047 2215 1060 2233 a
1074 2206 1200 2235 Fabricio
1216 2207 1243 2234 itt
1261 2207 1326 2235 Cod.
1342 2207 1473 2243 Pseudep.
1495 2207 1594 2236 Veleris
1609 2209 1768 2237 Testameuti
1780 2210 1814 2246 (c)
1828 2222 1834 2238 :

197 2255 271 2282 unde
291 2258 319 2281 et
337 2261 388 2281 nos
404 2254 574 2288 accepimus.
586 2251 746 2280 Vcrsiouem
760 2256 852 2279 tamen
866 2256 988 2279 nostratn
998 2251 1196 2278 adornavitnus
1209 2251 1245 2279 ob
1261 2251 1396 2279 rationem
1408 2252 1471 2279 alibi
1487 2260 1559 2288 stirpe
1571 2257 1836 2281 commemoratam:

198 2303 280 2333 atque
296 2298 337 2325 sic
354 2301 458 2325 textum
479 2297 554 2324 illius
570 2296 772 2327 ordinavimus,
789 2300 818 2322 ut
831 2295 964 2323 lectorum
983 2294 1130 2322 commodo
1146 2293 1265 2321 maxime
1288 2295 1497 2323 inserviremus.
1516 2295 1539 2324 Is
1554 2297 1712 2332 quicunque
1724 2298 1835 2326 detnum

198 2341 293 2374 fuerit,
307 2345 355 2368 aut
368 2347 535 2376 quacunque
546 2340 655 2367 tandem
669 2344 749 2367 aetate
760 2339 870 2370 vixerit,
885 2339 994 2366 erudita
1011 2338 1098 2365 multa
1113 2338 1192 2365 nobis
1207 2338 1364 2374 suppeditat
1374 2339 1438 2366 alibi
1453 2340 1571 2368 fortasse
1586 2348 1641 2368 non
1660 2341 1836 2370 invenienda.

200 2384 310 2413 Utinam
328 2385 362 2412 ad
377 2393 428 2412 nos
446 2385 553 2419 integer
570 2383 756 2419 pervenisset!
773 2387 821 2410 aut
830 2382 929 2417 aliquis
944 2382 986 2409 vir
1000 2381 1097 2410 doctus
1118 2387 1145 2409 et
1159 2381 1262 2411 laboris
1275 2383 1383 2418 patiens
1394 2384 1480 2412 simili
1494 2389 1594 2412 conatu
1607 2385 1744 2420 jacturam
1758 2387 1838 2415 nobis

203 2430 362 2457 rcsarciret.

240 2527 274 2562 [(1)
291 2527 354 2562 Pag.
371 2525 434 2554 H7.
1080 2523 1116 2560 (c)
1127 2523 1192 2560 Pag.
1207 2524 1270 2552 557.

248 2536 274 2560 τι)
291 2536 354 2562 rag.
371 2536 382 2552 1
394 2536 404 2552 ι

236 2536 276 2598 ξε»)
295 2562 404 2591 Baillct.
