2073 3161
282 160 317 192 39
1023 157 1173 187 JOSEPPI
1875 153 1909 184 Iul

318 216 357 244 Ex
372 216 443 243 tribu
462 213 610 241 stuchar:
630 213 719 246 Cisso,
739 218 766 241 et
786 213 933 246 Rhamath,
952 217 979 240 et
997 213 1067 241 Deb—
1082 217 1104 243 Α

282 264 374 294 hatha,
392 267 418 290 et
432 261 518 288 llelie.
534 261 664 288 Civitates
679 267 715 286 iv.

318 353 356 380 Ex
372 352 442 380 tribu
461 350 666 383 Aser:Masala,
683 355 709 378 et
722 349 841 382 Abdoth,
853 354 880 377 et
891 349 1032 380 Chelcath.
1045 354 1072 377 et

283 399 369 426 Raab.
384 398 511 426 Civitates
528 405 563 425 Iv.

319 487 355 514 Ex
369 487 439 514 tribu
456 486 627 521 Nephl/mlim
641 487 781 514 :Ccdesin
792 486 913 519 Galila'a,
924 492 950 514 et
962 487 1070 519 Emath,

282 537 309 559 et
321 533 427 560 Carein.
449 533 577 560 Civitates
593 541 634 561 Ill.

319 626 358 653 Ex
379 626 452 653 tribu
475 625 595 652 Zabulon
608 633 618 652 :
634 624 752 658 Jeecom,
767 629 794 652 et
805 624 910 658 Cassir,
930 630 957 653 ιιι
971 625 1073 652 Rhem-

284 679 358 704 mon,
373 676 399 699 et
410 671 498 699 Ellan.
513 672 643 699 Civitates
659 678 696 699 ιν.

321 762 360 790 Ex
376 762 445 789 tribu
463 761 556 788 Rubim
570 771 580 791 :
599 769 673 789 trans
686 761 851 796 Jordanem,
870 762 967 796 Rosor,
985 768 1012 791 et
1026 762 1072 790 Ja-

285 808 335 842 zir,
349 813 374 834 et
385 807 527 840 Cedmmh,
542 811 569 834 et
588 807 723 842 Aphaalh.
744 806 876 835 Civitates
894 815 930 836 Iv.

322 893 359 920 Ex
372 893 442 920 tribu
457 893 534 921 Gud:
547 893 674 926 Ramoth,
689 898 716 921 et
731 893 898 927 Matthanen,
916 900 941 922 et
954 894 1073 928 Esebou,
1092 883 1112 911 Β

284 944 312 966 et
325 939 398 966 Azir.
416 939 463 966 Ha:
475 947 586 974 quoque
601 940 726 968 civitates
741 948 777 967 Iv.

284 1038 358 1067 CAP.
387 1039 506 1068 XXXIV.
533 1055 567 1076 τ
590 1041 725 1073 Quasnam
748 1047 872 1076 ceperunt
898 1042 1018 1070 civitates
1049 1048 1074 1070 et

444 1083 514 1110 reges
525 1096 532 1108 ,
545 1075 622 1103 Iesus
638 1081 662 1103 et
677 1075 878 1111 Calepltﬁdeles
895 1078 914 1104 ‘.

320 1121 333 1148 1
351 1120 449 1156 Regem
462 1121 582 1153 Jericbo,
598 1122 616 1149 2
639 1127 666 1150 et
680 1130 768 1158 regem
781 1122 841 1156 Gai,
859 1130 918 1157 qua:
931 1122 981 1150 fuit
993 1131 1076 1158 prope

285 1167 388 1200 Bethel,
406 1168 423 1194 5
449 1167 548 1202 Regem
573 1167 736 1202 Jerusalem,
764 1170 780 1196 Δ
806 1168 907 1204 Regem
934 1169 1074 1201 Cbehrmi,

285 1212 302 1239 ὅ
316 1212 416 1246 Regem
434 1212 545 1245 Lachis,
566 1213 582 1240 6
600 1214 699 1248 Regem
713 1213 861 1247 Jerimuth,
876 1214 892 1240 7
909 1214 1010 1249 Regem
1024 1215 1076 1242 Ga-

285 1266 341 1290 zer,
358 1259 373 1286 8
392 1259 491 1294 Regem
509 1259 628 1294 Eglom,
644 1260 660 1287 9
676 1261 776 1295 Regem
791 1260 875 1288 Ader.

321 1349 355 1376 10
372 1350 471 1386 Regem
488 1351 585 1384 Daber,
608 1352 635 1378 Η
657 1352 758 1387 Regem
775 1352 911 1386 Odollam,
929 1354 962 1380 ιε
976 1353 1076 1390 Regem

286 1395 396 1428 llerma,
423 1398 455 1424 15
480 1396 582 1432 Regem
609 1398 754 1433 Thapphu,
782 1399 817 1427 14
842 1399 945 1435 Regem
971 1400 1075 1434 Lebna,

287 1441 320 1469 15
339 1441 439 1476 Regem
457 1442 519 1476 Bec,
535 1443 568 1470 16
582 1443 683 1479 Regem
699 1445 819 1478 Maeeda,
838 1446 870 1472 17
885 1445 986 1482 Regem
999 1447 1077 1475 Sam-

286 1495 348 1519 ron.
363 1488 395 1515 18
407 1487 505 1524 Regem
518 1489 620 1524 Opher,
642 1491 675 1518 l9
691 1490 790 1526 Regem
802 1491 940 1528 Aehsaph.

321 1533 357 1561 20
380 1533 481 1569 Regem
502 1536 582 1570 Asor,
606 1535 638 1563 21
663 1537 764 1573 Regem
789 1537 909 1572 Meldon,
924 1539 959 1566 22
974 1539 1074 1575 Regem

1164 1556 1187 1578 κ’
1201 1552 1317 1579 Βασιλέα

287 1580 429 1614 Marrhon,
452 1582 488 1609 ‘23
508 1582 608 1618 Regem
636 1582 735 1616 Cedes,
761 1584 796 1611 24
823 1584 924 1620 Regem
955 1586 1077 1619 Thaliae,

287 1625 323 1652 25
339 1626 439 1662 Regem
459 1627 589 1655 Jeconam
610 1629 772 1663 Charmelis,
790 1630 826 1656 26
844 1630 943 1666 Regem
966 1632 1028 1664 Dor,
1044 1632 1078 1659 27

289 1671 389 1707 Regem
401 1672 507 1707 Naphcr
525 1673 590 1707 Dor,
611 1674 645 1701 28
663 1674 765 1710 Regem
781 1675 850 1704 Goin
864 1676 960 1713 Gogel,
976 1678 1010 1706 29
1026 1678 1080 1706 Re-

289 1726 349 1752 gem
369 1718 482 1746 'I‘hersa.

325 1762 426 1791 Omnes
438 1764 493 1797 isti,
509 1773 587 1801 reges
609 1774 675 1794 xxtx
701 1775 771 1802 quos
787 1769 899 1797 sustulit
918 1769 999 1799 Iesus
1015 1779 1077 1800 cum

290 1808 446 1837 civitatibus
463 1819 568 1845 eorum,
591 1821 660 1848 quas
678 1814 750 1842 forte
766 1815 908 1843 distribuit
925 1817 951 1844 in
968 1818 1079 1846 haeredi-

290 1859 370 1882 tatem
388 1857 450 1884 ﬁliis
463 1857 558 1886 Israel.

289 1910 366 1938 CAP.
380 1912 538 1952 XXXV._—
549 1915 665 1947 Quinam
678 1925 747 1952 reges
760 1925 934 1947 convenerunt
948 1920 975 1947 in
984 1921 1078 1949 vallem

454 1949 565 1983 salsam,
578 1959 642 1985 quos
655 1949 747 1979 cecidit
764 1954 908 1981 Abraham.

325 2003 447 2038 Marphal
470 2013 517 2032 rex
538 2006 682 2034 Sennaar:
701 2009 803 2037 Arioch
822 2017 868 2037 rex
884 2010 960 2038 Ellaa
979 2021 984 2038 :
1006 2012 1079 2040 Cho—

288 2049 461 2085 dollogomor
475 2059 522 2079 rex
540 2052 616 2080 Elam
631 2062 638 2080 :
657 2053 780 2090 Thargar
791 2062 840 2082 rex
856 2057 989 2091 gentium.

286 2152 365 2181 CAP.
385 2154 504 2183 XXXVI.
525 2171 560 2176 —-
587 2156 720 2194 Quisunt
743 2166 824 2194 reges,
851 2168 916 2194 quos
943 2160 1078 2188 Abraham

551 2193 662 2218 servavit
675 2201 734 2219 cum
754 2193 812 2220 Lol.

324 2257 411 2284 Ellam
434 2265 524 2292 regem
550 2258 731 2287 Sodomorum
753 2268 760 2287 :
787 2261 962 2296 Megabersan
985 2271 1075 2298 regem

288 2302 468 2330 Gomorrhm:
487 2303 608 2331 Sennaar
627 2312 716 2341 regem
734 2306 900 2335 Adamorum
918 2318 924 2336 :
943 2309 1078 2338 Somohor

291 2355 380 2382 regem
397 2348 511 2376 Seboem
526 2359 533 2376 :
550 2349 631 2377 Balae
645 2358 734 2385 regem
755 2351 852 2388 Segor.
869 2354 924 2383 Rus
940 2356 1077 2384 Abraham

289 2395 433 2423 insecutus
453 2396 625 2431 eripieusque
638 2405 654 2425 a
668 2399 825 2433 captivitate
849 2401 1001 2430 incolumes
1021 2411 1076 2431 ser-

291 2443 373 2475 vavit,
404 2445 518 2472 armatis
541 2446 566 2472 in
587 2447 700 2479 gratiam
726 2454 820 2474 eorum
847 2450 934 2477 servis
947 2450 1014 2483 suis,
1031 2451 1077 2485 qui

288 2494 368 2516 erant
383 2497 497 2517 numero
510 2499 634 2519 cccxvm.

288 2545 366 2574 CAP.
377 2546 545 2574 XXXVlI.—
560 2549 674 2580 Quinum
687 2549 789 2578 Πρωτεῖ
798 2559 856 2578 cum
865 2557 950 2579 essent
960 2553 1076 2579 ethnicus

557 2592 651 2612 uxore:
667 2589 810 2614 duxerunt.

323 2638 409 2665 ludas
424 2639 503 2666 duxit
527 2640 592 2674 Sua,
609 2649 642 2668 ex
658 2650 712 2676 qua
730 2643 824 2670 habuit
839 2644 909 2672 lilios
922 2644 965 2671 Sir
981 2649 1009 2672 et
1020 2645 1077 2671 Au-

289 2691 323 2710 ua
336 2689 362 2711 et
375 2684 470 2712 Silom.
485 2686 595 2720 Accepit
606 2695 687 2721 porro
699 2696 811 2716 uxorem
825 2690 944 2717 Thamar
959 2691 1014 2718 lilio
1027 2699 1077 2718 suo

288 2729 352 2763 Sir;
367 2739 421 2765 quo
433 2737 552 2766 mortuo,
566 2733 640 2761 dedit
652 2742 711 2761 eam
724 2735 750 2762 in
762 2736 966 2764 matrimonium
981 2736 1075 2764 Annae.

326 2820 381 2854 (5|)
394 2821 495 2849 Confer
514 2823 570 2854 .los.
587 2831 635 2855 ιιι,
652 2823 729 2850 9-24.

327 2855 383 2890 (52)
399 2856 456 2891 Ipse
469 2866 596 2886 numerus
612 2860 735 2895 appusui.

363 2970 388 2990 τ

1161 213 1229 240 ’Δπὸ
1263 212 1352 247 φυλῆς
1387 211 1553 246 Ἰσσάχιιρ·
1577 211 1626 246 τὴν
1658 210 1763 242 Κισσὼ,
1789 210 1837 237 καὶ
1861 210 1910 243 τὴν

1127 257 1245 293 Ῥαμαθ,
1263 258 1310 284 καὶ
1324 257 1372 292 τὴν
1389 256 1581 290 Δεϐἦαοὰ,καὶ
1594 257 1642 292 τὴν
1667 256 1750 283 Ἦλιν.
1767 253 1852 283 Abte:
1864 257 1911 282 πό-

1122 306 1179 335 λεις
1198 304 1230 330 δ’.

1163 348 1230 376 ’Λπὺ
1254 349 1340 385 φυλῆς
1360 349 1468 383 Ἀσήρ·
1484 348 1534 384 τὴν
1557 348 1685 380 Μασαλὰ,
1713 347 1759 374 καὶ
1777 347 1826 382 τὴν
1847 346 1910 373 ’Δε-

1121 396 1187 428 δὼῠ,
1205 396 1253 422 καὶ
1275 395 1325 430 τὴν
1347 395 1467 428 Χελκὰθ,
1492 395 1540 421 καὶ
1562 394 1613 429 τῆν
1635 393 1732 420 Ῥαάὃ.
1757 389 1843 419 Δῦται
1859 395 1909 418 πό-

1122 443 1177 474 λεις
1190 441 1222 471 δ’.

1164 489 1231 515 Ἀπὸ
1252 488 1337 524 φυλῆς
1352 487 1522 522 Νεφθαλείμ
1533 494 1540 501 ·
1558 487 1607 523 τὴν
1625 486 1708 517 Κεδὲς
1732 487 1761 512 ὲν
1781 487 1815 520 τῇ
1833 484 1910 512 Γαλι-

1123 535 1197 570 λαίᾳ,
1224 536 1272 562 καὶ
1296 535 1346 569 τὴν
1362 534 1460 569 Ἐμὰθ,
1484 533 1531 560 καὶ
1547 533 1594 569 τὴν
1612 533 1725 568 Καρεῒν.
1752 529 1838 558 Ala-rat
1863 531 1910 557 πό-

1123 583 1178 613 λεις
1189 581 1222 616 γ’.

1166 628 1231 654 Ἀπδ
1245 628 1332 663 φυλῆς
1355 626 1535 654 Ζαϐουλὼν·
1560 627 1609 662 τὴν
1635 624 1765 658 ’Ῑεκκὼμ,
1790 623 1837 651 καὶ
1862 622 1911 656 τὴν

1123 675 1256 710 Κασσεὶρ,
1275 675 1321 701 καὶ
1342 673 1391 709 τὴν
1411 672 1551 708 Ῥεμμὼν,
1571 672 1619 698 καὶ
1634 671 1683 706 τὴν
1706 670 1811 697 Ἐλλάν.
1827 665 1911 695 Aiunt

1123 720 1215 751 πόλεις
1227 719 1258 746 δ’.

1165 765 1231 792 Ἀπδ
1255 765 1340 799 φυλῆς
1361 763 1498 799 Ῥουὸίμδ
1527 763 1614 798 πέραν
1633 761 1680 788 τοῦ
1702 761 1846 796 Ἰορδάνου,
1864 759 1912 794 τὴν

1125 811 1220 846 Βόσορ,
1236 810 1283 837 καὶ
1294 810 1343 845 τὴν
1361 809 1525 844 ’1αζεὶρ,καὶ
1537 807 1722 843 τῆνΚεδμὼθ,
1734 807 1782 833 καὶ
1796 804 1910 839 ’Λφαάθ.

1125 853 1210 884 Δῦται
1225 856 1317 887 πόλεις
1331 855 1363 882 δ’.

1166 901 1233 927 ’Λπδ
1245 901 1331 935 φυλῆς
1356 900 1438 927 Γὰδ·
1466 900 1515 935 τὴν
1539 899 1661 934 Ῥαμὼθ,
1683 899 1729 925 καὶ
1755 897 1911 932 Ματθανὴν,

1126 947 1174 974 καὶ
1192 947 1241 982 τὴν
1265 946 1393 979 Ἐσεϐὦν,
1421 946 1467 973 καὶ
1492 946 1541 980 τὴν
1559 945 1661 980 Ἀζειρ,
1686 945 1741 970 Καὶ
1765 939 1846 970 αὗται
1864 943 1913 969 πό-

1125 993 1183 1024 λεις
1199 992 1230 1019 δ’.

1127 1048 1253 1075 ΚΕΦΑΛ.
1270 1048 1330 1076 ΛΔ’.
1347 1063 1382 1068 --
1404 1049 1491 1081 Τίνας
1509 1047 1654 1082 εἰλήφασι
1676 1047 1779 1078 πόλεις
1795 1045 1844 1082 καὶ
1857 1045 1916 1078 ,βα-

1185 1083 1293 1116 σιλεῑς,
1316 1083 1432 1117 Ἰησοῦς
1450 1084 1498 1109 καὶ
1515 1084 1616 1116 Καλέφ
1630 1084 1657 1108 οὶ
1672 1083 1774 1108 πιστοί
1786 1081 1853 1116 (51).

1163 1143 1186 1166 α’
1204 1140 1260 1175 (52)
1286 1140 1339 1167 Τὸν
1357 1139 1471 1175 βασιλέα
1494 1139 1610 1175 Ἱεριχὼ,
1634 1139 1656 1174 β’
1672 1139 1719 1166 καὶ
1735 1139 1780 1165 τὸν
1804 1138 1916 1173 βασιλέα

1126 1186 1174 1220 τῆς
1190 1185 1250 1216 Γαῖ,
1266 1185 1282 1220 ἥ
1300 1186 1357 1211 ἐστι
1369 1185 1483 1219 πλησίον
1498 1184 1595 1220 Βεθὴλ,
1611 1187 1635 1218 γ’
1648 1183 1762 1218 βασιλέα
1779 1183 1913 1218 Ἰερουσα-

1127 1230 1192 1266 λὴμ,
1210 1229 1231 1257 δ’
1248 1231 1360 1265 βασιλέα
1372 1230 1496 1264 Χεῆρῶν,
1512 1233 1532 1256 ε’
1549 1229 1665 1264 βασιλέα
1683 1228 1778 1264 Λάχις,
1795 1228 1821 1260 ς’
1837 1227 1916 1263 βασι-

1127 1277 1175 1303 λέα
1192 1276 1340 1312 Ίεριμοὺθ,
1353 1276 1375 1309 ζ’
1389 1276 1502 1311 βασιλέα
1517 1275 1615 1311 Γαζὲρ,
1626 1275 1654 1311 η’
1665 1274 1778 1311 βασιλέα
1791 1273 1914 1309 Αἱγλὼμ,

1127 1322 1149 1348 θ’
1166 1322 1280 1358 βασιλέα
1300 1322 1388 1358 Ἀδέρ.

1164 1366 1179 1392 ι’
1196 1366 1314 1394 Βασιλέα
1328 1367 1431 1402 Δαὸὴρ,
1449 1367 1483 1394 ια’
1499 1367 1610 1402 βασιλέα
1636 1366 1776 1402 Ὀδολλὰμ,
1791 1366 1824 1402 ιβ’
1839 1366 1917 1402 βασι-

1127 1412 1174 1440 λέα
1194 1413 1293 1448 Ἑρμᾶ,
1313 1417 1347 1447 ιγ’
1361 1413 1476 1448 βασιλέα
1492 1413 1618 1448 Θαπφοῦ,
1634 1412 1664 1440 ιδ’
1679 1413 1792 1448 βασιλέα
1814 1412 1914 1444 Λεὸνᾶ,

1129 1462 1157 1485 ιε’
1175 1458 1286 1492 βασιλέα
1309 1457 1374 1490 Βὲκ,
1402 1458 1439 1490 ις’
1461 1458 1574 1492 βασιλέα
1596 1459 1724 1493 Μακηδὰ,
1749 1459 1782 1491 ιζ’
1803 1458 1916 1493 βασιλέα

1129 1507 1254 1541 Σαμρῶν,
1274 1509 1309 1542 ιη’
1326 1506 1437 1541 βασιλέα
1457 1505 1551 1541 Ὀφὲρ,
1570 1504 1602 1532 ιθ¹
1620 1505 1732 1540 βασιλέα
1753 1505 1868 1541 Ἀχσάφ.

1342 1551 1440 1587 Ἀσὼρ,
1457 1553 1500 1578 κα¹
1516 1551 1631 1586 βασιλέα
1645 1551 1767 1584 Μελδὼν,
1781 1551 1822 1586 κβ¹
1838 1552 1917 1587 βασι-

1129 1599 1177 1625 λέα
1199 1598 1332 1634 Μαρῤὼν,
1352 1602 1393 1633 κγ’
1409 1597 1521 1633 βασιλέα
1545 1598 1644 1630 Κέδες,
1671 1598 1709 1624 κδ’
1728 1598 1840 1633 βασιλέα
1862 1598 1917 1624 Θα-

1130 1644 1192 1676 vix,
1209 1643 1248 1670 κε’
1264 1643 1376 1679 βασιλέα
1399 1643 1524 1679 Ἰεκονὰμ
1538 1644 1585 1670 τοῦ
1603 1643 1723 1679 Χερμὲλ,
1741 1646 1786 1675 κς¹
1804 1643 1916 1678 βασιλέα

1129 1690 1206 1724 Δῶρ,
1232 1688 1274 1722 κζ’
1298 1690 1412 1725 βασιλέα
1437 1689 1486 1716 τοῦ
1511 1690 1607 1724 Ναφὲρ
1635 1690 1705 1724 Δῶρ,
1733 1692 1776 1724 κη’
1803 1689 1917 1724 βασιλέα

1129 1736 1207 1771 Γωῖμ
1218 1736 1273 1772 (55)
1284 1736 1334 1771 τῆς
1349 1736 1443 1770 Γογὲλ,
1458 1736 1499 1762 κδ’
1515 1736 1625 1770 βασιλέα
1637 1735 1738 1771 Θερσά.

1164 1783 1267 1814 Πάντες
1284 1779 1356 1808 οὗτοι
1373 1782 1491 1816 βασιλεῖς
1506 1782 1546 1808 κθ⁷
1561 1781 1607 1813 οὒς
1622 1782 1727 1808 ἀνεῖλεν
1751 1780 1853 1816 Ἰησοῦς
1868 1781 1917 1807 σὺν

1129 1830 1190 1860 ταῖς
1210 1828 1321 1855 πόλεσιν
1345 1828 1447 1862 αὐτῶν,
1463 1829 1510 1854 καὶ
1529 1827 1743 1863 ἑίιληροδότησεν
1760 1827 1844 1859 αὐτὰς
1861 1828 1918 1858 τοῖς

1130 1874 1197 1906 υἱοῖς
1220 1873 1340 1909 Ἰσραήλ.

1129 1930 1255 1957 ΚΕΦΔᾹ.
1271 1930 1333 1956 AE’.
1354 1946 1389 1951 —-
1406 1930 1488 1963 Τίνες
1499 1931 1526 1957 ol
1538 1929 1680 1962 βασιλεῖς
1692 1929 1871 1962 ἐπελθόντες
1881 1928 1918 1963 τῇ

1205 1964 1307 2000 ἁλυκῇ
1321 1965 1438 1992 πεδιάδι
1455 1965 1509 1998 οὒς
1524 1965 1674 1996 ἐπάταξεν
1699 1964 1836 1997 Ἀϐραάμ.

1164 2022 1296 2057 Μαρφὰλ,
1327 2022 1454 2057 βασιλεὺς
1481 2022 1618 2057 Σενναάρ·
1653 2021 1763 2056 Ἀριὼχ,
1793 2019 1918 2055 βασιλεὺς

1135 2068 1250 2095 Ἐλλαά·
1270 2068 1485 2104 Χοδολλογόμορ,
1509 2068 1637 2103 βασιλεὺς
1665 2068 1767 2102 Ἐλάμ·
1792 2066 1918 2102 Θαργὰρ,

1130 2113 1257 2149 βασιλεὺς
1274 2114 1368 2141 ἐθνῶν.

1131 2171 1254 2197 ΚΕΦΑΛ.
1269 2169 1340 2204 aq'.
1356 2186 1391 2190 —
1405 2170 1488 2202 Τίνες
1498 2171 1524 2196 οὶ
1535 2170 1687 2202 βασιλεῖς.
1702 2169 1756 2203 οὓς
1771 2169 1918 2197 διέσωσεν

1347 2205 1474 2240 Ἀϐραὰμ
1486 2205 1561 2239 μετὰ
1578 2205 1631 2232 τοῦ
1647 2205 1722 2233 Λώτ.

1173 2271 1286 2307 Ἑλλὰμ,
1305 2271 1419 2306 βασιλέα
1435 2271 1572 2307 Σοδόμων·
1591 2270 1781 2308 Μεγαϐερσᾶν,
1807 2273 1934 2308 βασιλέι

1131 2317 1294 2352 Γομόρρας·
1326 2318 1458 2353 Σενναὰρ,
1481 2317 1593 2352 βασιλέα
1617 2318 1758 2352 Ἀδαμῶν-
1787 2318 1918 2353 Σομοὸδρ,

1132 2362 1245 2396 βασιλέα
1271 2362 1408 2398 Σεσώημ·
1427 2363 1527 2396 Βαλὰκ,
1549 2363 1660 2398 βασιλέα
1685 2363 1780 2398 Σεγόρ.
1803 2364 1920 2397 Τούτους

1138 2408 1267 2444 ’Λὸραὰμ
1285 2409 1432 2442 ἐπιδιώξας
1448 2409 1495 2436 καὶ
1509 2409 1612 2436 ἀνελὼν
1634 2409 1666 2435 ἑκ
1679 2409 1730 2443 τῆς
1754 2409 1918 2445 ἀπαγωγῆς,

1132 2455 1303 2488 ὑπεξειλατο,
1318 2455 1533 2491 ἐπιστρατεύσας
1547 2456 1639 2486 αὐτοῖς
1659 2455 1723 2487 τοὺς
1742 2455 1839 2482 ἑαυτοῦ
1857 2457 1920 2482 παῖ-

1131 2501 1188 2532 δας,
1205 2501 1286 2533 ὄντας
1304 2501 1349 2528 τὸν
1367 2502 1485 2537 ἀριθμὸν
1498 2501 1562 2538 tu".

1131 2557 1257 2584 ΚΕΦΛΛ.
1275 2557 1335 2584 AZ'.
1363 2573 1398 2578 —
1426 2558 1509 2595 Urse
1529 2559 1659 2595 ξΕϐραῖοι
1680 2559 1827 2595 γυναῖκας
1844 2559 1920 2586 ἐθνι-

1412 2593 1468 2625 κὰς
1477 2593 1635 2628 ἠγάγοντο.

1174 2648 1285 2682 Ἰούδας
1301 2649 1350 2684 τὴν
1369 2649 1450 2680 Σουὰ,
1469 2650 1498 2682 ἐξ
1521 2647 1555 2686 ἧς
1575 2651 1656 2686 ἔσχεν
1681 2651 1767 2682 υἱοὺς,
1781 2650 1826 2677 τὸν
1845 2651 1919 2685 Σεὶρ,

1132 2695 1180 2721 καὶ
1200 2694 1245 2721 τὸν
1271 2695 1356 2728 Αὑνᾶ,
1379 2695 1426 2722 καὶ
1447 2695 1493 2721 τὸν
1513 2696 1614 2731 Σιλώμ.
1636 2696 1736 2723 Ἐλαὸε
1759 2697 1788 2723 δὲ
1804 2697 1920 2731 γυναῖκα

1132 2740 1181 2775 τὴν
1195 2740 1294 2776 Θάμαρ
1309 2741 1348 2776 τῷ
1371 2741 1422 2778 υἱῷ
1443 2743 1525 2769 αὐτοῦ
1545 2744 1617 2778 Σεὶρ,
1635 2743 1683 2770 καὶ
1706 2743 1802 2770 τούτου
1818 2741 1920 2778 ἀποθα-

1169 2828 1225 2863 ¹53>
1244 2827 1298 2856 Le.
1315 2829 1430 2858 Galila'a:
1446 2832 1575 2867 gentium.
