2073 3161
190 190 245 223 ’55

953 195 1104 226 JOSEPPI
1804 195 1839 224 56

207 251 283 280 CAP.
300 251 381 280 LVII.
395 267 429 273 -—
444 252 560 285 Quinam
569 252 632 279 dum
642 252 789 286 efferuntur
808 252 903 288 ἀείρειὶ
921 258 991 280 sunt.

1055 255 1171 282 (ΕΦΛΛ.
1190 255 1252 282 ΝΖ¹.
1269 268 1302 274 -‹
1320 254 1402 287 Τίνες
1419 252 1694 288 ἁλαζονευσάμενοι
1711 254 1837 286 κατηνέ-

244 341 297 374 Qui
309 341 405 368 turrim
417 341 444 368 in
459 340 558 368 caelum
571 340 770 375 pertingentem
785 340 921 370 adiﬁcare
931 342 997 370 dum

208 384 313 417 volunt.
332 384 495 419 multilingni
513 392 580 412 voce
595 385 676 412 scissi
694 389 771 413 sunt.

245 427 362 461 Pharao,
375 428 422 463 qui
434 428 460 455 in
474 435 523 455 sua
541 429 663 463 potentia
675 430 844 464 gloriabatur
856 431 997 464 audacter,

207 478 234 500 et
250 473 357 501 dicebat
369 473 477 501 :,Deam
489 482 541 501 nou
555 475 626 507 novi,
639 480 662 502 et
674 476 798 510 populum
815 485 866 504 non
880 478 997 515 dimitto,

209 519 233 546 is
254 523 315 554 post
328 519 422 546 decem
442 520 536 556 plagas
552 529 614 548 cum
631 522 761 550 universo
776 524 896 551 exercitu
915 525 1000 552 maris

207 564 286 599 aquis
299 564 417 593 obrutus
433 571 485 593 est.

244 608 375 642 Roboam,
391 610 437 644 qui
449 611 514 637 dum
530 612 620 646 populi
637 613 739 640 nullam
757 614 837 641 habet
851 614 997 646 rationem.

208 660 234 683 et
243 655 304 690 plus
315 663 398 690 quam
416 662 491 691 pater
504 657 565 692 ejus
581 658 711 686 Salomon
724 659 782 686 vult
795 667 902 695 sapere,
918 668 933 688 a
949 668 999 696 pa-

209 706 288 728 terno
300 701 402 728 excidit
416 701 544 736 imperio.

243 745 361 779 Goliath,
378 748 495 782 superbe
514 749 623 783 sapiens
638 750 770 778 adversus
784 751 870 778 aciem
889 751 1000 779 univer-

209 799 267 819 sam
284 791 373 820 sancti
389 793 492 828 populi,
523 794 596 821 velut
614 795 702 829 canis,
719 795 808 831 lapide
823 803 885 824 eutn
905 805 1000 832 percu-

210 838 294 866 tiente
305 839 520 873 adolescentulo,
535 841 643 869 cecidit.

244 885 398 912 Abnsalom
413 886 459 921 qui
477 887 511 914 ob
525 894 644 921 comam,
657 893 683 916 et
695 890 814 918 Adonias
829 892 875 927 qui
893 892 927 919 ob
943 892 1000 918 for-

1376 291 1507 324 χοησαν.

1084 348 1116 374 Οί
1131 346 1178 374 τὸν
1203 346 1243 378 εἰς
1261 345 1378 380 οὕρανῦν
1394 345 1522 380 διήκοντα
1540 343 1717 380 βουληθέντες
1736 342 1839 370 οἰκοδο-

1051 395 1112 429 μεῖν
1125 393 1251 428 πύργον,
1271 393 1305 428 τῇ
1322 391 1506 426 πολυγλώσσῳ
1525 390 1727 425 διασχισθέντες
1750 390 1838 425 φωνῇ.

1085 439 1190 473 Φαραὼ
1214 439 1261 466 ἐπὶ
1277 439 1310 473 τῇ
1326 438 1424 464 ἑαυτοῦ
1438 437 1552 472 δυνάμει
1569 435 1780 471 θρασυνόμενος.
1793 436 1841 462 καὶ

1049 485 1148 519 λέγων·
1172 482 1229 511 Τὸν
1254 482 1328 510 Θεὸν
1350 483 1406 510 οὐκ
1427 481 1599 516 ἐπίσταμαι,
1623 480 1741 508 καὶτὸν
1762 480 1840 507 λαὸν

1050 531 1105 558 οὐκ
1124 530 1323 558 ἀποστέλλω’
1346 528 1415 564 μετὰ
1429 528 1478 559 τὰς
1500 527 1567 554 δέκα
1585 526 1709 562 πληγὰς,
1726 526 1778 553 ὐπδ
1793 526 1841 561 βυ-

1051 576 1097 604 θὸν
1112 575 1285 611 πανστρατιᾷ
1297 574 1514 609 καλυπτόμενος.

1092 621 1218 656 Ῥοϐοάμ
1232 620 1445 655 καταφρονήσας
1465 618 1513 645 τοῦ
1529 617 1605 648 λαοῦ,
1623 617 1671 644 καὶ
1690 616 1775 652 μείζω
1789 615 1839 643 τοῦ

1051 666 1209 702 Σολομῶνος
1228 666 1275 692 τοῦ
1291 665 1390 692 ἑαυτοῦ
1407 664 1508 700 πατρὸς
1525 663 1642 699 θελήσας
1655 664 1775 699 φρονεῖν,
1789 664 1840 698 τῆς

1052 713 1190 748 πατρικῆς
1207 712 1337 744 ἐξέπεσεν
1352 712 1450 746 ἀρχῆς.

1087 759 1200 785 Γολιάο
1220 757 1292 793 μέγα
1316 758 1457 792 φρονήσας
1477 756 1550 783 κατά
1575 754 1755 791 παρατάξεως
1775 754 1840 790 ελης

1051 803 1099 830 τοῦ
1122 803 1195 838 ἱεροῦ
1218 801 1294 834 λαοῦ,
1312 803 1349 834 ὼς
1373 801 1458 834 κύων,
1480 801 1546 836 λίθῳ
1569 800 1676 842 νεανίου
1699 799 1842 834 βάλλοντος

1051 849 1143 881 αὐτὸν,
1159 849 1225 876 κατέ
1231 857 1323 875 πεσεν.

1094 893 1288 928 Ἀϐεσσαλὼμ
1303 893 1350 920 ἐπὶ
1365 892 1448 928 κόμῃ,
1464 891 1510 919 καὶ
1528 891 1670 923 Ἀδωνίας
1689 890 1736 916 ἐπὶ
1748 887 1843 915 κάλλει

211 939 284 959 luam
300 932 363 961 elati
378 937 467 966 erant,
479 933 676 962 inhonoratum
692 936 745 963 sibi
762 937 823 964 vitae
837 925 919 965 iinem
935 946 999 965 con-

1055 940 1235 976 ὲπαρθὲντες,
1249 925 1386 973 ἀτίμωτον
1400 925 1505 968 ἑαυτοῖς
1521 936 1577 971 βίον
1590 931 1787 970 κατέστρεψαν.

209 976 348 1006 ciliarunt.

243 1022 456 1059 Babyloniorum
478 1032 524 1052 rex
542 1024 730 1054 Sanane/terim
756 1028 835 1056 valde
863 1027 1000 1057 ferociens

208 1069 245 1097 ob
257 1069 378 1097 devictas
393 1075 499 1105 gentes,
508 1075 536 1098 et
550 1071 681 1100 adversus
694 1073 850 1106 Ezechiam,
868 1078 998 1110 tanquam

209 1114 256 1149 qui
270 1115 361 1149 juvari
375 1116 449 1144 nullo
461 1117 542 1145 modo
550 1123 653 1152 posset,
666 1125 713 1153 per
728 1117 882 1154 Rapsacum
898 1121 999 1153 elatus,

209 1168 291 1188 suum
304 1161 390 1196 ipsius
404 1162 553 1190 exercitum
568 1163 700 1192 divinitus
717 1164 842 1192 immissa
859 1166 935 1201 plaga
949 1166 1000 1194 sub

211 1213 296 1233 unum
312 1207 443 1242 temporis
455 1213 625 1236 momentum
639 1209 780 1243 amittens,
794 1215 876 1246 atque
891 1217 1000 1247 arrepta

210 1251 286 1286 iuga,
302 1253 378 1280 solus
397 1253 513 1282 evadens
528 1254 555 1281 in
573 1258 673 1283 terram
690 1262 780 1288 suam.
796 1256 895 1284 ibidem
912 1264 927 1285 a
943 1257 1000 1285 suis

210 1297 303 1331 pueris
317 1298 475 1326 interfectus
489 1304 542 1328 est.

246 1344 334 1379 Syria:
353 1353 400 1372 rex
425 1345 512 1372 A-ladi
532 1346 623 1379 ﬁlius,
650 1346 697 1381 qui
719 1346 783 1374 dum
805 1347 949 1375 minitatur
971 1355 1001 1375 se

211 1392 368 1420 universum
393 1392 574 1419 lsraeliticnm
595 1393 726 1428 p0pulum
744 1393 925 1421 internecioni
951 1394 1001 1421 da-

210 1443 314 1472 tnrnm,
331 1439 365 1466 ab
380 1438 602 1467 adolescentibus
615 1447 736 1472 ccxxx",
751 1439 844 1468 decem
861 1445 1001 1475 pugnato-

211 1492 271 1511 rum
285 1491 399 1511 suorum
418 1483 500 1511 millia
516 1483 621 1516 amisit,
636 1488 776 1519 totumque
789 1491 903 1520 regnum
920 1491 1002 1513 suum

212 1528 330 1564 perdidit
341 1529 374 1556 η.

247 1575 330 1604 Ozias
347 1583 405 1608 rex,
423 1575 469 1610 qui
483 1575 518 1602 ob
532 1575 668 1610 justitiam
685 1575 818 1611 superbos
832 1576 945 1608 spiritus
957 1584 1003 1604 sn-

211 1629 300 1652 tnens.
320 1621 469 1656 volensque
487 1622 657 1649 sacerdotem
680 1628 771 1656 agere,
790 1621 865 1656 lepra
892 1629 1003 1656 percus-

211 1674 270 1699 sus,
285 1675 341 1693 non
359 1667 441 1694 modo
456 1674 552 1701 regno,
574 1667 622 1694 sed
638 1666 721 1693 domo
732 1667 815 1694 etiam
830 1667 937 1701 ejectus
951 1672 1002 1695 est.

248 1711 496 1738 Nabuchodonosor
510 1711 546 1739 ob
565 1712 688 1738 omnium
705 1712 827 1747 gentium
845 1713 1002 1745 victoriam,

213 1761 378 1790 auctamque
392 1757 569 1792 Babylonem,
583 1764 665 1792 super
675 1764 770 1785 omnes
786 1758 887 1790 elatus,
903 1758 1004 1786 amissa

214 1801 333 1829 hominis
345 1805 446 1834 mente,
462 1801 527 1828 {crae
539 1801 626 1828 instar
639 1800 761 1827 animum
775 1801 903 1829 obtinuit.

252 1889 404 1916 l’harisa’us
420 1889 501 1916 etiam
518 1889 554 1916 ob
573 1889 710 1924 propriam
727 1889 862 1924 justitiam
885 1890 939 1917 alte
960 1898 1004 1917 sa-

212 1935 301 1970 piens,
315 1939 398 1969 atque
409 1942 443 1962 ex
455 1941 488 1961 ea
499 1935 525 1961 in
541 1935 717 1970 publicanum
729 1935 859 1962 audacter
871 1935 1004 1968 invectus,

211 1981 345 2016 justitiam
363 1978 465 2009 amisit.

213 2036 291 2065 CAP.
307 2035 398 2064 LVIII.
415 2052 451 2057 ——
467 2037 703 2098 QuinamJJropter
713 2036 892 2064 humilitatem
903 2037 938 2064 ad
952 2037 1006 2073 glo-

355 2073 424 2098 riam
443 2076 467 2098 et
487 2071 579 2098 εειιίιυ
603 2072 671 2098 inem
687 2073 767 2098 evecti
787 2077 860 2098 nuit.

355 2073 424 2099 riam
443 2076 467 2099 et
487 2071 671 2099 celsitudinem
687 2073 767 2099 evecti
787 2077 860 2100 smn.

248 2130 355 2166 Joscplt,
372 2130 436 2157 dum
453 2130 585 2164 patienter
602 2129 796 2164 humiliterque
814 2131 933 2158 sustinet
946 2137 1004 2158 m0-

213 2179 307 2208 lestias
323 2179 411 2206 illatas
426 2178 477 2205 sibi
493 2185 507 2203 ο
524 2176 655 2204 fratribus
671 2181 698 2204 et
724 2182 847 2212 rcpntata
870 2177 934 2204 hera
946 2198 954 2210 ,
971 2178 1004 2205 ad

214 2225 358 2260 imperium
373 2224 483 2259 ,Εενοιί
500 2226 645 2258 provectus
662 2227 713 2250 est.

249 2271 333 2297 Iacob
351 2270 471 2304 fugitans
488 2269 581 2295 fratris
603 2268 702 2299 mittas,
723 2268 941 2303 hospitalemun
957 2276 1006 2303 pro
1024 2279 1044 2305 ῃ

216 2317 304 2351 patrio
317 2316 400 2344 larem
414 2315 576 2346 immutans,
591 2313 694 2341 divitiis
707 2318 733 2340 et
748 2314 898 2342 honoribus
910 2322 1006 2342 cunm-

215 2364 287 2390 latns
301 2369 428 2389 reversus
445 2365 497 2388 est.

251 2408 337 2435 Judas
354 2407 500 2442 prouidens
513 2413 607 2434 coram
624 2406 726 2441 Ioseph
743 2406 764 2422 "
781 2406 815 2433 ob
830 2414 861 2434 ea
874 2426 881 2438 ,
900 2414 961 2441 quae
979 2407 1005 2434 in

215 2454 290 2480 illum
309 2460 450 2487 perperam
469 2457 543 2487 gesta
556 2451 673 2486 fuerant,
688 2453 788 2487 regalis
803 2453 937 2488 prosapiae
954 2461 1004 2479 an-

213 2505 274 2528 ctor
287 2504 316 2526 ut
332 2499 406 2525 tieret
422 2498 521 2533 dignus
537 2499 644 2525 habitus
661 2503 712 2525 est.

247 2544 404 2573 Gabaonin
427 2544 492 2571 dum
518 2543 612 2571 Jcsuut
637 2544 756 2576 adeunt,
776 2545 886 2579 quando
910 2550 1004 2580 gentos

212 2591 385 2622 debellabat,
405 2597 452 2625 per
466 2589 648 2617 humilitatem
668 2589 694 2616 in
719 2590 775 2617 suis
799 2590 917 2624 propriis
943 2597 1005 2625 pcr-

214 2641 384 2669 nianscrunt,
398 2637 536 2664 consecuti
551 2635 776 2664 incolumitatem.

250 2683 336 2710 David
357 2683 459 2718 jngiter
475 2683 587 2711 humilis
605 2683 632 2710 in
649 2683 693 2716 iis,
710 2690 771 2718 qua:
793 2691 807 2711 a
822 2683 904 2711 Sanle
920 2683 1004 2711 susti-

216 2729 309 2762 nebat,
323 2737 435 2764 regnnm
450 2737 561 2765 quoque
575 2729 703 2757 obtinuit.

251 2773 381 2801 Jeremias
394 2775 527 2810 vapulans
547 2780 575 2803 et
591 2775 746 2803 custoditus
766 2776 792 2802 in
811 2784 920 2804 carcere
938 2785 1002 2812 pro-

216 2825 276 2855 pter
288 2828 398 2849 veraces
412 2822 612 2856 praedictiones,
625 2821 690 2848 dum
707 2821 765 2849 ba-c
780 2822 920 2850 humiliter
934 2824 1003 2858 pati-

253 2899 274 2915 “
291 2898 321 2929 lll
337 2897 402 2934 Reg.
418 2907 463 2930 xx,
479 2898 522 2925 IS.
563 2899 583 2914 ”
598 2898 665 2925 Gen.
688 2906 760 2931 an",
780 2898 819 2926 18.

1096 1031 1125 1056 '0
1141 1029 1196 1055 τῶν
1215 1027 1394 1055 Βαϐυλωνίων
1415 1026 1540 1061 βασιλεὺς
1555 1022 1758 1057 Σενναχηρεὶμ
1772 1021 1844 1056 μέγα

1054 1073 1218 1110 θρασυνθεὶς
1233 1073 1279 1099 ἐπὶ
1292 1073 1325 1106 τῇ
1342 1071 1397 1097 τῶν
1422 1070 1507 1097 ἐθνῶν
1527 1067 1694 1104 παραλήψει,
1709 1067 1758 1093 καὶ
1772 1066 1844 1110 κατά

1053 1121 1101 1147 τοῦ
1131 1119 1265 1151 Ἐζεκίου,
1288 1118 1326 1148 ὡς
1357 1116 1394 1151 μὴ
1420 1114 1573 1149 δυναμένου
1596 1112 1775 1147 βοηθεῖσθαι,
1800 1109 1845 1136 διὰ

1059 1166 1197 1200 Ῥαψάκου
1209 1162 1404 1197 κατεπαρθεὶς,
1419 1161 1465 1187 τὸν
1480 1159 1577 1187 ἑαυτοῦ
1589 1158 1703 1194 στρατὸν
1720 1156 1844 1191 θεηλάτῳ

1055 1212 1147 1247 πληγῇ
1166 1210 1218 1237 ὑπδ
1235 1210 1300 1245 μίαν
1313 1207 1409 1243 καιροῦ
1427 1206 1514 1242 ῥοπὴν
1526 1204 1655 1236 ἀπολλὺς,
1679 1203 1728 1230 καὶ
1739 1201 1843 1237 δραπέ-

1054 1266 1103 1293 της
1115 1278 1123 1290 ,
1142 1257 1221 1292 μόνος
1236 1254 1445 1289 ἀποδιδράσκων
1462 1253 1502 1284 είς
1515 1252 1566 1287 τὴν
1586 1249 1683 1277 ἑαυτοῦ
1706 1248 1770 1284 γῆν,
1791 1247 1844 1274 κά-

1054 1305 1130 1331 κεῖσε
1143 1303 1211 1337 πρὸς
1225 1302 1279 1329 τῶν
1291 1301 1398 1328 οἰκείων
1413 1298 1516 1326 παίδων
1529 1295 1736 1332 ἀναιρούμενος.

1096 1352 1127 1376 '0
1140 1349 1250 1383 Συρίας
1266 1346 1418 1380 ,βασιλεὺς
1439 1344 1550 1372 ’Δδάδου
1564 1344 1579 1371 ό
1601 1343 1659 1374 υίὸς
1669 1363 1677 1375 ,
1695 1342 1785 1370 πάντα
1798 1342 1844 1368 τὸν

1055 1396 1102 1423 τοῦ
1117 1395 1225 1431 Ἰσραὴλ
1239 1394 1302 1421 λαὸν
1323 1392 1467 1427 ἀφανίζειν
1489 1389 1621 1422 ἀπειλῶν,
1634 1388 1678 1415 διὰ
1693 1387 1845 1423 παιδαρίων

1056 1442 1111 1478 σλβ¹
1123 1451 1130 1458 ·
1152 1441 1263 1477 μυρίους
1277 1438 1444 1473 πολεμιστὰς
1459 1436 1557 1464 ἑαυτοῦ
1573 1434 1716 1467 ἀπόλλυσι,
1735 1433 1783 1460 καὶ
1795 1432 1845 1468 τὴν

1055 1488 1120 1523 ὃλην
1135 1486 1231 1514 ἑαυτοῦ
1249 1484 1389 1521 βασιλείαν
1405 1481 1584 1518 διεφθείρετο.

1098 1574 1192 1608 Ὀζίας
1206 1575 1219 1601 ὁ
1237 1572 1363 1609 βασιλεὺς
1376 1571 1421 1598 ἐπὶ
1434 1569 1591 1606 δικαιοσύνῃ
1609 1569 1679 1604 μέγα
1694 1567 1845 1603 φρονήσας,

1057 1622 1103 1648 καὶ
1125 1619 1250 1655 ἱερᾶσθαι
1272 1618 1445 1654 βαλλόμενος,
1467 1615 1628 1651 λεπρωθεὶς,
1645 1615 1675 1641 οὺ
1700 1613 1781 1650 μόνον
1795 1613 1846 1647 τῆς

1057 1666 1207 1702 βασιλείας,
1222 1664 1289 1691 ἀλλά
1303 1664 1351 1690 καὶ
1364 1663 1413 1698 τῆς
1426 1662 1515 1693 οἰκίας
1528 1661 1697 1694 essedum.

1091 1709 1362 1744 Ναϐουχοδονόσορ
1378 1708 1425 1734 ἐπὶ
1446 1708 1479 1742 τῇ
1505 1707 1613 1734 πάντων
1636 1706 1769 1741 κρατήσει
1791 1704 1847 1732 τῶν

1057 1757 1153 1787 ἐθνῶν.
1171 1757 1219 1783 καὶ
1238 1757 1286 1789 τῆς
1302 1753 1464 1785 Βαϐυλῶνος
1486 1753 1611 1788 αὐξήσει,
1628 1751 1699 1786 ὑπὲρ
1722 1751 1846 1782 ἃπαντας

1057 1803 1199 1839 ἐπαρθεὶς,
1224 1802 1274 1837 τὴν
1292 1800 1339 1828 τοῦ
1361 1799 1508 1836 ἀνθρώπου
1531 1799 1651 1826 διάνοιαν
1668 1797 1845 1833 ἀφαιρεθεὶς,

1057 1850 1151 1886 θηρίου
1170 1848 1260 1883 ψυχὴν
1275 1847 1323 1874 καὶ
1338 1846 1438 1881 τρόπον
1452 1845 1563 1881 ἔσχηκε.

1092 1895 1146 1921 Καὶ
1168 1892 1330 1928 Φαρισαῖος
1345 1892 1391 1919 ἐπὶ
1414 1893 1446 1927 τῇ
1471 1889 1568 1918 ἑαυτοῦ
1588 1890 1749 1927 δικαιοσύνῃ
1775 1889 1848 1925 μέγα

1057 1939 1206 1974 φρονήσας,
1228 1938 1276 1965 καὶ
1292 1937 1338 1963 ἐπὶ
1351 1936 1437 1972 ταύτῃ
1450 1935 1522 1962 κατά
1536 1935 1584 1961 τοῦ
1597 1935 1714 1962 τελώνου
1730 1934 1848 1970 θρασυν-

1057 1984 1124 2016 θεὶς,
1139 1984 1189 2020 τὴν
1205 1982 1378 2018 δικαιοσύνην
1394 1981 1528 2009 ἀπόλωλε.

1057 2041 1182 2069 ΚΕΦΑΛ.
1204 2040 1270 2067 NII'.
1282 2053 1318 2060 —-—
1334 2039 1418 2072 Τίνες
1437 2038 1486 2065 διὰ
1503 2038 1785 2073 ταπεινοφροσύνην
1805 2038 1849 2072 είς

1242 2075 1336 2107 δόξαν
1348 2075 1397 2101 καί
1418 2074 1497 2108 ὕψος
1510 2074 1661 2108 ἤχθησαν.

1099 2131 1210 2165 Ἰωσὴφ
1222 2150 1229 2162 ,
1250 2130 1502 2165 ταπεινοφρονήσας
1521 2130 1564 2164 ἐφ’
1581 2127 1622 2161 οἷς
1647 2129 1778 2164 ὑπέμεινε
1800 2138 1850 2165 χα-

1057 2178 1149 2208 λεποῖς
1171 2177 1247 2211 παρά
1269 2175 1324 2202 τῶν
1340 2174 1462 2209 ἀδελφῶν
1477 2175 1524 2201 καὶ
1539 2176 1589 2209 τῆς
1609 2175 1786 2211 νομισθείσης
1803 2175 1848 2202 δε-

1059 2222 1185 2257 σποίνης,
1201 2222 1240 2252 είς
1253 2220 1283 2246 τὸ
1300 2221 1409 2254 κρατεῖν
1422 2220 1472 2254 τῆς
1485 2219 1623 2257 ᾼίγύπτου
1639 2221 1786 2256 προήγετο.

1099 2268 1206 2296 Ἰακὼό
1234 2266 1342 2301 φεύγων
1367 2266 1416 2297 τὰς
1435 2256 1622 2301 τοῦ-ἀδελφοῦ
1647 2267 1773 2299 ἀπειλὰς,
1801 2267 1849 2294 καὶ

1057 2315 1138 2349 ξένην
1153 2312 1214 2340 ἀντὶ
1233 2312 1283 2347 τῆς
1297 2311 1427 2346 πατρῴας
1442 2311 1536 2339 ἑστίαν
1555 2311 1750 2347 ἀλλαξάμενος,
1765 2311 1849 2338 πλοῦς

1058 2370 1114 2393 σιος
1127 2359 1299 2394 ἐπανήρχετο
1312 2358 1359 2384 καὶ
1373 2357 1474 2392 τίμιος.

1099 2406 1209 2438 Ἰούδας
1235 2403 1375 2432 ἐπιπεσὼν
1396 2403 1436 2438 τῷ
1464 2403 1563 2438 Ἰωσὴφ
1579 2403 1622 2438 ἐφ’
1643 2401 1685 2435 οἷς
1704 2403 1744 2435 είς
1767 2402 1849 2430 αὐτὸν

1058 2451 1286 2488 ἐπλημμέλησαν,
1304 2447 1446 2484 βασιλικοῦ
1469 2448 1563 2482 γένους
1579 2448 1702 2481 ἀξιοῦται
1720 2449 1850 2483 γενέσθαι

1058 2499 1205 2535 φύλαρχος.

1096 2545 1279 2573 Γαϐαωνῖται
1303 2544 1350 2572 τὸν
1384 2544 1488 2579 Ἰησοῦν
1507 2542 1670 2574 ὑπελθόντες
1685 2542 1714 2568 ὲν
1737 2542 1770 2577 τῇ
1793 2540 1849 2567 τῶν

1060 2592 1145 2620 ἐθνῶν
1167 2592 1335 2627 παραλήψει,
1366 2591 1411 2617 διὰ
1431 2589 1683 2625 ταπεινοφροσύνης
1699 2588 1728 2614 ὲν
1741 2588 1796 2618 τοῖς
1811 2587 1850 2613 ol-

1060 2638 1146 2669 κείοις
1162 2638 1352 2673 μεμενήκασι,
1369 2637 1419 2671 τῆς
1435 2635 1571 2671 σωτηρίας
1587 2634 1777 2670 τετυχηκότες.

1097 2684 1185 2711 Δαϐίδ
1202 2683 1236 2710 δι’
1260 2683 1321 2710 ὅλου
1345 2681 1566 2717 ταπεινοφρονῶν
1592 2681 1634 2715 ἐφ’
1659 2678 1698 2712 οἷς
1726 2679 1778 2705 ὑπὸ
1802 2677 1850 2704 τοῦ

1059 2732 1146 2758 Σαοὺλ
1158 2731 1299 2766 ὑπέμεινε,
1316 2730 1362 2757 καὶ
1379 2730 1427 2764 τὴν
1441 2729 1580 2765 βασιλείαν
1591 2727 1794 2762 ἀπελάμϐανεν.

1100 2778 1243 2812 Ἱερεμίας
1256 2777 1426 2811 τυπτόμενος
1443 2777 1489 2802 καὶ
1502 2774 1717 2809 φυλακιζόμενος
1732 2773 1777 2800 ἐπὶ
1790 2775 1850 2804 ταῖς

1058 2824 1171 2858 ἀληθέσι
1199 2823 1386 2859 προρρήσεσι,
1413 2822 1460 2848 καὶ
1491 2820 1582 2856 φέρων
1609 2819 1849 2854 ταπεινοφρόνως,
