2073 3161
185 175 221 206 63
933 170 1083 202 JOSEPPI
1787 172 1822 203 64

223 235 335 262 Decima
353 233 380 260 in
393 233 475 260 aliam
493 231 574 259 Elim.

221 279 371 308 Undecima
384 279 411 306 in
429 278 584 313 Ilaphiulim,
596 277 641 305 ubi
654 276 764 304 Amalec
782 282 928 311 aggressus
938 278 981 302 est

189 324 317 359 populum
349 324 398 352 sed
413 323 528 352 sublatis
540 330 556 350 a
571 322 664 358 Moyse
679 322 807 349 omnibus
820 320 982 356 proliigatus

188 374 240 397 est.

226 415 391 444 Duodecima
407 415 435 442 in
444 415 581 443 desertum
596 414 674 442 Sina.

226 462 334 490 Decima
355 462 434 490 tertia
451 462 478 488 iu
497 462 654 496 sepulcrum
681 461 919 496 concupiscentiae,
937 461 983 489 ubi

190 509 307 536 multum
324 513 538 540 murmurantes,
553 508 617 543 quia
627 507 653 534 in
669 507 831 534 memoriam
853 513 983 536 venerunt

191 554 270 590 panis
286 555 468 589 carniumque
496 562 565 588 quas
594 553 620 580 in
641 553 758 589 (Egypto
784 554 980 588 comedebant,

191 600 379 627 clamaverunt
393 603 488 626 contra
501 598 634 634 Moysen],
645 603 672 625 et
683 598 895 633 promissionem
906 606 986 626 acce-

192 649 292 680 perunt
307 654 424 676 manum.
442 645 494 673 cibi
518 645 671 673 videlicete
701 645 771 672 cwlo
794 644 941 680 ningcntis.
963 645 985 671 A

193 692 320 726 sepulcro
334 692 576 727 concupiscentia),

229 737 340 765 Decima
369 743 465 773 quarta
506 738 624 766 statione
653 737 827 765 veneruntin
857 737 984 766 Ascroth.

228 781 340 810 Decima
356 783 452 818 quinta
468 783 495 810 in
509 782 655 810 Ramntlta.

229 828 338 856 Decima
352 834 427 856 sexta
443 829 470 856 in
487 829 715 864 Remmophercs.

230 874 341 903 Decima
357 876 471 911 septima
486 876 513 902 in
526 876 641 904 Elbonn.

232 921 341 949 Decium
355 927 451 949 octava
469 923 495 949 in
513 923 648 950 Deseleth.

230 965 341 993 Decima
354 974 426 994 nona
436 967 462 993 in
480 967 654 995 lsmacelath.

232 1010 367 1038 Vicesima
381 1012 408 1039 in
427 1012 543 1048 Saphar.

233 1057 370 1085 Vicesinm
382 1060 469 1093 prima
490 1061 516 1087 in
532 1060 701 1091 Charadatlt.

233 1101 368 1130 Vieesima
381 1104 501 1132 secunda
517 1105 543 1131 in
564 1105 708 1134 Macelntlt.

234 1146 369 1175 Vieesima
386 1149 465 1176 tertia
478 1149 505 1176 in
519 1150 679 1179 Chattoatlt.

239 1194 370 1222 vicesima
385 1200 483 1230 quarta
505 1196 532 1224 in
549 1196 660 1225 Taratlt.

236 1237 372 1266 Vieesima
385 1241 482 1275 quinta
496 1241 522 1268 in
543 1241 675 1278 Matgeca.

236 1282 373 1312 Vicesima
390 1291 465 1313 sexta
484 1287 510 1314 in
527 1287 665 1316 Selmonn.

236 1328 372 1358 Vicesima
387 1331 503 1366 septima
520 1333 547 1360 in
559 1334 715 1362 Masurutlt.

240 1376 374 1406 Vicesima
388 1384 485 1408 octava
502 1380 529 1408 in
545 1381 658 1409 Babetlt.

239 1422 375 1452 Vit-csima
392 1433 464 1453 nona
479 1425 505 1453 in
519 1432 636 1455 montem
652 1428 765 1457 Galaad.

238 1468 388 1498 ’I‘ricesima
405 1471 433 1499 in
449 1471 615 1501 Senahatlta.

238 1514 387 1543 Trieesima
400 1517 487 1552 prima
508 1518 534 1546 in
550 1518 685 1547 Set-bona.

238 1561 389 1590 Tricesima
403 1565 523 1592 secunda
539 1564 565 1592 in
581 1565 681 1594 Gesion
698 1568 791 1603 gaber.

239 1617 388 1646 Tricesima
405 1620 495 1653 tertia,
512 1621 539 1648 iu
566 1629 660 1649 mense
672 1623 753 1650 tertio
786 1624 821 1651 ab
853 1625 939 1657 exitu,
966 1633 993 1652 In

203 1664 343 1691 (lt-scrtum
362 1664 440 1692 Sina.
456 1665 506 1693 llic
533 1666 630 1694 .IOlIIOI‘
649 1675 727 1695 socer
745 1669 846 1705 Moysis
865 1671 939 1698 venit
961 1672 995 1699 ad

204 1717 278 1741 cum,
298 1710 438 1738 adducens
452 1711 476 1738 ei
504 1720 618 1740 uxorem
634 1717 662 1740 et
679 1713 791 1742 liberos.
819 1715 869 1743 llic
895 1717 994 1752 obtigit

205 1756 340 1790 apparitio
349 1756 396 1784 Dei
413 1757 484 1785 facta
501 1757 636 1794 Moysi,et
649 1759 843 1789 documentum
856 1767 883 1789 et
899 1763 995 1791 admo-

206 1802 274 1829 nitio
291 1803 323 1829 ad
334 1805 475 1838 populum,
494 1805 586 1840 populi
614 1814 725 1841 quoque
752 1808 878 1842 impietas
899 1809 935 1836 ob
957 1809 997 1837 vi-

207 1847 264 1875 tulo
279 1848 386 1877 oblatas
411 1850 548 1878 victimas.
579 1850 694 1886 Propter
717 1852 800 1888 impia
833 1862 900 1882 vero
911 1856 997 1883 scele-

207 1901 237 1920 ra
253 1894 365 1927 punitus
380 1896 508 1930 populus,
520 1901 614 1924 utnon
630 1897 700 1925 foret
727 1899 904 1935 ingressurus
940 1906 996 1929 ter-

207 1947 265 1966 ram
279 1941 481 1975 promissionis,
494 1942 672 1970 excidebatur
682 1945 855 1973 errabundus
877 1954 924 1981 per
949 1947 997 1974 de-

206 1991 321 2016 sertum.
335 1988 369 2015 Et

243 2043 391 2073 Tricesima
407 2051 504 2081 quarta
522 2048 666 2075 mansione
677 2048 786 2077 deducti
799 2055 865 2078 sunt
893 2050 920 2078 iu
947 2051 996 2078 de-

206 2093 309 2117 sertum
324 2090 444 2126 Phagan,
463 2100 523 2127 qure
537 2097 579 2120 est
593 2093 692 2122 Cades.

243 2135 392 2164 'l‘ricesima
410 2137 505 2172 quinta
521 2145 536 2164 a
550 2138 638 2165 Cades
655 2138 681 2165 in
709 2143 830 2166 montem
859 2139 996 2168 Idumaeas.

207 2181 258 2209 Hic
285 2183 400 2210 moritur
423 2183 532 2217 Aaron,
559 2191 633 2211 anno
661 2184 873 2219 quadragesimo
904 2186 996 2213 exitus

995 234 1018 260 Α
1069 228 1084 255 ι’
1100 229 1145 261 Εἰς
1161 229 1244 265 ἄλλην
1266 229 1369 265 Ἑλειμ.

1069 280 1103 303 ια’
1127 277 1174 308 Εἰς
1195 276 1350 311 Ῥαφιδεὶμ,
1368 276 1435 303 ὅπου
1462 275 1581 310 ἐπῆλθεν
1596 275 1611 302 ὸ
1635 275 1758 315 Ἀμαλὴκ
1784 275 1823 309 τῷ

1032 322 1100 357 λαῷ,
1115 323 1162 349 καὶ
1177 323 1237 355 ταῖς
1261 322 1395 358 ὲπάρσεσι
1409 321 1464 349 τῶν
1484 321 1625 354 Μωῦσιως
1642 321 1742 357 χειρῶν
1760 329 1824 348 κατ-

1033 367 1145 404 εὸλήθη.

1070 412 1103 448 ιβ’
1122 413 1167 441 Ἐν
1181 414 1216 448 τῇ
1236 414 1332 449 ὲρήμῳ
1348 413 1424 448 Σινᾷ.

1071 459 1104 494 ιγ’
1137 460 1181 486 Ἐν
1197 459 1319 494 μνήματι
1334 458 1384 493 τῆς
1401 458 1562 492 ἐπιθυμίας,
1583 457 1648 484 ἔνθα
1662 457 1747 484 πολλὰ
1759 466 1824 491 γογ-

1035 506 1180 541 γὺσαντες,
1202 506 1318 541 ἐπείπερ
1342 507 1382 537 εὶς
1397 506 1551 540 ἀνάμνησιν
1569 503 1653 540 ἦλθον
1677 501 1715 531 ὧν
1729 504 1825 539 ἢσθιον

1035 553 1126 588 ἄρτων
1141 553 1170 579 ὲν
1185 552 1318 587 Αἰγύπτῳ
1342 551 1389 578 καὶ
1402 551 1503 585 κρεῶν,
1517 550 1656 577 κατεϐόων
1673 551 1720 576 τοῦ
1740 551 1824 577 Μωῡ-

1036 600 1117 631 σέως,
1130 598 1177 625 τοῦ
1199 598 1287 633 μάννα
1306 597 1354 624 τοῦ
1372 597 1402 630 ἐξ
1418 596 1536 631 οὐρανοῦ
1549 597 1695 632 νιφομένου
1711 596 1826 630 βρώμα-

1035 654 1081 677 τος
1094 644 1144 680 τὴν
1158 644 1305 678 ὑπόσχεσιν
1322 644 1496 677 ἐκομίσαντο.
1519 643 1586 670 Ἀπὸ
1599 643 1646 669 τοῦ
1663 643 1711 665 -ῗί
1735 641 1794 659 ⁵’”’¹

1038 693 1102 729 μίας
1119 693 1269 726 μνήματος,

1073 739 1102 766 ιδ
1118 738 1240 773 Σταθμὺν
1254 736 1335 773 ἦλθον
1347 739 1387 769 εἰς
1407 737 1543 774 Ἀδηρὼο.

1075 785 1104 812 ιε’
1119 786 1164 817 Εἰς
1189 785 1322 819 Ῥαμαῦἇη

1075 835 1112 864 ις’
1129 832 1174 863 Εἰς
1195 829 1402 865 Ῥεμμωφερές.

1077 877 1110 909 ιζ’
1122 878 1169 908 Εἰς
1192 877 1324 903 Ἐλὸῶνα.

1078 923 1111 958 ιη’
1129 924 1175 954 Et;
1193 921 1318 948 Δεσελέο.

1077 970 1108 996 ιθ¹
1125 969 1173 1001 Εἰς
1190 967 1376 1003 Εἰσμακελάο.

1076 1017 1099 1044 κ’
1115 1018 1161 1049 Εἰς
1174 1015 1281 1051 Σειφὰρ.

1076 1062 1118 1090 κα¹
1133 1063 1180 1094 Εἰς
1195 1061 1336 1096 Χαραδάθ.

1077 1108 1119 1143 κβ⁷
1135 1108 1181 1139 Εἰς
1194 1105 1342 1134 Μακεὶώο.

1077 1153 1119 1188 κγ’
1138 1153 1182 1184 Εἰς
1195 1151 1330 1179 Χαττοάθ.

1076 1198 1116 1226 κδ’
1133 1199 1181 1230 Εἰς
1193 1197 1298 1233 Ταράθ.

1077 1245 1116 1272 κε’
1132 1245 1179 1276 Εἰς
1194 1243 1338 1277 Ματγεκά.

1077 1289 1123 1323 κς¹
1138 1290 1186 1322 Εἰς
1197 1289 1338 1325 Σελμῶνα.

1078 1337 1119 1369 κζ’
1134 1337 1180 1368 Εἰς
1194 1335 1369 1371 Μασουρούθ,

1080 1383 1122 1418 κη’
1138 1384 1184 1415 Εἰς
1201 1383 1300 1410 Βάὸεθ.

1082 1429 1122 1457 κο¹
1137 1431 1183 1462 Εἰς
1197 1430 1227 1456 τὸ
1241 1429 1306 1465 ὅρος
1321 1428 1437 1456 Γαλαὰδ.

1078 1476 1100 1504 λ’
1113 1477 1159 1508 Εἰς
1173 1475 1324 1503 Σεναὸαθά.

1081 1523 1120 1550 λα’
1134 1523 1180 1553 Εἰς
1196 1520 1335 1556 Σεΰρωνά.

1005 1569 1027 1598 C
1077 1569 1117 1604 λβ¹
1131 1569 1178 1598 Εἰς
1197 1567 1301 1594 Γεσιῶν
1316 1566 1414 1602 γαὸέρ.

1082 1625 1122 1660 λγ¹
1140 1625 1183 1652 Ἐν
1198 1624 1264 1660 μηνὶ
1286 1624 1372 1660 τρίτῳ
1385 1623 1439 1650 ἀπὺ
1457 1624 1506 1657 τῆς
1527 1622 1629 1655 ἐξόδου,
1642 1622 1671 1648 ὲν
1687 1622 1720 1657 τῇ
1737 1621 1834 1656 ἐρήμῳ

1047 1671 1122 1706 Σινᾷ.
1151 1668 1285 1696 Ἐνταῦθα
1315 1668 1400 1704 Ἰοθὸρ
1425 1669 1440 1694 ὸ
1461 1667 1603 1699 Μωῦσέως
1627 1666 1752 1702 γαμϐρὸς
1780 1675 1830 1693 πα-

1049 1717 1188 1753 ραγίνεται
1204 1716 1273 1750 πρὸς
1291 1714 1384 1747 αὐτὸν,
1405 1714 1481 1748 ἄγων
1497 1713 1571 1749 αὐτῷ
1588 1713 1639 1748 τὴν
1653 1714 1770 1747 γυναῖκα
1786 1713 1835 1740 καὶ

1046 1763 1110 1792 τοὺς
1124 1761 1208 1792 υἱούς.
1231 1759 1366 1787 Ἐνταῦθα
1382 1759 1450 1786 Θεοῦ
1462 1759 1608 1793 ἐπιφάνεια
1622 1758 1690 1794 προς
1702 1759 1834 1792 Μωῡοῆν.

1047 1808 1095 1835 καὶ
1108 1806 1269 1834 διδασκαλία
1282 1805 1350 1842 πρὸς
1367 1805 1413 1832 τὸν
1429 1805 1494 1832 λαὸν
1509 1804 1555 1831 καὶ
1569 1804 1705 1835 νουθεσία,
1726 1804 1774 1836 καὶ
1788 1804 1836 1831 τοῦ

1047 1853 1113 1881 λαοῦ
1129 1853 1274 1880 δυσπέῦεια
1293 1852 1341 1878 ἐπὶ
1361 1852 1395 1887 τῇ
1419 1850 1596 1886 [torpebat-,1.
1630 1849 1707 1876 Ἐπεὶ
1728 1850 1784 1885 (66)
1807 1850 1836 1877 δὲ

1047 1898 1217 1930 δυσσεὸείαις
1230 1897 1436 1933 τιμωρούμενος
1450 1896 1464 1922 ὁ
1478 1895 1540 1927 λαὸς
1554 1895 1622 1930 πρὸς
1640 1895 1670 1921 τὸ
1684 1895 1721 1930 μὴ
1739 1896 1836 1930 ἐπιϐῆ-

1048 1955 1091 1973 ναι
1115 1945 1147 1980 τῇ
1172 1945 1208 1979 γῇ
1233 1945 1283 1979 τῆς
1307 1942 1484 1977 ἐπαγγελίας,
1511 1941 1665 1977 περιείλετο
1687 1941 1760 1967 κατὰ
1788 1941 1838 1976 τὴν

1049 1992 1152 2028 ἔρημον
1165 1989 1351 2025 πλανώμενος,
1366 1990 1415 2016 καὶ

1083 2048 1120 2075 λδ¹
1133 2048 1301 2083 Τριακοστὸν
1326 2046 1457 2082 τέταρτον
1474 2045 1595 2081 σταθμὸν
1606 2045 1647 2076 εἰς
1669 2044 1718 2080 τὴν
1735 2044 1839 2080 ἔρημον

1048 2095 1140 2130 Φαγᾱν
1153 2094 1300 2129 κατήγετο,
1317 2093 1334 2128 ἥ
1350 2094 1409 2119 ἐστι
1425 2092 1524 2123 Κάδες.

1084 2141 1121 2168 λε’
1141 2140 1207 2168 ’Δπὺ
1237 2139 1342 2174 Κάδης,
1369 2139 1409 2170 εἰς
1433 2137 1464 2164 τὸ
1492 2138 1554 2174 ὅρος
1580 2137 1630 2173 τῆς
1650 2137 1750 2173 Ἐδώμ.
1775 2134 1839 2164 Ὧδε

1050 2186 1216 2220 ἀποθνήσκει
1237 2184 1353 2220 Ἀαρὼν,
1380 2184 1409 2210 ὲν
1431 2183 1486 2210 ἐτει
1505 2183 1720 2219 τεσσαρακοστῷ
1733 2183 1782 2218 τῆς
1796 2182 1840 2214 ἑξ-

207 2227 298 2262 populi
309 2227 342 2255 de
354 2227 483 2264 {Egyptm
501 2235 595 2256 mense
621 2229 727 2264 quinto,
745 2229 792 2264 qui
808 2229 878 2264 apud
905 2229 992 2258 Mace-

1047 2231 1108 2258 ὀδου
1126 2229 1180 2256 ἀπὸ
1201 2228 1340 2262 Αἰγύπτου
1355 2227 1402 2254 τοῦ
1420 2228 1496 2260 λαοῦ,
1517 2227 1556 2263 τῷ
1575 2228 1695 2263 πέμπτῳ
1715 2227 1791 2262 μηνὶ,
1810 2228 1838 2258 ὃς

207 2273 294 2299 donas
309 2277 351 2300 est
365 2273 448 2306 Lous,
464 2273 585 2302 colendis
603 2274 716 2307 mensis,
733 2282 795 2302 cum
809 2279 885 2304 esset
909 2283 998 2304 anuo-

208 2326 268 2346 rum
283 2318 401 2347 CXXIII.

243 2366 393 2393 Tricesima
409 2370 485 2394 sexta
502 2367 645 2395 mansione
672 2368 706 2396 ab
723 2367 760 2396 0r
789 2373 883 2398 monte
910 2377 994 2398 vene-

209 2416 271 2439 runt
283 2412 309 2439 in
329 2411 452 2440 Elmona.

243 2457 392 2485 'l'riccsima
409 2459 523 2493 septima
541 2459 565 2486 in
579 2460 676 2488 Pltino.

244 2503 392 2537 Tricesima
414 2508 507 2531 octava
520 2505 545 2531 in
563 2503 661 2532 Obotb.

243 2549 392 2576 'l'ricesima
409 2557 478 2577 nona
494 2550 619 2583 ittGm,in
628 2551 726 2578 ﬁnibus
739 2550 827 2578 Moab.
844 2550 872 2577 Iu
887 2551 929 2578 his
940 2550 1000 2577 lini-

210 2596 261 2624 bus
278 2604 323 2624 rex
344 2596 523 2624 Moabilarum
548 2598 664 2632 advocat
694 2605 804 2633 magum
833 2596 952 2630 Balaam.
970 2601 999 2623 ut

210 2643 353 2670 maledicat
370 2644 481 2678 populo.

245 2697 460 2734 Quadragcsima
471 2700 600 2733 statione,
625 2708 640 2727 a
656 2699 868 2735 Moab,punitus
884 2698 1000 2734 populus

212 2749 352 2779 propterea
368 2746 440 2780 quod
455 2747 555 2775 initiati
568 2747 686 2776 fuissent
701 2748 896 2783 Beelphegoro,
915 2754 999 2775 vene-

212 2796 276 2818 t‘uut
288 2791 314 2818 in
327 2792 434 2820 Zaretlt.

247 2894 304 2932 (66)
324 2895 403 2924 Forte
419 2896 474 2928 ἐπί,
491 2900 516 2924 et
535 2903 595 2924 mox
609 2896 709 2930 Φαρᾶν.

1048 2279 1106 2304 ἐστι
1119 2275 1192 2312 παρᾶ
1200 2275 1336 2302 Μακεδόσι
1349 2274 1429 2307 λῶος,
1447 2275 1496 2310 μιᾷ
1507 2274 1554 2301 τοῦ
1568 2273 1663 2309 μηνὸς,
1678 2271 1712 2310 ἦν
1725 2272 1754 2300 δὲ
1770 2274 1839 2300 ἐτῶν

1068 2326 1122 2349 κγ’.

1051 2331 1139 2404 976:1)
1152 2367 1198 2400 λς’
1221 2367 1287 2394 ’Λπδ
1303 2368 1352 2403 Ὢρ
1375 2367 1422 2394 τοῦ
1451 2366 1542 2402 δρους,
1566 2365 1731 2402 τριακοστὸν
1760 2366 1841 2393 ἕκτον

1051 2415 1182 2450 σταομδν,
1199 2413 1281 2450 ἦλθον
1297 2415 1336 2446 εἰς
1354 2413 1491 2449 Ἐλμῶνα.

1089 2461 1126 2492 λζ’
1142 2462 1188 2494 Εἰς
1201 2461 1283 2488 Φινώ.

1088 2506 1129 2541 λη’
1146 2508 1192 2538 Εἰς
1213 2506 1309 2533 Ὼϐώο.

1089 2553 1128 2581 λθ¹
1145 2554 1191 2586 Et;
1201 2552 1261 2582 Γαὶ,
1275 2551 1322 2578 ἐπὶ
1334 2551 1388 2577 τῶν
1399 2550 1481 2586 ὁρίων
1495 2550 1593 2578 Matii}.
1613 2551 1657 2578 Ἐν
1668 2551 1773 2583 τούτοις
1786 2553 1843 2584 τοῖς

1052 2599 1135 2635 ὁρίοις
1150 2596 1307 2633 ὁᾙασιλεὺς
1332 2596 1387 2623 τῶν
1404 2596 1557 2623 Μωαϐιτῶν
1582 2596 1660 2623 καλεῖ
1681 2597 1727 2624 τὸν
1754 2598 1842 2632 μάγον

1054 2645 1100 2672 τὸν
1117 2643 1242 2678 Βαλαὰμ,
1259 2641 1467 2677 καταράσασθαι
1483 2642 1529 2668 τὸν
1543 2642 1618 2668 λαόν.

1091 2700 1117 2736 μ’
1135 2699 1269 2735 Σταομὸν,
1293 2698 1348 2725 ἀπὸ
1368 2697 1416 2725 τοῦ
1433 2698 1532 2730 Μωᾶιὸ,
1555 2699 1723 2734 τιμωρηθεὶς
1744 2701 1791 2726 ἐπὶ
1806 2700 1846 2736 τῷ

1056 2746 1213 2780 τελεπθῆναι
1228 2744 1267 2780 τῷ
1279 2744 1452 2780 Βεελφεγὼρ,
1467 2742 1549 2780 ἦλθον
1565 2745 1604 2776 εἰς
1620 2745 1720 2780 Ζαρέο.

1097 2894 1151 2928 (67)
1167 2896 1243 2923 lices!
1260 2894 1316 2921 lace
1342 2896 1405 2919 nota
1419 2889 1528 2920 incdito
1549 2887 1675 2916 Fabricii.

2011 60 2062 120 ηε
