2073 3161
229 202 264 235 67
971 197 1122 228 JUSEl‘l‘l
1825 193 1860 225 68

229 256 418 284 conﬂcientem
448 263 618 291 quacunque
636 254 687 282 sub
711 254 755 281 dio
777 253 928 289 deprendit.
953 253 1009 280 Fue

1079 253 1193 279 Ἔπειτα
1211 251 1329 287 ἀκρὶδων
1341 251 1421 285 νέφη,
1433 250 1494 282 τοὺς
1516 251 1637 285 καρπιιὺς
1652 251 1773 282 ἅπαν-ας
1797 259 1861 276 κατ-

229 306 293 329 runt
307 305 398 336 postea
411 301 577 328 locustarum
595 300 690 331 nubes,
705 307 766 334 qua:
790 303 1019 333 consumpserunt

229 347 322 382 fruges
347 346 513 378 universas;
546 345 664 371 tenebrat
692 345 756 371 item
772 344 846 371 solos
878 343 1019 378 AIgyptios

229 392 385 424 obruentes,
400 391 446 418 sed
462 390 527 417 nihil
540 389 716 418 obscuritatis
734 389 853 416 llebrzeis
866 389 1018 415 alIerentcs.

230 437 366 465 Decimam
381 443 496 471 eamque
522 443 676 471 supremam
690 436 757 470 ipsis
781 436 887 470 plagam
910 434 1018 466 inﬂixit,

231 482 477 518 primogenitorum
505 486 632 514 mortem,
654 489 715 517 quae
743 482 889 509 confertim
920 481 1019 508 actidit

231 535 287 556 uno
301 527 451 562 cadentque
465 528 596 562 temporis
608 532 756 554 momento.

263 573 326 601 Post
353 581 492 608 egressum
524 573 615 608 populi
635 581 667 600 ex
701 572 836 608 Egypto,
861 572 1020 607 insequente

226 627 289 646 cum
305 618 496 654 Egyptiorum
515 618 647 650 exercitu,
667 617 837 652 Erythrarum
856 625 931 645 mare
951 617 1020 643 divi-

227 664 262 691 sit
279 668 308 690 ut
323 663 437 698 populus
450 662 644 698 pertransiret:
666 662 820 697 iterumque
832 662 896 689 illud
915 663 1022 689 reduxit

227 715 310 742 super
328 708 516 743 insequentem
531 714 633 741 regem,
660 714 740 741 quem
768 708 861 734 obruit
885 707 1020 741 profundo

229 754 324 786 maris,
341 754 414 789 quod
428 754 501 789 virga
515 753 659 788 percussit.
670 753 899 788 quemadmodum
909 753 973 780 illuJ
986 752 1020 780 ad

226 799 371 827 transitum
386 800 476 834 populi
504 800 586 826 etiam
601 804 679 826 antea
697 804 879 834 percusserat.

260 887 466 914 Amarulcntant
483 894 582 922 aquam
605 886 720 914 Merrlue
736 886 820 914 fontis
834 888 860 914 iu
889 887 1020 914 ﬂuentum

227 931 362 959 convertit
377 932 505 966 potabile,
523 931 694 959 immersoin
719 940 779 959 eam
815 933 899 968 ligno,
921 941 1018 967 quem-

227 978 372 1005 admodum
387 978 492 1006 scilicet
507 978 636 1012 etjussus
651 977 750 1004 fuerat.
777 977 875 1005 Manna
897 978 1021 1013 pradixit

226 1024 376 1059 pluiturum
395 1023 478 1050 Deum
497 1024 523 1050 in
538 1024 646 1051 deserto
660 1023 693 1050 ad
714 1024 805 1058 populi
831 1024 1019 1057 nutritionem,

227 1074 308 1104 atque
321 1069 359 1095 ita
375 1068 477 1095 evenit.
490 1067 709 1103 Ortygometram
737 1068 924 1095 devolaturam
950 1076 1021 1103 pra:-

226 1115 331 1146 dicens,
343 1115 552 1148 concupisceute
567 1115 667 1149 populo
679 1114 846 1141 manducare
859 1121 967 1146 carnes,
983 1114 1019 1141 ita

227 1160 254 1186 in
273 1159 318 1187 Dei
332 1160 514 1195 cognitionem
526 1160 675 1194 ipsummet
688 1160 819 1194 populum
833 1160 962 1187 erudivit.
981 1159 1019 1186 Ex

227 1204 303 1231 arida
321 1209 396 1239 petra
415 1204 514 1232 baculo
538 1211 681 1239 percussa,
711 1204 860 1231 ﬂuvialium
887 1212 1020 1239 aquarum

227 1250 367 1284 copiosum
380 1249 481 1276 ﬂuxum
493 1249 637 1277 derivavit.
650 1250 778 1277 Mannum
787 1251 946 1277 extensione
956 1250 1018 1278 belli

227 1295 372 1323 victoriam
389 1295 521 1322 adversus
536 1295 686 1323 irruentem
701 1295 912 1323 Amalecitarum
941 1303 1020 1323 exer-

227 1341 313 1369 citum
348 1341 449 1376 populo
460 1342 636 1376 comparavit.

265 1387 363 1422 Legem
380 1395 396 1414 a
412 1387 467 1415 Deo
488 1389 594 1423 accepit
615 1389 641 1415 in
671 1389 772 1424 duplici
798 1389 889 1417 tabula
915 1389 1020 1417 descri-

227 1436 314 1466 ptam,
326 1436 471 1466 postquam
487 1432 668 1467 quadraginta
679 1432 832 1467 jejunasset
843 1432 903 1461 dies
917 1442 924 1461 :
936 1438 1019 1468 atque

228 1484 338 1504 rursum
355 1481 465 1512 propter
480 1477 571 1512 populi
590 1477 767 1513 impietatem,
786 1477 881 1506 fractis
901 1479 955 1506 illis
975 1479 1018 1506 di-

227 1522 328 1551 vinitus
343 1522 486 1558 descriptis
502 1523 610 1555 tabulis,
625 1523 723 1551 iterum
737 1524 889 1552 ascendens
903 1525 929 1552 in
940 1532 1018 1552 mon-

228 1573 280 1596 tem
296 1568 372 1602 Sina,
387 1577 449 1597 cum
461 1569 587 1597 similiter
596 1569 748 1605 jejunasset
778 1570 846 1598 alios
864 1571 922 1598 dies
949 1578 1018 1605 qua-
1030 1584 1052 1612 ο

226 1614 361 1649 άτακίηιιι,
374 1614 459 1650 legem
471 1616 570 1642 iterum
586 1617 733 1650 reportavit
742 1616 769 1643 in
785 1615 819 1643 iis
832 1616 941 1648 tabulis,
950 1622 1019 1651 quas

225 1667 258 1686 ex
274 1659 362 1694 lapide
377 1658 485 1688 excisas
500 1667 594 1688 secum
614 1661 774 1688 adduxerat.
792 1660 940 1688 Descendit
956 1662 1016 1696 glo—

228 1704 350 1731 riticatus
371 1703 441 1732 facie
454 1705 532 1738 adeo.
554 1709 632 1733 utne
645 1707 761 1741 popttlus
788 1707 898 1741 quidem
927 1712 1018 1742 posset

227 1747 255 1774 iu
270 1755 332 1775 cum
345 1748 432 1776 aciem
445 1749 595 1777 intendere.
616 1749 677 1785 Ipse
690 1751 772 1778 etiam
795 1751 933 1786 lcgislalor
968 1752 1018 1779 fuit

229 1793 352 1820 omnium
363 1793 466 1828 jurium
481 1795 585 1830 populi.
614 1795 727 1824 Divinas
750 1797 870 1825 visiones
892 1798 1016 1833 accipere

227 1846 283 1874 pra:
296 1839 430 1867 universis
444 1840 584 1875 prophetis
600 1841 728 1876 dignatus
746 1847 798 1870 est.
822 1843 1013 1871 intellectualis

226 1882 386 1910 substantiae
394 1883 569 1912 admirandos
585 1886 759 1914 characteres
772 1888 949 1922 conspicatus
962 1893 1013 1921 est,

226 1927 261 1955 ad
276 1935 394 1963 quorum
423 1929 557 1958 rationem
576 1938 686 1959 sacrum
711 1933 916 1961 tabernaculqu
947 1941 1015 1962 cou-

226 1978 332 2001 struere
343 1974 438 2009 jussus
453 1975 515 2002 fuit.

261 2020 379 2049 Sacrum
412 2022 619 2051 tabernaculum
642 2024 725 2052 veluti
755 2024 871 2052 formam
902 2025 1013 2052 intelle-

225 2066 326 2093 ctualis
345 2067 471 2095 essentia
501 2067 654 2097 fabricavit.
668 2069 783 2098 Sacrum
809 2071 941 2102 chrisma.
965 2078 1014 2105 per

224 2112 298 2146 quod
331 2113 512 2141 sacerdotium
540 2115 667 2148 initiavit,
689 2116 855 2150 composuit.
881 2115 1011 2144 Summas

227 2158 383 2186 sacerdotes
399 2159 654 2189 creavitAaronem
668 2161 780 2189 fratrem
805 2161 919 2197 ejusque
944 2163 1011 2190 libe-

223 2210 281 2236 ros,
305 2211 353 2238 per
368 2204 433 2231 illud
450 2204 570 2233 chrisma
600 2207 674 2241 quod
701 2207 868 2234 confecerat.
893 2208 1009 2235 Sacrum

1073 298 1257 324 αναλώσασαι.
1277 297 1376 327 Σκότος
1400 305 1427 322 τε
1443 295 1542 330 μόνους
1565 296 1688 328 σκοτίζον
1703 296 1764 328 τοὺς
1780 296 1861 330 Λίγυ-

1073 345 1179 376 πτίους,
1200 345 1255 375 τοῖς
1276 342 1411 378 Ἑϐραίοις
1426 342 1456 368 οὐ
1476 341 1679 376 μελαινόμενον.
1695 341 1816 375 Δεκάτην
1831 341 1860 366 δὲ

1074 391 1121 417 καὶ
1143 389 1301 417 τελευταίαν
1328 387 1476 424 ἐπέρριψεν
1492 388 1582 418 αὐτοῖς
1607 387 1725 423 πληγὴν,
1745 387 1789 413 τὸν
1804 385 1860 412 τῶν

1074 436 1265 472 πρωτοτόκων,
1292 434 1389 470 ἀθρόον
1415 434 1467 461 ὑπο
1496 434 1561 469 μίαν
1587 429 1682 469 καῖροῦ
1709 432 1797 468 ῥοπὴν
1811 431 1860 458 θά-

1073 490 1164 508 νατον.

1108 571 1186 598 Μετὰ
1200 570 1228 596 δὲ
1250 569 1299 605 τὴν
1316 568 1404 603 ἔξοδον
1417 568 1464 595 τοῦ
1488 567 1555 594 λαοῦ
1579 567 1628 602 τὴν
1649 567 1696 594 ἀπ’
1709 567 1859 601 Αἰγύπτου,

1073 616 1263 647 ἐπιδιώκοντος
1278 615 1358 642 αὑτὸν
1369 614 1416 641 τοῦ
1429 614 1577 648 Αἰγυπτίου
1588 613 1713 648 στρατοῦ,
1722 613 1771 648 τὴν
1785 612 1861 647 Ἐρυ-

1075 663 1142 698 θρὰν
1159 661 1255 688 διεῖλεν
1271 661 1409 688 Θάλασσαν
1427 661 1466 692 εἰς
1485 659 1571 686 δίοδον
1585 659 1633 686 τοῦ
1647 657 1723 691 λαοῧ,
1739 659 1786 685 καὶ
1806 659 1860 685 πά-

1074 707 1117 734 λιν
1129 707 1269 741 ἐπήγαγεν
1284 705 1387 740 ταύτην
1402 705 1473 732 κατὰ
1486 704 1534 731 τοῦ
1551 704 1693 736 διώκοντος
1717 703 1859 738 βασιλέως,

1073 751 1277 786 ὃνιέπεκάλυψε
1294 751 1334 786 τῷ
1357 751 1406 786 τῆς
1423 750 1560 786 Θαλάσσης
1585 749 1669 786 βυθῷ,
1686 749 1790 784 πλήξσῗς
1810 749 1860 785 τὴν

1074 796 1212 823 θάλασσαν
1237 796 1336 832 ῥάϐδῳ,
1352 795 1448 830 ὥσπερ
1476 795 1561 830 αὐτὴν
1583 795 1623 826 εἰς
1649 794 1698 831 τὴν
1719 795 1767 821 τοῦ
1793 794 1859 821 λαοῦ

1074 842 1160 869 δίοδον
1176 843 1224 868 καὶ
1241 841 1373 876 πρότερον
1385 841 1496 873 ἔπληξε.

1109 887 1147 913 Τὸ
1161 886 1256 921 πικρὸν
1269 885 1340 921 ὕδωρ
1355 887 1467 922 Μερῤἄς
1480 885 1531 921 τῆς
1544 885 1635 921 πηγῆς
1646 886 1686 917 εἰς
1701 886 1776 920 νᾶμα
1794 893 1860 919 μετ-

1036 916 1057 943 B
1072 932 1151 959 έϐαλε
1166 916 1291 966 πότιμον,
1311 916 1390 965 ξυλον
1651 916 1746 966 ὥσπερ
1760 916 1800 966 δὴ.
1813 930 1860 956 καὶ

1071 978 1222 1005 ἐκελεύετο.
1237 979 1332 1005 Μάννα
1344 978 1457 1013 προεῖπε
1467 977 1525 1004 ὕειν
1536 978 1582 1004 τὴν
1595 977 1661 1003 Θεὸν
1675 978 1704 1004 ὲν
1715 979 1748 1012 τῇ
1762 977 1859 1012 ἐρήμῳ

1071 1025 1111 1056 είς
1136 1024 1186 1059 τὴν
1209 1023 1256 1051 τοῦ
1280 1024 1346 1050 λαοῦ
1372 1023 1532 1058 διατροφὴν,
1562 1024 1610 1049 καὶ
1629 1022 1715 1054 οὕτως
1743 1023 1857 1056 ἐγίνετ’).

1076 1069 1300 1106 Ὀρτυγομήτραν
1313 1068 1497 1096 καθίπτασθαι
1509 1067 1656 1104 προειπὼν,
1670 1067 1790 1102 ὲπιθυμή
1795 1075 1857 1093 σαν-

1070 1123 1116 1146 τος
1129 1115 1198 1150 κρέα
1214 1116 1311 1149 φαγεῖν
1327 1114 1374 1141 τοῦ
1389 1113 1467 1145 λαοῦ,
1483 1115 1524 1145 είς
1543 1113 1707 1147 θεογνωσίαν
1731 1112 1776 1138 τὸν
1792 1111 1856 1138 λαὸν

1071 1160 1266 1194 ὲπαιδαγώγει.
1286 1160 1333 1187 Ἐκ
1346 1159 1432 1194 ξηρᾶς
1451 1159 1553 1195 πέτρας
1579 1159 1669 1194 ρἁδῳ
1694 1158 1855 1193 πληγείσης,

1071 1206 1211 1240 ποταμίων
1231 1205 1336 1233 ὑδάτων
1358 1205 1456 1241 ἁθρόον
1484 1205 1562 1241 ῥύσιν
1580 1206 1729 1240 προήκατο.
1748 1204 1856 1239 Χειρῶν

1070 1251 1181 1278 ἐκτάσει
1193 1252 1312 1286 πολέμου
1323 1251 1416 1286 νίκην,
1431 1251 1502 1278 κατὰ
1513 1251 1558 1278 τοῦ
1570 1251 1728 1283 ἐπελθόντος
1738 1251 1855 1286 στρατοῦ

1070 1296 1118 1324 τοῦ
1144 1297 1278 1333 Ἃμαλὴκ,
1295 1298 1332 1332 τῷ
1349 1297 1406 1332 λαῷ
1419 1297 1578 1332 είργάσατο.

1104 1385 1196 1421 Νόμον
1223 1385 1332 1418 ἐδέξατο
1346 1385 1420 1421 παρὰ
1432 1385 1501 1412 Θεοῦ
1527 1385 1555 1412 ἐν
1570 1385 1693 1421 διπτύχῳ
1715 1385 1854 1420 γραφέντα

1069 1432 1155 1459 πλακὶ
1170 1432 1375 1467 τεσσαράκοντα
1400 1431 1551 1467 νηστεύσας
1574 1432 1692 1467 ἡμέρας,
1709 1432 1755 1457 καὶ
1775 1431 1854 1457 πάλιν

1067 1478 1113 1505 διὰ
1126 1478 1177 1513 τὴν
1192 1477 1240 1505 τοῦ
1252 1478 1316 1504 λαοῦ
1331 1478 1502 1510 δυσσέϐειαν,
1519 1478 1568 1510 τὰς
1590 1478 1775 1513 θεογράπτους
1791 1486 1854 1504 συν-

1068 1523 1168 1558 τρίψας
1192 1523 1309 1556 πλάκας,
1327 1522 1452 1558 δεύτερον
1467 1522 1565 1554 ἐπιϐὰς
1587 1523 1625 1557 τῷ
1638 1523 1703 1558 Σινᾷ
1721 1523 1790 1558 ὄρει,
1808 1522 1854 1550 καὶ

1068 1569 1219 1603 νηστεύσας
1231 1569 1333 1604 ὁμοίως
1349 1568 1431 1600 ἄλλας
1451 1569 1557 1604 ἡμέρας
1571 1569 1787 1604 τεσσαράκοντα,
1807 1569 1854 1595 τὸν

1073 1616 1156 1651 νόμον
1163 1616 1191 1642 ὲν
1202 1613 1245 1647 αῖς
1257 1616 1403 1650 ἀνεκόμισε
1413 1614 1546 1647 λαξεύσας
1556 1614 1663 1648 πλαξὶν,
1675 1616 1851 1642 ἀνενεώσατο.

1068 1661 1105 1688 Τὸ
1128 1662 1274 1696 πρόσωπον
1301 1661 1404 1697 κατέϐη
1426 1661 1626 1697 δεδοξασμένος,
1650 1661 1687 1693 ὠς
1711 1662 1781 1696 μήτε
1807 1662 1854 1687 τὶν

1067 1708 1131 1735 λαὸν
1146 1708 1242 1743 ὲνορᾷν
1258 1707 1332 1742 αὐτῷ
1344 1707 1486 1734 δύνασθαι.
1504 1708 1557 1735 Καὶ
1567 1707 1647 1739 αὐτὸς
1659 1708 1688 1733 δὲ
1704 1708 1853 1742 νομοθέτης

1067 1754 1110 1780 ἐπὶ
1128 1755 1195 1780 πᾶσι
1208 1755 1263 1785 τοῖς
1277 1752 1444 1788 δικαιώμασι
1459 1753 1505 1780 -ιοῦ
1519 1753 1584 1780 λαοῦ
1596 1753 1754 1789 γεγένηται.
1772 1753 1852 1785 Θείας

1065 1801 1197 1832 ὀπτασίας
1212 1801 1287 1836 παρὰ
1303 1800 1407 1832 πάντας
1422 1801 1486 1832 τοὺς
1497 1801 1638 1836 προερήτας
1655 1801 1779 1835 ἠξίωται.
1795 1800 1852 1835 Τῆς

1065 1847 1162 1881 νοερᾶς
1191 1847 1284 1877 οὐσίας
1307 1846 1481 1881 θαυμαστοὺς
1501 1847 1682 1881 χαρακτῆρας
1708 1847 1851 1879 ἐθεάσατο,

1066 1891 1134 1927 πρὸς
1145 1891 1193 1923 οὓς
1203 1892 1253 1926 τὴν
1268 1892 1344 1927 ίερὰν
1354 1891 1457 1927 σκηνὴν
1470 1891 1686 1924 κατασκευάζειν
1699 1891 1850 1919 ἐκελεύετο.

1101 2021 1157 2056 Τὴν
1182 2021 1261 2056 ἱερὰν
1292 2019 1397 2056 σκηνὴν
1421 2020 1568 2047 ἀντίτυπον
1591 2018 1642 2053 τῆς
1668 2019 1766 2054 νοερᾶς
1787 2028 1850 2046 κατ-

1063 2068 1211 2094 εσκεύασεν
1221 2067 1324 2099 οὐσίας.
1339 2067 1375 2094 Τὸ
1395 2067 1465 2102 ἱερὸν
1481 2067 1596 2102 χρίσμα,
1624 2067 1654 2092 ὲν
1710 2067 1759 2100 τὴν
1771 2068 1850 2102 ἱερω-

1064 2114 1147 2149 σύνην
1164 2114 1308 2144 καθεσθεὶς
1337 2113 1411 2149 [sic],
1431 2113 1590 2148 συνέθηκεν.
1613 2113 1771 2147 ’Δρχιερὲας
1794 2113 1847 2138 ἀπ·
1895 2106 1898 2108 ί

1062 2160 1146 2192 έδειξε
1163 2160 1207 2187 τὸν
1223 2159 1337 2193 ἀδελφὸν
1357 2158 1461 2194 ’Λαρὼν
1480 2158 1528 2184 καὶ
1550 2158 1613 2189 τοὺς
1628 2158 1723 2185 τούτου
1741 2159 1847 2190 παῖδας,

1062 2206 1098 2233 δι’
1119 2203 1150 2232 οὗ
1164 2205 1351 2232 κατεσκεύασε
1377 2204 1540 2240 χρίσματος.
1556 2204 1612 2240 Τὴν
1642 2204 1718 2238 ἱερὰν
1745 2204 1848 2239 σκηνὴν

225 2247 432 2274 tabernaculum
445 2252 655 2284 etqutecunque
681 2250 708 2277 iu
730 2251 789 2285 ipso
809 2256 889 2278 erant
914 2256 1009 2279 sancto

1065 2252 1109 2278 καὶ
1129 2251 1218 2278 πάντα
1245 2251 1279 2277 τὰ
1305 2252 1334 2277 ὲν
1357 2251 1427 2287 αὐτῇ
1443 2250 1482 2286 τῷ
1496 2250 1567 2286 ἁγίῳ
1596 2250 1727 2286 χρίσματι
1750 2251 1848 2285 χρίσας

223 2291 374 2320 chrismate
384 2300 488 2328 ungens
500 2295 690 2322 sanctiﬁcarit.

259 2336 408 2365 Sabbatum
436 2339 495 2373 ipse
512 2339 618 2374 primus
645 2340 788 2374 stabilivit,
816 2342 1010 2372 demonstrans

223 2381 289 2409 illud
306 2390 354 2418 per
374 2384 510 2419 duplicent
526 2393 633 2413 manna:
648 2387 847 2421 collectionem,
875 2394 903 2416 et
919 2389 1010 2417 ineor-

222 2433 330 2463 ruptam
348 2429 409 2464 ejus
427 2433 674 2464 conservatitmetu,
689 2441 750 2461 cum
775 2439 856 2462 antea
885 2435 1007 2470 ignotum

221 2480 305 2502 esset.
323 2474 391 2503 Tres
408 2476 467 2512 lege
488 2483 575 2506 statas
605 2479 791 2508 solemnitates
813 2481 912 2515 populo
940 2489 1008 2516 prae-

220 2521 333 2556 scripsit
352 2523 500 2556 quotannis
515 2523 702 2552 celebrandas.
720 2525 748 2552 In
767 2533 814 2553 eos
830 2527 877 2561 qui
893 2527 1006 2555 vitulum

219 2567 409 2595 conﬂaverant
425 2569 619 2597 animadvertit
635 2578 682 2606 per
695 2569 870 2600 accurrentes
885 2573 948 2606 sibi,
964 2573 1006 2601 in-

221 2613 342 2641 terfectis
363 2614 450 2642 tribus
466 2615 671 2644 obstinatorum
696 2618 828 2647 millibus.

197 2662 201 2696 |
254 2657 359 2694 Populo
377 2659 451 2694 leges
481 2660 553 2687 tulit.
584 2661 742 2689 Numeravit
758 2663 839 2690 etiam
861 2663 968 2692 Levitas
989 2671 1005 2692 a

219 2705 318 2740 popqu
334 2713 491 2734 secernens.
513 2706 551 2735 De
563 2708 707 2736 sacriﬁciis
720 2708 855 2744 agitandis
867 2710 922 2738 illis
940 2719 1006 2747 pra}-

220 2755 300 2786 cepta
319 2751 405 2784 dedit,
424 2752 499 2780 etde
515 2754 666 2788 gestatione
679 2754 749 2781 sacri
768 2756 948 2789 tabernaculi,
978 2762 1006 2784 et

218 2796 252 2823 de
270 2797 339 2824 bene
350 2798 475 2826 ordinata
487 2799 668 2834 profectione.
689 2799 779 2835 Ignem
796 2808 878 2835 super
905 2802 1002 2835 altare,

219 2842 264 2869 ubi
277 2843 394 2878 primum
410 2844 479 2871 ritus
495 2845 634 2880 religionis
646 2852 817 2877 processere.
830 2847 940 2873 cmlitus
956 2847 1005 2874 de-

217 2889 392 2916 scemleutcm
409 2890 539 2922 ostendit.
554 2891 598 2924 qui
618 2895 644 2917 et
664 2889 841 2919 inexstincttts
858 2892 1000 2920 remansit.

1062 2297 1171 2334 ἡγίασε.

1096 2344 1235 2371 Σαὸϐατον
1262 2344 1344 2376 αὖτις
1371 2343 1478 2379 πρῶτος
1505 2344 1636 2379 ὡρίσατο,
1661 2343 1749 2376 δείξας
1768 2343 1846 2375 αὐτὸ,

1060 2389 1103 2416 διὰ
1120 2390 1170 2424 τῆς
1187 2389 1284 2424 διπλῆς
1306 2390 1422 2424 ἐκλογῆς
1438 2389 1486 2416 τοῦ
1515 2390 1614 2424 μάννα,
1642 2389 1687 2416 καὶ
1709 2391 1756 2424 τῆς
1781 2391 1848 2424 ἀσή-

1060 2443 1129 2461 πτου
1158 2435 1290 2470 διαμονῆς
1315 2435 1410 2468 αὐτοῦ,
1439 2435 1470 2462 οὐ
1498 2435 1634 2471 πρότερον
1663 2435 1844 2470 ἐγνωσμένον.

1060 2481 1142 2516 Τρεῖς
1170 2481 1305 2516 νομίμους
1341 2482 1437 2517 ἑορτὰς
1466 2481 1506 2515 τῷ
1534 2481 1591 2515 λαῷ
1619 2481 1763 2516 παρέδωκε
1797 2481 1845 2509 τοῦ

1059 2527 1185 2555 ἐνιαυτοῦ
1200 2528 1350 2563 ἑορτάζειν.
1369 2528 1438 2559 Τοὺς
1464 2528 1717 2562 μοσχοποιήσαντας
1741 2529 1844 2562 ἐτιμω-

1059 2574 1162 2609 ρήσατο
1175 2574 1219 2600 διὰ
1232 2574 1287 2600 τῶν
1312 2573 1594 2609 προσδεδραμηκότων
1620 2573 1704 2609 αὐτῷ,
1736 2582 1844 2609 τρισχι-

1058 2619 1132 2651 λίους
1147 2620 1211 2651 τοὺς
1223 2619 1458 2655 ἀνεπιστρέπτους
1472 2619 1650 2651 ἀποκτείνας.

1093 2665 1146 2691 Τὸν
1162 2664 1226 2691 λαὸν
1253 2664 1460 2700 ἐνομοθέτησεν.
1494 2664 1684 2701 ’Δπηρίθμησε
1706 2666 1753 2692 καὶ
1780 2666 1844 2697 τοὺς

1057 2710 1174 2740 Λευῖτας
1198 2710 1246 2737 ἀπ’
1260 2710 1351 2737 αὐτῶν
1372 2709 1478 2738 διελών.
1494 2710 1561 2746 Περὶ
1576 2711 1678 2738 θυσιῶν
1693 2711 1784 2742 αὐτοῖς
1801 2711 1843 2737 δι-

1056 2755 1181 2788 ετάξατο,
1191 2755 1238 2782 καὶ
1247 2755 1394 2790 ἀπάρσεως
1402 2756 1451 2791 τῆς
1464 2756 1539 2791 ίερᾶς
1551 2755 1718 2791 σκηνῆς,καὶ
1730 2757 1843 2791 πορείας

1055 2801 1200 2828 εὐτάκτου.
1219 2801 1280 2837 Πῦρ
1290 2801 1337 2828 ἐπὶ
1347 2801 1377 2828 τὸ
1393 2801 1598 2838 θυσιαστήριον,
1615 2804 1685 2829 κατὰ
1700 2804 1749 2838 τὴν
1764 2802 1842 2837 πρώ·

1054 2855 1105 2882 την
1118 2848 1232 2883 πῴοδον
1253 2848 1284 2880 ἐξ
1312 2849 1428 2884 οὐρανοῦ
1455 2849 1706 2884 καταὸιῆαζόμενον
1730 2849 1840 2882 ἔδειξεν,

1054 2893 1069 2920 ὃ
1084 2894 1131 2922 καὶ
1146 2894 1282 2930 διέμεινεν
1300 2894 1448 2924 ἄσὸεστονέ
1461 2896 1531 2928 Τοὺς
1547 2897 1771 2931 προσαγαγόντας
1790 2897 1840 2923 οὐκ
