2073 3161
146 164 149 167 ’
164 177 201 208 οει
752 176 940 205 LIBELLUS

1008 175 1210 206 IMORIALIS.
1757 177 1793 209 70

166 234 201 263 ὲκ
217 232 314 259 τούτου
335 231 435 266 πυρὸς,
454 231 548 258 Ναδὰϐ
576 231 623 258 καὶ
645 230 752 257 ’Λϐιοὺδ
770 231 834 261 τοὺς
864 231 956 265 ἀρχιε-

1008 229 1159 258 Oili-rentes
1174 238 1208 257 ex
1221 238 1275 257 non
1293 229 1347 257 isto
1361 229 1422 265 igne
1439 229 1532 258 Nadab
1548 234 1575 257 et
1592 230 1681 257 Abiud
1699 238 1792 258 sarcr-

165 279 234 312 ρεῑς,
249 276 374 312 θεηλάτῳ
387 276 479 312 πληγῇ
492 277 698 307 καταπεσόντας
714 275 850 307 ἀπέδειξε.

199 366 340 402 Καθαρῶν
351 367 399 393 καὶ
415 366 453 402 μὴ
469 365 600 401 καθαρῶν
615 365 692 397 ζώων
708 365 846 401 διάκρισιν
859 365 954 399 ἐποιή-

165 422 242 442 σατο.
265 412 352 447 ’Υπὲρ
385 412 528 447 ἁμαρτιῶν
555 411 660 443 λύσεως
683 411 733 443 τὰς
759 411 957 446 ἀφωρισμένας

166 459 262 490 θυσίας
277 458 393 490 ἐπέταξε
408 458 464 484 δεῖν
481 457 678 493 προσάγεσθαι.
694 457 812 492 Λεπρῶν
828 457 877 483 καὶ
893 457 958 483 ἁνα-

165 506 263 540 ’λήρων
289 504 442 540 διακρίσεις
467 503 522 530 ἀπὸ
551 503 601 538 τῆς
618 503 696 538 ίερᾶς
716 504 880 538 συναγωγῆς
905 503 957 528 ὐπ-

167 551 265 584 ιδειξε,
275 549 400 585 καὶπερὶ
415 549 575 584 καθάρσεως
589 548 678 575 αὐτῶν
694 548 756 575 τίνα
770 547 957 583 προσάγεσθαι

166 597 214 623 καὶ
229 597 304 627 ὅπως
330 595 384 630 χρὴ
408 594 561 627 διετάξατο.
585 595 655 626 Τοὺς
675 593 860 630 Ἀμορραίους
877 593 956 619 ἀναι-

167 644 239 677 μωτὶ
254 641 407 672 κατελθὼν,
420 641 468 675 τὴν
481 641 533 675 γῆν
545 640 636 666 αὐτῶν
650 641 710 671 ταῖς
727 639 774 666 δύο
792 639 891 674 φυλαῖς
908 638 955 665 τοῦ

175 687 285 715 Ῥουσὶν
293 687 340 714 καὶ
351 686 398 713 τοῦ
414 687 468 713 Γὰδ
480 686 630 721 ἀπένειμεν
643 686 682 717 είς
694 685 823 720 κλήρους.
837 685 888 711 Τὸν
903 685 956 711 τῶν

166 734 341 762 Μαδιανιτῶν
360 733 449 760 ἀνεῖλε
471 732 595 767 βασιλέα,
611 732 715 758 καὶτὸν
728 732 826 766 μάντιν
839 731 956 766 Βαλαὰμ

166 779 394 814 κακοσὺμὸουλον
420 778 496 813 αὐτῷ
528 779 600 805 κατὰ
626 777 674 804 τοῦ
698 777 765 804 λαοῦ
798 777 956 812 γενόμενον.

167 825 238 856 Τοὺς
264 823 444 855 τελεσθέντας
460 823 500 857 τῷ
519 822 682 858 Βεελφεγὼρ
695 823 727 849 ὲκ
743 822 789 849 τοῦ
813 822 878 849 λαοῦ
900 821 958 848 δισ-

172 871 286 906 μυρίους
314 869 548 905 τετρακισχιλίους
557 869 821 905 ἀναιρεθησομένους
831 869 955 903 προεῖπε.

202 957 319 992 Σημεῖον
331 957 380 983 καὶ
391 956 476 982 τύπον
490 955 540 982 τοῦ
555 955 690 990 σωτηρίου
703 955 820 990 σταυροῦ
839 955 868 980 ὲν
880 950 957 988 ᾧπερ

167 1002 316 1038 ἀνέστησεν
331 1002 392 1037 ὕφει
403 1001 497 1037 χαλκῷ
511 1000 746 1037 προκατεὸάλετο.
764 998 786 1034 ᾧ
811 1000 957 1035 προσέχον-

166 1056 211 1080 τες
222 1049 246 1075 οἱ
260 1048 422 1083 δακνόμενοι
439 1047 491 1074 ὑπὸ
503 1046 558 1073 τῶν
570 1046 660 1082 ὄφεων
673 1047 723 1073 οὐκ
733 1045 904 1073 ἀπώλλυντο.

203 1139 289 1166 Πέντε
309 1138 419 1174 βίϐλους
434 1137 472 1174 τῷ
494 1137 552 1173 λαῷ
567 1137 722 1170 συνέταξεν,
734 1137 774 1168 εἴς
793 1145 822 1163 τε
838 1136 954 1172 μελέτην

165 1185 278 1220 διηνεκῆ
301 1185 350 1211 καὶ
361 1184 540 1211 διδασκαλίαν
553 1183 642 1217 λόγων
666 1183 758 1218 ἱερῶν,
778 1183 826 1209 καὶ
845 1184 956 1218 μνήμην

165 1231 220 1258 τῶν
236 1231 307 1266 ὑπὲρ
322 1229 414 1257 αὐτῶν
430 1229 477 1256 καὶ
500 1230 539 1261 εἰς
559 1229 657 1260 αὐτοὺς
679 1228 883 1263 γεγενημένων,
910 1228 957 1254 καὶ

169 1275 340 1312 προφητείαν
349 1274 404 1301 τῶν
420 1274 552 1301 ἐπιόντων
567 1274 658 1305 αὐτοῖς
669 1273 773 1304 δεινῶν,
787 1272 909 1308 ῥᾳθυμίᾳ
925 1280 955 1298 τε

168 1321 222 1348 ἀπὸ
235 1321 283 1355 τῆς
292 1320 447 1354 εὐσεϐείας,
461 1319 509 1346 καὶ
522 1318 666 1346 ἁποκλίσει.
677 1320 709 1353 τῇ
723 1319 769 1344 ἐπὶ
784 1318 955 1349 δυσσέϐειαν,

168 1368 324 1394 κατέλιπεν.
352 1366 432 1393 Ἀλλὰ
456 1367 503 1393 καὶ
531 1365 603 1400 ᾠδὴν
619 1365 723 1396 αὐτοῖς,
751 1363 821 1398 μετὰ
841 1363 890 1398 τὴν
911 1364 956 1389 ἐπὶ

167 1413 215 1448 τὴν
227 1412 271 1439 διὰ
287 1412 425 1447 θαλάσσης
442 1411 581 1446 σωτηρίαν
605 1409 829 1444 καταλεχθεῖσαν,
858 1409 956 1444 ἑτέραν

166 1458 241 1495 ᾖσεν,
264 1458 302 1490 ὡς
317 1458 352 1484 τὰ
365 1457 429 1492 ἔθνη
452 1456 688 1492 προτιμηθήσεται
703 1455 794 1482 αὐτῶν
819 1455 954 1489 δυσσεϐη-

169 1504 283 1536 σὰντων,
299 1504 333 1530 τὰ
347 1503 468 1538 πρότερα
495 1502 625 1534 ἀσύνετα,
641 1502 688 1527 καὶ
704 1501 757 1527 ὑπὸ
772 1501 840 1527 Θεοῦ
871 1508 956 1535 προισ-

1007 277 1096 309 dotes,
1111 276 1243 304 divinitus
1268 275 1392 304 immisso
1410 276 1521 304 vulnere
1544 275 1738 304 occumbentes
1752 284 1795 304 os-

1008 321 1104 349 tendit.

1042 366 1206 393 Mundorum
1221 371 1249 394 et
1261 373 1315 393 non
1333 365 1499 394 mundorum
1516 367 1679 394 animalium
1697 366 1796 394 discri-

1007 421 1069 440 men
1083 412 1182 440 eﬂeeit.
1199 412 1252 439 Pro
1266 416 1440 447 peccatorum
1464 412 1625 440 remissione
1646 413 1795 440 constituta

1008 459 1143 486 sacriﬁcia
1164 458 1291 493 praecepit
1305 458 1396 485 oli‘erri
1415 462 1552 493 oportere.
1568 457 1750 493 Leprosorum
1763 465 1796 485 ac

1007 505 1114 533 defectu
1127 505 1310 533 laborantium
1332 504 1499 531 seeretioues
1524 511 1540 531 a
1556 511 1637 531 sacro
1651 509 1723 531 coetu
1743 505 1794 531 ob-

1008 551 1157 579 servandas
1168 550 1262 582 edixit,
1276 554 1358 584 atque
1373 557 1423 584 pro
1434 549 1591 576 eorumdem
1606 549 1795 584 puriﬁcatione

1007 604 1069 632 quae
1097 591 1295 631 et'quomodn
1325 594 1464 622 otl'erenda
1493 598 1586 622 essent
1617 594 1794 629 prmscripsit.

1007 642 1174 670 Amori-bacis
1185 641 1244 669 sine
1258 648 1371 668 suorum
1383 641 1516 675 sanguine
1532 640 1665 672 subactis,
1695 645 1794 667 terram

1010 688 1119 716 illorum
1137 687 1245 715 duabus
1260 686 1386 714 tribubus
1398 686 1493 714 [iuben
1510 691 1538 713 et
1575 685 1633 713 Gad
1655 686 1680 712 in
1703 689 1793 713 sortes

1007 734 1161 762 distribuit.
1180 733 1388 760 Madianitarutn
1404 740 1494 767 regem
1515 731 1634 763 sustulit,
1649 735 1795 764 valentque

1008 779 1118 807 Balaam
1134 779 1245 814 pessimi
1263 779 1333 814 apud
1346 786 1408 806 etim
1424 783 1563 805 auctorem
1576 776 1684 803 consilii
1697 775 1795 803 adver-

1007 833 1056 853 sus
1069 825 1211 860 populum.
1225 824 1350 852 initiatos
1365 823 1546 858 lteelphegoro
1561 830 1594 849 ex
1609 821 1718 856 populo,
1747 821 1794 858 qui

1008 871 1041 899 ad
1057 871 1152 907 viginti
1168 875 1285 906 quatuor
1298 870 1382 897 millia
1397 873 1485 902 erant,
1498 867 1676 895 internecioni
1691 867 1796 895 dandos

1009 918 1145 953 praedixit.

1045 963 1158 998 Signum
1173 970 1206 990 ac
1223 967 1315 997 typum
1340 960 1488 988 salutiferae
1501 960 1592 987 erucis
1619 959 1647 986 in
1663 963 1790 986 anteces-

1009 1017 1071 1037 sum
1087 1008 1211 1036 exhibuit
1227 1008 1298 1034 ineo
1316 1013 1396 1041 quem
1413 1005 1500 1033 erexit
1525 1012 1601 1032 mneo
1627 1007 1752 1038 serpente
1785 1011 1793 1030 :

1008 1055 1036 1082 in
1053 1062 1134 1089 quem
1152 1053 1323 1081 intendentes
1346 1052 1393 1087 qui
1411 1058 1427 1078 a
1439 1050 1611 1085 serpentibus
1635 1049 1719 1076 morsi
1735 1048 1794 1076 fue-

1007 1104 1080 1131 rant.
1096 1106 1148 1126 non
1171 1097 1330 1125 interibant.

1043 1145 1171 1178 Quinque
1190 1144 1275 1170 lihros
1292 1142 1391 1177 populo
1405 1142 1570 1177 composuit,
1586 1148 1655 1175 quos
1686 1139 1725 1167 eis
1750 1146 1794 1167 rc-

1007 1191 1088 1225 liqnit
1105 1190 1138 1216 ad
1153 1189 1246 1224 jugem
1272 1187 1476 1215 meditationem
1492 1195 1524 1214 ac
1550 1185 1722 1220 disciplinam
1750 1192 1795 1212 sa-

1007 1244 1118 1263 crorum
1134 1241 1303 1265 sermonum,
1319 1232 1352 1260 ad
1367 1232 1527 1260 memoriam
1545 1232 1609 1258 item
1623 1238 1718 1258 eorum
1733 1237 1795 1265 quae

1007 1290 1056 1317 pro
1079 1281 1146 1315 ipsis
1168 1280 1209 1308 vel
1238 1283 1333 1306 centra
1359 1279 1434 1313 ipsos
1454 1277 1523 1305 facta
1540 1281 1613 1310 sunt,
1631 1276 1658 1303 in
1678 1275 1795 1310 prophe-

1008 1327 1072 1354 tiam
1086 1333 1194 1360 quoque
1205 1325 1419 1351 obventurorum
1432 1322 1498 1357 ipsis
1513 1321 1658 1353 malorum,
1674 1321 1733 1347 sive
1745 1351 1747 1353 _
1758 1319 1794 1347 ob

1008 1372 1164 1400 socordiam
1181 1371 1208 1398 in
1222 1371 1303 1397 rebus
1319 1369 1469 1404 religionis,
1490 1369 1547 1396 sive
1574 1367 1610 1395 ob
1631 1365 1795 1402 propensio-

1008 1426 1068 1446 nem
1087 1418 1113 1444 in
1130 1417 1307 1452 impietatem.
1324 1416 1394 1449 Quin
1410 1415 1492 1442 etiam
1506 1421 1616 1442 carmen
1632 1413 1697 1446 illis,
1721 1419 1792 1447 pra:-

1008 1468 1049 1490 ter
1063 1462 1127 1489 illud
1143 1461 1216 1496 quod
1235 1461 1379 1488 recitatum
1410 1459 1500 1486 fuerat
1515 1458 1550 1486 ob
1561 1457 1717 1485 evasionem
1747 1462 1795 1490 per

1008 1508 1129 1535 medium
1147 1515 1233 1537 mare.
1257 1506 1331 1532 alittd
1346 1504 1458 1534 cecinit.
1483 1504 1560 1530 aiens
1579 1506 1673 1538 gentes
1697 1502 1795 1536 prada-

166 1550 338 1584 ληφθήσεται
351 1549 419 1584 πρὸς
437 1547 630 1583 παροργισμὺν
644 1546 744 1578 αὐτῶν,
762 1547 816 1572 τῶν
837 1547 883 1572 ἐπὶ
896 1546 955 1576 ταῖς

1009 1560 1066 1582 tum
1082 1554 1114 1580 iri
1133 1553 1201 1588 ipsis
1217 1552 1299 1587 impie
1317 1550 1476 1586 agentibus,
1494 1557 1555 1584 qua:
1571 1548 1647 1582 prius
1661 1548 1795 1581 insipien-

168 1595 279 1626 πολλαῖς
308 1594 543 1629 είδωλολατρείαις
559 1593 789 1628 παροργισάντων
812 1592 857 1618 τὸν
879 1592 954 1617 Θεόν.

171 1641 248 1667 Ἐστι
264 1640 342 1667 δὲτὰ
359 1640 440 1666 πέντε
465 1638 548 1666 αὐτοῦ
574 1639 664 1673 βιϐλία
690 1639 809 1671 Γένεσις,
835 1637 954 1670 Ἔξοδος,

167 1685 320 1719 Δευῖτικὸν,
341 1683 478 1721 Ἀριθμοὶ,
498 1683 722 1720 Δευτερονόμιον.

166 1851 289 1878 ΚΕΦΑΛ.
304 1850 344 1878 0'.
370 1865 405 1871 —-
422 1850 491 1878 Τίνα
511 1849 548 1878 τὰ
574 1849 624 1878 διὰ
663 1849 765 1884 Ἰησοῦ
789 1849 843 1877 τοῦ
869 1848 954 1884 Ναυῆ

201 1886 435 1914 ἐπιτελεσθέντα
459 1886 580 1920 σημεῖα,
599 1885 649 1912 καί
663 1885 700 1912 δι’
716 1886 811 1912 αὐτοῦ
838 1885 878 1918 τῷ
893 1886 956 1918 λιιῴ

202 1921 446 1956 κατεργασθέντα
464 1921 610 1956 θαύματα.

202 2002 255 2028 Τδν
276 2001 414 2037 Ἰορδάνην
428 2000 563 2036 ποταμὸν,
575 2001 615 2032 εἰς
626 1999 658 2027 τὸ
675 2000 820 2035 παρελθεῖν
836 2000 882 2027 τὸν
893 2000 956 2027 λα’,ν

169 2048 218 2074 ἐπὶ
232 2048 281 2080 τὴν
295 2047 345 2081 τῆς
362 2048 533 2081 ἐπαγγελίας
550 2046 613 2081 γῆν,
625 2046 718 2072 διεῖλε.
733 2045 841 2071 Δώδεκα
854 2045 955 2077 λίθους,

169 2093 241 2119 κατὰ
261 2092 377 2127 ἀριθμὸν
390 2092 444 2118 τῶν
460 2091 565 2118 δώδεκα
584 2091 687 2125 φυλῶν,
710 2091 744 2117 ἐκ
759 2090 807 2117 τοῦ
832 2090 956 2125 ποταμοῦ

167 2138 387 2174 ἀνακομισθῆναι
405 2137 552 2172 μεγάλους,
570 2138 610 2168 είς
627 2137 800 2174 μνημόσυνον
813 2136 956 2162 ἀποτεθει-

167 2186 267 2220 μένους
281 2184 321 2220 τῷ
334 2184 390 2219 λαῷ
407 2183 457 2218 τῆς
471 2183 585 2219 πορείας
604 2183 700 2215 αὑτοῦ,
712 2183 762 2217 τῆς
774 2182 818 2209 διὰ
829 2182 877 2209 τοῦ
907 2183 957 2217 ξη-

1008 1606 1048 1629 tes
1063 1605 1152 1633 erant,
1176 1607 1291 1635 qumque
1305 1607 1318 1626 a
1337 1599 1390 1625 lico
1405 1601 1582 1625 assumeutur
1602 1596 1636 1622 ad
1663 1594 1793 1622 irritatio-

1007 1655 1069 1675 nem
1086 1647 1218 1682 ipsorum,
1235 1645 1333 1679 q-Iippc
1356 1643 1402 1678 qui
1419 1642 1513 1670 multis
1543 1640 1704 1669 idololatriis
1727 1647 1793 1667 exa-

1007 1692 1178 1721 cerbavcriut
1194 1691 1290 1717 lictnn.
1319 1689 1390 1716 Sunt
1405 1696 1486 1722 porro
1511 1687 1633 1722 quinque
1643 1685 1705 1712 libri
1734 1684 1793 1719 ejus

1007 1739 1131 1770 Genesis,
1159 1737 1279 1768 Exodus,
1297 1735 1443 1765 Leviticus.
1468 1733 1590 1766 Numeri,
1625 1731 1795 1759 Deutcrono-.

1007 1785 1104 1813 ntiunt.

1006 1861 1084 1890 CAP.
1103 1859 1186 1886 LXX.
1200 1873 1234 1878 —
1252 1858 1318 1890 (huc
1332 1861 1392 1884 sunt
1415 1855 1548 1891 prodigia,
1565 1854 1597 1881 ab
1620 1853 1688 1891 ἔνθεα
1720 1851 1794 1891 Nare

1042 1900 1201 1931 perpetrata,
1235 1888 1268 1921 rt"
1285 1901 1330 1928 per
1359 1888 1442 1927 ipsum
1470 1888 1566 1926 ρὸριιιο
1595 1889 1689 1923 effecta
1709 1888 1792 1913 mira-

1042 1933 1112 1958 rula.

1041 2007 1186 2035 Iordanem
1207 2005 1317 2033 fluvium
1333 2003 1434 2035 divisit,
1452 2007 1480 2034 ut
1495 2001 1611 2036 populus
1623 1998 1751 2026 transiret
1765 1997 1792 2024 in

1008 2057 1110 2080 terram
1140 2051 1342 2087 promissionis.
1383 2048 1529 2076 Duodecim
1564 2046 1677 2080 lapides,
1711 2044 1790 2078 jtuta

1008 2105 1151 2125 numerum
1169 2096 1312 2124 duodecim
1338 2095 1471 2125 tribuum.
1497 2099 1610 2126 magnos
1626 2098 1660 2117 ex
1683 2088 1794 2116 nurnine

1009 2142 1100 2170 alferri
1128 2141 1221 2176 jussit,
1239 2139 1392 2175 deponique
1408 2146 1424 2166 a
1449 2137 1549 2173 populo
1577 2136 1604 2162 in
1631 2133 1792 2162 memoriam

1010 2188 1116 2215 itineris
1130 2188 1184 2219 sui,
1203 2187 1275 2222 quod
1292 2185 1445 2213 confecerat
1468 2191 1516 2219 per
1543 2181 1663 2209 medium
1702 2178 1793 2207 arefa-

169 2230 218 2265 ροῦ
236 2230 386 2265 γενομένου
402 2229 539 2264 ποταμοῦ,
554 2227 732 2264 προσέταξεν.
752 2229 807 2259 Τὰς
822 2228 955 2263 ἑξήκοντα

1008 2239 1080 2263 etum
1096 2234 1206 2261 flumen.
1221 2233 1353 2260 Scxceuta
1369 2231 1454 2258 millia
1466 2229 1557 2265 populi
1573 2225 1686 2262 lapideis
1695 2223 1793 2260 gladiis

169 2276 304 2312 μυριάδας
318 2276 366 2302 τοῦ
389 2275 455 2303 λαοῦ
477 2275 618 2310 πετρίναις
629 2275 778 2309 περιέτεμε
794 2275 953 2310 μαχαίραις.

166 2322 208 2348 Τὰ
224 2323 253 2348 ὲν
275 2321 382 2357 Ίεριχὼ
399 2321 476 2356 τείχη
497 2320 655 2354 σαλπίγγων
670 2321 723 2355 ἠχῇ
743 2320 954 2355 κατεστρέψατο.

167 2368 220 2394 Τὸν
235 2367 451 2402 ἱεροσυλήσαντα
469 2366 626 2401 Ἀχαραῖον,
646 2365 680 2392 δι’
697 2366 726 2392 ὃν
740 2367 753 2392 ό
769 2365 832 2397 λαδς
845 2366 955 2400 ἡττᾶτο,

167 2413 308 2449 κληρωτὸν
342 2413 490 2448 ἀνεύρηκε,
523 2412 570 2438 καὶ
596 2412 766 2439 λιθόλευστον
783 2412 882 2440 ἀνεῖλε.
901 2413 956 2443 Τὰς

167 2459 260 2490 πόλεις
272 2459 326 2485 τῶν
339 2458 435 2490 ἐθνῶν,
452 2461 498 2485 καὶ
510 2458 573 2489 τοὺς
583 2457 702 2492 βασιλεῖς
718 2457 808 2484 αὐτῶν
821 2457 957 2492 ἀναιμω.ὶ

166 2506 348 2541 παρείληφεν.
384 2505 469 2540 ’Υπὲρ
493 2504 686 2536 Γαὸαωνιτῶν,
716 2503 770 2529 τῶν
799 2503 957 2538 αὐτομόλων

166 2550 274 2586 τῷλαῷ
289 2550 453 2585 γεγονότων,
470 2550 608 2586 πολεμῶν,
626 2551 666 2582 είς
683 2550 789 2576 τελείαν
811 2549 890 2585 νίκην
907 2550 957 2585 τὴν

145 2616 149 2632 ρ
167 2596 239 2631 ὑπὲρ
252 2596 344 2623 αὐτῶν
355 2596 401 2622 τὸν
412 2595 490 2630 ἡλίου
501 2596 601 2631 δρόμον
614 2595 726 2631 ἔστησε.

144 2639 150 2676 ί
204 2642 271 2674 Ταῖς
298 2642 397 2677 ιρυλαῖς
425 2641 496 2668 κατὰ
523 2641 642 2677 κλήρους
658 2641 749 2668 αὐτῶν
774 2641 823 2677 τὴν
840 2642 903 2676 γῆν,
924 2642 958 2676 ἥν

144 2687 149 2701 ⁸
166 2688 331 2723 παρειλήφει
346 2688 421 2723 παρὰ
431 2687 485 2714 τῶν
498 2687 593 2719 ἐθνῶν,
608 2687 763 2722 κατένειμε.
788 2687 834 2722 Τῷ
862 2696 958 2714 πιστο-

165 2735 241 2770 τάτῳ
252 2735 342 2761 Χαλὲὸ
359 2734 398 2770 τῷ
411 2734 459 2761 τοῦ
482 2734 604 2769 Ἰεφωνῆ,
621 2735 666 2762 τδν
683 2735 758 2767 ἄξιον
783 2734 866 2761 αὐτοῦ
890 2734 958 2770 κλῆ-

167 2789 216 2815 ρον
231 2781 374 2816 ἀπένειμε.
388 2780 444 2816 Τὴν
461 2781 555 2812 Ῥαὰ6,
571 2781 621 2815 τὴν
635 2782 697 2812 τοίις
712 2781 899 2807 καταεκόποω
914 2780 956 2807 δε-

169 2827 300 2861 ξαμένην,
327 2827 452 2862 ἐτίμησε,
479 2826 519 2862 τῷ
544 2826 602 2862 λαῴ
631 2826 838 2860 συγκατατάξας
861 2827 957 2862 αὑτήν.

168 2872 231 2904 Τοῖς
247 2872 351 2907 ἱερεῦσι
376 2874 423 2900 καὶ
447 2873 503 2904 τοῖς
526 2873 653 2905 Aemi-r11;
667 2872 717 2904 τὰς
733 2873 824 2903 πόλεις
853 2874 900 2899 καὶ
924 2874 958 2900 τὰ

1008 2278 1190 2306 circumcidit.
1198 2276 1365 2305 Jeriehunlis
1375 2282 1468 2303 muros
1476 2274 1602 2301 tubarum
1612 2277 1679 2298 sono
1686 2268 1792 2296 evertit.

1007 2325 1168 2352 Acharazum
1186 2323 1273 2351 iurent
1291 2322 1466 2357 sacrilegum,
1481 2324 1592 2356 propter
1607 2324 1688 2352 quem
1703 2322 1792 2350 popu-

1008 2372 1051 2398 lus
1067 2371 1194 2398 hostibus
1210 2370 1404 2401 srrecubuerat,
1420 2376 1468 2402 per
1482 2371 1570 2394 sortes
1585 2363 1700 2394 invenit,
1717 2365 1742 2388 ct
1755 2361 1795 2387 la-

1008 2417 1129 2452 pidatum
1147 2416 1205 2443 neci
1221 2415 1305 2442 dedit.
1320 2414 1449 2442 Gentium
1482 2412 1574 2443 urbes,
1601 2414 1629 2437 et
1646 2415 1724 2443 reges
1748 2413 1796 2452 eaf

1009 2451 1069 2489 rum
1099 2463 1168 2489 citra
1197 2461 1357 2495 sanguinem
1379 2460 1460 2494 cepit.
1481 2458 1533 2485 Pro
1549 2455 1719 2485 Gabaonitis.
1746 2451 1791 2486 qui

1007 2516 1067 2536 sise
1082 2513 1179 2542 sponte
1204 2507 1334 2534 dederant
1365 2505 1474 2541 populo,
1502 2504 1601 2531 bellum
1624 2507 1731 2537 gerens,
1759 2497 1792 2523 ad

1010 2552 1158 2588 perfectam
1172 2553 1312 2579 victoriam
1327 2559 1376 2587 pro
1386 2551 1438 2578 illis
1454 2548 1636 2578 referendam,
1652 2545 1718 2573 solis
1731 2549 1792 2569 cur-

1009 2607 1070 2626 sum
1088 2599 1168 2626 stitit.

1044 2644 1182 2672 Tribubus
1218 2651 1265 2679 per
1285 2648 1373 2672 sortes
1389 2650 1484 2671 earum
1517 2647 1629 2671 terram.
1656 2643 1736 2672 quam
1760 2633 1795 2660 de

1009 2691 1136 2727 gentibus
1156 2695 1309 2726 acceperat,
1333 2690 1483 2717 distribuit.
1509 2686 1655 2714 Fidissimo
1690 2680 1793 2727 Chaleh

1008 2725 1139 2771 icphonis
1152 2725 1228 2769 lilio,
1239 2736 1348 2770 dignam
1372 2735 1419 2762 illo
1435 2733 1617 2761 han-editatem
1633 2725 1794 2762 assignavit.

1012 2782 1100 2814 llaab,
1132 2788 1193 2816 quae
1221 2782 1410 2816 exploratores
1438 2781 1607 2811 susceperat.
1638 2773 1793 2806 honoravit,

1009 2835 1071 2854 eam
1087 2828 1179 2862 populi
1193 2827 1304 2855 civitate
1318 2827 1456 2854 donando.
1476 2822 1670 2851 Sacerdotibus
1692 2828 1726 2848 ac
1741 2818 1792 2846 Le-

1011 2875 1073 2902 vitis
1094 2875 1175 2902 ttrbes
1191 2880 1272 2910 atque
1289 2874 1418 2902 suhurbia
1435 2870 1594 2906 assignavit.
1615 2870 1669 2898 Sex
1697 2866 1794 2902 refugit
1825 2898 1828 2902 ,
