2073 3161
160 173 196 203 73
746 166 932 198 LIBELLUS
950 163 1201 196 MEMORIALIS.
1754 159 1789 189 7t

161 229 284 257 κατιέναι
314 228 382 263 πρὸς
407 227 445 262 τῷ
463 226 657 263 παρακειμένῳ
688 225 814 260 ποταμῷ,
840 225 951 251 κάκεῖσε

1010 222 1077 257 quod
1113 225 1284 255 nequaquam
1321 218 1355 244 ob
1389 215 1552 243 bellatorum
1587 212 1790 240 multitudinem

159 273 277 301 δεικνύει
294 273 358 304 τοὺς
388 270 632 306 συνελευσομένους
649 271 678 296 ὲν
696 271 729 305 τῇ
746 269 830 304 μάχῃ.
850 268 893 298 Ὡς
922 267 949 293 δὲ

161 320 201 350 εἰς
219 317 293 352 ὕδωρ
311 319 383 344 πιεῖν
396 317 420 344 οἱ
453 316 546 352 μύριοι
564 315 731 350 κατέϐησαν,
761 312 950 348 ὲπιτηρεῖσθαι

161 364 307 390 κελεύεται
332 363 367 389 τὰ
392 362 515 397 στόματα
535 362 590 392 τοῖς
617 361 693 387 ὕδασι
720 359 951 389 καταϐάλλοντας,

162 407 448 442 κατακαμπτομένους
471 407 499 433 ὲν
517 406 556 440 τῷ
582 406 678 436 πίνειν,
708 405 835 435 καὶτοὺς
859 403 952 438 χερσὶν

163 454 352 488 ἀνιμωμένους
369 453 399 478 τδ
419 452 513 483 ποτὸν,
529 452 576 478 καὶ
592 451 743 481 λάπτοντας
759 450 824 476 ὡσεὶ
856 449 946 478 κύνες.

164 495 243 524 Οὗτοι
263 498 291 524 δὲ
307 497 438 532 ὤφθησαν
453 497 530 526 ὅντες
545 496 622 530 μόνοι
636 496 800 529 τριακόσιοι.
819 495 873 520 Καὶ
899 494 950 520 πέμ

164 543 206 568 λιν
236 541 350 576 πέμψας
392 541 574 570 ἑπτακοσίους
616 540 663 565 καὶ
699 538 950 573 ὲννεακισχιλίους,

165 587 260 613 ἀκούει
293 586 331 617 ὡς
355 585 399 612 διὰ
430 584 484 610 τῶν
515 585 681 618 τριακοσίων
713 584 778 615 τοὺς
806 583 952 618 πολεμίους

167 629 290 665 ἀμαχητὶ¹
306 628 488 663 τροπώσεται.
510 627 618 661 Ὑδριας
632 625 677 653 οὖν
703 628 794 658 αὐτοῖς
825 627 952 661 ἐπιφέρε-

167 676 228 702 σθαι
246 675 294 701 καὶ
318 674 463 709 λαμπάδας
488 673 517 699 ὲν
544 674 577 707 τῇ
601 673 733 706 εὐωνύμῳ
748 673 820 708 χειρὶ
837 673 952 704 κελεύει⁷

167 723 214 748 καὶ
228 721 380 754 σάλπιγγας
393 720 423 745 ἐν
434 720 466 753 τῇ
479 718 554 753 δεξιᾷ
563 728 570 733 ·
587 716 647 744 εἶτα
671 717 876 754 ἀπορρίψαντας
904 718 954 749 τὰς

167 766 270 801 ὑδρίας,
290 765 432 797 σαλπίζειν
447 764 492 790 καὶ
512 763 626 797 ἐπιϐοᾷν
640 771 646 777 ·
671 763 815 797 Ῥομεραία
828 762 868 794 τῷ
894 761 954 794 Θεῷ

166 812 215 839 καὶ
234 811 275 844 τῷ
290 811 418 838 Γεδεών.
452 809 561 836 Τούτων
584 810 611 835 δὲ
636 808 707 835 οὕτω
727 809 905 843 τελουμένων,
929 810 953 834 ot

168 857 294 891 πολέμιοι
313 856 346 882 δι’
357 855 462 882 ἑαυτῶν
475 855 633 886 ἐκόπτοντο,
648 854 750 888 πλῆθος
775 854 852 886 ὅντες
873 854 953 880 ἀπει-

1004 269 1090 295 victor
1105 271 1178 294 esset
1193 265 1312 296 futurus,
1329 263 1454 297 quamvis
1471 261 1568 289 intiniti
1580 265 1671 288 essent
1683 260 1773 287 hostes
1783 278 1791 289 ,

1003 313 1049 340 sed
1070 313 1105 339 ob
1118 313 1240 338 divinum
1260 309 1392 336 auxilium
1408 317 1414 334 :
1441 308 1538 334 iterum
1555 306 1579 334 ei
1606 304 1743 340 praecipit,
1762 309 1793 331 ιιι

1004 361 1036 390 ad
1054 367 1136 394 prope
1153 358 1271 392 positum
1284 357 1383 383 ﬂumen
1409 354 1565 385 descendat,
1585 353 1676 388 ibique
1691 352 1730 379 illi
1746 359 1790 379 os«

1005 406 1090 433 tendit
1107 404 1153 439 qui
1171 411 1232 430 eum
1250 403 1296 428 illo
1312 401 1344 427 ad
1360 408 1478 436 pugnam
1503 403 1596 426 essent
1611 398 1687 425 ituri.
1703 398 1792 430 Quum

1004 450 1076 477 enim
1095 450 1189 477 decem
1205 447 1307 475 milleni
1325 447 1362 473 illi
1389 446 1421 472 ad
1447 445 1591 472 bibendam
1615 451 1714 479 aquam
1743 444 1792 470 de-

1006 495 1187 527 scendissent,
1204 493 1389 521 observandos
1415 491 1497 518 edicit
1517 491 1651 523 homines,
1671 489 1718 524 qui
1745 497 1792 516 ora

1007 542 1086 577 aquis
1112 541 1299 576 imprimerent
1329 539 1539 573 procumbentes
1568 536 1600 563 ad
1635 536 1792 568 bibendum,

1004 596 1052 615 eos
1068 589 1131 615 item
1155 589 1201 621 qui
1228 586 1328 621 palmis
1353 585 1480 612 haustum
1507 583 1655 616 traherent,
1687 583 1792 609 lambe-

1007 638 1121 668 rentque
1144 637 1173 659 ut
1198 639 1289 658 canes.
1316 631 1371 658 Visi
1390 635 1454 658 sunt
1481 629 1639 663 huiusmodi
1668 629 1793 656 homines

1005 678 1149 706 dumtaxat
1163 677 1288 704 trecenti.
1305 676 1404 703 lterum
1423 683 1487 710 ergo
1503 676 1565 702 data
1582 674 1698 702 abeundi
1714 673 1791 700 venia

1006 728 1102 748 novem
1120 721 1174 748 illis
1195 721 1317 748 millibus
1329 725 1357 748 et
1368 720 1557 755 septingentis,
1571 719 1647 746 audit
1660 719 1793 748 futurum.

1006 771 1035 792 ut
1058 774 1108 799 ope
1130 770 1312 793 trecentorum
1340 773 1435 793 eorum
1464 765 1637 793 adversarios
1655 773 1709 792 non
1729 772 1795 792 cott-

1006 817 1078 838 serta
1096 813 1154 839 acie
1169 813 1196 839 in
1209 812 1301 847 fugam
1318 816 1415 839 vertat.
1429 811 1510 839 Jubet
1537 819 1603 846 ergo
1629 815 1657 838 ut
1685 811 1794 845 lagenas

1009 857 1061 884 sibi
1087 857 1203 884 afferant
1230 858 1424 892 Iampadasque
1455 857 1481 884 in
1502 856 1614 884 sinistra
1644 863 1739 885 manu.
1764 862 1796 881 ac

169 911 226 938 ρον,
243 902 291 929 καὶ
305 902 441 937 τέσσαρας
458 900 579 935 βασιλεῖς
594 901 656 931 τοὺς
684 900 831 934 πολεμίους
854 908 952 934 χειρω-

1010 904 1083 931 .ubas
1098 904 1124 930 in
1141 904 1265 930 dextera.
1286 904 1390 930 Deinde
1406 909 1434 930 ut
1445 903 1561 938 abjectis
1583 903 1699 937 lagcuis,
1715 902 1794 929 clan-

170 949 287 983 σὰμενος
301 947 449 979 πελεκίζει,
467 947 512 972 τὸν
529 945 622 980 Ὠρὴϐ,
637 946 685 972 καὶ
702 946 747 972 τὸν
764 945 832 980 Ζὴφ,
851 946 954 972 καὶτὸν

169 993 260 1025 Ζεὸεὲ,
280 993 327 1019 καὶ
348 993 487 1027 Σαλμανᾶ,
500 991 673 1018 Μαδιανιτῶν
699 992 747 1017 καὶ
765 991 954 1026 Ἀμαληκιτῶν

168 1040 231 1070 τοὺς
246 1039 384 1073 βασιλέας.

1009 952 1073 983 gant
1086 953 1113 975 et
1129 949 1299 982 obstrepant,
1319 949 1431 975 Gladius
1457 948 1509 975 [leo
1526 953 1551 974 et
1575 948 1700 974 Gedeom'.
1730 946 1797 979 Qua:

1009 1004 1070 1022 cum
1082 996 1119 1022 ita
1152 1000 1261 1029 peracta
1289 994 1415 1027 fuissent,
1438 995 1531 1022 hostes
1562 1001 1610 1028 per
1625 1002 1655 1021 se
1677 994 1794 1021 invicem

1010 1039 1211 1074 feriuntur,'qui
1235 1041 1409 1067 multitudine
1423 1043 1502 1066 erant
1520 1039 1632 1071 inﬁniti,
1660 1043 1793 1073 qualum--

169 1091 223 1118 que
232 1092 309 1119 reges
326 1084 497 1111 adversarios
511 1084 620 1118 subegit
642 1087 668 1110 et
693 1083 782 1110 securi
809 1085 956 1118 percussit,
974 1084 1046 1112 Oreb
1069 1091 1096 1113 et
1123 1085 1207 1120 Zeph,
1227 1090 1253 1112 et
1268 1085 1357 1113 Zebce
1367 1090 1394 1112 et
1418 1085 1557 1116 Salmana,
1589 1084 1635 1119 qui
1664 1084 1795 1111 Mediam-

170 1135 259 1157 tarum
272 1130 518 1157 Amaleeitarumve
539 1137 616 1164 rcges
629 1135 717 1158 erant.

204 1176 283 1202 Μετὰ
309 1176 337 1202 δὲ
367 1176 455 1202 ταῦτα
484 1176 565 1201 πάλιν
594 1176 744 1210 ἁμαρτόντι
771 1175 810 1210 τῷ
828 1177 885 1211 λαῷ
910 1179 957 1204 καὶ

168 1219 353 1251 δυσσεῦοὖντι,
373 1221 532 1255 ἐπικρατεῖς
547 1221 571 1246 οἱ
588 1221 713 1256 πολέμιοι
728 1221 862 1255 γίνονται.
884 1224 952 1258 Κρι-

169 1267 220 1301 ei}:
241 1266 344 1300 Ἰεφθάε
360 1266 374 1292 ὁ
387 1267 556 1302 Γᾳλααδίτης
569 1267 761 1301 προϐάλλεται.
780 1267 809 1299 ὃς
832 1269 958 1303 πολεμῶν

169 1312 201 1337 ’τὸ
216 1311 270 1338 τῶν
292 1312 468 1347 Ἀμμανιτῶν
483 1313 571 1345 ἔθνος,
589 1313 725 1347 ἐπηύξατο
738 1313 806 1348 πρὸς
827 1316 860 1349 τῇ
885 1315 956 1350 νίκῃ,

168 1357 216 1383 τὸν
228 1357 392 1384 ἀπαντῶντα
414 1358 488 1394 αὺτῷ
504 1358 607 1385 ἀνιόντι
623 1358 655 1384 ὲκ
672 1358 721 1392 τῆς
736 1358 833 1385 ἑαυτοῦ
846 1359 955 1394 πρῶτον

170 1402 260 1433 οἰκίας
285 1404 472 1437 προσαγαγεῖν
502 1403 573 1437 ὑπὲρ
602 1403 652 1437 τῆς
677 1403 757 1436 νίκης
778 1405 817 1435 εἰς
850 1404 954 1431 Θυσίαν.

177 1448 301 1484 Ἀπαντᾷ
315 1448 381 1481 γοῦν
396 1449 470 1483 αὐτῷ
493 1449 642 1484 μονογενὴς
665 1448 811 1483 παρθένος,
832 1449 866 1484 ἣν
887 1448 956 1484 εἶχε,

172 1492 306 1528 θυγάτηρ,
324 1493 372 1520 καὶ
393 1495 552 1529 προσήγαγε
566 1494 680 1528 ταύτην,
696 1494 841 1529 ἐπιδούσης
858 1496 958 1531 ἑαυτὴν

172 1538 220 1563 καὶ
232 1538 281 1572 τῆς
295 1538 390 1573 κόρης.

207 1583 292 1610 Πάλιν
307 1583 335 1610 δὲ
348 1583 402 1610 ἀπὸ
416 1583 467 1618 τῆς
482 1583 625 1615 εὐσεϐείας
640 1583 905 1619 ἁποῤῥᾳθυμήσαντι
917 1586 956 1621 τῷ

171 1628 229 1662 λαῷ
244 1629 290 1654 καὶ
305 1630 545 1664 καταπατουμένῳ
556 1629 624 1663 πρὸς
638 1629 813 1662 Φιλισθαίων,
829 1631 877 1657 καὶ
887 1631 956 1666 θρη-

171 1674 261 1701 νοῦντι
277 1675 327 1710 τὴν
340 1675 503 1709 ὲπάχθειαν,
521 1675 641 1710 Σαμψὼν
665 1675 824 1710 Ναζηραῖος
836 1678 869 1711 τῇ
891 1677 957 1703 ἀνα-

173 1721 276 1755 στροφῇ
287 1720 393 1753 γίνεται
407 1720 514 1755 κριτὴς,
531 1721 559 1752 ὂς
579 1722 608 1747 ἐν
620 1722 678 1753 ταῖς
708 1721 796 1756 θριξὶν
820 1720 877 1757 εἶχε
906 1722 955 1758 τὴν

172 1765 299 1799 δύναμιν.
316 1766 372 1792 Καὶ
390 1766 498 1800 πρῶτον
525 1767 575 1800 μὲν
601 1766 696 1792 λέοντα
727 1767 798 1794 κατὰ
829 1767 878 1802 τὴν
900 1767 959 1794 ὁδον

173 1811 245 1844 αὐτῷ
259 1812 492 1846 περιτετυχηκὸτα
509 1811 626 1843 ἔκτεινε,
644 1812 705 1843 ταῖς
721 1813 800 1847 χερσὶ
822 1813 957 1848 περιδρα-

174 1855 300 1890 ξάμενος.
314 1856 431 1882 Ἔπειτα
445 1855 575 1882 εἰσελθὼν
592 1857 630 1887 εἰς
641 1856 705 1883 θέαν
718 1857 764 1884 τοῦ
778 1858 875 1893 νεκροῦ
889 1859 958 1885 λέον-

173 1909 229 1932 τος,
242 1901 290 1927 καὶ
303 1901 392 1936 εὑρὼν
408 1901 491 1936 ἑσμὸν
511 1901 645 1936 μελισσῶν
660 1902 891 1938 ὲπικαθεζόμενον
907 1905 957 1930 αὑ-

175 1946 221 1972 τοῦ
236 1946 276 1981 τῷ
300 1947 416 1982 κρανίῳ,
437 1947 498 1981 μέλι
522 1946 613 1974 λαϐὼν
640 1947 669 1979 ἐξ
693 1948 776 1974 αὐτοῦ
807 1949 954 1983 βέὸρωκεν.

181 1992 374 2027 Ἀθετούμενος
399 1994 442 2020 διὰ
457 1995 585 2027 γυναῖκα,
600 1995 634 2029 ἢν
651 1995 760 2030 ὲθνικὴν
784 1995 867 2021 οὖσαν
887 1995 957 2030 ἠγά-

174 2044 247 2069 γετο,
273 2038 348 2073 παρὰ
371 2038 418 2064 τοῦ
450 2038 553 2073 πατρὸς
589 2040 685 2074 αὐτῆς,
708 2041 872 2074 τιμωρεῖται
896 2041 958 2071 τοὺς

176 2083 334 2117 συμφύλους
362 2083 445 2110 αὐτοῦ
474 2083 570 2119 ταύτῃ.
605 2085 784 2119 Τριακοσίους
812 2085 958 2117 ἀλώπεκας

175 2129 386 2164 συλλαϐόμενος,
406 2129 537 2156 καὶκατὰ
550 2130 598 2156 δύο
619 2131 778 2165 προσδήσας
799 2131 890 2158 αὐτῶν
909 2131 959 2162 τὰς

175 2173 292 2208 κέρκους
321 2174 462 2208 λαμπάσιν
488 2174 667 2209 ἐξημμέναις,
693 2175 763 2202 κατὰ
789 2176 838 2207 τὰς
866 2176 959 2211 χώρας

173 2217 318 2244 ἀπέλυσεν.
332 2217 410 2244 Οὖτω
425 2218 491 2252 γοῦν
503 2218 594 2245 αὐτῶν
605 2218 728 2251 ἅπαντας
743 2219 806 2251 τοὺς
836 2219 960 2255 καρποὺς

175 2262 232 2296 (καὶ
246 2263 300 2297 γὰρ
310 2260 344 2298 ἦν
358 2263 464 2298 ἀμητοῦ
477 2263 583 2298 καιρὸς)
609 2265 769 2299 ἐνέπρησεν.
781 2266 895 2291 Ἔπειτα
912 2273 961 2291 πο-

176 2307 290 2342 λεμοῦσι
305 2309 364 2340 τοῖς
384 2309 557 2341 ’Λλλοφύλοις
572 2310 618 2335 τὶν
630 2310 695 2336 λαὸν
711 2310 755 2336 διὰ
769 2311 819 2345 τὴν
831 2311 961 2346 τοιαύτην

175 2354 224 2379 τοῦ
240 2353 361 2388 Σαμψὼν
380 2354 498 2386 ἀδικίαν,
525 2354 601 2385 λύσις
617 2354 789 2389 ὁμολογεῖται
809 2356 855 2382 τοῦ
881 2357 962 2383 πολέ-

177 2406 228 2432 μου
243 2399 380 2432 γενέσθαι,
396 2400 420 2425 εἰ
436 2400 481 2426 τὸν
499 2399 618 2434 Σαμψὼν
637 2400 747 2434 δέσμιον
765 2401 856 2433 αὐτοῖς
872 2411 961 2437 παρα-

180 2443 259 2478 δῷεν.
274 2445 329 2471 Καὶ
341 2445 474 2479 δήσαντες
490 2445 588 2471 ἑκόντα
609 2446 633 2470 οἱ
657 2446 842 2480 προσήκοντες
873 2447 962 2474 καλω-

174 2490 251 2522 δίοις,
268 2491 421 2525 παρέδοσαν
434 2492 491 2522 τοῖς
516 2491 700 2524 ’Λλλοῳύλοιμ
720 2491 749 2518 Ὀ
766 2492 793 2518 δὲ
806 2494 962 2527 παραυτίκα

174 2535 211 2562 τὰ
224 2536 312 2571 δεσμὰ
325 2536 487 2571 διαρρήξας,
501 2536 548 2562 καὶ
577 2537 701 2570 σιαγόνος
725 2537 820 2564 ὀστέου
850 2546 963 2573 περιτυ-

175 2581 231 2617 χὼν
241 2582 314 2614 δνου,
331 2582 436 2616 χιλίους
453 2581 543 2608 αὐτῶν
556 2583 585 2608 ὲν
597 2582 671 2616 αὐτῷ
683 2582 770 2609 παίων
789 2583 961 2612 ἀπέκτεινεν.

182 2628 229 2653 Ἐκ
244 2628 271 2654 δὲ
283 2628 331 2654 τοῦ
346 2628 431 2654 κόπου
444 2627 494 2663 τῆς
509 2628 679 2663 ἀναιρέσεως
693 2628 783 2654 αὐτῶν
806 2629 878 2664 δίψει
899 2630 964 2664 φλε-

175 2674 302 2707 γόμενος,
320 2673 473 2701 ἀπώλλυτο.
491 2674 545 2700 Καὶ
561 2674 641 2700 πάλιν
664 2674 811 2701 ἀπολαϐὼν
832 2675 881 2710 τὴν
904 2684 963 2702 σια-

174 2719 254 2753 γάνα,
269 2720 342 2755 ὕδωρ
356 2719 432 2754 αὑτῴ
449 2720 571 2754 ρύσασαν
586 2721 647 2746 ὅσον
663 2721 790 2748 ἰάσασθαι
815 2723 864 2757 τὴν
884 2722 963 2756 δίψαν

176 2765 302 2799 ἠδύνατο,
321 2765 432 2801 εὕρατο.
468 2766 580 2792 Ἀλλοτε
606 2765 634 2792 δὲ
661 2766 824 2802 προσϐαλὼν
851 2770 884 2803 τῇ
911 2769 930 2794 Γ
932 2777 962 2794 α-

176 2811 260 2843 ζαίων
293 2812 388 2844 πόλει,
416 2812 464 2838 καὶ
494 2811 669 2847 καθεσθήσας
708 2814 782 2848 παρά
822 2822 875 2840 τινι
916 2823 964 2848 γυ-

178 2859 260 2891 ναικὶ,
275 2858 336 2893 ἔφυ)
343 2859 439 2884 ἀττετο
451 2859 526 2893 παρὰ
535 2858 589 2884 τῶν
603 2858 719 2885 πολιτῶν
736 2860 802 2894 πρὸς
812 2859 962 2894 ἀναίρεσιν·

335 2905 470 2935 ΡΑΤῐιοι..
493 2905 550 2935 Gn.
575 2906 650 2936 ενι.

1044 1179 1109 1206 Post
1123 1178 1180 1206 haec
1195 1185 1292 1206 rursus
1305 1178 1444 1212 peccantis
1458 1177 1550 1212 populi
1573 1181 1601 1204 et
1614 1177 1696 1211 impie
1713 1185 1796 1211 agen-

1009 1225 1042 1251 lis
1053 1224 1154 1251 domini
1169 1224 1288 1251 evadunt
1307 1224 1410 1250 hostes.
1440 1222 1529 1250 Judex
1543 1223 1691 1258 praeﬁcitur
1711 1222 1796 1258 Jcph—

1009 1270 1070 1298 thae
1084 1269 1249 1302 Galaadites,
1269 1269 1316 1304 qui
1328 1277 1390 1296 cum
1406 1274 1485 1303 gente
1496 1269 1679 1296 Ammanitica
1694 1269 1794 1297 bellum

1009 1314 1210 1342 commissurus
1224 1314 1298 1341 vovit
1326 1321 1375 1348 pro
1394 1314 1520 1346 victoria,
1548 1314 1705 1341 oblaturum
1718 1322 1748 1341 se
1768 1315 1795 1341 in

1010 1361 1176 1388 sacrificium
1194 1367 1243 1394 pro
1268 1360 1380 1387 victoria
1405 1367 1597 1395 quemcunque
1619 1360 1738 1394 primtnn
1763 1360 1797 1387 de

1008 1405 1089 1432 domo
1103 1412 1152 1432 sua
1171 1405 1315 1432 revertenti
1341 1409 1529 1432 occurrentem
1565 1405 1730 1433 olTendisset.
1746 1405 1798 1433 Oc-

1008 1451 1093 1478 currit
1109 1458 1172 1478 vero
1188 1451 1212 1477 ei
1232 1450 1370 1484 unigenita
1386 1450 1461 1485 virgo
1475 1451 1540 1483 ﬁlia,
1552 1459 1633 1484 quam
1650 1451 1769 1478 habebat
1788 1460 1794 1478 :

1009 1503 1090 1530 quam
1116 1496 1198 1522 etiam
1228 1495 1335 1527 obtulit,
1353 1495 1444 1529 puella
1461 1495 1593 1529 seipsam
1618 1504 1726 1530 queque
1756 1497 1796 1522 nl-

973 1540 995 1569 C
1013 1543 1054 1566 tro
1068 1538 1209 1565 oﬂ'crente.

1048 1583 1146 1610 lterum
1165 1583 1191 1610 in
1208 1584 1306 1620 pietate
1320 1583 1513 1618 refrigescente
1528 1583 1639 1618 populo,
1656 1584 1798 1611 conrulea-

1013 1632 1094 1662 toque
1122 1635 1137 1654 a
1169 1627 1345 1658 Philisthacis,
1366 1635 1427 1654 cum
1443 1627 1625 1653 calamitatem
1652 1634 1799 1661 conquere-

1012 1677 1096 1706 retur,
1114 1673 1144 1700 [it
1165 1672 1249 1707 judex
1276 1672 1392 1699 Samson
1411 1671 1550 1699 Nazirzeus
1577 1672 1797 1702 conversatione.

1011 1717 1059 1752 qui
1079 1718 1105 1744 itt
1122 1718 1227 1752 capillis
1243 1725 1306 1744 suas
1319 1718 1391 1744 virrs
1410 1717 1537 1745 habebat.
1558 1717 1599 1744 Ac
1623 1718 1713 1752 primo
1739 1718 1799 1752 qni-

1011 1764 1072 1790 dem
1091 1763 1195 1790 leonem
1211 1763 1319 1790 obvium
1338 1763 1389 1789 sibi
1402 1771 1434 1789 ex
1450 1763 1546 1790 itinere
1562 1762 1699 1790 interfecit
1711 1763 1799 1790 mani-

1012 1811 1063 1839 bus
1079 1811 1280 1846 apprehensum
1310 1819 1317 1838 :
1344 1810 1440 1837 deinde
1463 1817 1602 1845 regressus
1629 1811 1662 1837 ad
1687 1812 1800 1845 conspi-

1012 1858 1138 1885 ciendum
1156 1861 1293 1884 mortuum
1312 1856 1387 1883 illum
1400 1856 1506 1883 leonem
1520 1876 1527 1888 ,
1548 1864 1609 1884 cum
1628 1864 1708 1891 apum
1734 1865 1800 1884 exa-

1014 1910 1074 1929 tnen
1092 1902 1242 1929 invenisset
1257 1902 1378 1929 insidens
1404 1902 1431 1928 in
1452 1902 1510 1936 ejus
1533 1901 1660 1934 calvaria,
1690 1907 1800 1937 arrepto

1013 1948 1105 1980 melle,
1136 1956 1169 1975 ex
1187 1948 1233 1975 iilo
1246 1948 1374 1974 comedit.
1405 1947 1585 1982 Repudiatus,
1622 1956 1655 1975 ne
1685 1956 1799 1975 uxorem

1014 1994 1125 2020 haberet
1140 1993 1279 2020 mulierem
1303 1994 1451 2025 cthnicam,
1471 2001 1552 2027 quam
1567 1994 1667 2021 dueere
1680 1994 1800 2026 volebat,

1013 2037 1047 2061 ab
1060 2036 1117 2068 ejus
1143 2040 1228 2070 patre.
1247 2036 1413 2063 routribulcs
1432 2036 1504 2063 illius
1528 2042 1668 2071 propterea
1691 2038 1730 2065 sie
1760 2038 1801 2065 ul-

1015 2085 1058 2107 tus
1073 2085 1125 2106 est.
1154 2080 1247 2114 Captis
1263 2080 1390 2107 trecentis
1406 2079 1545 2114 vulpibus,
1564 2080 1690 2114 binisque
1702 2089 1798 2108 earum

1014 2125 1109 2152 caudis
1140 2125 1276 2160 colligatis
1310 2132 1372 2151 cum
1402 2124 1526 2151 accensis
1564 2124 1746 2159 lampadibus.
1773 2126 1799 2152 in

1015 2179 1093 2205 agros
1109 2171 1230 2198 dimittit.
1246 2170 1303 2197 lloc
1318 2170 1400 2205 igitur
1418 2170 1499 2197 modo
1514 2170 1602 2205 fruges
1616 2177 1710 2197 eorum
1738 2171 1800 2197 nni-

978 2213 998 2241 Β
1016 2225 1108 2244 versas
1126 2217 1203 2251 (erat
1218 2224 1336 2252 namque
1352 2216 1450 2243 messis
1481 2216 1606 2252 tempus)
1637 2217 1798 2246 combussit.

1015 2261 1137 2289 Subinde
1155 2261 1320 2288 bellantibus
1337 2259 1504 2288 Philistlnris
1521 2268 1583 2287 cum
1605 2261 1703 2295 popqu
1717 2269 1796 2296 prop-

1014 2313 1054 2334 ter
1070 2308 1140 2334 hanc
1153 2307 1296 2335 Samsonis
1313 2315 1422 2339 noxam,
1438 2306 1600 2334 coavenitur
1615 2307 1797 2337 dirimendum

1014 2353 1125 2385 bellum,
1136 2355 1158 2380 si
1167 2353 1274 2388 quidem
1287 2351 1448 2380 Samsonem
1458 2353 1513 2380 illis
1524 2353 1643 2380 vinctum
1653 2354 1799 2382 traderent.

1015 2398 1171 2425 Vineicntcs
1187 2406 1252 2433 ergo
1276 2397 1318 2425 sui
1348 2398 1486 2425 hominem
1506 2398 1531 2424 id
1568 2399 1641 2426 ultro
1666 2399 1799 2427 ferentem

1014 2444 1144 2475 restibus,
1158 2443 1326 2470 tradiderunt
1341 2442 1518 2470 Philistha-is.
1530 2443 1563 2470 At
1576 2444 1620 2471 ille
1636 2445 1727 2472 statim
1742 2446 1800 2472 vin-

1015 2490 1075 2516 cula
1088 2490 1258 2524 dirumpens,
1275 2489 1439 2524 inventoque
1451 2496 1512 2517 "sse
1534 2491 1652 2519 maxilla:
1675 2492 1755 2523 asini,
1768 2499 1801 2518 eo

1015 2536 1140 2563 milienos
1152 2543 1246 2563 eorum
1264 2537 1371 2563 cmdcns
1386 2536 1531 2564 interfecit.
1548 2537 1588 2564 0b
1604 2537 1723 2564 labarent
1737 2544 1800 2562 vero

1016 2583 1211 2610 internecionis
1229 2583 1337 2610 illorum
1356 2583 1400 2610 siti
1422 2585 1530 2615 ardens,
1553 2585 1664 2618 jamjam
1688 2583 1802 2610 (lc-licere

1015 2629 1168 2656 videbatur.
1199 2629 1299 2656 lterum
1333 2629 1415 2664 igitur
1451 2636 1558 2664 arrepta
1592 2629 1721 2660 maxilla,
1749 2629 1801 2655 sibi

1015 2683 1114 2710 aquam
1131 2675 1324 2702 scaturientcm
1340 2677 1450 2710 ruperit.
1465 2680 1565 2710 quanta
1583 2675 1626 2701 siti
1643 2675 1743 2701 mederi
1757 2683 1803 2709 po-

1017 2726 1095 2749 terat.
1112 2722 1264 2757 Aliquando
1276 2725 1408 2750 accedens
1427 2723 1458 2749 ad
1478 2722 1635 2749 Gazmorum
1653 2721 1802 2754 civitatem,

1017 2768 1225 2802 hospitatusque
1241 2776 1322 2803 penes
1339 2768 1484 2803 quamdam
1503 2766 1654 2799 mulierem,
1672 2768 1801 2794 observa-

1016 2814 1082 2840 bant
1096 2821 1157 2841 eum
1176 2814 1360 2846 ciritatcoses,
1380 2818 1407 2839 nt
1422 2819 1436 2839 e
1453 2811 1541 2838 medio
1558 2811 1693 2840 tollerent.
1711 2812 1745 2839 At
1760 2813 1804 2840 ille

1017 2864 1100 2887 noctu
1140 2863 1326 2894 experrectus,
1360 2858 1591 2893 conspicatusque
1619 2858 1747 2886 custodes
1775 2858 1801 2886 in

1607 2906 1626 2936 3
