2073 3161
141 189 175 219 77
728 185 914 215 LIBELLUS
933 184 987 213 ME
993 183 1183 213 MORIALIS.
1733 178 1769 210 '78

142 240 356 277 ἁνηκουστοῦντι
376 240 442 274 περὶ
469 241 505 267 τὰ
521 240 761 275 προστασσόμενα,
792 240 858 275 περὶ
883 248 933 267 κα-

1004 238 1090 265 luvias
1111 240 1314 264 averrunearet.
1327 236 1393 264 Cum
1409 239 1549 270 peccasset
1562 233 1638 266 Saul,
1663 241 1713 260 ncc
1737 234 1770 261 iis

143 287 295 320 θιιρέσεως
318 286 450 321 προσεῖπε
467 286 516 320 τῆς
543 285 696 320 βασιλείας,
723 286 771 312 καὶ
787 285 825 316 ὡς
849 285 935 320 ἑτέρῳ

144 332 259 364 δίδοται,
281 330 385 363 ζῶντος
411 330 452 357 ἔτι
483 331 578 361 αὑτοῦ,
602 331 678 364 παρά
698 331 746 357 τοῦ
777 330 858 357 Θεοῦ.
884 330 936 357 Τὸν

144 376 228 403 Δασὶδ
239 377 300 402 υἱὸν
318 376 417 402 Ἰεσσαὶ
433 376 479 402 τοῦ
504 375 691 411 Βηθλεεμιτου
714 376 786 411 χρίει
812 375 935 410 βασιλέα.

147 422 314 457 κρατοῦντος
328 421 368 447 ἔτι
384 421 432 448 τοῦ
460 421 558 451 Σαοὺλ.
578 422 626 447 καὶ
646 423 778 456 προεῖπεν
803 421 879 455 αὺτῷ
898 421 936 451 ὡς

147 467 293 501 εὐάρεστος
311 466 388 492 ἐσται
401 466 441 500 τῷ
454 466 524 501 Θεῷ.
536 467 656 501 Γηραιὸς
670 467 816 501 γενόμενος
831 467 871 497 εἰς
885 466 937 500 τὴν

148 511 244 537 ἑιυτοῦ
257 511 334 537 πόλιν
346 511 470 546 τελευτᾷ,
486 512 562 542 υἱοὺς
591 511 761 546 καταλείψας
776 513 826 538 οὐκ
845 511 938 543 ἀξίους

149 556 198 591 τῆς
217 556 316 583 ἑαυτοῦ
335 556 471 592 διαδοχῆς.

152 664 276 691 ΚΕΦΑΛ.
295 664 356 690 01'".
372 679 408 684 —
428 665 499 690 ΤΙιά
519 664 584 691 ἐστὶ
602 664 638 690 τὰ
659 664 699 696 τῷ
717 665 806 692 Δαϐὶδ
827 674 940 698 πεπρα-

169 698 273 733 γμένα,
281 699 331 725 και
340 699 384 731 εἰς
394 699 488 725 αὑτὸν
497 700 647 733 θαύματος
658 699 727 731 ἄξια
735 701 915 733 πραχθέντα.

187 753 317 788 Χρισθεὶς
333 754 374 784 εἰς
391 753 505 787 βασιλέα
525 753 605 787 ἔμενε
620 754 654 779 τὰ
669 755 716 780 τοῦ
732 754 836 789 πατρὶς
851 754 941 788 νέμων

153 799 276 832 ποίμνια,
301 798 369 829 τέως
398 799 453 829 τοῖς
480 799 634 833 ἀνθρώποις
656 798 693 824 ὢν
715 799 864 832 ἄγνωστος.
890 799 942 825 Τὺν

153 843 280 870 Γετθαῖον
303 843 400 869 Γολιὰθ
425 843 510 878 ἄνδρα
537 844 654 877 γίγαντα
679 844 751 870 κατὰ
775 844 877 875 παντὸς
893 844 941 870 τοῦ

986 290 1048 318 qua:
1061 283 1200 317 sibijussa
1226 282 1335 310 fuerant
1359 281 1457 310 fuisset
1482 281 1555 308 dicto
1585 280 1718 311 audiens,
1738 280 1772 306 dc

987 328 1137 355 auferendo
1163 328 1188 354 ci
1208 335 1292 362 regno
1317 327 1482 362 prwlocutus
1497 330 1549 357 est,
1564 325 1693 359 quodque
1716 324 1772 358 jam

987 374 1063 400 alteri
1080 373 1209 400 traditum
1233 372 1325 405 fuerit,
1343 373 1402 406 ipso
1429 371 1519 398 adhuc
1549 371 1708 404 superstite.
1739 370 1775 397 ab

987 419 1047 452 ipso
1061 418 1126 446 Deo.
1144 418 1273 446 Davidem
1297 419 1383 445 ﬁlium
1404 417 1489 445 Jessaz
1514 417 1721 444 Bethlehemilaa
1747 417 1774 443 iii

989 470 1078 497 regem
1094 463 1182 498 ungit,
1202 463 1283 490 Saulc
1297 462 1387 490 adhuc
1409 463 1553 496 imperium
1569 463 1720 494 obtinente,
1737 463 1777 489 ei-

988 516 1043 542 que
1074 508 1199 543 pradixit
1222 507 1280 535 fore
1309 509 1414 542 utique,
1439 512 1469 535 ut
1496 508 1553 535 Deo
1581 511 1708 541 acceptus
1730 507 1776 534 sit.

989 553 1057 580 Cum
1074 561 1156 580 senex
1168 557 1253 585 esset,
1269 553 1296 580 in
1311 561 1360 580 sua
1378 553 1487 580 civitate
1503 553 1628 584 moritur,
1643 552 1714 579 ﬁlios
1736 559 1779 578 re-

990 597 1118 630 linquens
1134 597 1206 623 haud
1223 604 1289 624 sane
1303 597 1401 632 dignos
1415 597 1461 632 qui
1478 596 1515 623 illi
1526 597 1713 624 succederent.

991 661 1066 689 CAP.
1088 661 1205 689 LXXlll.
1222 677 1257 681 —
1274 662 1402 694 Quintum
1427 667 1487 689 sint!
1515 662 1621 688 Doridis
1646 667 1730 696 gesta,
1753 667 1778 689 et

1143 698 1263 731 prodigia
1275 698 1349 723 illius
1365 698 1452 732 gratia
1467 702 1627 732 perpetrata.

1028 753 1133 781 chtus
1152 754 1179 781 in
1197 762 1288 789 regem
1311 755 1495 788 perseveravit
1520 761 1630 788 pascere
1653 759 1782 787 paternos

993 807 1098 834 greges,
1117 800 1225 834 ignotus
1242 800 1350 826 interim
1370 799 1536 826 hominibus.
1555 798 1706 826 Gctthaetini
1725 800 1781 826 Go-

994 845 1058 871 lith
1078 846 1165 871 \‘irum
1190 846 1337 879 gigantem,
1358 846 1404 880 qui
1433 845 1565 872 adversus
1591 852 1700 872 omnem
1730 844 1783 872 lic--

161 887 295 922 Ἐὅραίων
308 889 490 921 στρατοπέδου
508 889 780 923 κατακενοτομοῦντα
794 889 942 915 κατέδα).εν

1006 897 1130 915 meorum
1145 890 1295 916 exercitum
1310 889 1429 916 inaniter
1443 889 1616 922 efferebatur,
1631 890 1784 924 profligavit

154 933 213 964 ἐνὸς
235 933 310 958 λίθου
329 932 403 967 βολῇ.
419 933 536 964 Λέοντας
550 934 658 969 ἀναιρεί
673 934 720 960 καὶ
735 935 863 969 ἄρκτους.
883 935 944 960 επι-

157 977 260 1010 πνίγων
275 978 349 1012 χειρὶ
366 978 428 1008 τοὺς
444 978 570 1009 ἐπιόντας
585 978 624 1013 τῷ
646 979 729 1005 αὑτοῦ
750 980 877 1013 ποιμνίῳ,
893 978 945 1004 Τδν

155 1023 314 1057 ἐνοχλοῦντα
326 1024 441 1057 δαίμονα
458 1024 497 1058 τῷ
510 1024 597 1054 Σαοὺλ
608 1024 718 1058 ψάλλων
729 1025 814 1050 ἔπαυε
838 1026 887 1059 τῆς
902 1026 945 1050 ὲν-

155 1068 304 1102 οχλήσεως,
330 1069 377 1094 καὶ
402 1070 575 1104 κατεπράϋνε
604 1070 643 1104 τῷ
669 1070 725 1104 (70)
751 1070 838 1096 Σαοὺλ
853 1070 944 1104 ἄχθος.

157 1112 227 1142 Τοὺς
237 1112 436 1144 δεκαπλασίως
449 1114 525 1147 παρὰ
537 1115 583 1140 τὸν
596 1114 707 1148 βασιλέα
721 1115 766 1141 τὸν
777 1115 863 1141 Σαοὺλ
875 1125 946 1150 μαρ-

156 1157 324 1191 τυρούμενος
339 1157 412 1192 ἔχειν
438 1159 513 1193 παρὰ
538 1159 769 1193 προιρητευονσῶν
785 1161 814 1185 ὲν
829 1160 948 1194 χορείαις

158 1203 313 1236 παρθένων,
338 1203 388 1228 οὐκ
411 1204 542 1237 ὲπαίρετο
561 1203 616 1237 (71)
643 1206 698 1235 τοῖς
725 1204 864 1235 ἐπαίνοις.
890 1205 947 1231 ἀλλ’

157 1247 299 1281 ἐφθονεῖτο
313 1248 382 1282 πρδς
404 1247 452 1274 τοῦ
473 1248 615 1282 βασιλέως.
633 1249 689 1280 Τὰς
703 1249 749 1275 τοῦ
768 1250 946 1283 φθονοῦντος,

160 1294 285 1327 ἀναιρεῖν
310 1293 392 1319 αὐτὸν
414 1294 545 1324 πολλάκις
568 1295 755 1329 ὁρμήσαντος,
772 1296 886 1330 προνοίᾳ
901 1296 948 1322 τοῦ

159 1337 229 1363 Θεοῦ
253 1338 366 1372 διέφυγε
392 1339 496 1373 χεῖρας.
522 1339 578 1370 Τὰς
601 1339 757 1374 ὁρισοεὶσας
780 1341 854 1374 αὐτῷ
879 1341 949 1375 ὑπὲρ

162 1384 311 1418 μνηπεέας
326 1384 375 1419 τῆς
390 1384 498 1419 Μελχὺλ
514 1385 587 1411 κατὰ
601 1385 742 1420 δεινότητα
759 1387 806 1412 τοῦ
826 1387 931 1421 πατρὸς
941 1407 948 1419 ,

160 1429 260 1455 ἑκατὸν
274 1429 403 1464 ἐκόμισεν
416 1430 611 1464 ἀκροδυστίας.
624 1431 694 1462 Τοὺς
711 1432 885 1467 πεμφθέντας
898 1433 950 1458 ὑπὸ

160 1473 210 1499 τοῦ
222 1474 310 1500 Σαοὺλ
321 1475 399 1508 ἄγειν
411 1474 493 1501 αὐτὸν
505 1475 549 1501 ἐπ’
562 1476 714 1511 ἀναιρέσει,
728 1477 951 1511 προφητεύοντας

163 1518 278 1545 ἔϐλεπεν
299 1519 383 1545 αὑτοῦ
401 1520 450 1554 τὴν
466 1519 615 1554 βασιλείαν.
640 1521 696 1548 Καὶ
712 1521 793 1548 πάλιν
818 1522 881 1553 τοὺς
904 1522 951 1549 ἄλ-

996 935 1078 960 unius
1094 934 1190 967 lapidis
1202 934 1289 968 jaclu.
1311 934 1416 961 Leonrs
1434 934 1561 961 interﬁcit
1576 939 1603 961 et
1620 942 1708 966 ursos,
1725 935 1784 961 suf-

996 979 1091 1007 foeaiis
1104 987 1152 1007 eos
1165 980 1222 1007 suis
1235 980 1372 1012 manibus,
1385 980 1449 1006 dum
1467 980 1605 1014 proprium
1622 980 1784 1014 aggrediun-

997 1030 1041 1052 tur
1059 1033 1176 1060 gregem.
1203 1025 1357 1052 Daemonem
1375 1025 1528 1051 turbantem
1548 1024 1611 1051 Sani
1630 1025 1749 1060 psallens
1769 1033 1784 1051 a

997 1071 1148 1099 divcxando
1164 1071 1341 1105 compescuit,
1367 1069 1511 1104 Saulisqne
1537 1070 1689 1097 molestiam
1711 1071 1786 1098 mili-

997 1118 1078 1151 gavit.
1098 1115 1216 1150 Decuplo
1244 1115 1361 1149 majores
1381 1115 1475 1142 laudes
1491 1123 1546 1150 prie
1561 1123 1622 1149 rege
1637 1115 1717 1142 Saule
1733 1115 1785 1142 sibi

997 1169 1058 1188 esse
1074 1161 1256 1198 debitaseuin
1282 1164 1389 1187 testam
1411 1160 1522 1186 fuissent
1548 1160 1741 1194 prophetantes
1757 1160 1785 1186 iii

998 1206 1105 1233 choreis
1132 1205 1261 1240 virgines,
1290 1212 1343 1230 non
1362 1204 1421 1230 ideo
1445 1204 1607 1230 ell'erebatlir
1628 1204 1760 1231 enceniiis
1778 1213 1785 1231 :

999 1252 1064 1286 quin
1096 1251 1167 1286 apud
1201 1250 1274 1285 regis
1304 1249 1432 1276 invidiam
1465 1249 1587 1275 offendit.
1622 1249 1786 1282 luvidentis,

1000 1303 1116 1330 eumque
1141 1303 1212 1329 stepe
1234 1294 1357 1322 occidere
1380 1293 1527 1320 annilcntis
1558 1300 1654 1319 manus
1676 1293 1787 1327 cffugit,

1001 1342 1090 1368 divina
1109 1341 1159 1368 sibi
1184 1341 1336 1375 Opitulante
1359 1339 1539 1373 providentia.
1558 1338 1624 1371 Qua:
1647 1339 1697 1365 sibi
1720 1346 1788 1373 prae-

1001 1386 1096 1412 stituta
1114 1386 1222 1413 fuerant
1238 1385 1273 1412 ob
1290 1385 1400 1419 nuptias
1416 1383 1531 1411 Melehol
1548 1392 1580 1410 ex
1606 1385 1726 1411 saivitate
1739 1391 1789 1419 pa-

1003 1431 1052 1458 tris
1068 1431 1152 1464 illius,
1173 1435 1280 1457 centum
1298 1430 1429 1464 praeputia
1445 1429 1544 1455 attulit.
1563 1430 1625 1460 Eos,
1643 1430 1689 1464 qui
1713 1429 1789 1456 missi

1002 1476 1111 1503 fuerant
1138 1484 1152 1503 a
1179 1475 1262 1503 Saule
1283 1480 1313 1502 ut
1339 1475 1505 1502 adducerent
1527 1483 1587 1501 cum
1602 1482 1656 1509 quo
1674 1475 1790 1502 interﬁci

1004 1526 1110 1556 posset,
1141 1521 1332 1556 prophetantes
1357 1520 1423 1546 vidit
1447 1527 1527 1546 suum
1555 1520 1640 1554 ipsius
1666 1528 1789 1554 regnum.

163 1563 228 1595 λους
249 1565 442 1599 πεμφθέντας,
462 1566 496 1592 τὰ
511 1566 581 1593 αὐτὰ
601 1567 659 1598 τοῖς
682 1567 826 1602 προτέροις
843 1575 951 1602 προφη-

1005 1566 1179 1600 Rursumque
1200 1566 1284 1597 alios,
1310 1565 1354 1599 qui
1371 1565 1433 1592 item
1457 1565 1532 1592 missi
1553 1564 1670 1596 fuerant,
1696 1564 1791 1592 eadem

164 1609 302 1642 τεύοντας.
333 1611 412 1637 Ἐπεὶ
437 1611 466 1637 δὲ
489 1612 670 1647 παρεγίνετο,
691 1612 728 1647 μὴ
742 1613 879 1639 πιστεύων
898 1615 954 1645 τοῖς

165 1655 370 1689 ἀπαγγέλλουσι
391 1657 457 1692 περὶ
477 1657 532 1683 τῶν
553 1657 782 1693 προφητευόντων
796 1678 803 1690 ,
830 1659 843 1684 ὁ
868 1659 954 1686 Σαοὺλ

163 1700 307 1734 ἀναίρεσιν
333 1700 415 1727 αὑτοῦ
438 1701 472 1728 δι’
491 1701 588 1728 ἑαυτοῦ
613 1703 750 1729 ποιεῖσθαι
777 1703 954 1738 βουλόμενος,

165 1747 214 1771 καὶ
229 1746 311 1777 αὐτὸς
324 1747 455 1773 ἐϐλέπετο
472 1747 652 1783 προφητεύων
667 1749 830 1783 ἀσχημόνως
841 1749 891 1784 τὴν
905 1749 953 1775 τοῦ

165 1791 234 1818 Θεοῦ
264 1791 419 1826 βασιλείαν·
450 1793 479 1825 ιε
507 1794 603 1820 ἑαυτοῦ
634 1794 688 1829 γὰρ
718 1795 877 1830 γενόμενος,
908 1796 956 1822 καὶ

165 1839 355 1873 γυμνούμενος
379 1839 408 1865 ἐν
434 1840 571 1875 ὑπαίθρῳ,
595 1841 682 1867 ταῦτα
699 1841 805 1874 ἀγνοῶν
821 1841 953 1876 ἀνεφθέγ-

166 1891 241 1917 γετο.
254 1884 365 1918 ⁸ὶεύγων
382 1886 429 1912 τὸν
443 1886 541 1917 Σαοὺλ,
558 1887 598 1917 είς
611 1886 661 1922 τὴν
680 1887 821 1922 ίερατικὴν
835 1887 957 1914 ἐπελθὼν

168 1929 257 1966 πόλιν,
270 1930 321 1964 τὴν
335 1930 384 1956 τοῦ
403 1931 499 1957 Γολιὰθ
515 1931 660 1965 ἐκομίζετο
680 1932 829 1966 μάχαιραν,
845 1933 895 1967 τὴν
911 1933 956 1959 ὑπ’

168 1975 252 2001 αὑτοῦ
267 1976 400 2010 πρότερον
414 1976 602 2009 ἀνατεθιῐσαν,
619 1977 666 2003 καὶ
681 1978 744 2008 τοὺς
761 1978 851 2012 ἱεροὺς
864 1978 958 2014 ἢσθιεν

168 2021 228 2054 ἅμα
251 2022 308 2052 τοῖς
327 2021 402 2056 αὐτῷ
428 2021 553 2048 συνοῦσιν
580 2023 690 2057 ἄρτους.
715 2023 777 2056 Ὑφ’
802 2021 835 2058 ἧς
853 2023 958 2058 εἰλήφει

168 2066 327 2101 κακοσχόλῳ
341 2067 389 2093 τοῦ
412 2067 516 2102 πατρὸς
533 2067 628 2103 γνώμῃ
650 2068 780 2102 γυναικὸς
793 2067 862 2102 πρῖις
880 2068 958 2093 ἀναί-

169 2120 256 2146 ρεσιν,
279 2112 332 2138 ὑπὸ
349 2112 450 2147 ταύτης
468 2113 629 2146 διεσώζετο,
648 2114 692 2140 διὰ
709 2113 818 2149 θυρίδος
832 2114 912 2140 αὐτὸν
928 2114 959 2140 ὲκ

169 2156 224 2182 τῶν
239 2157 357 2191 φονικῶν
377 2157 426 2184 τοῦ
452 2158 554 2192 πατρὸς
574 2159 672 2193 χειρῶν
696 2160 734 2189 εἰς
751 2160 839 2195 φυγὴν
854 2159 958 2193 ἐκπεμ-

169 2200 270 2236 ψάσης.
295 2202 341 2233 Εἰς
369 2202 481 2236 βασιλέα
506 2203 556 2237 τῆς
572 2203 702 2237 Γετθίνης
726 2204 811 2230 ἑλοὼν
834 2204 958 2238 Ἀγχοῦς,

170 2232 217 2273 καὶ
233 2232 416 2285 ἐπιγνώσθεὶς
432 2248 512 2279 αὐτὸς
582 2249 597 2274 ὁ
612 2249 656 2275 τδν
669 2232 766 2283 bolum
787 2232 958 2282 καταέαλὼν,
977 2232 998 2258 D

171 2292 318 2327 ἐπιληψίαν
336 2294 526 2328 σοφισάμενος,
543 2295 591 2321 καὶ
609 2295 653 2321 διὰ
669 2295 770 2329 ταύτην
793 2295 958 2327 οἰκτισθεὶς,

170 2338 303 2364 ἀπελύετο
312 2340 362 2372 τῆς
377 2340 553 2374 ἀναιρέσεως.

205 2383 260 2411 Τοῦ
273 2385 359 2411 Σαοὺλ
371 2385 415 2411 διὰ
431 2386 480 2420 τὴν
500 2385 582 2412 αὐτοῦ
603 2385 725 2417 δεξίωσιν
742 2386 882 2416 ἀνελόντος
897 2386 960 2417 τοὺς

171 2431 210 2454 τν⁹
237 2429 330 2464 ἱερεῖς,
346 2431 503 2463 πεφευγότα
519 2430 564 2456 τὸν
581 2430 712 2465 Ἀϐιάθαρ
727 2431 900 2465 ὑποδέχεται,
914 2431 961 2457 καὶ

171 2475 254 2507 αὐτὸς
273 2477 302 2502 ὲν
324 2477 422 2509 φυγαῖς
444 2476 555 2510 διάγων,
578 2477 625 2503 καὶ
641 2478 670 2503 ὲν
683 2479 739 2507 τοῖς
753 2477 859 2503 δέουσιν
881 2478 959 2511 ἱερω-

172 2521 272 2554 μένων.
293 2521 363 2552 Τοὺς
386 2522 513 2552 ἐπιόντας
533 2521 679 2556 πολεμίους
693 2522 731 2556 τῷ
746 2521 813 2556 λαῷ,
830 2521 960 2548 ὲκδιωκό-

173 2574 254 2599 μενος
267 2566 318 2599 τῆς
337 2566 478 2599 Ἰουδαίας,
499 2567 545 2593 ἐπὶ
560 2564 597 2594 ὧν
611 2567 667 2602 (72)
683 2567 811 2602 ἐπολέμει
821 2587 828 2599 ,
846 2568 961 2598 καὶτοῖς

171 2612 348 2639 ὲκδιώκουσιν
368 2613 450 2639 αὑτὸν
469 2612 594 2647 ἔπεμπεν
610 2613 811 2648 ἀφαιρούμενος
838 2613 892 2639 ἀπὸ
909 2614 962 2639 τῶν

171 2658 311 2692 πολεμίων
332 2659 419 2685 ἐθνῶν
443 2659 477 2685 τὰ
500 2659 598 2686 σκύλα,
624 2659 788 2686 Ἐπελθόντα
814 2659 860 2685 τὴν
877 2659 963 2685 Σαοὺλ

171 2703 309 2738 δεύτερον,
328 2705 378 2731 οὐκ
394 2704 510 2736 ἀνεῖλεν,
531 2705 599 2731 ἀλλὰ
619 2705 665 2731 καὶ
689 2706 790 2740 σημεῖα
813 2705 864 2739 τῆς
885 2705 961 2732 ἐκδό-

154 2758 158 2761 ·
172 2757 242 2779 σεως
257 2749 351 2782 αὐτοῦ,
368 2749 407 2784 πῆ
424 2749 474 2785 μὲν
488 2749 523 2777 τὰ
543 2749 592 2784 τῆς
609 2748 746 2785 χλαμὺδος
760 2748 914 2785 κράσπεδα,
925 2750 963 2785 πῆ

207 2827 263 2860 (70)
285 2826 364 2854 Forte
381 2826 422 2854 τό.

206 2862 262 2898 (71)
283 2862 409 2898 impare.

1005 1620 1067 1640 eum
1081 1611 1219 1647 prioribus
1233 1611 1424 1646 prophetantcs
1436 1610 1591 1638 vldit.Cum
1607 1616 1696 1637 autem
1713 1611 1795 1639 adve-

1007 1659 1102 1689 nisset,
1129 1663 1270 1693 propterea
1295 1658 1367 1693 quod
1401 1658 1435 1686 iis
1457 1665 1511 1684 non
1526 1658 1666 1688 credebat,
1686 1665 1746 1691 qua:
1761 1657 1795 1684 de

1005 1704 1233 1739 prophetantibus
1248 1704 1371 1731 nuntiata
1388 1703 1505 1735 fuerant,
1530 1703 1644 1737 ipsemet
1662 1702 1727 1730 Saul
1745 1711 1794 1730 ιο-

1008 1750 1066 1776 lens
1087 1756 1135 1784 per
1159 1756 1188 1776 se
1213 1749 1289 1775 illum
1315 1756 1330 1775 e
1355 1748 1446 1775 medio
1471 1748 1580 1781 tollere;
1609 1748 1667 1782 ipse
1686 1755 1796 1782 quoque

1006 1798 1099 1822 cretus
1115 1798 1157 1822 est
1169 1794 1334 1829 prophetans
1349 1795 1420 1821 haud
1438 1794 1474 1821 ita
1492 1795 1590 1821 decore
1610 1801 1721 1829 regnum
1737 1794 1796 1823 Dei.

1007 1839 1089 1868 Extra
1105 1848 1135 1868 se
1149 1841 1221 1868 enim
1234 1845 1337 1875 raptus,
1354 1840 1500 1875 nudusque
1511 1841 1562 1867 sub
1578 1839 1633 1872 dio,
1653 1840 1797 1875 hazciguo-

1006 1894 1072 1914 rans
1094 1887 1340 1914 sermocinabatur.
1367 1887 1476 1913 Saulem
1503 1885 1620 1921 fugiens,
1639 1886 1751 1913 veniens
1769 1886 1797 1912 in

1008 1933 1143 1960 civitatem
1160 1932 1367 1964 sacerdotalem,
1381 1933 1542 1967 gestandum
1558 1932 1662 1966 accepit
1677 1932 1796 1967 gladium

1009 1977 1126 2008 Goliath,
1143 1977 1189 2011 qui
1205 1977 1240 2003 ab
1256 1977 1315 2011 ipso
1330 1976 1407 2011 prius
1422 1976 1562 2003 dedicatus
1577 1977 1666 2003 fuerat
1680 1985 1686 2002 :
1704 1984 1799 2003 saeros

1009 2021 1103 2048 itidem
1124 2021 1242 2048 comedit
1265 2028 1349 2056 panes
1368 2029 1430 2047 cum
1449 2021 1482 2047 iis
1499 2022 1544 2055 qui
1563 2029 1655 2048 secum
1674 2021 1798 2047 aderant.

1010 2067 1029 2092 A
1049 2067 1162 2093 muliere
1177 2073 1258 2100 quam
1281 2071 1423 2099 acceperat
1436 2074 1468 2092 ex
1480 2067 1614 2092 malitiosa
1635 2066 1719 2099 patris
1736 2074 1801 2092 scn-

1010 2112 1109 2144 tentia,
1134 2119 1188 2145 quo
1213 2111 1317 2138 scilicet
1341 2111 1556 2142 interﬁceretur,
1583 2111 1616 2136 ab
1633 2111 1683 2138 hac
1704 2111 1798 2137 eadem

1011 2163 1135 2185 servatus
1149 2162 1199 2190 est,
1213 2157 1278 2184 dum
1293 2158 1367 2184 illum
1384 2166 1432 2192 per
1446 2157 1591 2184 fenestram
1606 2164 1638 2183 ex
1653 2157 1802 2191 sanguino-

1013 2204 1093 2231 lentis
1112 2205 1196 2237 patris
1209 2203 1335 2230 manlbus
1357 2204 1383 2230 in
1402 2203 1492 2237 fugam
1509 2203 1609 2230 emisit.
1631 2203 1671 2229 Ad
1689 2203 1801 2229 Auchus

1013 2250 1125 2275 veniens
1144 2256 1233 2283 regem
1254 2248 1378 2281 Gellium,
1406 2248 1568 2282 agnitusque
1588 2247 1659 2282 quod
1681 2249 1704 2275 is
1730 2252 1803 2275 esset

1013 2295 1058 2329 qni
1072 2294 1178 2321 Goliatli
1195 2294 1395 2329 proﬁigaveral,
1416 2295 1574 2328 epilepsiam
1601 2295 1745 2327 simulans,
1768 2295 1802 2322 ob

1012 2347 1128 2374 eamque
1144 2341 1170 2366 in
1184 2340 1368 2367 misericordia
1383 2340 1504 2371 habitus,
1517 2347 1609 2367 necem
1626 2341 1722 2367 evasit.

1049 2384 1116 2410 Cum
1141 2383 1218 2415 Saul,
1244 2385 1290 2419 qui
1321 2392 1383 2411 eum
1407 2385 1632 2419 persequebatur,
1656 2385 1804 2413 occidisset

1014 2437 1078 2456 ccct.
1103 2430 1268 2461 sacerdotes,
1300 2430 1446 2464 fugientem
1466 2429 1645 2457 Abiatharum
1671 2432 1800 2466 suscipit,

1015 2484 1076 2503 cuiu
1094 2480 1121 2502 et
1145 2476 1203 2510 ipse
1218 2476 1244 2502 in
1272 2476 1334 2510 fuga
1361 2476 1482 2512 degeret,
1499 2477 1683 2511 indigeretque
1702 2478 1733 2502 iis
1756 2477 1802 2509 qui

1017 2529 1072 2548 rem
1091 2521 1142 2548 sibi
1164 2529 1269 2548 sacram
1288 2522 1419 2549 facerent.
1438 2521 1536 2550 Hostes
1556 2523 1684 2557 populum
1708 2527 1803 2555 aggre-

1016 2569 1132 2600 dientes,
1149 2569 1211 2595 dum
1237 2569 1262 2595 in
1279 2568 1372 2595 Juila'a
1391 2569 1435 2595 vix
1449 2569 1558 2603 quietus
1578 2568 1728 2596 consistere
1742 2572 1804 2599 pns-

1017 2617 1068 2644 set,
1088 2614 1283 2648 superveniens
1304 2614 1487 2649 oppugnabat,
1504 2618 1530 2640 et
1549 2614 1580 2640 ad
1598 2620 1644 2639 eos
1664 2611 1709 2645 qui
1728 2610 1803 2636 illuni

1018 2660 1262 2694 persequebantur,
1280 2660 1368 2695 spolia
1391 2660 1523 2691 mittebat,
1549 2666 1608 2692 qua:
1630 2657 1664 2684 ab
1688 2655 1806 2683 inimicis

1018 2706 1144 2741 gentibus
1173 2706 1337 2733 detraxerat.
1363 2705 1537 2733 luvadeutem
1568 2704 1665 2730 iterum
1694 2701 1804 2728 Saulein

1019 2759 1191 2786 nequaquam
1217 2752 1353 2780 interfecit
1368 2761 1376 2780 :
1394 2752 1460 2786 quin
1484 2748 1691 2785 potiusindicia
1711 2747 1808 2775 diutis-

1054 2827 1109 2864 (ἷὲ)
1130 2828 1210 2857 Forte
1225 2831 1320 2858 ἐπιών.
