2073 3161
290 206 325 236 7‘.)
1029 209 1181 242 JOSEPPI
1878 217 1914 247 80

289 264 374 291 sionis
381 264 451 298 ejus,
465 264 545 292 modo
556 264 705 299 chlamydis
718 263 863 299 ﬁmbriam,
877 266 957 294 modo
967 267 1068 294 hastam

1130 269 1158 295 δὲ
1172 270 1202 296 τὸ
1216 270 1279 306 δόρυ
1294 271 1341 298 καὶ
1356 271 1386 298 τὸ
1403 271 1574 298 νυκτιπότιον
1589 271 1754 307 ἀφελόμενος
1774 273 1912 305 ἀπεδίδου,

288 315 315 337 et
331 310 402 344 quod
426 310 576 337 abstulerat
595 314 759 337 nocturnum
777 311 915 346 poculum,
930 312 1073 345 reddebat;

288 357 434 383 ostendens
457 363 566 383 manere
583 363 613 382 se
631 356 715 383 Deum
739 357 885 390 vindicem,
903 363 1011 386 tametsr
1028 366 1075 385 ac-

287 402 405 436 cepisset
419 401 452 428 ah
466 409 498 428 eo
513 401 538 427 id
552 401 695 435 praestandi
711 401 878 430 facultatem.
893 403 921 429 In
936 404 1074 431 montibus

287 454 314 474 et
334 447 448 474 desertis
461 450 584 481 tempore
600 447 669 481 fugas
685 447 796 482 degens,
822 449 962 477 custodem
977 450 1075 484 agebat

286 500 410 528 gregum,
429 491 517 526 iisque
539 491 621 518 etiam
638 493 684 526 qui
701 499 798 526 greges
815 492 1000 526 possidebant,
1026 493 1073 521 de-

283 538 420 564 fensorem
433 544 462 564 se
472 537 617 571 praebebat.
630 536 834 564 Conviciantem
850 536 993 570 Nabalum,
1007 539 1072 565 dum

283 584 318 610 ab
333 592 364 611 eo
383 588 504 618 tempore
529 588 649 610 tonsurae
663 583 755 610 ovium
773 584 942 610 munuscula
962 584 997 610 ob
1021 592 1071 612 cu-

283 630 399 656 stodiam
420 636 532 664 gregum
549 628 716 662 postularet,
739 635 790 655 nec
806 629 1001 656 contumeliam
1017 630 1070 664 pati

282 682 361 708 :cquo
384 674 476 700 animo
503 672 646 707 potuisset,
661 671 774 706 jamjam
794 671 989 699 interfecturus
1006 679 1070 706 pro‘

282 719 409 754 perabat,
430 718 482 745 nisi
506 718 616 752 sapiens
641 717 764 752 quaedam
791 716 902 744 Nabalis
923 725 1001 748 uxor,
1026 717 1069 744 cui

281 773 380 792 nomen
403 763 509 798 Abigam
526 767 594 794 erat,
613 770 675 790 cum
691 763 850 789 muneribus
867 763 891 789 ei
907 770 1066 793 occurrens,

280 809 448 845 propheticis
467 808 589 836 leniisset
606 808 791 836 sermOnibus.
813 807 916 835 Vindex
939 808 1000 843 ejus
1018 808 1070 835 fuit

282 857 354 884 lleus
371 866 377 884 :
403 855 489 883 Nabal
507 856 604 890 quippe
620 856 753 883 citissime
772 855 896 883 moritur.
914 855 982 882 Cum
997 855 1068 882 enim

280 904 303 930 is
313 903 368 938 jam
383 903 520 936 crapulam
546 901 768 933 obdormivisset,
791 901 1000 936 agnovissetqu
1015 909 1067 935 qtta

279 957 340 976 cum
360 947 496 975 alii-cisset
520 946 696 979 contumelia,
720 952 748 974 et
771 955 831 981 qua:
848 934 980 980 passurus
998 934 1066 977 erat,
1085 934 1105 964 Β

279 997 352 1020 metu
368 991 509 1026 perculsus
525 991 602 1017 obiil.
619 990 688 1016 Cum
704 991 816 1017 Auchus
831 991 911 1017 vellet
927 990 1005 1016 illum
1020 990 1066 1016 ha-

278 1039 343 1065 bere
355 1037 459 1064 socium
473 1036 500 1062 in
513 1036 584 1062 bello
598 1036 729 1062 adversus
741 1035 862 1066 Saulem,
878 1043 932 1061 non
945 1035 1068 1062 siverunt

280 1085 306 1111 id
322 1085 376 1116 sui,
400 1082 526 1117 quamvis
545 1082 570 1108 id
587 1089 695 1116 quoque
714 1081 796 1108 David
823 1081 915 1108 vellet.
937 1081 1026 1107 Aliam
1041 1085 1068 1108 et

281 1130 324 1157 hic
343 1129 376 1156 ab
402 1128 460 1162 ipso
484 1127 538 1153 Deo
556 1134 635 1161 opem
652 1127 722 1152 tulit.
737 1126 805 1152 Cum
819 1127 890 1153 enim
908 1126 988 1153 vellet
1011 1126 1068 1160 ipse

280 1182 400 1210 pugnare
415 1181 475 1200 cum
493 1172 657 1199 I’hilistltmis
678 1179 733 1205 quo
753 1172 846 1206 praelia
862 1172 926 1198 Sani
940 1179 972 1199 ac
983 1171 1067 1198 Jona-

281 1221 342 1247 tlias
357 1219 447 1246 casuri
469 1221 576 1249 essent,
592 1217 723 1243 dimissus
739 1217 774 1243 ab
796 1217 906 1244 Ancltus
926 1224 958 1243 ex
978 1224 1067 1251 pugna

279 1265 412 1292 adversus
423 1263 551 1298 populum
564 1270 656 1294 suum,
671 1262 803 1289 intellexit
816 1262 940 1289 civitates
954 1261 1022 1289 Juda
1034 1263 1068 1289 ab

279 1310 436 1336 Amalecitis
458 1309 579 1343 spoliari.
612 1307 704 1342 Itaque
726 1315 774 1335 eos
792 1309 931 1336 insecutus
960 1308 1029 1335 tollit
1053 1315 1067 1334 e

279 1357 370 1384 medio
386 1355 573 1387 adversarios,
597 1362 629 1382 ac
642 1355 756 1382 remittit
771 1355 804 1382 iis
823 1355 870 1390 qui
887 1355 993 1389 spoliati
1010 1355 1068 1382 fue~

279 1407 341 1430 rant
364 1409 428 1429 suas
446 1409 540 1428 eorum
559 1408 657 1428 uxores
674 1408 705 1427 ac
724 1400 834 1432 liberos,
860 1400 954 1435 sicque
970 1401 1023 1428 dux
1041 1405 1068 1427 et

279 1453 464 1484 propugnator
481 1455 530 1482 pro
555 1447 666 1473 inimico
685 1445 773 1473 factus
791 1450 834 1473 est
848 1446 915 1473 suis.
942 1445 1012 1473 Hinc
1026 1446 1061 1474 le-

278 1502 338 1530 gem
353 1494 431 1526 tulit,
448 1493 566 1520 hostium
585 1492 671 1526 spolia
694 1491 952 1525 impedimentormn
973 1495 1066 1519 custo-

278 1540 359 1567 dibus
386 1543 413 1566 et
439 1537 662 1572 belligerantihus
687 1544 720 1563 ex
749 1545 827 1572 :equo
852 1538 1039 1565 distribuenda
1057 1557 1064 1568 ,

277 1585 496 1620 quandoquidem
520 1583 582 1610 mali
602 1583 711 1617 quidam
730 1582 855 1610 homines
878 1583 923 1617 qui
941 1591 1002 1609 cunt
1020 1583 1064 1609 illo
1079 1605 1100 1632 Ο

277 1631 442 1658 Amalccitas
469 1629 579 1656 fuerant
594 1627 721 1659 insecuti,
742 1627 867 1654 nolebant
888 1627 984 1666 praeda:
1000 1634 1064 1661 par-

276 1682 329 1703 tem
349 1675 438 1702 facere
459 1673 502 1704 iis,
519 1673 566 1707 qui
587 1673 621 1700 ob
636 1673 802 1700 debilitatem
819 1672 916 1698 virium
940 1673 972 1698 ad
987 1680 1062 1699 com-

276 1722 368 1748 munia
383 1720 574 1754 impedimenta
590 1722 789 1746 remanserant.
802 1717 939 1744 Mortuum
957 1717 1020 1744 Saul
1038 1717 1064 1744 in

275 1772 366 1800 pugna
381 1764 513 1790 adversus
529 1762 638 1789 Auchus
651 1762 848 1792 Philistlneum.
863 1770 917 1789 non
934 1767 1063 1796 tanquam

276 1810 362 1837 hostis
379 1808 509 1836 cecidisse
534 1808 646 1840 audivit,
668 1808 715 1835 sed
739 1802 773 1834 ut
785 1815 945 1842 germanum
963 1807 1066 1834 lamen-

276 1859 348 1881 tatus
370 1849 659 1887 cst'curatoremque,
681 1860 714 1879 ac
738 1853 914 1880 emortualem
940 1857 993 1878 tam
1017 1860 1066 1887 pro

276 1901 322 1926 illo
336 1907 417 1934 quam
436 1907 484 1933 pro
500 1899 555 1925 ﬁlio
568 1899 698 1934 hymnum
713 1898 886 1932 conscripsit.
902 1897 970 1924 Eum
985 1905 1066 1932 porro

274 1946 321 1980 qui
347 1945 477 1972 afferebat
493 1945 564 1980 regis
590 1944 653 1971 Saul
670 1944 799 1979 insignia,
816 1949 844 1971 et
863 1944 896 1971 de
910 1951 976 1970 nece
993 1943 1066 1970 illius

277 1991 423 2018 certiorem
456 1990 589 2023 faciebat,
620 1991 674 2017 imo
699 1997 763 2017 vero
790 1989 816 2016 in
850 1988 965 2023 gratiam
993 1989 1067 2016 illius

274 2038 364 2072 egisse
377 2037 442 2072 quid
459 2043 552 2064 contra
567 2037 643 2063 illum
667 2036 818 2068 dictitabat,
838 2042 870 2061 ac
884 2035 963 2069 quasi
980 2035 1067 2061 bonus

275 2083 388 2110 nuntius
412 2082 445 2110 ad
474 2090 535 2109 cum
564 2082 697 2109 ventitare
720 2081 874 2110 videbatur.
891 2087 940 2107 ceu
964 2080 1066 2107 malum

274 2129 401 2156 nuntium
418 2128 564 2155 interfecit.
1033 2122 1065 2143 “

310 2173 363 2200 Ter
377 2174 404 2200 in
421 2181 510 2207 regem
526 2172 645 2208 ungitur.
661 2172 752 2200 Semel
764 2172 873 2207 quidem
895 2180 910 2199 a
926 2171 1068 2199 sacerdote

273 2219 384 2246 Samuel
401 2219 427 2246 in
443 2219 600 2245 Bethlt-ltem
617 2218 702 2253 patria
717 2219 786 2252 ejus.
803 2217 902 2244 lterum
913 2217 1068 2252 ab_.ludaico

275 2265 386 2298 populo,
409 2271 440 2290 ac
465 2264 547 2290 tertio
569 2263 603 2290 ab
619 2264 746 2290 universo
758 2263 840 2290 simul
859 2263 970 2298 populo,
995 2263 1065 2290 Che-

274 2310 360 2336 broue
384 2309 428 2335 ubi
450 2307 575 2344 degebat.
595 2309 647 2336 Eos
669 2309 715 2343 qui
731 2309 862 2344 reliquias
885 2308 950 2336 Saul
970 2317 1003 2336 ac
1017 2309 1064 2336 lilii

273 2357 332 2387 ejus
351 2359 581 2390 composuerunt;
609 2359 687 2382 erant
711 2362 793 2389 porro
820 2355 846 2381 hi
873 2355 906 2382 de
929 2354 1010 2381 Jabes
1026 2354 1066 2382 sic

274 2400 346 2427 dicta
366 2401 494 2432 c‘.vitate;
511 2406 666 2430 accersens.
681 2399 763 2426 etiam
781 2403 862 2434 atque
879 2399 960 2426 etiam
976 2398 1064 2426 admi-

274 2450 358 2479 ratus,
378 2445 484 2480 magnis
503 2452 551 2472 eos
574 2444 812 2472 bent-dictionibus
838 2444 998 2472 cumulavit.
1028 2444 1065 2471 De

274 2491 399 2518 hostibus
411 2491 561 2518 interfectis
574 2497 712 2524 nunquam
729 2490 840 2525 gavisus
858 2493 911 2516 est.
926 2488 978 2516 Eos
991 2489 1065 2516 enim

273 2537 320 2572 qui
345 2536 539 2564 interfecerant
557 2536 648 2562 Saulis
666 2535 750 2562 liliutn
775 2535 1005 2570 Memphibosthe,
1019 2535 1066 2569 qui

275 2582 346 2617 apud
359 2581 492 2616 quosdam
506 2581 531 2608 in
548 2581 652 2608 honore
665 2586 734 2614 erat,
750 2581 925 2615 patriumque
941 2587 1065 2615 regnum,

273 2628 374 2663 quippe
397 2627 433 2654 illi
451 2627 583 2657 debitum.
605 2631 731 2661 oportere
757 2626 791 2653 ab
808 2626 854 2653 illo
879 2626 965 2653 teneri
990 2626 1067 2652 νοις-ς

275 2674 355 2706 lzant;
379 2682 431 2700 non
449 2675 532 2700 modo
551 2676 678 2708 acceptos
700 2681 754 2707 non
768 2672 876 2705 habuit,
893 2673 960 2708 quin
978 2673 1068 2707 potius

309 2753 366 2786 (73)
389 2754 467 2780 Deest
482 2752 590 2785 ἔλαϐεν,
601 2752 642 2779 vel
650 2752 715 2787 quid
729 2752 828 2784 simile,
842 2751 958 2779 fortasse
975 2758 1068 2778 errore

277 2792 300 2822 ι)
308 2795 467 2855 ῗςξῖἶῖογιο
479 2822 574 2854 αὐτοῦ,
589 2822 634 2850 hic
649 2829 758 2856 quoque
771 2829 864 2849 errore
879 2827 986 2856 typogr.

311 2858 367 2891 (πί)
390 2858 464 2885 Adde
477 2858 516 2885 δέ.

310 2893 366 2928 (76)
383 2892 439 2929 Τὴν
456 2893 562 2921 videtur
576 2892 739 2920 redundare.

1125 315 1232 346 δεικνὺς
1247 316 1285 347 ὡς
1300 316 1366 342 Θεὸν
1387 316 1518 351 ἀναμένει
1535 317 1581 343 τὸν
1603 318 1783 352 ἀμυνόμενον,
1798 319 1845 344 καί
1859 327 1911 354 περ

1125 360 1215 386 λαϐὼν
1236 362 1302 395 παρ’
1323 362 1406 388 αὐτοῦ
1429 363 1477 389 τοῦ
1498 362 1628 390 δύνασθαι
1642 363 1690 398 τὴν
1713 364 1847 396 ἐξουσίαν.
1869 365 1912 391 Ἐν

1124 407 1182 437 τοῖς
1204 406 1280 441 ὄρεσι
1297 407 1346 433 καὶ
1368 409 1428 439 ταῖς
1452 409 1582 444 ἐρημίαις
1609 410 1680 435 κατὰ
1699 409 1745 435 τὸν
1759 409 1806 444 τῆς
1823 410 1911 445 φυγῆς

1125 452 1220 486 καιρὸν
1245 452 1356 486 διάγων,
1385 454 1472 488 φύλαξ
1495 455 1598 488 ὲγίνετο
1626 454 1680 480 τῶν
1697 455 1842 489 ποιμνίων,
1865 457 1911 482 καὶ

1123 498 1179 528 τοῖς
1192 497 1226 523 τὰ
1248 498 1363 532 ποίμνια
1392 500 1584 535 κεκτημένοις,
1607 498 1640 535 ἦν
1664 500 1711 526 καὶ
1724 500 1829 532 τούτοις
1852 501 1911 527 ὲπί-

1123 550 1233 577 κουρος.
1255 543 1449 578 Ἐνυὸρίσαντα
1462 545 1507 571 τὸν
1519 545 1613 571 Νάὸαλ
1628 545 1709 571 αὐτὸν
1720 546 1748 571 ἐν
1762 545 1848 581 καιρῷ
1862 546 1910 580 τῆς

1125 589 1227 622 κουρᾶς
1243 588 1297 614 τῶν
1320 589 1476 624 προϐάτων,
1489 590 1614 623 εὐλογίας
1629 590 1699 624 ὑπὲρ
1720 591 1769 625 τῆς
1787 591 1910 626 φυλακῆς

1121 633 1176 658 τῶν
1196 634 1328 668 ποιμνίων
1350 635 1512 670 αἰτήσαντα,
1537 636 1586 670 τὴν
1614 635 1693 671 ὓϐριν
1715 636 1763 671 οὐχ
1784 636 1909 669 ὑποίσας,

1122 677 1235 712 ἔμελλεν
1246 679 1369 713 ἀναιρεῖν
1381 680 1517 714 ὁρμήσας,
1533 680 1557 706 εἰ
1571 680 1609 715 μὴ
1623 681 1692 715 σοφή
1706 689 1748 712 τις
1761 682 1777 716 ή
1794 681 1839 707 τοῦ
1852 681 1909 709 Νά-

1121 722 1173 748 ϐαλ
1192 724 1261 758 γυνὴ
1284 724 1427 760 (Ἃῦιγαία
1441 725 1469 752 δὲ
1494 724 1527 761 ἦν
1551 726 1637 760 ὄνομα
1660 727 1740 761 αὐτῇ)
1758 728 1910 754 ἀντιάσασα

1120 770 1176 801 τοῖς
1194 769 1291 804 δώροις
1310 771 1404 804 αὑτὸν,
1421 772 1467 798 καὶ
1489 773 1669 807 προφητικοϊς
1691 771 1847 807 ὲξευμὲνισε
1865 773 1909 799 λό-

1121 823 1190 848 γοις.
1219 816 1383 843 Ἑκδικεῖται
1409 817 1476 852 πρὸς
1498 817 1544 844 τοῦ
1571 817 1651 849 Θεοῦ,
1678 817 1725 844 τοῦ
1749 818 1843 845 Νάόαλ
1860 819 1909 853 τὴν

1120 861 1252 895 ταχίστην
1266 861 1457 894 ἀποθανόντος.
1479 862 1631 898 Ἀνανήψας
1646 862 1702 897 γὰρ
1716 860 1793 894 οὗτος
1809 865 1840 890 ὲκ
1858 863 1908 898 τῆς

1122 907 1217 941 μέθης,
1244 908 1292 934 καὶ
1310 909 1390 941 γνοὺς
1414 908 1485 942 ἃπερ
1507 908 1653 942 ἐνύϐρισε,
1681 909 1729 935 καὶ
1753 909 1771 936 ἃ
1793 910 1909 943 πάσχειν

1120 952 1226 987 ἔμελλε,
1251 954 1325 988 φόϐῳ
1347 954 1533 988 καταπλαγεὶς
1548 954 1709 981 ἁπεΟάνετο.
1726 955 1777 980 Τὸν
1795 955 1907 989 Ἀγχοῦς

1119 997 1281 1033 βουλόμενον
1295 998 1368 1034 ἔχειν
1381 999 1462 1026 αὐτον
1480 999 1624 1034 σύμμαχον
1640 1001 1669 1026 ἐν
1678 1000 1716 1034 τῷ
1737 1001 1808 1026 κατὰ
1821 1001 1906 1027 Σαοὺλ

1119 1043 1240 1077 πολέμῳ,
1263 1044 1313 1070 οὐκ
1335 1044 1398 1070 εἴων
1423 1045 1447 1071 οἱ
1461 1044 1548 1079 τούτῳ
1572 1046 1769 1079 προσήκοντες,
1790 1046 1836 1071 καί
1855 1054 1907 1080 περ

1118 1088 1165 1113 καὶ
1180 1087 1226 1114 τοῦ
1241 1088 1324 1114 Δαϐὶδ
1339 1087 1512 1123 βουλομένου.
1530 1088 1630 1121 ’Λλλην
1646 1088 1692 1114 καὶ
1706 1087 1753 1114 νῦν
1768 1088 1812 1114 ἐπ’
1825 1088 1906 1114 αὐτοῦ

1118 1133 1164 1159 τοῦ
1185 1133 1253 1159 Θεοῦ
1276 1133 1406 1167 πρόνοιαν
1420 1133 1487 1168 (75).
1513 1134 1566 1159 Καὶ
1583 1134 1638 1168 γὰρ
1654 1133 1815 1167 βουλομένου
1835 1141 1905 1167 συμ-

1119 1180 1216 1213 μαχεῖν
1228 1179 1309 1205 αὑτὸν
1327 1179 1383 1214 (74)
1398 1180 1453 1211 τοῖς
1470 1179 1643 1213 umon
1655 1178 1701 1205 ἐπὶ
1714 1180 1746 1213 τῇ
1760 1179 1807 1205 τοῦ
1821 1179 1907 1205 Σαοὺλ

1118 1224 1226 1250 καὶτοῦ
1250 1224 1378 1250 Ἰωνάθαν
1400 1224 1552 1259 ἀναιρέσει.
1581 1223 1774 1258 ἀποπεμφθεὶς
1790 1223 1842 1250 ὑπὸ
1859 1224 1905 1250 τοῦ

1125 1270 1247 1304 Ἀγχοῦς,
1263 1271 1316 1296 ἀπὸ
1330 1271 1380 1305 τῆς
1392 1270 1460 1305 πρὸς
1481 1271 1527 1297 τὸν
1538 1270 1636 1296 ἑαυτοῦ
1647 1270 1711 1296 λαδν
1726 1271 1826 1305 μάχης,
1835 1269 1906 1303 ἔγνω

1117 1315 1166 1347 τὰς
1184 1315 1231 1342 τοῦ
1257 1315 1341 1342 Ἰούδα
1366 1315 1458 1346 πόλεις
1480 1315 1532 1341 ὑπὸ
1564 1315 1755 1350 ’Λμαληκιτῶν
1777 1314 1905 1340 ὲσκυλεῦ-

1119 1361 1195 1392 σθαι,
1211 1361 1257 1387 καὶ
1271 1359 1441 1393 καταδιώξας
1463 1361 1571 1395 ἀναιρεῖ
1595 1360 1645 1395 μὲν
1661 1360 1724 1391 τοὺς
1742 1359 1904 1394 πολεμίους,

1117 1406 1277 1433 ἀποστέλλει
1289 1406 1346 1442 (75)
1359 1407 1414 1437 τοῖς
1425 1406 1634 1440 ὲσκνλευμένοις
1640 1405 1688 1436 τὰς
1697 1405 1800 1431 ἑαυτῶν
1812 1405 1906 1438 γυναῐσ

1117 1460 1168 1483 κας
1183 1452 1230 1478 καὶ
1242 1452 1275 1478 τὰ
1289 1453 1383 1484 τέκνα,
1400 1452 1447 1478 καὶ
1463 1451 1619 1486 προστάτης
1635 1451 1706 1477 οὕτω
1720 1451 1766 1477 καὶ
1780 1450 1905 1484 κηδεμὼν

1117 1497 1178 1523 ἀντὶ
1193 1497 1321 1532 πολεμίου
1337 1498 1392 1528 τοῖς
1410 1496 1520 1528 οἰκείοις
1538 1496 1655 1530 ἐγίνετο.
1680 1495 1813 1522 Ἐνταῦθα
1823 1495 1905 1530 νόμον

1118 1542 1246 1573 ἑΘετο,τὰ
1263 1543 1296 1569 ἐκ
1310 1542 1446 1577 πολεμίων
1465 1542 1550 1569 σκύλα
1567 1541 1745 1575 σκευοφύλιξι
1761 1541 1808 1567 καὶ
1825 1540 1904 1567 πολε-

1119 1589 1228 1622 μισταῖς
1245 1589 1273 1620 ἐξ
1287 1588 1344 1614 ἴσου
1367 1587 1606 1622 δασμολογείποαι,
1625 1588 1741 1622 ἐπείπερ
1760 1588 1785 1613 οἱ
1807 1587 1906 1622 φαῦλοι

1117 1633 1171 1659 τῶν
1189 1634 1247 1667 μετ’
1269 1633 1351 1659 αὑτοῦ
1371 1633 1596 1665 καταδιωεάντων
1609 1633 1672 1664 τοὺς
1699 1633 1885 1668 Ἀμαληκίτας
1896 1652 1905 1666 ,

1115 1679 1164 1704 οὐκ
1174 1678 1315 1704 ἐϐούλοντο
1326 1678 1376 1712 τῆς
1387 1678 1462 1709 λείας
1475 1678 1622 1712 ἀπονέμειν
1632 1678 1688 1709 τοῖς
1701 1677 1734 1704 δι’
1749 1677 1905 1714 ἀρρωστίαν

1116 1723 1363 1758 παραμεμενηκόσι
1397 1723 1447 1757 τὴν
1478 1723 1532 1758 (76)
1563 1723 1619 1754 τοῖς
1648 1724 1749 1754 κοινοῖς
1778 1723 1904 1756 ἐφοδίοις.

1121 1767 1305 1793 ’Λποοανὸντα
1339 1767 1384 1793 τὸν
1411 1767 1498 1793 Σαοὺλ
1524 1768 1553 1793 ὲν
1577 1768 1609 1802 τῇ
1641 1767 1709 1801 πρὸς
1743 1767 1905 1800 ’Δλλόφυλον

1123 1812 1236 1846 Ἀγχοῦς
1255 1812 1344 1847 μάχῃ,
1368 1813 1416 1847 οὐχ
1440 1812 1477 1843 ὡς
1496 1813 1625 1846 πολέμιος
1652 1813 1752 1847 ἤκουσε
1769 1812 1903 1843 πεσόντα,

1116 1857 1153 1889 ὡς
1165 1857 1192 1883 δὲ
1208 1858 1319 1891 γνήσιον
1332 1857 1477 1892 ὲορήνησε,
1496 1858 1543 1884 καὶ
1559 1858 1706 1893 κηδεμόνα,
1722 1857 1770 1883 καὶ
1785 1857 1832 1883 τὸν
1846 1858 1906 1884 ὲττι-

1117 1902 1213 1935 τάφιον
1226 1901 1300 1936 αὐτῷ
1315 1910 1344 1928 τε
1361 1903 1407 1928 καὶ
1422 1902 1461 1936 τῷ
1484 1902 1534 1937 υἱῷ
1548 1903 1719 1936 συνέγραψεν
1741 1902 1834 1936 ὕμνον.
1854 1902 1906 1929 Τδν

1116 1947 1144 1973 δὲ
1161 1946 1311 1982 κομίσαντα
1328 1947 1362 1973 τὰ
1375 1946 1505 1981 βασιλέως
1517 1947 1563 1972 τοῦ
1574 1947 1658 1972 Σαοὺλ
1670 1948 1781 1981 σημεῖα,
1797 1948 1846 1972 καὶ
1855 1947 1906 1981 τὴν

1118 1992 1258 2027 ἀναίρεσιν
1273 1991 1356 2018 αὐτοῦ
1369 1992 1537 2027 μηνύσαντα,
1552 1992 1599 2018 καὶ
1608 1991 1640 2026 δὴ
1654 1991 1720 2026 πρὸς
1730 1992 1810 2026 χάριν
1821 1991 1906 2018 αὐτοῦ

1117 2037 1277 2072 δεδρακέναι
1295 2046 1321 2064 τι
1335 2039 1374 2069 εἰς
1395 2037 1475 2063 αὑτὸν
1493 2038 1631 2072 φήσαντα,
1658 2037 1704 2064 καὶ
1731 2038 1767 2068 ὡς
1792 2037 1906 2071 εὐαγγέ-

1117 2083 1173 2110 λιον
1188 2083 1244 2118 (77)
1271 2083 1344 2118 αὐτῷ
1364 2083 1583 2117 παραγεγονέναι
1607 2082 1733 2114 δόξαντα,
1759 2082 1796 2114 ὡς
1821 2082 1906 2109 κακὸν

1117 2128 1232 2162 ἄγγελον
1245 2127 1345 2155 ἀνεῖλε.

1152 2173 1250 2208 Τρίτον
1265 2174 1306 2203 εἰς
1327 2172 1465 2207 βασιλείαν
1485 2172 1602 2207 χρίεται.
1626 2172 1764 2208 Πρότερον
1787 2173 1838 2207 μὲν
1852 2172 1908 2199 ἀπὸ

1117 2218 1164 2245 τοῦ
1184 2218 1280 2254 ἱερέως
1302 2218 1430 2253 Σαμουὴλ
1447 2219 1488 2249 εἰς
1509 2218 1560 2254 τὴν
1575 2217 1671 2244 ἑαυτοῦ
1691 2218 1779 2244 οἰκίαν
1792 2217 1840 2252 τὴν
1852 2218 1904 2251 Βη-

1082 2269 1103 2297 D
1119 2265 1215 2299 ολεέμ·
1230 2265 1356 2307 δεύτερον
1372 2264 1426 2291 ἀπὸ
1438 2263 1484 2291 τοῦ
1503 2263 1651 2291 Ἰουδαϊκοῦ
1667 2263 1766 2298 δήμου,
1784 2263 1832 2289 καὶ
1846 2262 1907 2297 τρί-

1118 2319 1163 2337 τον
1178 2310 1232 2337 ἀπὸ
1250 2310 1350 2342 παντὸς
1368 2310 1435 2345 ὁμοῦ
1450 2310 1497 2337 τοῦ
1509 2309 1578 2336 λεὼν
1593 2309 1661 2345 (78),
1679 2311 1719 2342 είς
1740 2311 1773 2346 ἢν
1789 2311 1907 2346 διέτρισε

1120 2356 1208 2388 πόλιν,
1221 2357 1272 2392 τὴν
1290 2356 1414 2391 Χεόρῶν.
1431 2356 1501 2387 Τοὺς
1515 2355 1550 2383 τὰ
1567 2356 1681 2391 λείψανα
1698 2355 1743 2382 τοῦ
1761 2356 1848 2383 Σαοὺλ
1862 2356 1908 2383 καὶ

1119 2401 1167 2427 τοῦ
1192 2401 1274 2433 υἱέως
1301 2401 1540 2437 περιστείλανταςο
1567 2401 1622 2428 ἀπὸ
1646 2401 1674 2428 δὲ
1705 2401 1809 2433 πόλεως
1838 2399 1909 2437 ἦσαν

1127 2447 1218 2481 Ἰαὸἦς
1234 2447 1305 2474 οὕτω
1326 2447 1515 2481 καλουμένης·
1534 2447 1669 2478 καλέσας,
1687 2447 1907 2482 μεγαλοπρεπῶς

1120 2492 1240 2527 ἠγάσθη,
1264 2492 1311 2518 καὶ
1335 2491 1452 2526 ἠξίωσεν
1479 2492 1615 2526 εὐλογίας.
1637 2492 1695 2518 Ἐπ’
1722 2491 1830 2526 ἐχθροῖς
1858 2490 1908 2526 οὐχ

1118 2538 1188 2573 ἦσοη
1203 2537 1313 2564 πώποτε
1329 2537 1544 2572 ἀναιρουμένοις.
1559 2538 1613 2564 Καὶ
1625 2537 1679 2572 γὰρ
1690 2537 1752 2568 τοὺς
1766 2537 1911 2567 ἀνελόντας

1121 2584 1167 2610 τὸν
1177 2583 1225 2609 τοῦ
1242 2583 1327 2609 Σαοὺλ
1343 2583 1401 2609 υἱὺν
1418 2583 1607 2617 Ἀίεμφιὸοσθὲ,
1625 2584 1700 2617 παρά
1720 2590 1774 2608 τισι
1788 2582 1912 2616 τιμώμε-

1120 2636 1176 2659 νον,
1203 2627 1249 2653 καὶ
1272 2627 1321 2661 τὴν
1344 2626 1391 2653 τοῦ
1420 2627 1522 2662 πατρὸς
1547 2627 1643 2662 ἀρχὴν,
1666 2627 1703 2658 ὡς
1732 2625 1912 2660 ὀφειλομένην

1121 2671 1205 2706 αὐτῷ,
1222 2671 1278 2697 δεῖν
1303 2671 1348 2697 ὑπ’
1372 2671 1454 2698 αὐτοῦ
1471 2671 1635 2706 κατέχεσθαι
1657 2670 1819 2706 βουλόμενος
1844 2670 1912 2704 (79).

1158 2750 1214 2785 (Π)
1234 2750 1315 2778 Forte
1329 2750 1489 2784 εὐάγγελον.

1158 2787 1215 2822 (78)
1237 2786 1329 2814 Potius
1345 2785 1407 2812 λεώ.
1422 2786 1489 2822 "ire
1499 2790 1524 2812 et
1538 2790 1684 2822 sequentes
1696 2785 1820 2820 quaedam
1830 2790 1915 2822 voces

1121 2819 1240 2856 Josrpiio
1257 2821 1406 2853 inusitatze,
1423 2821 1539 2847 suadent
1555 2821 1643 2847 aliena
1660 2828 1742 2848 manu
1757 2819 1914 2854 supplt-tum

1121 2858 1207 2884 luisse
1225 2858 1275 2884 hoc
1292 2862 1384 2890 caput.

1159 2892 1215 2926 (71))
1237 2892 1307 2928 Lege
1326 2891 1509 2927 βουλομένοις.
