2073 3161
133 136 165 171 εί
716 148 901 179 LIBELLUS
921 151 1169 182 MEMORIALIS.
1720 157 1756 187 82

133 201 163 226 οὐ
187 200 268 234 μόνον
289 202 340 228 οὐκ
363 202 522 236 ἀπεδέξατο,
547 205 614 232 ἀλλὰ
633 207 679 233 καὶ
693 208 849 242 τισάμενος,
869 210 917 235 ἀν-

973 211 997 236 in
1018 218 1064 238 cos
1085 211 1313 244 animadvertetis,
1333 212 1459 247 patibulis
1477 213 1570 240 sullixa
1587 220 1682 240 eorum
1707 221 1755 240 ca-

133 246 352 282 εσιωλοπιςμένα
381 250 461 275 παντὶ
486 250 525 284 τῷ
554 251 611 285 λαῷ
638 252 672 278 τὰ
689 252 803 287 σώματα
830 255 919 281 αὐτῶν

134 292 198 325 περὶ
220 293 272 323 τὰς
297 293 451 328 λεωφόρουξ
469 296 639 329 ἀπεδείξατο.
663 298 768 333 Ὲμίσει
784 301 831 326 καὶ
855 301 918 332 τοὺς

133 336 204 371 ὑπὲρ
226 338 312 364 αὐτοῦ
333 339 478 371 δοκοῦντάς
497 350 523 366 τι
537 341 605 377 δρᾷν
619 342 673 369 τῶν
692 345 742 370 οὐκ
757 345 919 379 ὀφειλόντων

133 382 232 408 διδόναι
250 383 340 415 δίκας.
357 385 409 411 Τὸν
430 385 507 412 Ἰωὰσ
529 387 594 420 γοῦν
609 389 761 424 στρατηγὸν
775 391 857 417 αὐτοῦ
873 400 920 424 γε-

133 427 242 460 γονότα,
260 429 459 457 ἀποκτείναντα
473 431 518 458 τδν
537 432 583 458 τοῦ
608 434 802 469 Μεμφιόοσθοῦ
822 445 920 472 στρατ-

133 474 211 507 ηγὸν,
226 474 360 510 Ἀὁηννὴρ
382 476 411 502 δὲ
434 474 468 511 ἦν
497 477 582 512 ὄνομα
600 479 696 514 τούτῳ,
715 481 841 508 τοσοῦτον
865 483 919 509 ἀπ-

134 519 255 553 εττράφη
268 520 323 551 ,ὡς
340 522 386 547 καὶ
400 523 430 547 ἐν
445 524 501 553 τοῖς
522 523 628 558 ἐχθροῖς
652 525 788 560 ἀριθμεῖν,
805 527 852 553 καὶ
869 536 919 562 φυ-

134 563 241 590 λάττειν
267 565 343 606 αὐτῷ
363 567 413 600 τὴν
432 567 502 602 ὑπὲρ
525 568 572 594 τοῦ
599 570 692 601 κακῶς
718 572 919 607 ἀναιρουμένου

133 608 184 634 οὐκ
206 609 384 644 ἀνεκδίκητον
407 611 495 646 δίκην.
517 612 619 639 Ἕνεκα
645 614 700 640 τῶν
718 616 918 650 ἁκροὸυστιῶν,

133 651 251 686 ἠγάγετο
277 655 397 688 γυναῖκα
412 656 461 690 τὴν
475 657 592 692 Μελχὺλ,
610 658 644 694 ἢν
659 661 735 694 παρὰ
749 661 796 688 τοῦ
815 662 919 697 πατρὸς

133 697 290 726 ὲκδοθεῖσαν
308 701 395 735 ἑτέρῳ
408 703 462 728 τινὶ¹
476 702 514 738 τῷ
529 704 641 739 Φαλτίᾳ,
658 706 761 742 ταύτην
778 707 917 743 ἀνειλήφει

133 744 278 771 ἀπολαϐὼν
295 745 346 780 τὴν
363 747 514 781 βασιλείαν,
527 748 590 775 οὔτε
606 751 651 776 τὸν
667 751 783 779 Φαλτὶαν
803 753 916 788 ἀδικεῖν,

132 788 194 815 οὔτε
211 790 352 825 μοιχαλίδα
366 792 416 827 τὴν
432 793 538 828 Μελχὺλ
558 796 700 828 γεγονέναι
725 798 914 834 λογισάμενος.

133 835 188 869 Τῆς
212 836 302 871 ψυχῆς
322 837 410 864 οἰκεῖα
432 839 566 873 δείγματα
594 841 703 875 ἔχοντας
724 842 836 878 σώματα
853 846 916 877 τοὺς

139 879 317 912 Ἰεϐουσαίους
328 890 334 897 ·
350 884 432 917 χωλοὶ
445 884 499 919 γὰρ
516 873 665 920 ἐτύγχανον
679 889 726 914 καὶ
737 873 833 922 τυφλοὶ
848 873 919 917 «iv;
935 873 955 901 Β

132 932 196 956 τες,⁸
220 926 323 960 εἵργειν
348 928 422 963 αὺτῷ
445 932 633 966 πειρωμένους
653 934 703 968 τὴν
719 935 760 966 είς
774 936 824 970 τὴν
840 937 918 964 πόλιν

131 969 244 1017 εἴσοδον,
260 972 405 1008 κατασχὼν
418 974 468 1008 τὴν
484 975 570 1007 πόλιν,
588 977 638 1012 τὴν
661 969 806 1013 ἀναίρεσιν
817 981 845 1007 δὲ
861 982 917 1017 (80)

133 1015 172 1049 μὴ
187 1015 224 1041 ὢν
240 1016 398 1050 εἰργάσατο.
416 1018 455 1044 Τὰ
477 1019 640 1055 ἐπικείμενα
659 1022 696 1057 τῷ
708 1023 769 1060 λαῷ
784 1015 919 1060 ’πολεμικά

132 1059 207 1094 ἔθνη,
234 1062 281 1088 καὶ
302 1063 366 1094 τοὺς
390 1065 546 1099 περιοίκους
564 1067 677 1103 ἐχθροὺς
696 1059 743 1094 τοῦ
761 1070 841 1102 λαοῦ,
853 1059 918 1103 τοὺς

138 1106 333 1141 Ἀλλοφύλους,
362 1110 511 1142 Μωαϐίτας
539 1120 569 1137 τε
596 1113 644 1138 καὶ
664 1113 776 1148 Σύρους,
800 1116 846 1141 καὶ
865 1117 919 1151 μὴν

138 1151 308 1186 ’Δμμανίτας
325 1155 373 1180 καὶ
396 1155 583 1190 Ἀμαληκίτας
608 1157 730 1185 καθελὼν
752 1160 801 1192 τῆς
816 1161 918 1193 οἰκείας

132 1196 202 1222 κατὰ
212 1196 261 1242 τοῦ
276 1197 341 1224 λαοῦ
359 1199 528 1232 δυναστείας,
545 1202 698 1237 ὑποφόρους
713 1204 788 1239 αὐτῷ
804 1206 918 1242 πεποίη-

130 1248 186 1270 ται,
202 1241 251 1266 καὶ
267 1242 312 1268 τὸν
329 1243 427 1270 ἑαυτοῦ
444 1244 507 1271 λαὸν
523 1246 569 1272 τὸν
588 1246 705 1281 Ἰσραὴλ,
732 1249 874 1284 ἀνειμένον
887 1241 918 1277 ὲνκ

131 1285 186 1311 τῶν
203 1286 286 1312 πάλαι
305 1288 453 1323 πολεμίων,
468 1291 514 1316 καὶ
527 1291 642 1326 φοϐερὸν
655 1293 740 1320 ἅπασι
754 1295 810 1327 τοῖς
828 1295 918 1323 ἔθνεσι

131 1332 329 1367 κατεστήσατο.

167 1377 223 1423 Τήν
242 1378 318 1413 ἱερὰν
341 1380 465 1413 κιϐωτὸν,
487 1382 537 1418 τὴν
559 1382 691 1420 ὕπαιθρον
704 1386 751 1412 καὶ
765 1387 918 1423 ἅσκήνητον

131 1420 171 1447 ἔτι
185 1420 278 1455 οὖσαν,
304 1425 345 1456 είς
367 1425 416 1460 τὴν
438 1426 534 1454 ἑαυτοῦ
559 1428 637 1455 πόλιν
657 1431 725 1465 μετὰ
753 1420 918 1467 δημοτελοῦς

132 1467 270 1514 ἀνήγαγεν
285 1469 412 1503 εὐωχίας,
434 1471 481 1497 καὶ
495 1472 575 1504 αὐτὸς
587 1475 642 1505 τοῖς
655 1476 814 1510 χορεύουσιν
823 1478 869 1504 ἐπὶ
884 1480 917 1514 τῇ

131 1512 366 1562 ταύτηςξπανόδῳ
381 1517 544 1562 συσκιρτῶν,
559 1519 606 1545 ἐπὶ
620 1519 689 1546 Θεοῦ
700 1521 762 1556 δόξῃ
775 1522 824 1558 τήν
841 1512 918 1557 βασιλ
932 1533 954 1562 C

131 1557 198 1589 λέως
209 1559 288 1591 ἀξίαν
300 1560 506 1595 ἀποτιθέμενος,
519 1563 565 1598 τὴν
576 1564 604 1590 δὲ
617 1565 722 1592 ἰδιώτου
738 1557 916 1603 περιχάρειαν

131 1605 358 1650 προαιρούμενος.
397 1608 542 1643 Βουληθεὶς
573 1611 637 1638 ναὸν
668 1613 845 1649 οἰκοδομῆσαι
878 1615 917 1650 τῷ

130 1649 199 1685 Θεῷ,
212 1651 258 1677 διὰ
270 1652 317 1678 τοῦ
341 1654 480 1688 προφήτου
497 1655 591 1682 Νάθαν
620 1657 766 1689 ἐκωλύετο,
792 1649 916 1687 διδασκά-

131 1703 222 1729 μενος,
245 1697 291 1723 τὸν
308 1698 337 1724 ὲν
362 1698 490 1734 πολέμοις
504 1701 663 1735 κεκμηκότα
683 1703 720 1738 μὴ
733 1704 788 1730 δεῖν
803 1705 917 1740 τέμενος

129 1741 281 1777 ἱερωσύνης
294 1745 440 1779 παριστᾷν,
456 1745 494 1779 τῷ
509 1746 531 1771 δ’
545 1746 574 1778 ἐξ
587 1747 670 1774 αὑτοῦ
688 1749 767 1782 φύντι
787 1751 917 1787 παρέχειν

128 1787 173 1813 τὸν
187 1787 255 1814 Θεὸν
272 1789 414 1824 είρηναίαν
436 1791 485 1826 τὴν
501 1791 648 1826 βασιλείαν,
666 1795 713 1821 καὶ
728 1795 777 1830 τὴν
790 1797 837 1823 τοῦ
851 1798 916 1825 ναοῦ

129 1834 303 1869 κατασκευὴν
328 1836 343 1861 ὁ
376 1836 521 1871 προφήτης
552 1838 716 1873 ὑπισχνεῖτο,
742 1842 918 1876 Καταφονού-

129 1887 210 1912 μενον
233 1880 362 1913 ἐπιγνοὺς
385 1881 415 1907 τὸ
432 1881 479 1908 τοῦ
500 1883 585 1910 Σαοὺλ
611 1885 698 1918 γένος,
723 1886 767 1913 διὰ
783 1888 832 1923 τὴν
853 1890 917 1924 περὶ

127 1924 209 1951 αὑτὸν
227 1925 371 1952 εὐλάϐειάν
392 1935 420 1952 τε
437 1929 483 1954 καὶ
507 1929 590 1963 τιμὴν
605 1925 794 1965 ἑπιζητεῖσθαι
810 1933 917 1961 κελεύει

126 1971 190 2002 τοὺς
205 1971 303 2007 ἐκείνῳ
325 1974 524 2008 προσήκοντας,
550 1975 623 2007 ὅπως
639 1977 736 2008 αὐτοὺς
753 1978 856 2014 ἀξιώσῃ
874 1988 917 2007 τι-

128 2018 183 2050 μῆς
195 2026 225 2044 τε
236 2019 283 2044 καὶ
297 2019 413 2050 εὐνοίας.
427 2021 481 2046 Καὶ
494 2018 530 2055 δὴ”
552 2022 719 2056 μηνυθέντος
733 2024 807 2059 αὐτῷ
822 2026 915 2058 παιδὸς

133 2061 262 2089 Ἰωνάθαν
274 2063 454 2098 (Μεμφιϐἀαλ
464 2066 492 2091 δὲ
500 2064 534 2101 ἦν
548 2066 633 2102 ὕνομα
648 2068 734 2103 αὐτῷ,
752 2069 780 2101 ὃς
796 2071 843 2097 καὶ
854 2072 917 2104 τοὺς

127 2107 211 2137 πόδας
230 2107 345 2143 πληγεὶς
371 2110 530 2145 πεπήρωτο,
557 2113 803 2148 περιλελειμμένου
827 2116 916 2148 τινὸς,

127 2152 329 2189 φιλοφρονεῖται
354 2155 447 2188 αὑτὸν,
472 2157 519 2183 καὶ
544 2158 686 2192 όμςὲστιον
707 2158 774 2195 εἶχε,
793 2161 840 2187 καὶ
866 2162 916 2197 τὴν

971 256 1068 282 davera
1099 257 1225 283 universo
1251 258 1349 291 populo
1376 258 1402 284 itt
1436 258 1550 292 publicis
1574 258 1624 285 viis
1643 258 1754 291 conspi-

971 301 1065 328 cienda
1079 302 1230 336 proposuit.
1253 301 1473 336 Prosequebatur
1487 303 1549 330 odio
1564 311 1611 330 eos
1632 311 1752 338 quoque,

971 346 1017 380 qui
1044 346 1070 372 in
1086 347 1198 380 gratiam
1218 347 1277 380 ejus
1298 347 1460 374 videbantur
1476 348 1573 375 fecisse
1592 348 1694 382 aliquid
1720 355 1752 375 ex

971 391 1014 422 iis,
1031 398 1091 425 quae
1105 391 1209 418 lueudw
1231 399 1317 425 poenae
1333 392 1450 419 obnoxia
1466 393 1564 425 fminns
1578 392 1751 419 videbantur.

969 435 1037 462 Joab
1055 435 1145 470 itaque
1156 435 1252 463 ducem
1268 443 1358 468 suum,
1374 436 1420 471 qui
1437 436 1647 471 Memphibosthi
1659 445 1754 470 quem-

970 481 1030 508 dant
1049 481 1145 507 ducem
1165 480 1348 512 interfecerat,
1365 481 1409 508 cui
1427 489 1525 508 nomen
1541 486 1600 508 erat
1616 483 1752 513 Ahenner,

971 533 1056 559 usque
1077 524 1146 552 adeo
1173 530 1314 553 aversatus
1329 530 1386 556 est.
1406 531 1476 553 utet
1495 527 1564 553 inter
1578 528 1671 554 hostes
1688 535 1753 554 cen-

970 574 1052 602 seret,
1073 575 1279 604 reservarctque
1303 571 1339 596 illi
1367 571 1437 598 haud
1467 571 1580 598 inultam
1607 572 1754 598 vindictam

969 616 1039 650 ejus,
1063 623 1143 649 quem
1171 615 1242 642 male
1265 615 1448 642 interfecerat.
1466 617 1496 642 In
1511 617 1627 651 gratiam
1648 624 1754 651 praepu-

970 661 1069 687 tiorum
1083 661 1117 691 “,
1148 668 1261 687 uxorem
1288 665 1429 694 acceperat
1457 661 1570 688 Melcltol
1592 670 1599 688 :
1624 668 1707 696 quam
1737 669 1751 688 a

969 711 1045 741 patre
1067 706 1145 733 alteri
1170 706 1302 733 eloeatatn
1326 706 1433 733 cuidam
1450 707 1573 739 Phaltiae,
1591 712 1755 734 consecutus

970 759 1082 786 regnum
1110 751 1228 786 recepit;
1255 759 1425 786 nequaquam
1449 756 1526 780 ratus
1549 757 1596 779 aut
1620 751 1755 779 Phaltiam

970 797 1063 831 inique
1085 797 1184 832 egisse,
1205 802 1252 824 aut
1265 797 1379 824 Meleltol
1395 797 1479 824 fuisse
1502 798 1648 825 mmcham.
1673 796 1756 825 Jebu~

970 849 1038 869 saeos
1052 842 1097 875 qui
1116 842 1201 868 animi
1223 842 1265 869 sui
1283 842 1387 869 indices
1415 843 1551 870 habebant
1566 850 1679 877 corpora
1693 850 1756 877 pro-

971 886 1028 920 pria
1051 886 1151 920 (claudi
1174 887 1246 913 enim
1268 890 1347 913 erant
1368 891 1394 913 et
1410 887 1474 913 eieci
1497 887 1603 921 omnes)
1623 895 1684 914 eum
1699 887 1756 914 vcl-

968 930 1025 956 lent
1036 930 1113 963 ettiti,
1131 934 1160 956 ut
1172 938 1233 956 cum
1256 930 1368 957 introitu
1382 931 1457 957 urbis
1473 935 1606 962 arcerent,
1622 935 1700 965 capta
1715 932 1755 957 ci-

969 974 1050 1001 vitate
1069 975 1215 1006 interfecit,
1244 982 1305 1001 cum
1327 975 1384 1009 ipse
1413 975 1566 1009 ltujusmodi
1592 983 1645 1002 non
1672 979 1756 1002 esset.

969 1019 1142 1047 lmminentes
1160 1020 1258 1054 popttlo
1285 1019 1427 1054 belligeras
1452 1025 1563 1055 gentes,
1581 1027 1612 1047 ac
1637 1021 1756 1047 cireum-

969 1066 1073 1099 poshos
1091 1066 1180 1099 populi
1200 1065 1302 1095 hostes.
1328 1065 1510 1098 Philisthmos,
1539 1066 1681 1098 Moabitas,
1704 1066 1755 1101 Sy-

969 1112 1029 1140 ros,
1050 1115 1132 1144 atque
1158 1110 1240 1136 etiam
1259 1111 1429 1138 Amtnanitas
1449 1116 1475 1138 et
1499 1112 1672 1143 Amalei-itas,
1693 1119 1755 1145 Spo-

969 1157 1038 1183 lians
1054 1163 1105 1183 suo
1129 1156 1155 1182 in
1182 1152 1309 1189 populum
1331 1157 1501 1191 principatu,
1527 1157 1684 1183 tributarios
1704 1157 1756 1184 sibi

969 1202 1068 1234 effecit,
1091 1209 1226 1236 suuntque
1251 1203 1379 1236 populum
1395 1201 1476 1228 Israel
1499 1203 1621 1236 quietunt
1640 1210 1655 1229 a
1680 1207 1765 1234 vote-~

970 1247 1046 1275 ribus
1073 1248 1201 1279 inimicis,
1227 1253 1309 1282 atque
1340 1248 1423 1274 etiam
1450 1248 1599 1275 terribilem
1627 1240 1768 1275 omnibus

969 1293 1095 1328 gentibus
1108 1292 1236 1320 reddidit.

1007 1382 1104 1410 Arcam
1129 1389 1234 1410 sacram
1250 1390 1311 1417 qua:
1336 1383 1424 1409 adhuc
1438 1382 1489 1409 sub
1512 1381 1559 1408 dio
1575 1386 1634 1408 erat
1651 1384 1677 1407 et
1694 1380 1754 1407 sine

970 1428 1155 1459 tabernaculo,
1177 1428 1201 1454 iu
1218 1435 1294 1454 suam
1321 1428 1456 1454 civitatem
1475 1435 1537 1454 eum
1562 1427 1645 1453 totius
1663 1426 1756 1461 populi

971 1473 1090 1508 tripudio
1112 1472 1234 1502 deduxit,
1261 1472 1375 1505 ipsemet
1400 1479 1461 1498 cum
1479 1473 1595 1498 choreas
1611 1471 1757 1505 agentibus

970 1519 1005 1545 ob
1019 1518 1078 1552 ejus
1093 1517 1283 1543 deductionem
1300 1517 1382 1543 simul
1397 1516 1556 1548 subsiliens,
1573 1524 1622 1550 pro
1635 1516 1682 1542 Dei
1698 1517 1757 1550 glo-

971 1565 1010 1591 ria
1030 1563 1100 1598 rcgis
1118 1562 1232 1596 gloriam
1256 1562 1404 1596 deponens,
1421 1562 1487 1596 quin
1509 1566 1534 1588 ct
1550 1561 1648 1596 privati
1667 1562 1757 1587 homi-

971 1610 1013 1636 nis
1044 1608 1172 1643 gaudium
1204 1607 1384 1642 amplexatus.
1414 1608 1482 1634 Cutn
1512 1607 1593 1634 vellet
1625 1607 1758 1641 templum

970 1654 1138 1682 exaediﬁcare
1154 1654 1219 1685 Deo,
1238 1661 1287 1688 per
1310 1653 1469 1688 prophetam
1485 1653 1591 1680 Nathan
1605 1653 1760 1687 prohibitus

970 1704 1026 1733 est,
1040 1700 1164 1731 edoctus,
1180 1707 1241 1727 cum
1257 1700 1304 1734 qui
1320 1699 1397 1727 bellis
1410 1699 1574 1733 defatigatus
1589 1699 1687 1731 fuerat,
1706 1706 1760 1725 non

970 1751 1096 1781 oportere
1120 1745 1271 1773 sanctitatis
1298 1745 1430 1780 templum
1457 1745 1582 1779 erigere:
1609 1744 1665 1771 tilio
1697 1753 1761 1770 vero

970 1792 1043 1820 illius
1058 1799 1251 1819 concessurum
1273 1790 1356 1818 Deum
1373 1797 1488 1823 regnum
1506 1789 1649 1824 pacificum
1666 1788 1762 1816 simul-

970 1845 1023 1873 que
1038 1837 1128 1872 templi
1144 1836 1389 1867 constructionem,
1405 1835 1544 1870 pollicitus
1557 1839 1598 1862 est
1615 1835 1758 1869 propheta.

970 1883 1144 1911 lnlerfectunt
1169 1882 1322 1917 intelligens
1340 1882 1428 1908 Saulis
1444 1889 1545 1916 genus,
1559 1889 1613 1916 qua
1628 1886 1686 1907 erat
1697 1888 1761 1914 erga

971 1921 1051 1958 illum"
1063 1929 1215 1957 reverentia
1229 1933 1257 1956 et.
1278 1929 1382 1956 honore
1399 1928 1522 1960 affectus,
1539 1928 1701 1963 quaerendos
1716 1928 1761 1962 ju-

971 1977 1016 2003 bet
1031 1976 1053 2003 si
1068 1975 1115 2011 qui
1131 1975 1207 2003 illum
1231 1975 1431 2010 contingerent,
1445 1983 1500 2009 quo
1515 1982 1562 2002 eos
1577 1974 1681 2001 honore
1699 1981 1762 2007 pro-

970 2023 1046 2057 sequi
1068 2026 1158 2056 posset
1170 2027 1196 2049 et
1212 2021 1412 2049 benevolentia.
1428 2021 1466 2047 Ae
1482 2029 1548 2047 sane
1568 2028 1630 2047 eum
1650 2020 1702 2054 ipsi
1717 2020 1759 2046 in-

970 2069 1089 2096 dicatum
1116 2067 1221 2100 fuisset,
1238 2074 1381 2100 superesse
1397 2066 1553 2101 quempiam
1572 2065 1656 2092 tilium
1676 2064 1762 2091 Jona-

971 2113 1033 2144 tltze,
1045 2111 1089 2139 cui
1099 2119 1199 2138 nomen
1211 2109 1406 2145 Memphibaal,
1417 2110 1462 2143 qui
1472 2114 1498 2136 et
1508 2109 1621 2143 pedibus
1635 2109 1763 2135 laborans

969 2159 1097 2186 eluxatus
1110 2162 1187 2190 erat;
1202 2156 1300 2183 festive
1317 2155 1390 2183 illum
1409 2155 1621 2189 ltumaniterque
1636 2153 1761 2187 suscipit,

125 2199 219 2224 οὖσίαν
237 2199 348 2226 ἃπασαν
368 2201 443 2236 αὐτῷ
465 2202 556 2229 δίδωσι
577 2203 626 2238 τὴν
651 2204 747 2238 Σαοὺλ,
766 2206 914 2241 ἐπίτροπον

969 2210 996 2232 et
1011 2203 1221 2231 commensalcm
1237 2202 1343 2233 habuit,
1361 2209 1392 2229 ac
1407 2201 1587 2229 substantiam
1605 2200 1761 2227 universam

126 2244 200 2279 αὸτῷ
226 2245 290 2277 δοὺς
317 2247 428 2273 πάντων
455 2248 523 2282 ὁμοῦ
543 2249 598 2276 τῶν
621 2252 804 2286 πραγμάτων,
833 2252 916 2281 Σιϐᾶν

125 2291 249 2326 ὀνόματι,
265 2293 359 2319 δοῦλον
374 2293 449 2328 αὐτῷ
469 2295 597 2330 πατρῷον
611 2299 806 2332 γεγενημένον.
823 2299 916 2331 Οὕτως

126 2333 161 2370 ἦν
184 2338 233 2363 καὶ
256 2339 322 2373 περὶ
346 2340 410 2371 τοὺς
436 2341 594 2376 οἰχομένους
616 2342 773 2375 ὁσιώτατος.
807 2345 836 2371 '0
861 2345 917 2371 τῶν

134 2382 308 2417 Ἀμμανιτῶν
328 2384 467 2419 βασιλεὺς,
490 2388 625 2421 φεύγοντα
648 2389 846 2424 δεξιωσάμενος
868 2391 916 2417 αὺ-

129 2428 184 2459 τδν,
199 2430 228 2455 ἐν
242 2431 298 2462 τοῖς
312 2431 400 2465 φίλοις
422 2432 580 2468 ἠριθμεῖτο·
600 2434 694 2469 ἐπειδὴ
711 2435 848 2471 τεθνήκει,
867 2436 916 2471 τὴν

128 2473 232 2500 ἐκείνου
257 2477 369 2511 μνήμην
391 2477 490 2511 τιμῶν,
510 2479 670 2506 ἀπέστειλεν
695 2481 742 2506 ἐπὶ
757 2481 802 2507 τὸν
821 2481 916 2508 τούτου

129 2520 211 2546 παῖδα
229 2521 341 2548 Ἀνανῦν
354 2523 419 2554 τοὺς
433 2524 686 2559 παρακαλέσοντας,
703 2527 824 2561 διάδοχον
836 2527 917 2554 αὑτὸν

127 2564 176 2599 τῆς
192 2567 331 2602 πατρικῆς
354 2568 446 2602 φιλίας
467 2568 537 2596 εἶναι
566 2570 737 2606 βουλόμενος.
770 2573 799 2598 '0
826 2573 865 2606 δὲ,
880 2574 918 2604 ὡς

129 2613 316 2645 κατασκόπους
328 2614 412 2641 αὐτοῦ
425 2615 473 2650 τῆς
486 2615 624 2649 βασιλείας
633 2619 696 2649 τοὺς
711 2618 755 2644 ἐπὶ
764 2618 814 2653 τὴν
828 2619 918 2653 παρά.-

129 2657 222 2692 κλησιν
235 2660 457 2696 ὲπεσταλμένους
469 2662 583 2696 νομίσας
594 2684 600 2696 ,
616 2663 693 2697 ξυρεῖ
704 2664 768 2695 τοὺς
783 2663 918 2697 πώγωνας

166 2750 186 2764 ιι
203 2749 221 2776 ιι
238 2750 302 2786 Reg.
322 2758 365 2783 ιιι.
381 2752 425 2778 es.

967 2250 992 2277 ei
1009 2249 1096 2277 reddit
1108 2256 1168 2284 qua:
1181 2248 1272 2276 Saulis
1284 2247 1383 2279 fuerat,
1396 2252 1550 2274 curatorem
1563 2247 1601 2273 illi
1617 2245 1763 2280 assignans

966 2301 1128 2324 cunctarum
1155 2295 1236 2322 simul
1264 2302 1355 2322 rerutn
1387 2293 1471 2321 Siban
1492 2293 1614 2324 nomine,
1635 2292 1683 2326 qui
1711 2293 1763 2318 sub

968 2347 1080 2377 parente
1094 2341 1155 2376 ejus
1170 2348 1266 2368 servus
1283 2339 1356 2367 illius
1372 2340 1470 2366 fuerat.
1490 2339 1577 2366 Tanta
1601 2342 1660 2365 erat
1677 2337 1762 2364 etiam

968 2389 995 2416 in
1010 2393 1132 2416 mortuos
1149 2388 1257 2422 pietate.
1277 2386 1495 2414 Ammanitarnm
1517 2392 1575 2416 rex,
1590 2384 1636 2419 qui
1652 2384 1762 2419 fugien-

968 2440 1020 2463 tem
1045 2435 1121 2462 iilutn
1147 2435 1262 2461 comiter
1284 2436 1454 2468 susceperat,
1473 2432 1545 2458 inter
1563 2431 1638 2458 illius
1657 2430 1762 2457 amicos

971 2482 1145 2510 censebatur.
1166 2480 1313 2515 Postquam
1333 2484 1458 2506 mortuus
1473 2482 1533 2510 est,
1555 2477 1628 2504 illius
1649 2484 1762 2504 venera-

974 2533 1017 2555 tus
1032 2526 1201 2558 memoriam,
1230 2526 1304 2553 misit
1329 2525 1361 2552 ad
1385 2525 1446 2559 ejus
1464 2524 1548 2551 tilium
1572 2525 1697 2550 Auanum
1714 2521 1761 2555 qui

969 2579 1032 2599 eum
1062 2571 1281 2602 consolarentur,
1309 2570 1423 2604 cupiens
1451 2577 1570 2604 paterna:
1597 2568 1674 2594 Illum
1700 2573 1761 2592 esse

970 2617 1097 2645 amicitiae
1119 2623 1318 2645 successorem.
1348 2616 1382 2642 At
1411 2615 1466 2649 ille,
1494 2623 1543 2643 ceu
1573 2613 1761 2647 exploratores

970 2663 1044 2699 regni
1058 2663 1100 2690 sui
1116 2662 1266 2690 arbitratus
1287 2662 1414 2688 homines
1438 2661 1483 2696 qui
1501 2667 1551 2694 pro
1574 2655 1762 2685 consolatione

170 2827 223 2863 (80)
241 2827 352 2857 Videtur
377 2829 405 2856 δὲ
431 2830 579 2864 altun‘arc,
601 2836 646 2858 aut
674 2835 748 2859 certe
765 2831 841 2858 locus
865 2831 1004 2865 aliquanto
1020 2829 1145 2858 deﬁcere.
