2073 3161
288 156 323 186 83
1029 156 1179 187 JOSEPPI
1869 160 1885 190 8
1892 159 1904 190 ι

285 211 362 238 missi
379 211 495 244 fuerant,
514 212 585 239 radit
611 219 706 240 eorum
726 212 834 244 barbas.
862 216 891 240 et
912 212 1069 248 chlamydas

1125 213 1220 246 αὐτῶν,
1232 213 1280 240 καὶ
1290 214 1340 246 τὰς
1353 214 1490 250 χλαμύδας
1500 215 1658 249 ἀποτέμνει.
1674 216 1755 247 Γνοὺς
1763 216 1790 241 δὲ
1800 217 1814 242 ὁ
1823 216 1907 242 Δσδὶδ

284 256 429 283 cxscindit.
444 255 511 283 Cum
534 257 706 290 cognovisset
718 255 801 282 David
819 255 931 282 stultum
948 255 1015 282 adeo
1032 256 1070 282 fa-

285 300 381 332 cinus;
399 307 463 326 suns
479 300 588 334 quidem
602 300 647 326 ubi
660 300 793 333 degebant
807 299 955 327 subsistere
970 307 1071 334 praece-

285 346 333 377 pit.
345 345 431 371 donec
444 345 488 378 pili
503 348 718 376 renascerentur,
733 345 856 371 Ananum
870 351 934 372 vero
945 344 991 379 qui
1004 352 1071 378 pne-

286 394 325 415 lcr
340 389 487 423 pessimum
501 389 590 416 scelus
604 397 725 424 pugnare
736 390 867 417 adversus
882 397 944 416 eum
958 393 1070 424 paratus

284 439 358 466 erat,
382 434 535 469 profligavit
560 442 606 470 per
631 435 727 462 ducem
755 443 833 461 suum
852 435 917 461 .loab
936 442 988 462 una
1007 442 1068 461 cum

285 479 347 506 aliis
367 479 486 514 quinque
513 480 634 514 regibus,
664 487 733 514 quos
759 480 872 506 Annuus
897 480 987 507 socios
1007 479 1069 506 belli

286 532 378 551 secum
398 525 559 552 adduxerat.

320 570 388 597 Cum
404 571 430 597 in
447 575 587 606 peccatum
605 571 754 604 incidisset,
775 571 848 598 ﬂevit
863 577 955 598 amare
966 590 973 602 ,
989 574 1071 604 alque

285 623 318 642 ex
334 617 436 642 .animo
461 616 545 643 Deum
571 616 675 643 veniam
693 617 808 650 rogavit.
829 616 897 642 Cum
915 617 987 643 enim
1008 623 1071 642 mu-

284 661 377 688 licrem
393 660 487 688 fuisset
498 661 671 696 conspicatus
681 661 894 696 pulcherrimam
908 661 1069 693 Bcthsabee,

285 714 345 732 cum
363 707 414 733 bac
427 706 537 733 domum
553 711 649 734 vocata
665 715 722 734 rem
739 707 842 734 habuit.
859 707 925 740 Quae
949 708 995 734 ubi
1011 707 1070 734 ani-

286 750 476 779 madvertisset
487 759 516 778 se
529 755 634 778 uterum
651 751 732 783 ferre,
750 751 824 786 quod
841 756 1006 787 cognmerat
1019 759 1069 779 no-

286 801 342 823 tqu
358 796 422 823 facit
436 796 540 824 Davidi.
559 797 604 824 Ille
620 804 730 824 omnem
747 796 863 831 lapidem
888 804 999 824 movens
1016 805 1071 832 quo

285 841 413 868 maritum
427 841 487 876 ejus
506 841 602 868 lateret
617 849 696 868 suum
713 849 745 868 ac
763 842 855 869 uxoris
878 842 951 869 illius
968 849 1070 870 concu-

286 886 382 918 hitnm.
401 887 473 914 hunc
489 887 524 914 ab
539 887 660 914 exercitu
676 892 786 914 revocat
803 894 882 921 astu;
898 892 958 915 erat
971 889 1071 924 quippe

285 932 326 959 vir
341 932 419 959 f0rtis
432 937 460 959 et
475 933 553 960 miles
569 932 726 960 benevolus.
744 932 892 967 Postquam
914 933 1023 961 advenit
1039 941 1071 960 ac

283 984 373 1011 regem
403 978 547 1004 certiorem
581 977 661 1009 fecit,
695 978 830 1005 enarratis
857 979 984 1006 omnibus
1011 986 1072 1014 qua

283 1024 354 1050 circa
378 1023 440 1050 belli
458 1024 544 1050 aciem
562 1028 636 1059 gesta
651 1023 758 1051 fuerant
771 1042 779 1055 ,
797 1024 954 1052 mandatum
973 1027 1073 1060 accipit

284 1069 402 1096 abeundi
422 1069 448 1096 in
463 1069 574 1096 domum
590 1076 678 1096 suam.
701 1070 736 1097 At
752 1070 797 1097 ille
813 1077 868 1097 non
892 1070 996 1102 abivit;
1011 1076 1072 1098 emt

282 1117 355 1144 enim
374 1115 454 1144 miles
468 1116 547 1144 fortis
563 1117 630 1144 :sed
649 1117 748 1144 mansit
763 1117 838 1144 velut
851 1117 878 1143 in
898 1117 966 1149 acie,
995 1121 1071 1145 ratus

283 1163 372 1191 adhuc
391 1171 421 1191 se
435 1171 596 1198 permanere
621 1168 756 1191 armatum
770 1164 823 1192 sub
838 1164 893 1192 dio.
924 1165 1002 1197 Quod
1026 1165 1070 1193 ubi

284 1208 468 1236 renuntiatum
484 1213 526 1235 est
550 1208 617 1243 regi,
635 1208 729 1236 statuit
745 1214 804 1236 arte
827 1208 973 1244 profligare
999 1208 1072 1237 Urize

284 1248 353 1288 (hoc
368 1261 485 1288 namque
501 1254 561 1281 viro
586 1261 684 1281 nomen
703 1254 780 1289 erat)
795 1254 929 1289 objectam
947 1256 999 1282 sibi
1017 1255 1073 1282 foro

283 1299 439 1326 titndinem.
462 1298 525 1326 Haec
539 1300 632 1326 animo
646 1307 769 1332 versans,
785 1300 879 1327 scribit
893 1300 926 1329 ad
942 1301 1005 1328 belli
1021 1301 1073 1328 ιω-

285 1349 450 1378 peratorem.
469 1347 498 1370 ut
514 1344 592 1371 malis
618 1344 722 1371 artibus
739 1351 807 1371 usus
825 1343 918 1371 Uriam
934 1345 1070 1378 perderet.

285 1389 337 1417 Ubi
352 1390 377 1416 id
394 1389 519 1424 contigit,
537 1389 701 1424 redargutor
717 1389 750 1416 ad
767 1397 829 1416 eum
846 1389 921 1424 impii
943 1390 1073 1417 facinoris

284 1434 390 1462 Nalhan
409 1433 542 1468 propheta
560 1433 685 1460 mittitur.
706 1433 741 1459 At
758 1433 802 1460 ille
819 1440 880 1459 cum
901 1433 1073 1459 animadver-

284 1479 362 1507 tisset
384 1477 455 1504 haud
476 1477 599 1512 potuisse
617 1477 703 1505 latere
722 1477 805 1504 Deum
832 1477 904 1512 quod
926 1477 1073 1504 artiﬁciose

1121 259 1170 292 τὴν
1184 259 1291 294 ἄφρονα
1307 260 1401 287 τούτου
1422 261 1532 296 πρᾶξιν,
1554 262 1616 291 τοὺς
1635 260 1684 295 μὲν
1700 261 1818 292 οἰκείους
1834 261 1906 287 κατὰ

1121 305 1218 338 χώραν·
1244 306 1333 339 μένειν
1365 305 1518 338 ἐκέλευσεν,
1549 306 1613 340 ἄχρι
1646 305 1696 339 τῆς
1720 306 1774 332 τῶν
1804 306 1906 340 τριχῶν

1121 349 1292 383 ἀναφύσεως,
1311 350 1357 377 τὸν
1370 350 1398 376 δὲ
1423 351 1534 377 Ἀνανὸν
1553 351 1622 386 πρὸς
1639 352 1672 385 τῇ
1690 352 1797 386 πονηρᾷ
1807 351 1906 386 πράξει

1121 395 1282 429 ἐκπολεμεῖν
1300 395 1372 430 αὐτῷ
1388 396 1646 431 παρεσκευασμένοί
1661 396 1849 431 κατεπόροησε
1861 396 1906 422 διὰ

1121 439 1167 465 τοῦ
1182 440 1336 474 στρατηγοῦ
1358 440 1447 472 Ὶωὰδ,
1464 441 1511 467 σὺν
1524 441 1628 476 ἑτέροις
1643 441 1724 468 πέντε
1739 441 1906 475 βασιλεῦσιν,

1121 483 1167 514 οὓς
1181 485 1195 510 6
1214 485 1322 517 Ἀνανδς
1338 486 1500 521 συμμάχους
1516 486 1732 521 συνεπηγάγετο.

1158 571 1316 606 Περιπεσὼν
1339 571 1476 607 ἁμαρτάδι
1492 573 1598 608 πικρῶς
1611 572 1755 607 ἐδάκρυσε,
1776 572 1826 599 καὶ
1842 571 1908 607 περὶ

1122 617 1287 652 συγγνώμης
1308 617 1413 644 ἱκέτευε
1426 619 1470 644 τὸν
1485 618 1551 644 Θεὸν
1571 618 1707 653 εὐθύμως.
1723 619 1842 645 Γυναῖκα
1855 617 1910 652 γὰρ

1122 662 1289 697 θεασάμενος
1314 663 1440 698 εὐπρεπῆ
1458 663 1506 698 τὴν
1529 663 1681 698 Βηθσαϐεὲ,
1697 663 1799 698 ταύτην
1818 662 1909 689 οἶκαδε

1122 708 1241 739 καλέσας
1267 708 1412 743 ἐκτήσατο.
1437 708 1481 739 Ὧς
1501 708 1530 735 δὲ
1548 708 1648 743 ἑαυτὴν
1671 709 1741 741 ἔγνω
1758 708 1910 743 γενομένην

1122 754 1270 789 ἐγκύμονα,
1288 754 1363 790 δηλοῖ
1380 754 1419 790 τῷ
1437 754 1520 781 Δαόὶδ
1543 754 1613 789 ὅπερ
1628 754 1793 788 ὲπεγνώκει,
1808 754 1856 781 καὶ
1877 753 1910 788 δὴ

1123 800 1320 834 μηχανώμενος
1331 800 1377 826 τὸν
1396 800 1480 835 ἄνδρα
1491 800 1537 826 τὸν
1548 800 1634 835 αὐτῆς
1649 799 1786 827 διαλαθεῖν
1797 799 1847 834 τὴν
1860 799 1910 825 αὑ-

1122 844 1169 871 τοῦ
1191 853 1221 870 τε
1239 845 1353 880 καὶτῆς
1376 844 1458 871 αὑτοῦ
1484 845 1614 878 γυναικὸς
1644 844 1798 875 συνουσίαν,
1825 853 1911 872 κατα·

1123 890 1261 924 πέμπεται
1286 889 1378 917 τοῦτον
1406 890 1460 917 ἀπὺ
1489 891 1535 917 τοῦ
1563 890 1761 925 στρατοπέδου·
1778 889 1826 916 καὶ
1856 889 1912 924 γὰρ

1120 933 1155 970 ἦν
1170 935 1291 971 ἀνδρεῖός
1313 944 1344 961 τε
1360 935 1407 962 καὶ
1429 935 1524 967 εὔνους
1553 934 1732 970 στρατιώτης.
1754 935 1798 967 Ὦς
1816 934 1843 961 δὲ
1858 935 1911 969 ἀφ-

1122 981 1247 1016 ικόμενος
1259 980 1392 1014 ἐγνώρισε
1405 981 1443 1016 τῷ
1459 980 1575 1015 βασιλεῖ,
1598 981 1645 1007 καὶ
1660 980 1736 1007 εἶπεν
1758 980 1862 1007 ἕκαστα
1876 979 1911 1006 τὰ

1121 1027 1192 1054 κατὰ
1209 1026 1257 1060 τὴν
1278 1025 1432 1061 παράταξιν
1453 1025 1501 1053 τοῦ
1528 1026 1647 1060 πολέμου
1671 1025 1851 1061 ὃεδρασμένα,
1871 1025 1911 1056 εἰς

1122 1071 1170 1107 τὴν
1187 1072 1284 1098 ἑαυτοῦ
1303 1072 1394 1098 οὶκίαν
1416 1072 1528 1098 ἀπιέναι
1543 1071 1754 1106 προσετάττετο.
1771 1071 1802 1097 '0
1819 1070 1847 1098 δὲ
1861 1071 1912 1097 οὐκ

1121 1116 1222 1151 ἁπῄει’
1241 1116 1410 1151 στρατιώτης
1431 1116 1485 1151 γὰρ
1510 1114 1544 1151 ἦν
1566 1117 1704 1152 ἀνδρεῖος·
1728 1115 1785 1142 ἀλλ’
1803 1115 1912 1149 ἔμεινεν

1122 1163 1167 1189 ἐπὶ
1178 1163 1227 1197 τῆς
1242 1161 1433 1196 παρατάξεως,
1460 1162 1642 1195 λογισάμενος
1665 1162 1705 1188 ἔτι
1720 1162 1812 1196 μένειν
1825 1160 1912 1187 ὠπλι-

1124 1207 1222 1242 σμένος
1239 1207 1392 1242 ὑπαίθριος.
1418 1207 1496 1233 Ἐπεὶ
1509 1207 1537 1233 δὲ
1552 1207 1632 1233 τοῦτο
1649 1206 1687 1241 τῷ
1702 1206 1809 1241 βασιλεῖ
1827 1206 1913 1240 ἀνηγ-

1123 1252 1219 1287 γέλθη,
1237 1252 1308 1286 ἔγνω
1329 1253 1462 1287 μηχαναῖς
1488 1252 1651 1279 καταϐαλεῖν
1674 1251 1723 1286 τὴν
1748 1251 1795 1278 τοῦ
1812 1251 1913 1284 οὐρίου

1124 1298 1182 1332 (καὶ
1194 1298 1248 1333 γὰρ
1259 1296 1345 1328 οὕτως
1355 1297 1543 1332 ἐκικλήσκετο)
1558 1296 1694 1331 προδεδλη
1700 1296 1911 1331 μένηνάνδρίαν.

1123 1341 1201 1368 Οὕτω
1227 1341 1291 1374 γοῦν
1315 1341 1505 1376 λογισάμενος,
1530 1343 1629 1376 γράφει
1656 1341 1695 1376 τῷ
1718 1341 1767 1367 τοῦ
1794 1340 1913 1375 πολέμου

1124 1387 1269 1422 στρατηγῷ
1291 1387 1410 1420 μετιέναι
1425 1388 1471 1414 τὸν
1486 1387 1588 1422 Οὐρίαν
1606 1388 1687 1413 κάκεῖ
1704 1386 1815 1423 [κακῇ]
1830 1386 1913 1423 τέχνῃ

1124 1432 1311 1466 χρησάμενον.
1334 1433 1388 1458 Καὶ
1412 1433 1560 1467 γενομένου
1579 1433 1687 1464 τούτου,
1708 1432 1820 1467 ἐλεγχος
1838 1432 1914 1467 αὑτῷ

1123 1477 1172 1510 τῆς
1190 1476 1303 1510 ἐναγοῦς
1327 1477 1518 1512 πλημμελείας
1538 1476 1633 1503 Νάθαν
1654 1478 1669 1503 ὁ
1690 1477 1831 1512 προφήτης
1845 1478 1914 1504 ἀπο-

284 1528 481 1557 atlentaverat,
505 1524 630 1559 deplorat
645 1528 671 1550 et
695 1531 789 1551 amare
808 1523 890 1550 deﬂet
908 1523 1071 1550 sceleratum

1125 1522 1272 1550 στέλλεται.
1297 1522 1340 1553 Ὠς
1354 1522 1383 1548 δὲ
1406 1522 1476 1555 ἔγνω
1493 1522 1530 1557 μὴ
1545 1522 1704 1557 δεδυνῆσθαι
1722 1522 1854 1557 κρύπτειν
1866 1521 1914 1549 τὸν

283 1570 390 1597 facinus
405 1577 497 1602 suum,
512 1573 594 1604 atque
608 1569 710 1596 acriter
723 1568 818 1595 dolens
835 1567 1073 1602 ingemiscensque

283 1616 501 1643 miscricordiam
516 1615 657 1642 exorabat.
675 1614 762 1646 Quam
779 1613 910 1647 propheta
927 1613 1025 1641 iterum
1041 1613 1073 1640 ad

284 1662 360 1690 illiilli
377 1668 505 1688 reversus
527 1661 565 1686 ait
592 1660 642 1686 sibi
658 1666 818 1686 concessam
843 1657 937 1688 fuisse.
965 1661 1075 1692 propter

284 1717 343 1739 eam
367 1715 476 1742 pmnam
493 1714 575 1741 quam
602 1705 654 1732 sibi
681 1704 921 1739 supervenientem
943 1704 1072 1738 excipiet.

284 1755 398 1788 Propter
427 1753 478 1779 hoc
507 1751 589 1786 igitur
614 1750 681 1778 adeo
709 1750 829 1776 immane
857 1749 975 1781 facinus,
1005 1749 1075 1776 mala

284 1806 406 1828 curo-ma
421 1803 517 1826 contra
533 1804 641 1824 omnem
660 1797 770 1823 domum
791 1803 880 1828 suam,
896 1795 1075 1830 quemadmo-

285 1846 349 1872 dum
366 1848 538 1879 peccavcrat,
559 1849 655 1877 passus
671 1846 722 1868 est.
740 1840 859 1875 Depcriit
878 1840 950 1867 enim
968 1841 1075 1868 Amnon

285 1891 357 1918 filius
371 1891 432 1925 ejus
449 1896 573 1917 sororem
597 1896 674 1915 suam
693 1886 927 1922 consanguineam
945 1886 1074 1918 Thamar,

286 1943 455 1970 composque
481 1935 570 1961 factus
598 1933 659 1967 ejus
687 1940 769 1967 quam
798 1932 950 1967 deperibat,
982 1937 1075 1967 postea

288 1981 384 2017 majori
409 1988 492 2015 quam
518 1984 598 2006 antea
618 1986 713 2005 amore
729 1978 821 2005 statim
839 1977 903 2005 odio
922 1982 965 2005 est
980 1985 1075 2012 prosc-

287 2032 378 2057 cutus.
407 2025 513 2053 Occidit
544 2025 618 2051 hunc
648 2024 800 2051 Amnoncm
829 2023 998 2056 Abessalom,
1028 2024 1074 2058 qui

287 2074 413 2102 nterinus
437 2076 496 2100 erat
518 2071 663 2098 Thamaris
681 2069 775 2102 frater,
794 2076 916 2096 sororem
933 2070 1000 2096 adeo
1018 2074 1076 2096 tur-

286 2121 356 2156 piter
381 2119 586 2147 dcltonertatam
605 2116 700 2144 ulcisci
727 2115 829 2142 volens.
847 2115 975 2149 ,lnsurgit
995 2122 1076 2150 porro

287 2168 338 2196 iste
351 2165 490 2194 fratricida
506 2162 664 2191 Abessalom
681 2161 762 2188 etiam
779 2161 807 2188 in
821 2161 911 2195 ipsum
924 2165 1076 2195 parentem,

1125 1567 1191 1594 Θεὺν
1208 1568 1238 1595 τὸ
1255 1568 1498 1604 μεμηχανημένον,
1514 1568 1682 1603 καταθρηνεῖ
1702 1569 1749 1595 καὶ
1763 1567 1914 1601 κατολοφύ-

1126 1622 1202 1648 ρεται
1226 1614 1275 1648 τὴν
1299 1614 1389 1648 δεινὴν
1418 1613 1501 1641 αὑτοῦ
1529 1614 1639 1650 πρᾶξιν,
1665 1614 1712 1640 καὶ⁸
1736 1614 1833 1649 πικρὸν
1853 1622 1916 1648 σχε-

1124 1659 1238 1690 τλιάσας
1260 1659 1305 1685 τὸν
1322 1657 1412 1685 οἶκτον
1437 1660 1570 1695 ἐξῃτεῖτο,
1598 1661 1628 1686 ὃν
1657 1669 1709 1695 περ
1730 1662 1744 1686 6
1771 1661 1914 1694 προφήτης

1125 1705 1200 1740 αὐτῷ
1215 1705 1297 1731 πάλιν
1312 1705 1396 1731 ἐλθὼν
1413 1705 1467 1741 ἔφη
1484 1705 1617 1738 δεδόσθαι,
1632 1706 1665 1732 δι’
1679 1703 1769 1741 ἧσπερ
1784 1705 1914 1740 ἐπιούσης

1125 1750 1200 1786 αὐτῷ
1214 1750 1351 1782 ἐκδέξεται
1366 1750 1454 1786 δίκης.
1481 1752 1541 1778 Ἐπὶ
1553 1751 1580 1778 δὲ
1591 1751 1677 1786 ταύτῃ
1691 1752 1723 1785 τῇ
1739 1750 1915 1787 πλημμελείᾳ

1125 1797 1228 1832 ἄσχετα
1246 1797 1320 1824 δεινὰ
1337 1797 1406 1823 κατὰ
1425 1797 1517 1830 πάσης
1538 1796 1621 1824 αὐτοῦ
1641 1798 1689 1833 τῆς
1706 1797 1805 1829 οἰκίας,
1823 1797 1915 1828 καθὼς

1126 1843 1269 1878 ήμὰρτησε
1289 1842 1456 1878 [πέπονθεν]
1468 1851 1474 1857 ·
1491 1842 1600 1878 ἠράσθη
1618 1843 1673 1877 γὰρ
1696 1842 1803 1877 ’Λμνὼν
1826 1842 1841 1869 6
1858 1842 1915 1873 υἱὸς

1127 1888 1209 1915 αὑτοῦ
1229 1888 1278 1923 τῆς
1294 1888 1362 1923 πρὸς
1387 1888 1490 1923 πατρὸς
1511 1888 1628 1923 ἀδελφῆς
1643 1888 1725 1914 αὑτοῦ
1739 1888 1849 1923 Θάμαρ,
1867 1888 1915 1914 καὶ

1126 1934 1214 1969 τυχὼν
1233 1932 1266 1970 ἧς
1288 1935 1353 1969 ἤρα,
1373 1934 1463 1960 πλεῖον
1479 1932 1565 1969 οὗπερ
1585 1935 1668 1968 αὐτῆς
1685 1934 1739 1968 ἤρα
1758 1933 1916 1967 παραυτίκα

1127 1980 1268 2015 ἐμίσησεν.
1290 1980 1408 2015 Ἀναιρεῖ
1422 1979 1450 2005 δὲ
1468 1978 1562 2005 τοῦτον
1587 1978 1632 2005 τὸν
1651 1977 1758 2012 Ἀμνὼν
1784 1977 1916 2004 ’Λϐεσσα-

1127 2026 1198 2061 λὼμ,
1215 2027 1228 2052 ό
1247 2026 1295 2052 καὶ
1316 2026 1383 2061 πρὸς
1404 2025 1508 2060 μητρὸς
1527 2025 1640 2059 ἀδελφὸς
1660 2025 1707 2060 τῆς
1723 2023 1820 2059 Θάμαρ
1837 2031 1915 2057 γεγε-

1127 2071 1253 2105 νημένος,
1268 2070 1316 2105 τὴν
1345 2070 1465 2104 αἰσχρῶς
1483 2069 1678 2104 διῡδρισμένην
1697 2068 1839 2095 διεκδικεῐν
1855 2067 1917 2102 βου-

1126 2116 1303 2151 λευσάμενος.
1328 2116 1520 2142 Ἐπανίσταται
1542 2116 1571 2141 δὲ
1587 2117 1601 2142 6
1617 2115 1665 2141 τοῦ
1686 2114 1802 2148 ἀδελφοῦ
1819 2114 1918 2148 φονεὺς

1135 2160 1313 2196 ’Λῦεσσαλὼμ
1328 2161 1375 2187 καὶ
1391 2161 1466 2196 αὐτῷ
1480 2160 1519 2195 τῷ
1533 2161 1619 2196 πατρὶ
1634 2161 1682 2187 καὶ
1697 2161 1797 2196 πληροῖ
1812 2160 1918 2194 λύορων

287 2213 434 2247 impletque
452 2217 551 2239 cruore
567 2209 720 2236 universam
736 2212 878 2242 paternam
900 2207 1023 2234 domum.
1041 2207 1073 2233 At

1130 2207 1178 2243 τὴν
1199 2207 1245 2234 τοῦ
1262 2207 1365 2242 πατρὸς
1386 2206 1451 2240 ὃλην
1468 2207 1567 2234 οἰκίαν.
1592 2207 1621 2233 Ὀ
1636 2207 1663 2233 δι
1687 2207 1725 2242 μὴ
1746 2207 1838 2242 φέρων
1860 2206 1919 2233 υἱον

288 2260 333 2286 ille
352 2264 524 2293 nequaquam
543 2255 684 2285 sustinens
698 2253 784 2281 ﬁlium
805 2253 898 2288 prmlio
911 2253 1074 2289 profligare,

288 2308 316 2332 et
334 2303 442 2330 vincere
466 2300 610 2329 victoriam
634 2299 711 2326 clade
732 2298 804 2326 haud
820 2299 975 2330 minorem,
990 2298 1077 2334 surgit

289 2357 305 2377 a
323 2349 396 2384 regia
410 2348 493 2376 domo
517 2354 579 2378 sua,
597 2346 704 2381 fugiens
723 2346 751 2372 in
769 2345 908 2372 desertum
926 2353 932 2371 :
950 2348 976 2372 et
993 2344 1077 2373 susti-

288 2395 349 2423 nuit
372 2402 425 2422 non
442 2393 523 2421 modo
538 2392 688 2428 molestias,
704 2398 772 2426 quas
790 2390 943 2425 perferebat
961 2390 1077 2425 nudipes

290 2441 419 2470 incedens
433 2444 461 2467 et
477 2447 557 2475 aeger,
578 2446 671 2466 verum
687 2439 769 2466 etiam
786 2436 918 2465 c0nviciis
936 2437 1079 2464 lacessitus

289 2496 304 2516 a
331 2486 420 2516 Semci
443 2486 580 2521 quodam,
604 2485 652 2520 qui
680 2483 771 2511 Saulis
789 2483 957 2511 domesticus
979 2481 1076 2515 fuerat,

288 2535 391 2571 quique
405 2533 543 2569 pulverem
559 2531 585 2559 in
603 2531 677 2559 illum
693 2530 848 2566 spargebat,
865 2529 1001 2565 lapidibus
1014 2529 1077 2555 item

288 2589 350 2610 cum
365 2579 521 2616 impetebat,
536 2583 563 2606 et
577 2578 790 2605 conviciabatur.
810 2575 862 2604 Sed
879 2583 932 2603 non
947 2580 989 2602 cst
1005 2575 1078 2601 ultus

290 2627 453 2655 maledicum
483 2624 632 2656 hominem,
651 2623 758 2651 tametsi
775 2628 867 2658 pesset
883 2630 930 2658 per
947 2629 1079 2656 sequaces

290 2682 355 2702 suos
371 2683 377 2701 :
396 2673 462 2708 quin
480 2670 623 2706 reputabat
646 2670 703 2698 haec
726 2669 784 2697 suis
810 2676 960 2703 congruere
974 2668 1079 2696 facino-

291 2719 378 2747 ribus.
400 2717 529 2746 Absalom
551 2722 617 2743 vero
642 2715 791 2742 sceleribus
804 2714 948 2742 curnulans
965 2713 1079 2749 parrici-

291 2765 352 2792 dale
376 2764 482 2792 facinus
499 2770 590 2794 suum,
608 2761 691 2790 audet
715 2761 796 2790 etiam
814 2766 941 2796 paternas
964 2761 1015 2788 sub
1033 2760 1078 2788 dio

325 2854 378 2886 (81]
402 2853 480 2883 Forte
496 2853 669 2889 πατραλιξιιιν,

1130 2254 1199 2289 πρὸς
1213 2253 1303 2289 μάχην
1312 2252 1508 2288 ἁκροΰολίζειν.
1523 2253 1569 2280 καὶ
1583 2253 1662 2288 νικᾷν
1676 2253 1760 2287 ἥττης
1774 2252 1824 2278 οὑκ
1839 2251 1920 2278 ἐλάσ-

1130 2308 1195 2327 σονα
1202 2300 1291 2334 νίκην,
1305 2300 1487 2328 ἀπανίσταται
1501 2300 1551 2334 τῆς
1564 2299 1709 2335 βασιλικῆς
1720 2298 1804 2326 αὑτοῦ
1819 2297 1918 2330 οὶκίας,

1130 2345 1338 2381 ἀποδιδράσκων
1355 2345 1401 2372 ἐπὶ
1414 2346 1463 2381 τὴν
1475 2345 1578 2381 ἔρημον
1589 2354 1596 2360 ’
1612 2345 1659 2372 καὶ
1673 2344 1810 2378 ὑπέφερεν
1825 2343 1856 2370 οὐ
1872 2343 1921 2378 μό-

1132 2401 1177 2419 νον
1202 2392 1275 2427 ἆπερ
1303 2391 1400 2427 ἔφερεν
1429 2391 1520 2426 ἑαυτῷ
1544 2392 1702 2426 γυμνόπους
1729 2389 1846 2425 βαδίζων
1872 2388 1921 2415 καὶ

1134 2437 1224 2464 ἀλύων
1239 2437 1320 2473 ἄχθη,
1341 2437 1408 2464 ἀλλὰ
1423 2437 1470 2463 καὶ
1485 2436 1662 2472 ὑϐριζόμενος
1673 2435 1727 2462 ἀπὸ
1744 2435 1833 2470 Σεμεῆ
1847 2441 1922 2463 τινος

1130 2484 1235 2510 οἰκέτου
1254 2482 1300 2509 τοῦ
1325 2482 1411 2510 Σαοὺλ
1425 2482 1580 2516 γεγονότος,
1603 2480 1679 2508 κόνιν
1698 2480 1922 2510 καταπάσσοντος

1131 2530 1222 2562 αὑτὸν,
1242 2529 1288 2556 καὶ
1310 2529 1430 2564 χέρμασι
1451 2526 1692 2559 κατακοντίζοντος
1714 2526 1762 2553 καὶ
1784 2526 1922 2560 λοιδορου-

1133 2576 1225 2610 μένου.
1249 2574 1320 2600 Ἀλλ’
1343 2574 1394 2600 οὐκ
1409 2574 1528 2608 ἠμύνετο
1552 2573 1598 2600 τὸν
1618 2574 1801 2607 κακόστομον,
1819 2571 1922 2605 καίπερ

1129 2621 1279 2656 δυνάμενος
1303 2621 1348 2647 διὰ
1366 2620 1420 2646 τῶν
1437 2621 1580 2655 ἑπομένων
1594 2628 1600 2635 ·
1618 2619 1756 2653 ἐλογίζετο
1779 2618 1808 2645 δὲ
1833 2616 1921 2645 ταῦτα

1130 2669 1190 2699 ταῖς
1209 2667 1323 2699 οἰκείαις
1349 2667 1499 2702 προσήκειν
1521 2667 1687 2702 ἁμαρτάσιν.
1715 2664 1874 2692 Ἐπιτείνων
1892 2663 1922 2690 δὲ

1131 2716 1145 2742 ὁ
1172 2713 1350 2749 ’Ᾱὸεσσαλὼμ
1374 2713 1422 2749 τὴν
1442 2714 1524 2740 αὐτοῦ
1544 2711 1703 2748 πατρολῷον
1723 2711 1780 2747 (81)
1809 2710 1920 2746 πρᾶξιν,

1131 2761 1218 2796 τολμᾷ
1239 2761 1287 2788 καὶ
1309 2761 1358 2793 τὰς
1374 2759 1421 2787 τοῦ
1440 2760 1543 2795 πατρὸς
1563 2757 1731 2794 διαφθείρειν
1747 2758 1777 2784 ἐν
1793 2755 1921 2792 ὑπαίθρῳ
