2073 3161
150 135 153 139 1
168 149 204 179 till
757 147 944 177 LIBELLUS
963 147 1213 177 MEMORIALIS.
1761 149 1797 180 70

169 205 204 234 ἐκ
221 203 317 231 τούτου
338 203 439 238 πυρὸς,
458 202 552 229 Ναδὰϐ
580 203 627 229 καὶ
649 201 756 229 Ἀϐιοίιδ
774 203 837 232 τοὺς
868 202 959 237 ἀρχιε-

1013 200 1163 229 Olli-rentes
1178 209 1212 228 ex
1225 209 1278 228 non
1297 200 1351 228 isto
1365 200 1426 236 igne
1443 200 1536 229 Nadab
1552 205 1580 228 et
1596 201 1685 229 Abiud
1703 210 1796 229 sacer—

169 251 238 283 ριῖς,
252 247 377 283 θεηλάτῳ
391 248 484 283 πληγῇ
496 248 702 279 καταπεσόντας
717 246 854 279 ἀπέδειξε.

204 337 343 373 Καθαρῶν
355 338 403 364 καὶ
419 337 457 373 μὴ
474 337 604 372 καοαρῶν
619 336 696 368 ζώων
712 336 850 372 διάκρισιν
863 336 958 370 ἐποιή-

169 393 246 413 σατο.
268 384 356 418 ’Υπὲρ
389 383 532 418 ἁμαρτιῶν
559 383 664 414 λύσεως
687 383 737 414 τὰς
763 382 961 417 ἀφωρισμένας

169 430 266 461 θυσίας
281 429 397 461 ἐπέταξε
412 429 468 456 δεῖν
485 428 682 464 προσάγεσθαι.
698 428 816 463 Λεπρῶν
833 428 880 455 καὶ
897 428 961 454 ἀνα-

169 477 267 512 πήρων
293 476 446 512 διακρίσεις
471 475 526 502 ἀπὸ
555 474 606 509 τῆς
622 475 700 510 ἱερᾶς
720 475 884 509 συναγωγῆς
908 474 961 500 ὺπ-

172 522 270 555 ἑδειξε,
280 521 404 557 καὶπερὶ
418 520 579 556 καθάρσεως
593 520 682 547 αὐτῶν
698 519 760 546 τίνα
774 518 961 554 προσάγεσθαι

170 569 218 594 καὶ
234 568 309 599 ὃπως
334 566 388 602 χρὴ
412 565 565 598 διετάξατο.
589 566 659 596 Τοὺς
679 565 864 600 Ἀμορραίους
881 565 960 591 ἀναι-

171 615 243 649 μωτὶ
259 612 412 644 κατελθὼν,
424 611 473 646 τὴν
485 612 538 646 γῆν
549 611 639 638 αὐτῶν
653 612 714 642 ταῖς
731 611 778 637 δύο
796 610 895 645 φυλαῖς
912 610 960 637 τοῦ

178 659 289 686 Ῥουϐὶν
297 659 344 685 καὶ
355 657 402 684 τοῦ
418 658 472 685 Γὰὸ
485 657 634 692 ἀπένειμεν
647 657 686 688 είς
699 656 827 691 κλήρους.
841 656 892 682 Τὸν
907 656 960 682 τῶν

170 705 346 734 Μαδιανιτῶν
364 704 454 732 ἀνεῖλε
476 703 599 739 βασιλέα,
616 703 719 730 καὶτὸν
733 703 830 738 μάντιν
843 703 961 738 Βαλαὰμ

170 750 398 786 κακοσύμϐουλον
425 749 500 785 αὐτῷ
533 750 604 776 κατὰ
630 748 677 775 τοῦ
702 749 769 775 λαοῦ
802 749 960 784 γενόμενον.

171 796 242 828 Τοὺς
269 795 449 826 τελεσθέντας
465 794 504 829 τῷ
523 793 687 829 Βεελφεγὼρ
699 794 732 820 ἐκ
747 793 794 820 τοῦ
817 793 882 820 λαοῦ
904 793 962 819 6w—

176 843 291 878 μυρίους
318 841 552 877 τετρακισχιλίους
562 839 825 876 ἀναιρεθησομένους
835 840 958 874 προεῖπε.

206 928 324 963 Σημεῖον
336 928 384 954 καὶ
395 927 480 954 τύπον
494 926 544 953 τοῦ
559 926 694 962 σωτηρίου
707 926 824 961 σταυροῦ
843 926 872 951 ὲν
884 921 961 960 ᾧπερ

170 974 321 1009 ἀνέστησεν
335 974 397 1009 ὄφει
407 972 501 1008 χαλκῷ
516 972 750 1008 προκατεϐάλετο,
768 970 790 1006 ᾧ
815 971 962 1007 προσέχον-

169 1028 216 1052 τες
227 1021 250 1046 οἱ
264 1019 427 1054 δακνόμενοι
443 1019 495 1045 ὑπὸ
507 1018 562 1045 τῶν
575 1017 664 1053 δφεων
677 1018 727 1044 οὐκ
737 1017 908 1045 ἀπώλλυντο.

207 1110 293 1138 Πέντε
313 1109 423 1145 βίϐλους
438 1109 476 1145 τῷ
498 1108 556 1144 λαῷ
572 1108 726 1142 συνέταξεν,
738 1108 777 1139 είς
797 1116 826 1134 τε
843 1107 958 1143 μελέιην

169 1156 282 1191 διηνεκῆ
305 1156 354 1183 καὶ
366 1155 544 1182 διδασκαλίαν
558 1154 646 1188 λόγων
670 1154 762 1190 ἱερῶν,
783 1154 830 1180 καὶ
850 1155 960 1189 μνήμην

169 1202 224 1229 τῶν
240 1202 311 1236 ὑπὲρ
327 1201 418 1229 αὐτῶν
434 1200 481 1227 καὶ
504 1201 543 1232 εἰς
563 1200 662 1232 αὐτοὺς
683 1199 887 1234 γεγενημένων,
914 1199 962 1225 καὶ

172 1247 344 1283 προφητείαν
353 1245 408 1273 τῶν
425 1246 556 1272 ἐπιόντων
571 1245 662 1276 αὐτοῖς
673 1244 777 1276 δεινῶν,
791 1243 913 1278 ῥᾳθυμίᾳ
929 1252 959 1269 τε

171 1292 226 1319 ἀπὸ
239 1292 288 1327 τῆς
297 1291 451 1325 εὐσεϐείας,
465 1291 514 1318 καὶ
526 1290 670 1317 ἁποκλίσει
681 1291 714 1325 τῇ
727 1289 773 1315 ἐπὶ
788 1289 960 1320 δυσσέϐειαν,

171 1339 328 1365 κατέλιπεν.
356 1337 436 1364 Ἀλλὰ
460 1338 508 1364 καὶ
535 1336 607 1372 ᾠδὴν
623 1336 727 1367 αὐτοῖς,
756 1335 825 1369 μετὰ
845 1334 894 1369 τὴν
915 1336 960 1360 ἐπὶ

170 1384 220 1419 τὴν
231 1383 276 1411 διὰ
292 1383 430 1419 Θαλάσσης
446 1383 585 1417 σωτηρίαν
609 1380 834 1415 καταλεχθεῖσαν,
862 1380 960 1415 ὲτέραν

169 1429 246 1467 ᾖσεν,
269 1429 306 1461 ὡς
321 1429 356 1456 τὰ
369 1428 433 1463 ἔθνη
456 1427 692 1464 προτιμηοήσεται
707 1427 799 1453 αὐτῶν
823 1426 958 1460 δυσσεϐη-

172 1475 287 1507 σάντων,
304 1475 338 1501 τὰ
352 1474 473 1510 πρότερα
499 1473 630 1505 ἀσύνετα,
646 1473 693 1499 καὶ
709 1473 762 1498 ὑπὸ
777 1472 844 1498 Θεοῦ
875 1479 960 1506 πρνισ-

1011 248 1099 280 deles,
1116 247 1247 275 divinitus
1272 247 1397 275 immisso
1414 247 1525 275 vulnere
1548 247 1742 275 occumbentes
1756 255 1799 275 os-

1012 292 1108 320 tendit.

1045 337 1210 365 Mundorum
1225 342 1253 365 et
1266 345 1320 364 non
1337 337 1503 365 mundorum
1520 338 1682 366 animalium
1701 337 1800 365 discri-

1011 392 1073 411 men
1087 383 1186 411 elIccit.
1203 383 1256 410 Pro
1270 387 1444 418 peccatorum
1468 383 1629 411 remissione
1650 384 1799 411 constituta

1012 430 1147 458 sacriﬁcia
1168 430 1296 464 praacepil
1309 429 1400 456 oll‘erri
1419 433 1557 464 oportere.
1573 429 1754 464 chrosorum
1767 436 1800 456 ac

1012 476 1118 504 defectu
1131 476 1314 505 laborantium
1336 476 1504 503 secretiones
1528 483 1544 502 a
1560 482 1641 502 sacro
1655 479 1727 502 cmtu
1747 476 1798 502 ob-

1012 522 1160 550 servandas
1172 521 1266 554 edixit,
1280 525 1362 556 atque
1377 527 1428 556 pro
1438 520 1595 548 eorumdem
1611 520 1800 555 puriﬁcatione

1011 576 1073 603 qua:
1100 562 1299 602 et'quomodo
1329 565 1468 593 ollerenda
1497 570 1590 593 essent
1621 565 1798 600 prmscripsit.

1011 613 1177 642 Amorrbaeis
1189 613 1248 641 sine
1262 620 1375 640 suorum
1387 612 1520 647 sanguine
1536 611 1669 644 subactis,
1699 616 1798 638 terram

1014 660 1124 687 illorum
1142 659 1249 686 duabus
1264 658 1390 685 tribubus
1402 657 1497 685 lluben
1513 662 1542 684 et
1579 657 1637 684 Gad
1659 657 1685 683 in
1707 660 1798 684 sortes

1011 706 1165 733 distribuit.
1184 704 1392 732 Madianitarum
1408 711 1498 738 regem
1519 702 1639 734 sustulit,
1654 706 1799 736 vatemque

1011 751 1122 778 Balaam
1138 750 1249 786 pessimi
1267 750 1337 785 apud
1350 758 1412 777 cum
1428 754 1567 776 auctorem
1580 748 1688 775 consilii
1701 747 1799 774 adver-

1012 804 1060 824 sus
1073 797 1216 831 populum.
1229 795 1354 823 lnitiatos
1369 794 1551 829 lleelphcgoro
1566 801 1598 820 ex
1613 793 1722 828 populo.
1751 793 1798 829 qui

1012 843 1045 870 ad
1061 843 1156 878 viginti
1172 846 1289 877 quatuor
1302 841 1386 868 millia
1401 845 1489 873 erant,
1503 838 1680 867 internecioni
1695 838 1800 866 dandos

1013 889 1149 924 prredirit.

1049 934 1162 969 Signum
1177 941 1211 961 ac
1227 938 1319 968 typum
1345 931 1493 960 salutifera:
1505 931 1596 958 erucis
1623 931 1651 957 in
1668 934 1794 958 anteces-

1014 988 1075 1008 sum
1091 979 1216 1007 exhibuit
1232 980 1302 1005 ineo
1320 985 1401 1012 quem
1417 977 1504 1004 erexit
1530 983 1606 1003 aeneo
1631 979 1757 1010 serpente
1788 982 1797 1001 :

1012 1027 1040 1053 in
1057 1033 1138 1061 quem
1156 1025 1328 1052 intemlcntes
1350 1023 1398 1058 qui
1416 1030 1431 1049 τι
1443 1021 1616 1056 seipcntibus
1639 1020 1723 1048 morsi
1740 1019 1799 1047 fuc-

1012 1075 1084 1102 rant,
1100 1077 1153 1097 non
1175 1069 1334 1096 interibant.

1048 1116 1175 1149 Quinque
1194 1115 1279 1142 libros
1296 1113 1395 1149 populo
1410 1113 1574 1148 composuit,
1590 1119 1659 1146 quos
1690 1111 1730 1138 eis
1754 1118 1798 1138 rc-

1012 1162 1092 1197 liquit
1110 1161 1143 1188 ad
1157 1161 1250 1195 jugem
1276 1158 1480 1187 meditationem
1496 1166 1528 1185 ac
1554 1157 1726 1191 disciplinam
1754 1163 1800 1183 sa‘

1012 1215 1122 1235 emtum
1138 1213 1307 1237 sermonum,
1323 1204 1356 1231 ad
1371 1204 1531 1231 memoriam
1549 1203 1613 1230 item
1627 1209 1722 1229 eorum
1737 1208 1799 1236 qua:

1011 1261 1061 1288 pro
1083 1252 1150 1286 ipsis
1172 1251 1214 1278 vel
1242 1255 1338 1278 contra
1363 1251 1438 1285 ipsos
1458 1249 1527 1276 facta
1544 1252 1617 1282 sntit,
1635 1247 1662 1275 in
1681 1246 1799 1282 prophe-

1012 1298 1076 1325 tiam
1090 1305 1199 1331 quoque
1209 1296 1423 1323 ohvenlurorum
1436 1294 1502 1329 ipsis
1516 1292 1662 1325 malorum,
1678 1291 1736 1319 sive
1749 1322 1751 1324 η
1762 1291 1799 1318 ob

1012 1343 1169 1372 socordiam
1185 1342 1212 1369 in
1226 1342 1307 1369 rebus
1323 1341 1473 1376 religionis,
1494 1340 1552 1367 sive
1579 1339 1615 1366 ob
1636 1337 1799 1374 propensio-

1012 1397 1073 1417 nem
1091 1389 1117 1415 in
1134 1388 1311 1423 impietatem.
1328 1387 1398 1420 Quin
1414 1386 1497 1413 etiam
1511 1392 1621 1413 carmen
1636 1385 1701 1418 illis,
1726 1391 1796 1419 pra:-

1013 1439 1054 1461 ter
1068 1433 1131 1460 illud
1148 1433 1221 1467 quod
1239 1432 1383 1459 recitatum
1414 1430 1505 1457 fuerat
1519 1429 1554 1457 ob
1565 1428 1721 1456 cvasionem
1751 1434 1799 1461 per

1013 1479 1133 1506 medium
1152 1486 1238 1508 mare.
1261 1477 1335 1503 aliud
1350 1476 1462 1505 cecinit.
1487 1475 1564 1502 aiens
1583 1478 1677 1509 gentes
1701 1473 1799 1508 praela-

169 1521 342 1556 ληφθήσεται
356 1520 423 1556 πρὸς
441 1518 635 1555 παροργισμὺν
648 1518 749 1550 αὐτῶν,
766 1518 820 1544 τῶν
842 1518 888 1543 ἐπὶ
900 1517 959 1547 ταῖ;

1014 1531 1071 1553 ιυιη
1087 1525 1119 1552 iri
1138 1524 1205 1559 ipsis
1221 1523 1303 1558 impie
1322 1522 1479 1557 agentibus,
1498 1528 1560 1555 qua:
1575 1520 1651 1554 prius
1665 1519 1799 1553 insipien-

171 1566 283 1597 πολλαῖς
313 1565 547 1601 ιίδωλολατρείαις
563 1564 793 1599 παροργισάντων
816 1563 861 1589 τὸν
883 1563 958 1589 Θεόν.

173 1612 252 1638 Ἐστι
268 1611 298 1638 δὲ
312 1611 346 1638 τὰ
363 1611 445 1637 πέντε
469 1609 552 1637 αὑτοῦ
578 1610 668 1645 βιϐλία
694 1610 813 1642 Γένεσις,
839 1609 958 1642 Ἔξοδος,

169 1657 325 1690 Δευῐτικδν,
346 1655 482 1692 Ἀριθμοὶ,
502 1654 727 1691 Δευτερονόμιον.

169 1823 294 1850 ΚΕΦΑΛ.
309 1821 348 1850 Οί.
375 1837 409 1842 -
427 1821 496 1850 Τίνα
515 1821 552 1849 τὰ
578 1821 628 1849 διὰ
668 1820 770 1856 Ἰησοῦ
793 1820 847 1848 τοῦ
874 1820 959 1856 Ναυῆ

205 1857 440 1885 ἐπιτελεσθέντα
464 1857 584 1892 σημεῖα,
603 1857 653 1884 καὶ
667 1857 704 1884 δι’
721 1857 815 1884 αὑτοῦ
843 1856 882 1890 τῷ
897 1857 960 1890 λίιῴ

206 1892 451 1928 κατεργασθέντα
469 1893 615 1928 θαύματα.

206 1973 260 1999 Τὸν
280 1973 418 2008 Ἰορδάνην
432 1971 567 2007 ποταμὸν,
580 1973 620 2004 εἰς
630 1971 662 1998 τὸ
680 1971 824 2006 παρελθεῖν
840 1972 886 1998 τὸν
898 1971 960 1998 λα“.ν

172 2019 221 2045 ἐπὶ
236 2019 285 2052 τὴν
299 2019 349 2053 τῆς
366 2019 538 2052 ἐπαγγελίας
555 2017 617 2052 γῆν,
630 2017 723 2044 διεῖλε.
738 2016 846 2042 Δώδεκα
858 2016 960 2048 λίθους,

172 2064 246 2091 κατὰ
265 2063 382 2099 αριθμὸν
395 2064 449 2090 τῶν
464 2063 569 2089 δώδεκα
588 2062 692 2097 φυλῶν,
715 2063 748 2088 ἑκ
763 2061 812 2088 τοῦ
836 2061 960 2096 ποταμοῦ

171 2109 391 2145 ἀνακομισθῆναι
409 2109 556 2144 μεγάλους,
574 2109 614 2139 είς
631 2107 804 2145 μνημόσυνον
817 2108 960 2134 ἀποτεθει-

171 2157 272 2191 μένους
286 2155 325 2191 τῷ
338 2155 394 2190 λαῷ
411 2155 461 2190 τῆς
475 2155 589 2190 πορείας
608 2154 704 2186 αὑτοῦ,
716 2154 766 2189 τῆς
778 2153 823 2180 διὰ
834 2153 882 2180 τοῦ
911 2153 961 2188 ξη-

1013 1578 1052 1601 tes
1068 1577 1157 1605 erant,
1181 1578 1295 1606 qumque
1309 1578 1322 1597 a
1341 1570 1395 1596 Deo
1409 1572 1586 1596 assumantur
1606 1567 1640 1594 ad
1667 1566 1798 1593 irrilatio-

1011 1627 1074 1646 nem
1090 1618 1222 1653 ipsorum,
1239 1617 1338 1650 quippe
1360 1615 1406 1650 qui
1423 1614 1517 1641 multis
1547 1612 1708 1640 idololatriis
1731 1619 1797 1639 exa-

1011 1663 1183 1692 ecrbavcrint
1199 1662 1294 1689 Iicum.
1323 1661 1394 1687 Sunt
1409 1667 1491 1694 porro
1516 1659 1638 1694 quinque
1648 1657 1709 1684 libri
1738 1656 1797 1691 ejus

1011 1710 1136 1741 Genesis,
1164 1709 1283 1739 Exodus,
1301 1706 1448 1737 Leviticus.
1473 1705 1594 1737 Numeri,
1629 1703 1799 1730 Deuterono-

1012 1757 1108 1784 mium.

1011 1832 1088 1861 CAP.
1107 1830 1190 1858 LXX.
1205 1844 1238 1849 —
1256 1829 1323 1862 (huc
1336 1833 1397 1855 nun
1419 1827 1553 1863 prodigiu_
1570 1825 1601 1852 ab
1624 1825 1692 1863 Iesu
1724 1823 1798 1863 Nare

1046 1872 1206 1902 perpetrata.
1239 1859 1272 1892 (ἶ
1290 1873 1335 1900 per
1363 1859 1446 1898 ipsum
1474 1859 1570 1896 popula
1600 1860 1693 1895 e/fecta
1713 1859 1796 1885 mira.

1046 1905 1117 1929 culti.

1045 1978 1190 2006 Iordanem
1211 1977 1322 2004 ﬂuvium
1338 1975 1439 2006 divisit,
1457 1979 1485 2006 ut
1500 1973 1615 2008 populus
1627 1969 1755 1997 transiret
1769 1968 1796 1995 iu

1012 2028 1114 2051 terram
1144 2022 1346 2058 promissionis.
1388 2019 1533 2047 Duodecim
1568 2017 1681 2052 lapides.
1716 2015 1795 2049 juxta

1012 2077 1156 2096 numerum
1174 2067 1317 2095 duodecim
1342 2066 1476 2096 tribuum,
1501 2070 1614 2098 magnos
1631 2069 1664 2088 ex
1687 2060 1798 2087 ﬂttniine

1013 2113 1104 2141 all'er'ri
1132 2113 1225 2147 jussit,
1243 2111 1396 2146 deponique
1413 2117 1428 2137 a
1454 2109 1554 2144 populo
1582 2107 1608 2133 in
1636 2104 1796 2132 memoriam

1014 2160 1120 2187 itineris
1135 2158 1189 2190 sui,
1207 2158 1280 2193 quod
1296 2156 1449 2184 corifeeerat
1472 2162 1520 2190 per
1547 2152 1667 2180 medium
1706 2148 1797 2177 arefa-

173 2201 222 2237 ροῦ
240 2202 390 2236 γενομένου
406 2200 543 2235 ποταμοῦ,
559 2198 736 2236 προσέταξεν.
756 2199 812 2231 Τὰς
827 2200 959 2234 ἐξήκοντα

1012 2211 1084 2234 etum
1100 2205 1211 2232 ﬂumen.
1226 2204 1358 2231 Sexcenta
1373 2202 1458 2230 millia
1470 2200 1561 2236 populi
1577 2196 1691 2232 lapideis
1699 2194 1797 2231 gladiis

173 2247 307 2283 μυριάδας
323 2247 370 2273 τοῦ
393 2246 459 2274 λαοῦ
482 2246 623 2281 πετρίναις
633 2246 782 2280 περιέτεμε
799 2246 958 2281 μαχαίραις.

171 2294 212 2320 Τὰ
228 2294 257 2319 ὲν
280 2292 386 2328 Ὶεριχὼ
404 2292 481 2327 τείχη
501 2291 660 2325 σαλπίγγων
675 2292 727 2327 ἠχῇ
748 2291 959 2326 κατεστρέψατο.

171 2339 224 2365 Τὸν
240 2339 455 2373 ἱεροσυλήσαντα
474 2338 631 2372 “Δχαραῐον,
650 2337 684 2363 δι’
701 2337 731 2363 ὃν
744 2339 758 2364 ὁ
773 2337 837 2368 λαδς
849 2337 959 2372 ἡττᾶτο,

171 2385 312 2420 κληρωτὸν
347 2385 495 2420 ἀνεύρηκε.
527 2383 575 2410 καὶ
601 2383 770 2410 λιθόλευστον
787 2383 887 2411 ἀνεῖλε.
905 2384 960 2414 Τὰς

171 2430 265 2461 πόλεις
276 2430 331 2456 τῶν
343 2430 439 2462 ὲθνῶν,
455 2432 503 2456 καὶ
513 2430 577 2460 τοὺς
587 2428 706 2463 βασιλεῖς
722 2429 812 2455 αὐτῶν
825 2428 961 2463 ἁναιμω.ὶ

171 2477 353 2512 παρείληφεν.
388 2476 473 2511 ’Υπὲρ
497 2475 690 2507 Γαϐαωνιτῶν,
720 2475 774 2501 τῶν
803 2474 962 2509 αὐτομόλων

170 2522 211 2558 τῷ
220 2522 278 2558 λαῷ
293 2522 457 2556 γεγονότων,
474 2522 612 2557 πολεμῶν,
630 2522 670 2553 εἰς
687 2521 793 2547 τελείαν
815 2520 894 2556 νίκην
912 2521 962 2556 τὴν

171 2567 243 2602 ὑπὲρ
257 2566 347 2594 αὐτῶν
359 2567 406 2593 τὸν
416 2567 494 2602 ἡλίου
505 2567 606 2602 δρόμον
619 2566 730 2602 ἔστησε.

149 2610 155 2646 i
207 2613 275 2645 Ταῖς
302 2613 401 2648 φυλαῖς
429 2612 501 2639 κατὰ
527 2612 646 2648 κλήρους
663 2612 753 2639 αὐτῶν
778 2612 828 2648 τὴν
844 2613 907 2647 γῆν,
928 2613 962 2647 ἢν

148 2659 153 2671 ¹
171 2659 335 2694 παρειλήφει
350 2658 425 2694 παρὰ
434 2658 490 2686 τῶν
502 2658 598 2690 ἐθνῶν,
612 2658 767 2693 κατένειμε.
792 2658 838 2693 Τῷ
867 2667 962 2685 πιστο-

170 2707 244 2742 τάτῳ
256 2705 345 2732 Χαλὲϐ
363 2705 402 2741 τῷ
415 2705 463 2732 τοῦ
486 2705 608 2741 Ἰεφωνῆ,
625 2706 671 2733 τὸν
687 2706 762 2739 ἄξιον
787 2705 870 2732 αὑτοῦ
895 2705 962 2741 κλῆ-

171 2760 219 2786 ρον
235 2751 378 2787 ἀπένειμε.
392 2751 448 2787 Τὴν
465 2751 559 2783 Ῥαὰϐ.
575 2753 625 2786 τὴν
640 2753 701 2784 τοὺς
716 2753 903 2779 κατασκόπουξ
918 2752 960 2778 δε-

171 2798 305 2833 ξαμένην,
331 2798 456 2834 ἐτίμησε,
484 2798 523 2833 τῷ
549 2798 606 2833 λαῷ
636 2798 842 2832 συγκατατάξας
865 2799 961 2834 αὐτην.

170 2844 234 2876 Τοῖς
250 2844 355 2879 ἱερεῦσι
381 2845 427 2871 καὶ
451 2845 507 2876 τοῖς
530 2844 657 2876 Aegina;
671 2844 721 2875 τὰς
737 2843 828 2875 πόλεις
858 2845 904 2870 καὶ
929 2845 962 2871 τὰ

1012 2249 1194 2277 circumcidit.
1202 2247 1370 2276 Jeriehuutis
1380 2253 1473 2274 muros
1481 2245 1607 2272 tubarum
1616 2248 1684 2269 sono
1690 2239 1797 2267 evertit.

1011 2296 1173 2323 Acharaeurn
1190 2294 1278 2322 iurem
1295 2293 1470 2328 sacrilegum.
1486 2295 1596 2327 propter
1611 2295 1691 2324 quem
1708 2293 1796 2321 popu-

1012 2343 1055 2370 lus
1072 2342 1198 2369 hostibus
1215 2341 1408 2372 succubuerat,
1424 2347 1472 2374 per
1487 2341 1575 2365 sortes
1590 2334 1705 2366 invenit,
1721 2337 1747 2359 et
1759 2332 1799 2358 la-

1012 2389 1133 2423 pidatum
1151 2387 1210 2414 neci
1225 2387 1309 2413 dedit.
1324 2385 1453 2413 Gentium
1486 2383 1577 2414 urbes,
1606 2385 1633 2408 et
1650 2386 1728 2414 reges
1753 2385 1800 2404 ea-

1013 2441 1073 2461 rum
1103 2434 1172 2460 citra
1201 2432 1362 2466 sanguinem
1384 2432 1465 2466 cepit.
1485 2430 1537 2457 Pro
1553 2426 1724 2456 Gabaonitis,
1751 2422 1797 2457 qui

1012 2487 1071 2507 sise
1086 2484 1183 2514 sponte
1208 2479 1339 2506 dederunt
1369 2477 1479 2512 populo,
1506 2475 1605 2503 bellum
1628 2479 1735 2508 gerens.
1764 2468 1797 2495 ad

1014 2523 1162 2560 perfectam
1176 2525 1317 2551 victoriam
1331 2530 1381 2558 pro
1390 2522 1443 2549 illis
1459 2519 1641 2550 referendam,
1656 2516 1723 2544 solis
1735 2521 1797 2540 cur-

1013 2578 1074 2598 sum
1092 2570 1172 2598 stitit.

1049 2615 1187 2644 Tribubus
1222 2623 1270 2650 per
1289 2619 1377 2642 sortes
1393 2621 1488 2642 earum
1522 2618 1633 2642 terram,
1660 2615 1741 2643 quam
1765 2605 1800 2632 αθ

1013 2662 1141 2698 gentibus
1160 2666 1313 2697 acceperat,
1338 2661 1487 2688 distribuit.
1514 2657 1660 2686 Fidissimo
1694 2651 1799 2698 Cllalt‘b

1012 2697 1143 2742 depluenis
1157 2706 1223 2740 tilio,
1243 2706 1353 2741 dignam
1376 2706 1423 2733 illo
1440 2704 1622 2732 haireditatem
1638 2697 1800 2733 assignavit.

1016 2753 1103 2785 Raab,
1136 2759 1197 2787 quae
1226 2753 1414 2786 exploratores
1442 2752 1611 2782 susm'perat.
1642 2745 1799 2778 honoravit,

1013 2807 1075 2826 cam
1091 2799 1183 2833 pupilli
1197 2798 1308 2826 civitate
1323 2797 1460 2826 donando.
1480 2793 1675 2822 Sacerdotibus
1697 2799 1731 2820 ae
1746 2790 1797 2818 Le-

1015 2846 1077 2874 vitis
1098 2846 1180 2874 urbes
1195 2851 1277 2881 atque
1293 2845 1422 2873 suburbia
1439 2841 1599 2877 assignavit.
1619 2841 1674 2869 Sex
1701 2838 1799 2874 rcfngii
1830 2870 1833 2873 λ
