2073 3161
239 175 271 209 71
978 171 1128 201 IDSEt'PI
1826 165 1868 201 '72

240 230 365 258 civitates
376 227 529 259 constituit,
544 227 671 255 universa
687 230 816 261 operatus
828 225 861 252 ad
893 226 1025 252 amussim

1091 224 1229 259 προάστεια
1237 223 1400 250 ἀποδέδωκε.
1423 223 1478 255 Τὰς
1487 223 1718 259 φυγαδευτηρίους
1732 223 1762 257 ἓξ
1779 224 1872 257 πόλεις

241 276 425 303 Mosaicarum
449 273 688 302 constitutionum.
709 273 777 298 Dum
810 271 959 298 dimitteret
976 278 1026 304 po-

241 323 335 356 pulum
364 321 397 348 ad
425 320 597 347 hazreditates
621 326 688 353 quas
711 319 823 353 ipsemet
838 316 1025 348 distribuerat,

244 367 359 402 lapidem
374 365 460 393 erexit
475 365 501 391 in
530 363 718 391 testimonium
742 370 851 395 eorum,
876 369 938 396 quae
966 361 1032 396 ipsis

244 413 315 439 dicta
332 410 450 442 fuerant,
466 409 539 444 quod
569 416 632 435 vera
646 413 748 436 essent.
765 406 803 434 Ea
833 414 915 441 porro
945 406 1031 438 fuere,

244 458 315 492 quod
337 461 397 492 post
420 455 524 482 obitum
549 454 622 481 illius
642 453 798 480 derelielut-i
831 456 923 479 essent
949 451 1033 478 Deum

245 501 407 529 salvatorem
457 503 539 531 alque
581 497 758 532 praepositum
799 504 879 524 suum
928 501 1033 522 necnon

245 546 380 574 adhaesuri
399 545 519 580 gentium
537 544 641 571 idolis:
669 543 848 578 quamobrem
881 545 909 568 et
937 541 987 575 ipsi
1019 547 1034 567 a

253 593 309 620 Deo
322 592 456 622 derelicti,
472 590 644 617 (immunibus
670 595 738 623 quos
754 586 898 623 elegerunt
910 587 1034 615 tradendi

247 643 350 670 essent.
379 645 411 665 ac
441 641 502 672 post
532 636 632 663 multas
659 634 922 666 animadversiones,
963 640 1034 668 quas

247 686 329 712 etiam
356 685 383 711 in
399 683 520 718 paternis
547 681 752 709 haereditatibus
769 681 897 714 degentes
918 678 1035 707 subituri

247 735 323 764 sunt,
341 729 502 764 eiectionem
531 728 565 754 de
598 732 670 754 terra
694 726 750 756 illa,
784 725 1036 760 dispersionemque

248 777 319 804 inter
338 779 431 810 gentes
449 773 658 809 ignominiOsaru
674 771 726 800 sibi
741 771 922 799 obventuram
937 770 1034 797 scient.

248 853 325 882 CAP.
352 852 444 881 LXXI.
472 867 507 872 —
533 851 662 884 Quantam
686 850 820 877 mirabilia
847 857 893 884 per
927 848 1035 876 Iudices

566 887 638 921 facta
651 891 722 912 sunt.

283 967 501 995 Adonibezecum
517 973 605 1001 regem
629 964 845 995 Philistinorum,
860 963 908 998 qui
928 961 1038 997 regibus

249 1013 420 1049 septuaginta
434 1017 555 1039 extrema
567 1010 752 1038 membrorum
764 1012 949 1041 truncaverat,
976 1008 1038 1034 viu-

249 1065 342 1088 cuntes
359 1059 440 1090 bello,
469 1058 530 1091 ejus
552 1056 636 1091 pedes
664 1062 816 1089 manusque
848 1054 1036 1085 succiderunt,

249 1107 438 1143 plurimosque
455 1103 557 1131 milites
569 1102 643 1130 illius
659 1109 706 1137 per
724 1100 825 1128 tribum
856 1098 923 1126 Juda
954 1099 1039 1126 inter-

251 1150 358 1177 necioni
376 1149 533 1175 dederunt.-

289 1195 390 1229 Regem
409 1193 590 1219 Moabitarum
607 1190 652 1225 qui
666 1190 691 1217 in
712 1190 873 1217 servitutem
909 1189 1038 1224 populum

251 1240 412 1274 redegerat;
431 1237 505 1264 Edon
522 1235 629 1272 [Egluu]
642 1236 699 1270 ipse
715 1235 882 1268 vocabatur;
901 1235 959 1262 Aod
990 1235 1037 1270 ju-

252 1284 305 1310 dex
326 1282 483 1312 adveniens,
507 1285 637 1314 tanquam
656 1280 703 1314 qui
730 1279 878 1307 benevolus
901 1279 951 1314 ipsi
977 1287 1040 1314 pvo-

251 1333 312 1364 pter
331 1327 491 1361 obsequium
505 1326 613 1353 futurus
628 1330 711 1356 esset.
728 1333 896 1360 muneraque
911 1326 1039 1357 alIere-es,

252 1375 315 1400 dolo
332 1372 478 1400 interfecit.
495 1372 563 1399 Cum
577 1372 650 1398 enim
678 1371 855 1398 ambidexter
871 1376 944 1398 esset
968 1371 1039 1402 Aod,

253 1420 330 1455 quasi
345 1418 427 1446 vellet
450 1418 487 1445 illi
515 1417 643 1453 privatim
668 1418 746 1444 utilia
763 1417 888 1452 quaedam
914 1425 1037 1449 narrare,

253 1466 364 1493 sinistra
384 1472 476 1497 manu,
491 1464 600 1491 neruiue
614 1468 757 1498 praesente,
775 1463 801 1491 in
828 1463 956 1490 cubiculo
976 1471 1038 1490 eum

254 1512 387 1539 confodit.

1083 270 1219 302 ἀπέδειξε,
1251 270 1338 295 πάντα
1369 269 1549 304 κατορθώσας
1575 270 1647 296 κατὰ
1674 269 1723 302 τὰς
1749 270 1872 302 Μωσέως

1084 316 1236 350 ὑποθήκας.
1272 315 1411 341 ’Λπολύων
1433 315 1479 341 τὸν
1497 315 1561 342 λαὸν
1586 316 1633 341 ἐπὶ
1646 316 1709 347 τοὺς
1743 315 1872 351 κλήρους,

1083 361 1130 393 οὓς
1150 361 1312 396 κατένειμεν
1338 361 1430 392 αὐτὸς,
1449 360 1523 387 λίοον
1537 361 1651 396 ἔστησεν
1665 361 1705 392 εἰς
1723 361 1874 396 μαρτύριον

1084 408 1138 435 τῶν
1153 408 1200 434 ὑπ’
1230 406 1314 434 αὐτοῦ
1330 407 1484 442 λεγομένων
1515 407 1619 440 αὐτοῖς,
1639 407 1677 439 ὡς
1709 407 1798 442 ἀληθῆ
1818 408 1871 442 ιῐη.

1087 455 1121 481 Ἀ
1136 454 1165 481 δὲ
1192 452 1238 490 ἦν,
1260 453 1299 485 ὡς
1319 454 1377 489 μετ’
1390 453 1472 481 αὐτὸν
1483 453 1679 488 καταλείψουσι
1695 453 1743 480 τὸν
1766 453 1873 488 σωτῆρα

1086 501 1133 526 καὶ
1150 499 1307 535 προστάτην
1327 499 1417 527 αὐτῶν
1428 499 1575 534 γενόμενον
1589 499 1668 532 Θεὸν,
1690 501 1738 526 καὶ
1752 500 1810 531 τοῖς
1820 499 1875 525 τῶν

1085 545 1171 572 ἐθνῶν
1187 545 1308 577 εἰδώλοις
1323 545 1568 581 προστεθήσονται,
1580 545 1642 572 ὅθεν
1659 545 1706 572 καὶ
1723 545 1802 572 αὐτοὶ
1821 553 1874 571 πα-

1087 589 1277 625 ραλειφθέντες
1304 590 1358 617 ὕπο
1384 589 1462 621 Θεοῦ,
1486 589 1613 624 δαίμοσιν
1643 588 1741 624 οἷσπερ
1769 589 1875 616 εἵλαντο

1085 635 1287 670 ἐκδοθήσονται,
1318 636 1365 662 καὶ
1381 635 1451 671 μετὰ
1476 635 1578 667 πολλὰς
1606 635 1753 670 τιμωρίας,
1770 634 1803 666 ἃς
1826 634 1875 661 καὶ

1085 684 1116 711 ὲν
1132 686 1190 716 τοῖς
1206 683 1345 720 πατρῴοις
1366 684 1478 720 κλήροις
1491 684 1700 718 ὐποστὴσονται,
1715 683 1764 718 τὴν
1795 682 1874 709 ὲκὸο-

1086 729 1145 765 λὴν,
1159 729 1209 764 τὴν
1223 730 1276 756 ἀπὸ
1287 730 1337 764 τῆς
1348 729 1413 764 γῆς,
1426 730 1472 756 καὶ
1483 730 1523 761 είς
1534 729 1569 756 τὰ
1580 729 1645 764 ἔθνη
1658 728 1810 764 διασπορὰν
1827 736 1875 762 γει

1086 775 1239 810 νησομένην
1258 774 1347 801 αὐτῶν
1361 774 1460 809 ἄτιμον
1478 774 1686 809 ὲπιγνώσονται.

1089 851 1213 878 ΚΕΦΑΛ.
1234 852 1296 879 ΟΑ’.
1309 868 1343 873 -
1361 853 1430 879 Τίνα
1446 853 1481 879 τὰ
1497 852 1545 879 διὰ
1559 851 1620 878 τῶν
1633 850 1741 886 κριτῶν
1762 850 1877 885 θαυμά-

1367 895 1419 914 σια
1438 887 1594 922 γενόμενα.

1125 964 1178 992 Τὸν
1198 963 1378 993 Ἀδωνιῦεζὲκ
1392 963 1504 999 βασιλέα
1518 963 1571 990 τῶν
1592 962 1774 998 Ἀλλοφύλων,
1802 962 1876 989 εὕδο-

1090 1011 1215 1046 μήκοντα
1234 1010 1354 1045 βασιλεῖς
1382 1009 1643 1044 ἁκρωτηριάσαντα,
1669 1009 1878 1044 πολεμήσαντες

1089 1056 1178 1083 ποδῶν
1203 1055 1251 1082 καὶ
1264 1054 1365 1090 χειρῶν
1396 1054 1535 1089 ἐξέτεμον,
1565 1053 1612 1079 καὶ
1647 1053 1762 1088 μυρίους
1791 1051 1877 1079 αὐτοῦ

1089 1102 1260 1138 στρατιώτας
1273 1101 1318 1127 διὰ
1327 1101 1376 1135 τῆς
1386 1099 1434 1126 τοῦ
1457 1099 1543 1127 Ἰούδα
1557 1099 1644 1134 φυλῆς
1659 1099 1772 1125 ἀνεῖλον.

1124 1192 1177 1218 ἰ’ὺν
1191 1190 1304 1227 βασιλέα
1336 1189 1491 1217 Μωαϐιτῶν
1505 1187 1729 1223 δουλαγωγοῦντα
1743 1187 1790 1214 τὸν
1800 1186 1878 1217 λαὸν,

1095 1236 1178 1262 Ἐδὼν
1192 1234 1324 1271 [Ἐγλὼν]
1348 1235 1376 1262 δὲ
1386 1232 1463 1266 οὗτος
1487 1234 1621 1263 ἐκαλεῖτο.
1651 1233 1720 1260 Ἀὼδ
1745 1234 1759 1260 ὸ
1781 1233 1879 1270 κριτὴς

1090 1281 1222 1313 ἐπελθὼν,
1238 1281 1277 1314 ὡς
1292 1280 1386 1312 εὔνους
1398 1280 1473 1315 αὐτῷ
1489 1279 1553 1315 περὶ
1568 1279 1616 1314 τὴν
1639 1279 1762 1314 ὑπακοὴν
1780 1279 1878 1314 ἐσόμε-

1089 1335 1145 1358 νος,
1160 1327 1206 1354 κοιλ⁵
1220 1326 1421 1362 δωροδοκήσας,
1435 1326 1524 1352 ἀνεῖλε
1540 1324 1618 1361 δόλῳ.
1641 1325 1880 1360 Ἀμφοτεροδέξιος

1090 1373 1143 1409 γὰρ
1154 1372 1191 1399 ὢν
1204 1373 1218 1399 ὁ
1239 1372 1319 1405 Ἀὼδ,
1334 1372 1370 1404 ὡς
1387 1372 1550 1407 βουλόμενος
1564 1371 1639 1406 αὐτῷ
1660 1371 1712 1407 ἰδίᾳ
1739 1379 1766 1398 τι
1789 1370 1879 1403 λέγειν

1090 1419 1145 1445 τῶν
1172 1419 1377 1454 συμφερόντων,
1411 1418 1444 1453 τῇ
1472 1417 1607 1452 εὐωνύμῳ
1634 1418 1717 1452 χειρὶ,
1745 1417 1879 1452 παρόντος

1090 1463 1211 1496 οὐθενὸς,
1224 1464 1263 1496 είς
1278 1463 1324 1491 τον
1339 1463 1458 1490 κοιτῶνα
1475 1463 1556 1490 αὑτὸν
1569 1463 1760 1498 διεχειρίσατο.

288 1556 409 1584 Sisaram
443 1563 562 1591 quoque,
581 1555 800 1583 Chananaeorum
830 1555 1034 1590 imperatorem,

1127 1553 1179 1579 Τὸν
1193 1552 1296 1587 Σιοάρα
1315 1552 1397 1580 πάλιν
1412 1551 1525 1587 βασιλέα
1544 1553 1599 1579 τῶν
1618 1553 1779 1580 Χαναναίων
1808 1562 1878 1589 κρα-

253 1604 300 1635 qui
322 1603 421 1638 populo
435 1602 628 1629 dominabatur
643 1606 754 1636 propter
780 1601 839 1636 ejus
869 1601 951 1636 impia
977 1601 1042 1628 faci-

256 1656 331 1680 nora,
350 1648 449 1674 mulier
473 1646 597 1681 quaedam
625 1645 761 1678 Debbora,
783 1645 895 1673 mittens
907 1645 1040 1672 Baracum

256 1691 394 1718 hominem
421 1691 454 1718 de
483 1691 554 1717 tribu
582 1690 767 1725 Nephthalim,
793 1690 867 1717 httne
888 1690 1041 1720 debellavit,

257 1740 339 1770 atque
353 1735 453 1762 milites
467 1735 576 1770 quidem
601 1735 661 1768 ejus
690 1741 809 1769 quatuor
828 1735 914 1762 millia
926 1734 1040 1768 cecidit;

257 1782 346 1814 ipsum
368 1788 433 1808 vero
451 1780 571 1808 Sisaram
597 1781 686 1808 solum
704 1780 888 1815 aufugicutem
918 1789 933 1808 e
959 1781 1041 1814 bello,

258 1826 333 1853 Jazel
353 1826 477 1861 quaedam
494 1826 589 1853 animo
613 1826 731 1860 gestiens
750 1826 848 1853 mulier
873 1827 899 1853 in
928 1828 1042 1854 domum

261 1880 338 1899 suam
355 1872 556 1907 coulugientem
583 1871 665 1899 veluti
689 1871 716 1898 in
745 1872 850 1907 asylum
881 1872 1042 1907 suscipiens,

259 1918 328 1945 laete
346 1922 422 1953 potat
438 1918 588 1949 sitientem,
600 1922 627 1944 et
651 1917 726 1944 humi
742 1917 811 1951 sopit
826 1925 834 1950 ;
863 1917 1042 1945 dormientem

258 1967 349 1990 autem
367 1963 467 1997 ipsum,
483 1963 559 1990 clavo
575 1970 623 1998 per
647 1967 768 1997 tempora
793 1962 899 1995 adacto,
914 1963 1042 1991 confecit.

259 2007 362 2034 Baraco
373 2015 435 2034 eum
472 2014 569 2042 capere
598 2007 744 2042 quaerenti,
773 2006 846 2034 Jazel
870 2008 988 2035 ostendit
1014 2008 1041 2035 in

258 2058 330 2080 terra
344 2054 514 2080 transfixum.

294 2098 388 2125 Itidem
402 2099 569 2126 instantibus
596 2098 696 2134 populo
715 2098 881 2132 Madianitis,
897 2104 1044 2134 propterea

257 2144 358 2177 quoda
381 2143 435 2170 Deo
448 2144 483 2171 ob
514 2144 667 2179 impietates
696 2144 785 2172 fuerat
809 2135 968 2177 derelictus;
992 2145 1044 2172 Ge-

258 2190 328 2217 deou
357 2197 404 2224 per
426 2190 552 2225 angelum
579 2191 660 2226 judex
692 2191 863 2225 proponitur.
885 2190 939 2217 Iste
962 2197 1044 2224 porro

1091 1598 1189 1625 τοῦντα
1216 1598 1264 1624 τοῦ
1292 1597 1358 1625 λαοῦ
1375 1598 1419 1626 διὰ
1444 1598 1474 1624 τὸ
1500 1598 1662 1631 δυσσεὸεῑν,
1693 1599 1815 1635 Δεὸὁρῤα
1837 1607 1880 1631 τις

1091 1644 1171 1679 γυνὴ.
1194 1644 1323 1672 στείλασα
1338 1645 1383 1671 τὸν
1394 1644 1500 1680 Βαρὰκ,
1514 1644 1559 1671 τδν
1570 1645 1601 1671 ὲκ
1613 1644 1698 1680 φυλῆς
1709 1645 1878 1680 Νεφθαλεὶμ,

1093 1690 1189 1717 τοῦτον
1203 1689 1421 1725 κατεπολέμησε,
1437 1690 1484 1716 καὶ
1499 1690 1735 1726 τετρακισχιλίους
1765 1691 1815 1726 μὲν
1832 1692 1880 1718 αὒ-

1092 1736 1139 1763 τοῦ
1156 1735 1326 1771 στρατιώτας
1338 1737 1457 1772 ἀναιρεῖ,
1469 1737 1551 1764 αὑτὸν
1562 1737 1589 1764 δὲ
1602 1737 1647 1764 τὸν
1669 1737 1774 1772 Σισάρα
1800 1738 1881 1772 μόνον

1093 1781 1251 1817 ἁλοδράντα
1261 1782 1307 1808 τοῦ
1323 1782 1455 1816 πολέμου,
1476 1781 1567 1817 Ἰαζήλ
1581 1791 1623 1814 τις
1640 1783 1791 1818 μαινομένη
1813 1783 1881 1818 γυνὴ

1093 1827 1230 1862 φεύγοντα
1246 1827 1314 1862 πρὸς
1328 1827 1377 1862 τὴν
1393 1827 1493 1862 ἑαυτῆς
1509 1828 1610 1860 οίκίαν,
1630 1828 1668 1860 ὡς
1694 1828 1734 1859 είς
1757 1837 1881 1863 καταφυ-

1093 1874 1146 1908 γὴν
1168 1873 1379 1908 προσηκαμένη,
1409 1873 1513 1904 ποτίζει
1529 1873 1646 1907 γάλακτι
1674 1873 1804 1908 διψῶντα,
1835 1876 1883 1901 καὶ

1094 1920 1285 1954 κατακοιμίξει
1309 1919 1373 1954 τρδς
1402 1918 1441 1954 τῷ
1469 1919 1573 1953 ἐδάφει.
1610 1919 1882 1955 ’Δποκαϐευδήσαντα

1094 1964 1123 1991 δὲ
1140 1964 1232 1996 αὑτὸν,
1249 1963 1388 1991 πάσσαλον
1407 1963 1452 1990 διὰ
1465 1964 1513 1991 τοῦ
1526 1964 1642 2000 κράνους
1658 1965 1814 2000 περάσασα,
1825 1966 1883 1992 δια-

1094 2011 1208 2046 χρᾶται·
1231 2009 1358 2046 ζητοῦντι
1372 2010 1399 2037 δὲ
1419 2010 1501 2037 αὐτὸν
1522 2011 1687 2037 καταλαϐεῖν
1711 2009 1750 2046 τῷ
1776 2011 1880 2047 Βαρὰκ,

1094 2056 1231 2083 δείκνυσιν
1253 2056 1343 2092 Ὶαζὴλ
1356 2057 1386 2083 ὲν
1401 2058 1433 2092 τῇ
1450 2057 1484 2092 τῇ
1500 2057 1759 2092 καταπεπαρμένον.

1131 2103 1216 2129 Πάλιν
1231 2103 1389 2130 Μαδιναίων
1405 2103 1590 2137 ἐπικειμένων
1602 2103 1641 2138 τῷ
1655 2102 1723 2138 λαῷ.
1736 2103 1780 2130 διὰ
1794 2103 1825 2130 τὸ
1836 2104 1882 2130 ἐπὶ

1094 2149 1156 2179 ταῖς
1173 2147 1347 2178 δυσσεὸείαις
1359 2148 1412 2174 ὑπὸ
1428 2148 1496 2174 Θεοῦ
1512 2148 1764 2182 ἐγκαταλελεῖφθαι,
1781 2149 1883 2176 Γεδεὼν

1096 2193 1129 2219 δι’
1144 2193 1261 2226 ἀγγέλου
1277 2193 1458 2227 προῦάλλεται
1473 2193 1582 2228 κριτής.
1598 2193 1652 2220 Καὶ
1666 2196 1778 2229 σημεῖον
1805 2192 1882 2227 οὗτος

259 2236 367 2270 signum
395 2236 515 2270 postulat
527 2236 683 2271 hujusmodi
704 2236 755 2264 sibi
785 2236 855 2267 dari,
885 2235 906 2262 si
932 2234 1039 2269 quidem

1095 2239 1176 2270 αἰτεῖ,
1199 2239 1222 2265 εί
1238 2239 1391 2274 προστῆναι
1407 2236 1462 2271 οἷός
1481 2248 1510 2266 τε
1536 2240 1579 2275 εἴη
1605 2240 1653 2271 τοῦ
1670 2240 1746 2272 λαοῦ,
1763 2242 1883 2269 τοιοῦτον

261 2287 378 2313 ρι-ιιιυεεο
390 2280 489 2314 popqu
506 2288 555 2315 par
567 2285 650 2308 esset.
685 2280 787 2307 Lanam
817 2280 845 2306 in
873 2283 944 2306 terra
961 2279 1044 2313 depo-

269 2331 338 2354 iens.
357 2331 417 2351 eam
433 2325 582 2360 postulavit
595 2325 681 2353 imbui
696 2333 769 2358 rore,
797 2328 869 2351 terra
887 2331 948 2358 qua:
969 2323 1043 2351 circa

259 2369 346 2396 vellus
357 2375 440 2401 esset.
453 2371 521 2398 nihil
540 2372 652 2398 omnino
670 2371 793 2398 humoris
807 2370 963 2404 recipiente.
992 2369 1044 2397 Ubi

259 2423 324 2442 vero
337 2415 406 2443 istud
422 2416 525 2448 evenit,
540 2416 638 2443 iterum
654 2416 813 2451 postulavit,
835 2421 865 2442 ut
880 2415 959 2443 tellus
983 2423 1045 2451 quae

259 2460 330 2488 circa
348 2461 439 2488 lanam
462 2466 521 2488 erat
539 2461 655 2488 humore
680 2461 860 2493 madesceret,
890 2461 952 2488 lana
984 2469 1046 2488 vero

260 2505 390 2540 impluvia
406 2509 536 2532 maneret.
554 2505 621 2532 Cum
647 2513 728 2540 porro
751 2506 863 2533 vidisset
887 2506 928 2533 sic
960 2505 1046 2533 conti-

259 2551 332 2585 gisse
350 2551 578 2585 quemadmodum
596 2551 791 2585 postulaverat,
809 2559 870 2587 quze
891 2552 944 2579 sibi
969 2560 1045 2578 mau-

258 2598 321 2624 data
346 2597 454 2623 fuerant
478 2597 645 2631 aggreditur.
672 2597 812 2624 Convocat
836 2597 926 2632 igitur,
950 2602 979 2625 ut
995 2598 1046 2625 sibi

259 2650 337 2677 opem
352 2643 440 2669 lerant
455 2647 592 2678 quotquot
607 2651 639 2671 ex
657 2647 756 2680 popqu
783 2645 809 2672 id
833 2650 963 2681 praestare
989 2646 1046 2673 vel-

259 2687 326 2718 lent,
347 2688 372 2714 iu
400 2687 470 2714 bello
489 2689 621 2717 adversus
645 2691 737 2718 hostes
762 2691 1043 2727 suscipiendo.‘Con-

258 2733 372 2761 veniunt
393 2734 448 2762 duo
467 2738 495 2762 et
513 2735 607 2770 viginti
627 2736 722 2764 millia.
742 2737 840 2765 Multos
870 2745 953 2772 porro
982 2746 1045 2765 cum

259 2779 376 2807 dixisset
390 2781 414 2807 ei
433 2781 505 2808 Deus
521 2789 583 2810 esse
594 2790 642 2810 eos
653 2785 699 2817 qui
715 2789 913 2817 convenerant,
932 2785 1047 2812 meticu-

261 2825 334 2852 lusos
350 2826 526 2855 dimittendos
541 2828 663 2856 mandat.
683 2828 730 2856 llis
751 2829 872 2857 dimissis
906 2834 1047 2858 remanent

262 2871 354 2898 δορί-ιιι
375 2873 468 2900 millia.
485 2873 610 2909 Cumque
627 2875 704 2904 tellet
722 2875 794 2903 Deus
823 2876 861 2903 illi
889 2876 1044 2910 ostendere,

1094 2284 1170 2320 αὐτῷ
1183 2284 1302 2319 δοθῆναι.
1332 2285 1420 2312 Πόκον
1441 2285 1610 2321 ἀποθέμενος
1622 2287 1650 2314 ὲν
1674 2288 1707 2322 τῇ
1725 2289 1771 2323 γῇ.
1789 2287 1883 2315 τοῦτον

1095 2330 1155 2365 ᾔτει
1166 2330 1254 2366 δρόσῳ
1270 2330 1449 2366 πληροῦσθαι,
1467 2331 1516 2367 τῆς
1530 2332 1594 2367 περὶ
1600 2332 1646 2359 τὸν
1658 2334 1742 2360 πόκον
1752 2334 1803 2369 γῆς
1816 2333 1884 2369 μηδ-

1094 2375 1166 2407 όλως
1198 2376 1409 2412 ὑγραινομένης.
1431 2376 1475 2408 Ὦς
1499 2377 1526 2403 δὲ
1542 2377 1629 2410 οὕτως
1655 2379 1772 2413 ἐγίνετο,
1802 2379 1884 2407 πάλιν

1096 2421 1169 2456 ᾔτει.
1184 2422 1215 2448 τδ
1231 2423 1281 2456 μὲν
1295 2423 1360 2458 περὶ
1372 2423 1418 2450 τὸν
1432 2423 1516 2450 πόκον
1530 2423 1626 2458 ἔδαφος
1638 2425 1826 2460 ὑγραίνεσθαι,
1839 2426 1884 2453 τον

1095 2466 1123 2493 δὲ
1140 2467 1224 2494 πόκον
1238 2468 1334 2495 ἀοετον
1353 2469 1456 2504 μένειν.
1476 2469 1520 2501 Ὠς
1535 2469 1563 2497 δὲ
1581 2469 1634 2497 εἶδε
1652 2470 1723 2497 οὕτω
1738 2472 1886 2507 γενόμενον

1096 2512 1134 2543 ὼς
1147 2513 1255 2548 ᾐτήκει,
1273 2513 1402 2548 ἐνεχείρει
1425 2515 1482 2546 τοῖς
1509 2515 1768 2551 προστεταγμένοις.
1796 2516 1887 2543 Καλεῑ

1097 2557 1163 2591 γοῦν
1177 2558 1347 2593 συνάρασθαι
1367 2558 1441 2594 αὐτῷ
1459 2559 1522 2591 τοὺς
1551 2560 1731 2596 βουλομένους
1747 2560 1795 2587 τοῦ
1819 2561 1885 2587 λαοῦ

1097 2604 1144 2630 ἐπὶ
1159 2604 1204 2631 τὺν
1220 2604 1325 2640 ἐχθρῶν
1340 2605 1468 2640 πόλεμον.
1485 2605 1539 2632 Καὶ
1566 2606 1745 2643 συνέρχονται
1761 2606 1887 2642 δισχίλιοι

1097 2649 1145 2676 καὶ
1170 2649 1320 2685 δισμύριοι.
1348 2651 1466 2682 Πολλοὺς
1490 2651 1518 2678 δὲ
1545 2652 1620 2687 αὐτῷ
1651 2652 1714 2683 τοὺς
1740 2652 1887 2688 συνεληλυ-

1098 2694 1177 2726 ῠότας
1201 2695 1214 2720 ὁ
1243 2695 1309 2727 Θεὸς
1332 2695 1417 2723 εἰπὼν
1434 2694 1514 2730 εἶναι,
1542 2697 1719 2732 ἀποπέμπειν
1745 2697 1887 2725 ἐκελεύετο

1097 2739 1161 2771 τοὺς
1173 2739 1287 2772 δειλούς.
1305 2741 1423 2768 Μένουσι
1449 2742 1492 2778 δὴ,
1508 2741 1612 2769 τούτων
1638 2742 1885 2778 ἀποπεμφθέντων,

1099 2785 1202 2821 μύριοι.
1231 2786 1400 2823 Βουλόμενος
1423 2788 1451 2814 δὲ
1465 2789 1479 2814 ὁ
1493 2788 1559 2820 Θεὸς
1590 2788 1666 2823 αὑτῷ
1687 2788 1831 2821 δεικνύειν,
1846 2789 1885 2820 ὠς

1096 2832 1126 2857 οὺ
1154 2831 1345 2868 πολεμούντων
1373 2834 1474 2869 πλήθει
1495 2834 1638 2870 περιέσται
1666 2834 1720 2861 τῶν
1745 2834 1883 2870 πολεμίων

1098 2877 1220 2913 ἀπείρων
1234 2878 1330 2914 ὄντων,
1346 2879 1413 2907 ἀλλὰ
1428 2879 1488 2916 Θείᾳ
1499 2880 1583 2916 χειρὶ,
1596 2880 1678 2908 πάλιν
1688 2879 1762 2916 αὐτῷ
1778 2880 1884 2909 κελεύει
