2073 3161
185 171 220 200 73
770 164 957 195 LIBELLUS
974 160 1226 193 MEMORIALIS.
1778 156 1813 186 Ὴρ

186 226 308 255 κατιέναι
338 226 406 260 πρὸς
431 225 469 260 τῷ
487 224 682 261 παρακειμένῳ
712 223 838 258 ποταμῷ,
865 223 975 249 κάκεῖσε

1034 219 1101 254 quod
1137 222 1309 252 nequaquam
1345 215 1380 241 ob
1413 213 1576 240 bellatorum
1612 210 1814 237 multitudinem

184 271 301 298 δεικνύει
318 271 382 301 τοὺς
412 268 656 303 συνελευσομένους
674 269 702 294 ἐν
720 268 753 302 τῇ
770 267 854 302 μάχῃ.
874 265 917 296 Ὠς
946 265 973 291 δὲ

186 318 226 348 εἰς
244 316 317 350 ὕδωρ
335 316 406 341 πιεῖν
420 315 445 341 οἱ
477 314 570 349 μύριοι
588 312 755 347 κατέϐησαν,
785 310 975 346 ἐπιτηρεῖσῠαι

187 361 331 388 κελεύεται
356 360 391 386 τὰ
417 360 539 394 στόματα
559 359 615 390 τοῖς
641 358 718 384 ὕδασι
744 357 975 386 καταῦἀλλοντας,

187 405 472 440 κατα-καμπτομένους
495 405 523 431 ὲν
541 403 580 438 τῷ
606 403 703 433 πίνειν,
732 402 859 432 καὶτοὺς
884 401 976 436 χερσὶν

188 451 375 486 ἀνιμωμένους
393 450 423 476 τδ
443 449 537 481 ποτὸν,
554 449 601 475 καὶ
617 449 768 478 λάπτοντας
783 447 848 473 ὡσεὶ
881 446 971 476 κύνες.

189 493 269 522 Οὗτοι
287 496 315 522 δὲ
331 494 463 529 ὤφθησαν
478 495 554 524 ὄντες
569 494 646 528 μόνοι
661 493 825 527 τριακόσιοι.
843 492 898 518 Καὶ
923 491 974 517 πά-

189 541 230 566 λιν
261 539 373 574 πέμψας
416 538 598 567 ἑπτακοῖίους
640 538 687 562 καὶ
723 535 974 571 ἑννεακισχιλίοιις,

189 585 285 610 ἀκούει
317 584 355 615 ὼς
378 583 422 609 διὰ
455 582 509 608 τῶν
539 582 706 616 τριακοσίων
738 581 802 613 τοὺς
830 581 977 615 πολεμίους

191 627 315 662 ἀμαχητὶ
330 627 512 660 τροπώσεται.
535 625 642 659 Ὑδρίας
656 623 702 651 οὖν
727 625 818 656 αὐτοῖς
849 624 977 659 ἐπιφέρε-

191 674 253 699 σθαι
271 674 318 699 καὶ
342 672 487 706 λαμπάδας
512 671 541 697 ὲν
568 672 602 705 τῇ
626 670 758 703 εὐωνύμῳ
773 671 844 705 χειρὶ
861 670 977 702 κελεύει,

191 721 239 746 καὶ
253 718 404 752 σάλπιγγας
417 718 447 743 ἐν
458 718 491 751 τῇ
503 716 579 750 δεξιᾷ
588 725 594 731 ·
612 713 672 742 εἷτα
695 715 900 751 ἀπορρίψαντας
928 715 978 746 τὰς

190 763 295 799 ὑδρίας,
314 763 457 794 σαλπίζειν
471 761 517 788 καὶ
536 761 650 795 ὲπιὸοᾷν
664 768 670 775 ·
695 760 841 794 Ῥομφιιία
853 759 893 792 τῷ
918 759 978 792 Θεῷ

190 810 240 836 και
259 809 299 841 τῷ
315 809 443 836 Γεδεὼν.
476 807 585 834 Τούτων
608 807 636 833 δὲ
660 805 731 833 οὕτω
751 806 930 840 τελουμένων,
953 807 977 832 οἱ

192 855 318 889 πολέμιοι
337 854 370 880 δι’
382 853 487 880 ἑαυτῶν
499 852 657 884 ἐκόπτοντο,
673 852 775 886 πλῆθος
800 852 876 883 ὅντες
897 852 977 878 ἄπει-

1029 267 1114 292 victor
1129 268 1202 291 esset
1217 263 1336 294 futurus,
1353 260 1479 295 quamvis
1496 258 1592 286 inliniti
1604 262 1695 285 essent
1707 257 1797 284 hostes
1807 275 1815 287 ,

1027 311 1074 338 sed
1095 310 1129 336 ob
1142 310 1264 336 divinum
1284 306 1438 333 auxilium:
1465 305 1563 331 iterum
1579 304 1603 331 ei
1629 302 1766 337 przecipit,
1786 306 1817 328 ut

1028 359 1060 388 ad
1078 365 1160 391 prope
1177 355 1295 390 positum
1309 354 1407 380 flumen
1433 351 1590 382 descendat,
1609 350 1700 385 ibique
1716 349 1753 376 illi
1770 356 1814 376 os-

1029 403 1114 430 tendit
1131 402 1177 436 qui
1194 408 1256 427 ctttn
1275 400 1320 426 illo
1336 399 1368 425 ad
1384 405 1502 433 pugnant
1527 400 1620 424 essent
1636 396 1710 422 ituri.
1727 395 1817 427 Quum

1029 447 1101 474 enim
1120 447 1214 474 decem
1229 445 1331 472 milleni
1349 444 1387 470 illi
1413 443 1445 469 ad
1471 443 1615 469 bibendam
1640 448 1738 476 aquam
1767 442 1816 467 de-

1030 493 1211 524 seendissent,
1228 490 1413 518 observandas
1439 489 1522 516 cdieit
1541 488 1676 520 homines,
1696 487 1741 522 qui
1769 494 1816 514 ora

1031 540 1110 575 aquis
1136 538 1323 573 imprimerent
1353 536 1563 570 proettmbentes
1592 534 1625 560 ad
1659 533 1816 565 bibendum,

1028 594 1076 613 eos
1092 586 1155 612 item
1179 586 1225 618 qui
1253 583 1352 618 palmis
1377 583 1504 609 haustum
1531 580 1679 612 traherent,
1712 580 1815 606 lambe-

1031 635 1146 665 rentque
1168 634 1198 657 ut
1223 637 1313 656 canes.
1341 628 1396 655 Visi
1414 632 1478 655 sunt
1505 626 1663 660 huiusmodi
1692 626 1817 653 homines

1029 676 1173 703 dumtaxat
1187 675 1313 702 trecenti.
1329 674 1429 701 lterttm
1447 680 1512 708 ergo
1528 673 1589 699 data
1606 671 1722 699 abeundi
1738 671 1815 698 Venia

1030 726 1126 746 novem
1145 719 1198 745 illis
1219 718 1341 745 millibus
1354 723 1381 745 et
1393 718 1582 752 septingentis,
1595 717 1671 743 audit
1685 716 1817 745 futurum.

1030 769 1059 790 ut
1082 771 1133 797 0Ρο
1155 767 1336 791 trecentorum
1365 771 1460 790 eorum
1488 763 1661 790 adversarios
1679 770 1733 789 11011
1753 770 1819 789 0011-

1030 815 1102 836 serta
1120 810 1178 836 acie
1194 810 1220 836 in
1234 809 1325 844 fugam
1342 814 1440 837 vertat.
1454 809 1534 836 Jubet
1561 816 1628 843 ergo
1653 812 1682 835 ut
1709 808 1819 842 lagenas

1033 855 1085 881 sibi
1112 854 1227 881 afferant
1255 855 1449 889 lampadasque
1479 855 1505 881 in
1526 854 1639 881 sinistra
1668 860 1763 882 mattu,
1788 859 1820 878 ac

193 909 250 935 ρον,
268 900 316 926 καὶ
330 900 466 934 τέσσαρας
483 898 603 932 βασιλεῖς
618 899 680 929 τοὺς
708 897 855 932 πολεμίους
878 905 977 932 χειρω-

1034 901 1107 928 Lubas
1122 901 1149 928 in
1166 902 1289 928 dextera.
1310 901 1414 928 Deinde
1430 906 1458 928 ut
1470 901 1585 935 abjeetis
1607 900 1723 934 lagonis,
1740 900 1818 926 clan-

194 947 311 980 σὰμενος
325 944 474 976 πελεκίζει,
491 944 536 970 τὸν
554 943 646 978 Ὠρὴε,
661 943 709 970 καὶ
726 943 772 969 τὸν
788 943 857 977 Ζὴφ,
875 943 922 969 καὶ
933 943 978 969 τὸν

192 991 285 1024 Ζεὸεὲ,
305 991 352 1017 καὶ
372 990 511 1025 Σαλμανᾶ,
524 989 697 1016 Μαδιανιτῶν
723 989 772 1014 καὶ
790 988 979 1023 Ἀμαληκιτῶν

192 1038 256 1068 τοὺς
270 1036 408 1071 βασιλέας.

1033 950 1098 980 gant
1111 950 1137 973 et
1154 947 1323 980 obstrepant,
1344 946 1455 973 Gladius
1481 946 1533 972 [leo
1550 951 1575 971 et
1599 945 1724 972 Gerleoni.
1754 944 1821 977 Quae

1033 993 1144 1019 etimita
1176 998 1285 1026 peracta
1313 992 1439 1024 fuissem,
1462 992 1555 1019 hostes
1586 999 1634 1026 per
1649 999 1679 1018 se
1701 991 1818 1018 invicem

1034 1037 1236 1071 feriuntur/qui
1260 1038 1434 1064 multitudine
1447 1041 1526 1064 erant
1544 1037 1656 1068 infiniti,
1685 1040 1817 1070 quatuor-

193 1089 247 1116 que
257 1090 333 1117 reges
351 1081 522 1109 adversarios
536 1081 644 1116 subegit
667 1085 693 1108 ct
717 1081 806 1108 securi
833 1082 980 1115 percussit,
999 1082 1070 1110 Oreb
1094 1089 1121 1110 et
1147 1083 1231 1118 Zeph,
1251 1088 1277 1110 et
1292 1082 1381 1110 Zebee
1392 1087 1418 1110 et
1442 1083 1582 1113 Salmana,
1613 1081 1660 1116 qtti
1688 1081 1820 1108 Madiant-

194 1132 284 1154 tarum
297 1127 542 1154 Amalecitarumve
564 1134 640 1162 reges
654 1132 741 1155 erant.

229 1173 307 1200 Μετὰ
334 1173 361 1199 δὲ
391 1173 479 1200 ταῦτα
508 1173 589 1199 πάλιν
618 1173 769 1208 ἁμαρτόντι
796 1173 835 1207 τῷ
852 1174 909 1208 λαῷ
935 1176 982 1202 καὶ

192 1217 377 1248 δυσσεϐοὖντι,
397 1218 556 1252 ὲπικρατεῖς
571 1218 596 1244 οἱ
612 1219 737 1253 πολέμιοι
753 1218 886 1252 γίνονται.
909 1221 977 1255 Κρι-

193 1264 245 1298 τής
266 1263 369 1298 Ἰεφθάε
385 1264 399 1290 ὁ
412 1264 581 1299 Γαλααδίτης
593 1264 785 1299 προϐάλλει-αι.
804 1265 834 1296 ὃς
856 1266 982 1300 πολεμῶν

194 1310 226 1335 τὸ
241 1309 295 1336 τῶν
317 1310 493 1344 Ἀμμανιτῶν
508 1310 596 1342 ἔθνος,
613 1309 749 1345 ἐπηύξατο
762 1311 830 1345 πρὸς
851 1313 885 1346 τῇ
910 1312 980 1347 νίκῃ,

193 1354 241 1380 τὸν
253 1355 416 1381 ἀπαντῶντα
438 1355 513 1391 αὐτῷ
529 1355 631 1382 ἀνιόντι
647 1356 679 1381 ὲκ
696 1355 746 1390 τῆς
761 1355 858 1382 ἑαυτοῦ
870 1356 979 1392 πρῶτον

194 1399 286 1431 οἰκίας
310 1402 497 1435 προσαγαγεῖν
526 1401 597 1435 ὑπὲρ
626 1400 677 1434 τῆς
702 1400 781 1433 νίκης
802 1402 842 1432 εις
874 1402 979 1428 ουσίαν.

201 1445 326 1481 Ἀπαντᾷ
340 1446 405 1479 γοῦν
421 1447 494 1480 αὐτῷ
517 1446 666 1481 μονογενὴς
690 1445 835 1481 παρθένος,
856 1447 890 1481 ἣν
912 1446 980 1482 εἶχε,

195 1490 331 1526 θυγάτηρ,
348 1491 397 1518 καὶ
417 1492 576 1526 προσήγαγε
591 1491 704 1526 ταύτην,
720 1492 866 1527 ἐπιδούσης
882 1493 982 1528 ἑαυτὴν

196 1536 245 1561 καὶ
257 1535 306 1570 τῆς
320 1535 415 1570 κόρης.

231 1580 317 1607 Πάλιν
331 1580 360 1607 δὲ
372 1580 426 1607 ἀπὸ
441 1581 491 1615 τῆς
506 1581 649 1613 εὐσεϐείας
664 1581 929 1617 ἁποῤῥᾳουμήσαντι
942 1583 981 1618 τῷ

195 1625 254 1660 λαῷ
269 1627 315 1652 καὶ
329 1628 570 1662 καταπατουμένῳ
580 1627 648 1661 πρὸς
662 1627 838 1660 Φιλισθαίων,
853 1628 901 1654 καὶ
912 1628 963 1663 θρη
972 1642 981 1648 -

194 1671 286 1698 νοῦντι
303 1672 352 1707 τὴν
365 1672 527 1706 ὲπάχϐειαν,
545 1673 665 1708 Σαμψὼν
690 1673 848 1708 Ναζηραῖος
861 1675 894 1709 τῇ
916 1675 982 1701 ἁνα-

196 1718 301 1752 στροφῇ
311 1717 418 1751 γίνεται
431 1717 538 1753 κριτὴς,
555 1718 584 1750 ὃς
603 1719 632 1744 ὲν
645 1719 703 1750 ταῖς
732 1719 820 1754 θριξὶν
844 1717 902 1754 εἶχε
931 1720 980 1755 τὴν

195 1763 324 1797 δύναμιν.
342 1763 397 1789 Καὶ
415 1763 522 1797 πρῶτον
550 1764 600 1798 μὲν
625 1764 720 1790 λέοντα
752 1765 823 1791 κατὰ
853 1764 903 1800 τὴν
925 1765 983 1792 ὁδον

195 1808 270 1842 αὐτῷ
283 1809 516 1844 περιτετυχηκότα
533 1809 650 1840 ἔκτεινε,
669 1810 730 1840 ταῖς
746 1810 825 1844 χερσὶ
847 1810 981 1845 περιδρα-

196 1852 325 1888 ξάμενος.
339 1853 456 1880 Ἔπειτα
470 1853 599 1879 εἰσελθὼν
616 1855 655 1885 εἰς
666 1854 729 1880 Θέαν
743 1855 789 1880 τοῦ
803 1855 900 1890 νεκροῦ
914 1855 983 1882 λέον-

196 1907 254 1930 τος,
268 1899 316 1924 καὶ
327 1898 417 1934 εὑρὼν
433 1899 516 1933 ὲσμδν
535 1899 670 1933 μελισσῶν
684 1900 916 1934 ὲπικαθεζόμενον
932 1902 981 1928 αὑ-

197 1943 246 1969 τοῦ
261 1943 301 1978 τῷ
325 1944 441 1979 κρανίῳ,
462 1944 522 1978 μέλι
547 1944 637 1971 λαϐὼν
665 1944 693 1976 ἐξ
718 1945 801 1971 αὐτοῦ
832 1946 978 1980 βέϐρωκεν.

203 1989 399 2024 ’Δθετούμενος
423 1991 468 2017 διὰ
482 1992 610 2024 γυναῖκα,
624 1992 658 2026 ἢν
676 1992 785 2028 ἐθνικὴν
809 1992 892 2018 οὖσαν
911 1993 982 2027 ἠγά-

197 2042 273 2067 γετο,
297 2035 373 2070 παρὰ
395 2035 443 2062 τοῦ
475 2036 577 2070 πατρὸς
613 2037 709 2071 αὐτῆς,
733 2038 896 2071 τιμωρεῖται
921 2038 983 2068 τοὺς

199 2080 359 2115 συμφύλους
387 2080 470 2107 αὐτοῦ
499 2081 596 2116 ταύτῃ.
629 2082 808 2116 Τριακοσίους
836 2082 983 2114 ἀλώπεκας

198 2126 411 2161 συλλαωμενος,
430 2126 562 2154 καὶκατὰ
575 2127 623 2153 δύο
644 2128 803 2162 προσδήσας
823 2128 914 2155 αὐτῶν
934 2129 984 2160 τὰς

198 2170 317 2205 κέρκους
345 2171 487 2205 λαμπάσιν
513 2171 692 2206 ἑξημμέναις,
718 2173 788 2199 κατὰ
813 2173 863 2204 τὰς
891 2173 984 2209 χώρας

196 2214 343 2242 ἀπέλυσεν.
357 2214 435 2241 Οὖτω
450 2215 516 2249 γοῦν
527 2216 618 2242 αὐτῶν
631 2215 753 2248 ἅπαντας
768 2217 831 2248 τοὺς
861 2217 985 2253 καρποὺς

198 2260 256 2293 (καὶ
271 2259 324 2294 γὰρ
335 2257 369 2295 ἦν
383 2260 489 2295 ἀμητοῦ
502 2260 608 2295 καιρὸς)
633 2262 793 2296 ἐνέπρησεν.
805 2263 920 2288 Ἔπειτα
937 2271 985 2288 πο-

199 2304 314 2339 λεμοῦσι
330 2307 388 2337 τοῖς
409 2306 582 2338 ’Λλλοφύλοις
597 2307 643 2332 τὶν
655 2307 720 2334 λαὸν
736 2308 780 2334 διὰ
794 2308 844 2342 τὴν
855 2308 986 2344 τοιαύτην

199 2352 247 2377 τοῦ
264 2351 386 2385 Σαμψὼν
404 2351 523 2384 ἀδικίαν,
550 2351 626 2383 λύσις
641 2351 814 2386 ὁμολογεῖται
833 2353 880 2380 τοῦ
905 2354 986 2381 πολέ-

201 2404 252 2430 μου
268 2396 404 2430 γενέσθαι,
421 2397 445 2423 εὶ
461 2397 505 2423 τὸν
523 2396 643 2431 Σαμψὼν
662 2397 772 2432 δέσμιον
790 2399 881 2430 αὐτοῖς
896 2408 986 2434 παρα-

203 2441 283 2476 δῷεν.
299 2442 353 2468 Καὶ
367 2442 499 2477 δήσαντες
514 2442 612 2468 ἑκόντα
634 2443 658 2468 οἱ
682 2443 868 2477 προσήκοντες
898 2445 987 2471 καλωυ

198 2487 275 2520 ὃὶοις,
293 2488 446 2522 παρέδοσαν
459 2489 515 2519 τοῖς
540 2488 724 2521 ’Δλλ.οφύλοι;.
745 2489 774 2515 ’0
790 2489 818 2515 δὲ
830 2491 986 2525 παραυτίκα

198 2533 233 2559 τὰ
247 2533 337 2568 δεσμὰ
350 2533 511 2568 διαρρήξας,
526 2534 573 2559 καὶ
602 2534 725 2567 σιαγόνος
749 2535 845 2561 ὀστέου
875 2544 988 2570 περιτυν

199 2579 253 2614 χὼν
265 2579 340 2611 ὕνου,
356 2579 460 2614 χιλίους
477 2579 568 2605 αὐτῶν
581 2580 610 2605 ὲν
622 2579 695 2614 αὐτῷ
708 2579 795 2606 παίων
815 2581 986 2609 ἀπέκτεινεν.

206 2626 252 2651 Ἐκ
267 2625 295 2651 δὲ
307 2625 356 2651 τοῦ
370 2625 456 2651 κόπου
468 2624 518 2660 τῆς
533 2625 703 2660 ἀναιρέσεως
717 2626 808 2652 αὐτῶν
830 2626 903 2661 δίψει
924 2627 988 2661 φλε-

199 2672 326 2704 γόμενος,
345 2671 498 2698 ἀπώλλυτο.
515 2672 569 2697 Καὶ
586 2671 665 2697 πάλιν
689 2671 836 2698 ἀπολαϐὼν
857 2673 906 2707 τὴν
928 2681 987 2699 σια-

199 2718 278 2750 γόνα,
293 2717 366 2752 ὕδωρ
381 2716 457 2752 αὐτῷ
473 2717 596 2752 ρύσασαν
611 2718 672 2743 ὅσον
687 2718 815 2745 ἰάσασθαι
839 2720 888 2754 τὴν
909 2719 987 2753 δίψαν

199 2763 327 2797 ἠδύνατο,
346 2762 457 2799 εὕρατο.
492 2763 605 2789 "Aliost:
630 2763 659 2790 δὲ
686 2764 849 2799 προσϐαλὼν
875 2767 908 2800 τῇ
936 2766 987 2792 Γαε

199 2809 284 2840 ζαέων
317 2809 412 2841 πόλει,
440 2809 489 2835 καὶ
519 2809 694 2844 καθεσθήσας
732 2812 807 2845 παρά
847 2819 899 2837 τινι
940 2820 988 2845 γυ-

201 2857 284 2888 ναικὶ,
299 2855 463 2890 ἐφυλάττετο
476 2856 550 2890 παρὰ
560 2856 614 2881 τῶν
628 2855 744 2882 πολιτῶν
760 2857 826 2892 πρὸς
837 2857 987 2892 ἀναίρεσιν·

359 2902 495 2932 ΡΑΤῐιοι.
518 2903 575 2933 Gn.
599 2903 674 2934 CVI.

1068 1176 1133 1203 Post
1147 1176 1205 1203 haec
1220 1183 1316 1203 rursus
1329 1175 1469 1209 peccantis
1482 1175 1574 1209 populi
1598 1179 1625 1202 et
1638 1175 1720 1209 impie
1738 1182 1820 1209 agen-

1033 1223 1066 1248 lis
1077 1221 1178 1248 demitti
1193 1221 1312 1248 evadunt.
1332 1222 1434 1248 hostes.
1464 1220 1553 1248 Judex
1568 1220 1715 1255 praeficitur
1736 1219 1820 1255 Ieph-

1034 1268 1094 1295 thae
1108 1267 1273 1300 Galaadites,
1293 1267 1340 1301 qui
1353 1274 1414 1294 cum
1430 1271 1509 1301 gente
1520 1266 1703 1294 Ammanitiea
1718 1267 1818 1294 bellum

1033 1312 1234 1339 commissurus
1248 1311 1322 1338 vovit
1350 1318 1399 1346 pro
1419 1311 1545 1343 victoria,
1572 1311 1729 1338 oblaturum
1742 1319 1772 1339 se
1792 1312 1820 1338 in

1034 1358 1200 1385 sacriﬁcium
1218 1365 1267 1392 pro
1292 1357 1404 1384 victoria
1429 1364 1621 1392 quemcunque
1643 1358 1763 1392 primum
1787 1357 1822 1384 de

1033 1403 1114 1430 domo
1127 1410 1176 1429 sua
1195 1403 1339 1430 revertenti
1365 1407 1554 1430 occurrentem
1589 1403 1755 1430 offendisset.
1770 1402 1822 1430 Oc-

1033 1448 1117 1475 currit
1134 1455 1196 1475 rero
1212 1448 1236 1474 ei
1256 1447 1395 1481 unigenita
1410 1447 1486 1482 virgo
1499 1448 1564 1480 ﬁlia,
1576 1456 1658 1482 quam
1675 1449 1794 1476 habebat.
1812 1458 1819 1476 :

1033 1500 1115 1527 quam
1141 1493 1222 1520 etiam
1252 1492 1360 1524 obtulit,
1378 1492 1468 1526 puella
1485 1500 1516 1520 se
1529 1493 1617 1527 ipsam
1642 1501 1751 1528 quoque
1781 1494 1820 1519 nl<

997 1538 1020 1566 C
1037 1541 1079 1563 tro
1093 1535 1234 1563 oll'erente.

1072 1580 1170 1608 lterum
1190 1581 1215 1607 in
1232 1581 1330 1617 pietate
1345 1580 1538 1615 refrigescente
1553 1580 1663 1615 populo,
1680 1581 1822 1608 conrulca-

1037 1629 1119 1659 toque
1146 1632 1161 1652 a
1193 1625 1370 1655 Philistltzeis,
1390 1632 1451 1651 cntn
1468 1624 1650 1651 calamitatem
1676 1631 1823 1658 conquere-

1037 1674 1121 1703 retur,
1139 1669 1168 1696 fit
1190 1669 1274 1705 judcx
1301 1670 1417 1696 Samson
1436 1668 1574 1696 Nazirazus
1601 1669 1821 1700 conversatione.

1036 1715 1084 1750 qui
1103 1715 1130 1742 in
1146 1715 1251 1750 capillis
1267 1722 1331 1742 suas
1343 1715 1415 1741 vires
1435 1714 1562 1742 habebat.
1583 1714 1623 1741 Ac
1648 1715 1737 1749 primo
1763 1715 1824 1749 qni-

1036 1761 1097 1787 dem
1115 1761 1219 1788 leonem
1235 1760 1343 1787 obvium
1363 1760 1414 1787 sibi
1426 1768 1458 1786 ex
1475 1760 1571 1787 itinere
1586 1760 1723 1787 inter-feeit
1736 1761 1824 1787 mani-

1037 1809 1088 1836 bus
1104 1809 1304 1843 apprehensum
1335 1817 1341 1835 :
1369 1807 1465 1835 deinde
1488 1814 1626 1842 regressus
1654 1807 1686 1834 ad
1712 1809 1823 1842 conspi-

1036 1855 1163 1882 ciendum
1180 1858 1318 1881 mortuum
1336 1854 1412 1880 illum
1424 1854 1530 1881 leonem
1544 1873 1552 1886 ,
1572 1861 1634 1880 eutn
1653 1861 1733 1888 apum
1759 1862 1824 1880 exa-

1038 1908 1098 1926 men
1117 1899 1266 1926 invenisset
1281 1899 1402 1926 insidens
1429 1899 1456 1925 in
1476 1899 1535 1933 ejus
1557 1899 1685 1931 calvaria,
1715 1904 1824 1934 arrepto

1037 1945 1129 1977 melle,
1161 1953 1194 1972 ex
1212 1945 1257 1972 illo
1271 1945 1398 1972 comedit.
1429 1945 1609 1980 Repudiatus,
1647 1953 1680 1972 ne
1710 1953 1823 1972 uxorem

1038 1991 1150 2017 haberet
1164 1991 1304 2017 mulierem
1328 1991 1475 2022 etlnticam,
1496 1999 1576 2024 quam
1592 1991 1691 2018 ducere
1705 1991 1824 2023 volebat,

1038 2034 1071 2059 ab
1085 2034 1142 2066 ejus
1168 2038 1252 2067 patre,
1271 2034 1438 2060 eontribulcs
1457 2033 1529 2060 illitts
1553 2039 1692 2068 propterea
1715 2035 1754 2062 sic
1785 2035 1826 2062 ul-

1039 2082 1082 2104 ttts
1097 2083 1150 2104 est.
1179 2077 1271 2111 Captis
1287 2077 1414 2104 trecentis
1431 2077 1569 2111 vulpibus,
1589 2078 1715 2111 binisque
1727 2086 1822 2105 earutn

1039 2123 1134 2149 validis
1165 2122 1300 2157 colligatis
1335 2129 1396 2148 cum
1427 2121 1551 2148 accensis
1589 2121 1770 2157 lampadibus,
1797 2123 1823 2150 in

1039 2176 1118 2202 agros
1133 2168 1255 2194 dimittit.
1270 2167 1328 2194 Hoc
1343 2167 1424 2203 igitur
1442 2167 1524 2194 modo
1538 2167 1627 2202 fruges
1640 2175 1734 2194 eorum
1762 2168 1824 2195 uni-

1003 2211 1023 2238 D
1041 2222 1132 2241 versas
1151 2214 1227 2249 (erat
1243 2221 1361 2249 namque
1377 2213 1474 2240 messis
1506 2213 1631 2249 tempus)
1661 2215 1822 2244 combussit.

1040 2258 1162 2286 Subinde
1179 2258 1344 2285 bellantibus
1362 2257 1528 2285 Philistlnris
1545 2265 1608 2284 cum
1629 2258 1728 2292 populo
1742 2267 1820 2294 prop-

1039 2311 1079 2332 ter
1095 2305 1164 2332 hanc
1178 2304 1321 2332 Satnsonis
1337 2312 1447 2336 noxam,
1462 2304 1624 2331 cmtvcnitur
1640 2305 1822 2335 dirimendum

1039 2351 1149 2382 bellum,
1161 2352 1182 2378 si
1191 2350 1299 2385 quidem
1311 2349 1472 2377 Samsonem
1483 2350 1538 2377 illis
1548 2350 1668 2378 vinctum
1677 2352 1824 2380 traderent.

1040 2395 1196 2423 Vineiemes
1212 2403 1277 2431 ergo
1300 2394 1343 2422 sui
1373 2395 1510 2423 hominem
1530 2396 1556 2422 id
1593 2396 1665 2423 ultro
1691 2397 1824 2425 ferentem

1039 2441 1168 2473 restibus,
1183 2441 1352 2468 tradiderunt
1365 2440 1542 2468 Philistlnris.
1554 2441 1588 2468 At
1601 2442 1645 2469 ille
1661 2443 1752 2469 statim
1767 2443 1825 2470 vin-

1040 2487 1100 2513 t‘lllﬂ
1113 2487 1282 2521 dirumpens,
1300 2487 1464 2521 inventoque
1475 2492 1536 2514 «fasc
1558 2489 1676 2516 maxilla:
1700 2489 1779 2520 asini,
1793 2496 1825 2515 eo

1040 2533 1165 2560 millenos
1176 2541 1270 2561 eorttm
1289 2534 1395 2560 czedens
1410 2533 1556 2561 interfecit.
1572 2534 1613 2561 0h
1628 2534 1748 2562 laborem
1761 2541 1825 2560 vero

1041 2581 1236 2607 internecionis
1254 2580 1361 2607 illorum
1381 2581 1424 2608 siti
1447 2582 1555 2612 ardens,
1578 2581 1688 2615 jantjam
1712 2580 1827 2607 deficere

1040 2626 1192 2653 videbatur.
1224 2627 1324 2653 lterum
1358 2627 1440 2661 igitur
1476 2633 1583 2661 arrepta
1617 2626 1745 2658 maxilla,
1773 2626 1826 2652 sibi

1040 2680 1139 2707 aquam
1156 2673 1349 2700 seaturientetn
1364 2674 1474 2708 reperit,
1490 2678 1589 2708 quanta
1607 2672 1650 2698 siti
1667 2672 1768 2699 mederi
1782 2681 1827 2706 po-

1041 2724 1120 2746 terat.
1136 2719 1289 2754 Aliquando
1301 2722 1432 2747 accedens
1452 2720 1483 2746 ad
1501 2720 1658 2746 Gazmorum
1677 2719 1827 2751 civitatein,

1042 2766 1250 2800 hospitatusque
1265 2773 1347 2800 penes
1364 2765 1508 2801 quamdam
1527 2763 1678 2797 mulierem,
1696 2765 1826 2792 observa—

1041 2811 1106 2838 bant
1121 2819 1182 2838 eum
1200 2811 1384 2843 civitatenses,
1405 2815 1432 2836 ιιι
1446 2817 1461 2836 e
1477 2808 1564 2835 medio
1582 2808 1717 2837 tollerent.
1735 2809 1768 2837 At
1784 2810 1828 2838 ille

1042 2861 1124 2884 noctu
1164 2861 1350 2891 ('tpcrt't‘cttts,
1384 2855 1615 2890 conspieatnsque
1643 2856 1771 2883 custodes
1799 2856 1826 2883 in

1631 2903 1649 2933 3
