2073 3161
286 192 322 223 75
1022 198 1039 228 ,1
1041 197 1172 230 OSEPPC
1876 205 1912 235 76

288 247 373 282 portis
399 247 577 281 dormientes,
603 255 685 283 super
714 249 838 277 humeris
862 255 924 276 eum
949 251 1068 285 postibus

1125 255 1140 280 ό
1156 253 1184 280 δὲ
1202 253 1310 290 νύκτωρ
1335 255 1468 291 ἐγερθεὶς,
1492 256 1540 283 καὶ
1565 257 1629 289 τοὺς
1647 256 1771 292 φύλακας
1795 256 1825 283 ὲν
1852 258 1912 289 ταῖς

285 294 462 328 vectibusqu
478 295 544 329 ipsis
561 299 587 321 et
601 295 741 329 opsidibus
755 301 848 330 portas
864 296 1024 329 sustollens,
1041 297 1068 324 in

285 341 411 374 opposito
424 340 528 368 civitati
544 340 617 367 clivo
636 339 774 375 deposuit,
789 341 835 376 qui
853 342 946 369 decem
973 343 1070 370 stadiis

283 385 387 412 aberat.

319 475 410 501 Victus
426 482 535 509 quoque
563 479 656 509 postea
671 474 787 502 ethnicze
800 475 967 502 muliercula:
994 475 1066 502 desi-

281 520 368 553 derio,
393 527 456 548 cum
480 520 575 548 fuisset
592 520 796 548 circumventus
831 525 860 547 ut
884 521 1011 552 ediceret,
1041 521 1067 547 in

281 573 400 600 quanam
417 573 446 592 re
461 569 567 592 tantum
596 566 680 593 robur
695 566 857 601 possideret,
875 566 1000 594 hostibus
1019 565 1067 593 de-

280 613 354 639 ditus
372 617 423 640 est.
438 612 588 647 Postquam
604 613 677 639 enim
700 612 775 640 novit
795 612 955 640 muliercula
985 612 1069 639 robur

280 657 307 684 in
326 658 450 685 crinibus
468 658 529 692 ejus
545 658 664 692 positum
678 665 748 689 esse.
766 658 901 685 imbellem
929 665 990 685 eum
1006 657 1068 684 red-

279 704 347 730 didit
369 704 460 732 crines
487 704 643 731 attondens.
672 703 844 738 Aceipientes
869 703 951 738 igitur
979 703 1066 734 illum,

279 751 416 784 captivum
445 750 563 778 habuere
581 751 686 783 hostes,
715 750 918 784 illudebantque
946 750 970 776 ei
997 748 1067 784 apud

281 797 347 824 deos
362 804 428 824 suos
443 797 631 827 eonvivantes.
649 797 814 830 cmcatisque
832 795 920 823 oculis
943 802 1004 821 eum
1028 794 1068 822 sic

279 843 442 870 multarunt.
462 843 497 869 At
512 842 560 869 ubi
573 842 660 869 sensit
676 843 791 877 capillos
803 850 869 870 suos
886 842 1067 873 succrevisse,

279 896 311 915 ac
332 888 415 915 robur
431 888 520 915 inesse
540 888 608 921 sibi,
625 893 685 914 orat
706 887 802 920 Detun,
820 893 847 914 ut
860 888 1007 914 vindictam
1025 887 1067 914 sui

279 933 374 961 faciat.
395 933 463 960 Cum
481 941 545 967 ergo
562 933 773 960 convivantibns
789 933 914 959 hostibus
928 933 998 967 apud
1021 940 1066 960 εο-
1082 925 1106 954 Β

278 987 338 1006 rum
357 979 433 1012 deos,
451 979 586 1005 adductus
601 978 697 1005 fuisset
719 982 749 1004 ut
766 978 943 1010 illudcretur;
971 980 1066 1005 ducem

276 1027 452 1060 precabatur,
472 1028 501 1051 ut
513 1030 542 1051 se
554 1024 587 1050 ad
607 1023 751 1050 columnas
765 1022 888 1054 duceret,
919 1030 978 1058 quae
996 1027 1066 1050 tem-

278 1071 352 1105 plum
364 1070 545 1097 sustinebant.
561 1069 614 1096 Ubi
625 1068 671 1096 ille
683 1076 733 1096 nec
743 1069 878 1095 videntem
891 1076 924 1096 eo
937 1069 1064 1101 adduxit,

279 1115 485 1151 apprehendens
511 1115 639 1142 manibus
665 1115 762 1141 ambas
783 1114 936 1145 columnas,
968 1122 1066 1149 magna

278 1170 343 1189 voce
359 1161 482 1189 clamans
505 1159 538 1187 ad
555 1160 651 1192 Deum,
665 1160 692 1186 in
717 1159 856 1186 interitum
867 1160 909 1186 sui
920 1159 1068 1194 populique

279 1207 326 1242 qui
341 1209 507 1233 convenerat
521 1205 553 1232 ad
571 1204 794 1239 conspiciendum
820 1212 882 1232 eum
907 1212 940 1231 ex
970 1210 1067 1232 contu-

279 1251 372 1284 melia,
390 1250 521 1284 templum
536 1249 648 1277 evulsit.
662 1247 720 1276 Hoc
746 1248 828 1284 igitur
841 1248 923 1276 modo
949 1253 976 1275 et
998 1251 1068 1275 tem~

280 1297 354 1331 plum
370 1296 517 1324 convulsit.
533 1299 558 1323 et
579 1295 699 1330 seipsum
731 1302 794 1322 eum
818 1302 915 1330 magna
948 1294 1067 1322 civitatis

279 1343 455 1370 multitudine
472 1350 487 1369 e
500 1341 590 1369 medio
607 1341 728 1373 sustulit,
750 1341 829 1375 longe
843 1340 934 1374 plures
964 1339 1067 1367 interfi-

281 1390 358 1416 ciens
371 1389 436 1416 dum
449 1388 576 1420 moritur,
587 1395 669 1422 quam
686 1394 758 1422 quos
771 1387 848 1414 vivus
864 1385 1013 1414 occiderat.

332 1455 409 1483 CAP.
425 1454 529 1482 LXXII.
545 1470 577 1475 —
596 1454 661 1487 Quae
675 1455 742 1480 mira
758 1454 874 1488 patravit
893 1453 1014 1482 Samuel.

313 1546 381 1573 Cum
399 1545 489 1572 adhuc
507 1545 613 1579 puellus
625 1547 710 1576 esset,
724 1543 843 1570 divinam
859 1542 946 1570 audiit
972 1550 1066 1570 vocem

1124 298 1225 330 πύλαις
1242 300 1425 332 καθεύδοντας
1453 300 1636 337 θεασάμενος,
1668 302 1712 329 ἐπ’
1738 302 1821 337 ὤμων
1843 304 1913 338 μετά

1123 343 1179 370 τῶν
1203 345 1398 380 παραστάδων,
1429 346 1539 382 μοχλοῖς
1573 347 1665 378 αὐτοῖς
1681 348 1727 374 καὶ
1750 347 1837 382 ἀψίσι,
1864 349 1912 379 τὰς

1123 388 1212 421 πύλας
1229 389 1378 425 ἀράμενος,
1405 391 1446 423 είς
1462 391 1507 418 τὸν
1534 392 1706 428 κατάντικρυ
1727 393 1777 429 τῆς
1807 393 1910 425 πόλεως

1123 433 1218 468 βουνὸν
1232 435 1361 467 ἀπέθετο,
1375 435 1442 462 δέκα
1459 436 1583 469 σταδίους
1599 437 1743 472 ἀπέχοντα.

1163 479 1303 515 Ἦττηθεὶς
1328 480 1351 507 δ’
1379 481 1418 512 είς
1444 480 1558 516 ὕστερον
1577 482 1735 514 ἀλλοεθνοῦς
1760 481 1836 517 πόθῳ
1861 491 1911 516 γυ-

1121 525 1225 556 ναικὸς,
1244 526 1291 552 καὶ
1303 526 1353 560 τὴν
1374 526 1461 561 ἀλκὴν
1475 527 1504 553 ὲν
1523 527 1576 553 τίνι
1594 528 1725 562 κέκτηται
1742 527 1910 562 βιασαμένης

1122 569 1202 596 αὑτὸν
1219 569 1349 603 ἐξειπεῖν,
1377 571 1512 606 προὺδόθη
1528 573 1583 603 τοῖς
1599 571 1749 607 πολεμίοις.
1771 572 1845 598 Ἐπεὶ
1856 571 1910 606 γὰρ

1121 615 1192 649 ἔγνω
1203 615 1233 642 to
1246 615 1355 648 γύναιον
1365 616 1414 651 τὴν
1424 616 1509 652 ἀλκὴν
1524 617 1552 644 ἐν
1565 618 1625 649 ταῖς
1635 618 1721 653 θριξὶν
1730 618 1804 652 αὐτῷ
1816 619 1911 653 παρεῖ-

1122 669 1176 691 ναι,
1190 660 1295 695 ἀναλκῆ
1308 660 1435 693 διέδειξεν
1452 661 1546 689 τοῦτον
1560 663 1765 698 ἀποξυράσασα.
1776 663 1910 693 Λαὸὁντες

1121 706 1149 732 δὲ
1161 706 1252 738 αὑτὸν,
1268 706 1443 741 αἰχμάλωτον
1457 705 1529 742 είχον
1537 709 1562 734 οἰ
1573 708 1706 743 πολέμιοι,
1722 709 1769 735 καὶ
1776 708 1909 735 κατέπαι-

1122 751 1167 783 ζον
1180 751 1263 778 αὑτοῦ
1280 753 1353 787 παρὰ
1367 753 1431 784 τοὺς
1444 752 1547 779 ἑαυτῶν
1563 753 1640 785 θεοὺς
1655 754 1848 788 εὐωχούμενοι,
1863 753 1909 780 καὶ

1121 798 1179 827 τοῖς
1196 796 1318 832 ὄμμασιν
1344 798 1425 824 αὐτὸν
1453 799 1631 833 πηρώσαντες
1657 799 1795 830 ἐκόλαζον.
1818 798 1861 829 Ὠς
1880 798 1908 824 δὲ

1122 842 1231 876 ἐπέγνω
1245 843 1295 874 τὰς
1325 843 1421 879 τρίχας
1437 844 1519 870 αὑτοῦ
1533 845 1670 878 προϊέναι,
1688 846 1734 871 καὶ
1751 844 1800 879 τὴν
1824 843 1908 878 ἀλκὴν

1123 886 1290 921 ἐγγίνεσθαι,
1307 888 1453 923 ἐπεύχεται
1472 889 1509 924 τῷ
1523 889 1583 924 Θεῷ
1597 889 1646 923 τὴν
1669 890 1808 924 ἐκδίκησιν
1825 888 1908 914 αὑτοῦ

1121 933 1266 959 ποιεῖσθαι.
1297 933 1351 960 Καὶ
1386 933 1514 968 βληθεὶς,
1547 934 1742 969 εὐωχουμένων
1778 931 1832 960 τῶν
1864 935 1909 968 ἐχ-

1119 977 1191 1013 Θρῶν
1206 978 1283 1013 παρὰ
1302 979 1364 1010 τοὺς
1376 979 1491 1005 ἐκείνων
1507 979 1594 1012 θεοὺς,
1619 980 1659 1011 είς
1688 979 1718 1006 τὸ
1742 979 1909 1010 καταπαῖζε-

1119 1023 1190 1055 σθαι,
1208 1023 1285 1057 ἠξίου
1315 1023 1359 1049 τὸν
1388 1023 1493 1058 ὁδηγὸν,
1516 1024 1592 1059 παρά
1605 1024 1669 1055 τοὺς
1694 1024 1786 1054 κίονας
1817 1023 1906 1057 ἄγειν,

1118 1070 1181 1100 τοὺς
1211 1069 1257 1094 τδν
1283 1068 1346 1095 ναὸν
1381 1069 1582 1104 ὑποφέροντας.
1617 1070 1661 1101 Ὠς
1699 1069 1728 1096 δὲ
1763 1067 1830 1104 ἦγεν
1859 1069 1909 1103 οὐχ

1117 1115 1234 1150 ὁρῶντα,
1255 1115 1423 1151 δραξάμενος
1438 1117 1492 1144 τῶν
1516 1116 1562 1144 δύο
1575 1117 1680 1149 κιόνων,
1698 1117 1746 1143 καὶ
1760 1117 1831 1152 μέγα
1847 1117 1910 1152 βοή-

1120 1169 1169 1192 σας
1185 1161 1254 1195 πρὸς
1269 1161 1316 1187 τὸν
1332 1161 1408 1194 Θεὸν,
1423 1162 1483 1188 καθ’
1504 1162 1601 1189 ἑαυτοῦ
1632 1163 1680 1189 καὶ
1705 1161 1753 1188 τοῦ
1781 1163 1906 1189 συναυλι-

1119 1206 1230 1237 σθὲντος
1259 1206 1300 1238 εἰς
1323 1206 1372 1242 τὴν
1397 1207 1441 1242 ἐφ’
1468 1207 1546 1242 ὕϐριν
1573 1208 1637 1234 Θέαν
1655 1207 1739 1234 αὑτοῦ
1768 1207 1846 1240 λαοῦ,
1861 1208 1907 1234 τὸν

1118 1252 1182 1278 ναδν
1195 1252 1378 1278 ἐπεσπάσατο.
1389 1252 1468 1279 Οὕτω
1482 1253 1546 1286 γοῦν
1570 1253 1615 1280 τόν
1635 1262 1666 1280 τε
1681 1253 1745 1280 ναὸν
1767 1253 1906 1280 κατέσπα-

1119 1306 1176 1330 σεν,
1206 1298 1253 1324 καὶ
1283 1298 1381 1324 ἑαυτὸν
1406 1298 1475 1333 μετὰ
1498 1299 1545 1325 τοῦ
1575 1299 1626 1334 τῆς
1659 1299 1762 1330 πόλεως
1789 1299 1907 1334 πλήθους

1117 1343 1220 1375 ἀνεῖλε,
1239 1343 1350 1374 πλείους
1372 1344 1535 1376 ἀποκτείνας
1569 1344 1598 1372 ὲν
1611 1344 1650 1379 τῷ
1670 1344 1810 1380 θνήσκειν,
1832 1344 1905 1380 ἥπερ

1118 1387 1174 1419 ζῶν
1191 1389 1363 1416 ἀπέκτεινεν.

1119 1455 1244 1482 ΚΕΦΛΛ.
1263 1455 1322 1481 OB'.
1336 1470 1371 1475 —
1390 1456 1459 1482 Τίνα
1475 1456 1541 1491 ἐστὶ
1557 1456 1594 1482 τὰ
1608 1456 1657 1482 διὰ
1683 1455 1826 1491 Σαμουὴλ
1839 1456 1905 1482 δια-

1330 1489 1522 1525 πεπραγμένα
1549 1492 1693 1525 (induam.

1155 1556 1307 1591 Μειράκιον
1336 1556 1373 1583 ὣν
1389 1557 1439 1588 ἔτι,
1465 1557 1540 1588 θείας
1553 1557 1635 1593 ἤκουε
1649 1557 1740 1592 φωνῆς
1753 1557 1783 1583 ἔν
1796 1558 1829 1592 τῇ
1844 1557 1906 1593 ἱερᾷ

282 1592 414 1619 educatus
430 1591 458 1618 in
474 1598 552 1618 sacro
568 1590 755 1622 tabernaculo,
774 1590 896 1616 futurum
911 1589 1015 1616 scilicet
1039 1593 1068 1616 ut

1121 1589 1401 1637 σκηνῇ-τρεφόμενος,
1416 1603 1454 1634 ὡς
1476 1602 1550 1629 Ἠλεὶ
1596 1589 1741 1638 ἀρχιερεθς
1761 1589 1907 1634 «laudavth

282 1637 338 1665 lleli
355 1646 415 1665 cum
431 1642 487 1664 tota
504 1637 587 1664 domo
614 1636 735 1671 pontifex
750 1643 765 1662 a
782 1635 920 1669 pontificio
935 1634 1064 1662 detrude—

280 1688 366 1710 retur.
384 1682 447 1710 Fuit
461 1683 589 1711 sacerdos
605 1682 687 1709 simul
711 1686 737 1708 et
767 1681 897 1715 propheta
927 1685 954 1708 et
981 1680 1066 1714 judcx

280 1729 382 1765 populi,
402 1735 482 1764 atque
499 1729 526 1755 in
540 1728 713 1756 aristocratia
729 1727 837 1754 clavum
855 1727 1014 1760 reipublicae
1028 1731 1068 1753 te-

280 1783 348 1802 nens
364 1774 479 1808 insignis
502 1773 552 1800 fuit
570 1781 617 1808 per
636 1773 739 1800 omnia.
756 1772 890 1807 Populum
906 1772 1016 1799 edocuit
1029 1771 1068 1798 le-

278 1828 342 1854 gum
362 1818 549 1846 observationi
564 1825 676 1853 operam
695 1817 774 1850 dare;
793 1822 823 1844 ut
850 1821 983 1851 pugnaret
1005 1823 1066 1842 cum

278 1865 474 1894 Pliilisthanis"
493 1864 623 1892 doctrina:
646 1867 768 1897 tempore
784 1862 986 1897 ingruentibus.
1007 1861 1068 1888 ani-

278 1919 339 1938 mos
355 1910 472 1943 sulfecit,
488 1910 552 1937 dum
568 1908 696 1936 admouet
709 1916 741 1936 uc
755 1911 907 1934 metuerent
920 1907 1069 1941 aggressio-

284 1965 344 1984 nem
364 1956 548 1984 multitudinis
571 1955 803 1983 adversariorum.
820 1953 917 1981 Statim
947 1953 1028 1988 igitur
1052 1960 1067 1979 a

279 2002 479 2037 supplicatione
502 2005 612 2035 peracto
629 1999 776 2032 sacrificio,
808 1999 900 2026 hostes
924 1998 951 2025 in
976 1997 1067 2033 fugam

278 2048 369 2079 vertit,
385 2054 418 2073 ac
430 2046 573 2073 victoriam
589 2045 621 2072 de
639 2045 693 2072 illis
722 2043 822 2079 populo
850 2043 973 2075 tradidit,
998 2050 1068 2077 quos

279 2093 378 2120 divites
407 2092 542 2120 eﬂecitex
570 2091 678 2126 spoliis,
693 2099 753 2126 qum
784 2090 965 2120 abstulerunt,
995 2093 1069 2124 post-

279 2148 362 2175 quam
379 2147 427 2167 eos
459 2139 631 2166 interfecere.
658 2137 763 2172 Populo
787 2136 943 2171 postulante
968 2139 997 2162 ut
1019 2142 1068 2161 ecu

279 2187 390 2220 reliqua:
407 2190 502 2220 gentes
520 2192 534 2210 a
548 2191 610 2219 rege
625 2184 835 2218 gubernaretur.
856 2181 967 2208 Saulcm
980 2179 1068 2212 unxit,

279 2232 360 2265 eique
392 2235 473 2257 uncto
506 2230 631 2263 praedixit
664 2235 788 2262 qna-nam
822 2226 921 2253 indicia
954 2233 986 2251 ex
1021 2224 1069 2250 iti-

280 2282 345 2300 nere
377 2273 487 2300 abeunti
515 2277 693 2300 occurrerent
718 2277 803 2304 regno
819 2270 891 2296 illius
919 2268 1000 2296 fidem
1027 2267 1068 2295 fa-

280 2319 389 2346 cicntia.

316 2364 412 2391 llabita
429 2364 500 2399 apud
520 2364 653 2399 populum
679 2362 811 2390 concione
841 2361 874 2389 de
899 2361 1001 2396 optima
1024 2359 1066 2388 sui

282 2411 416 2446 superiori
434 2415 555 2445 tempore
583 2410 777 2444 rempublicam
796 2408 1006 2436 administrandi
1024 2414 1067 2434 ra-

281 2457 366 2489 tione,
382 2456 491 2483 edocuit
503 2460 529 2483 ct
557 2460 585 2482 ut
603 2455 709 2490 legibus
726 2455 890 2482 adhaereret.
907 2457 934 2480 et
950 2460 1011 2487 qua:
1024 2459 1068 2479 es-

281 2507 321 2530 set
336 2502 410 2535 regni
426 2506 563 2536 potestas;
579 2508 667 2536 neque
678 2501 751 2528 euiut
769 2504 870 2535 quanta
885 2504 957 2526 esset
987 2506 1068 2526 nove.

281 2555 352 2577 rant.
376 2548 500 2576 Ostendit
525 2548 593 2583 ipsis
611 2548 754 2575 iuunctum
785 2554 888 2581 regem.
915 2545 975 2579 Quo
1005 2552 1068 2572 vero

281 2595 360 2622 fidem
388 2594 547 2622 conciliaret
576 2593 728 2620 verissimis
759 2592 850 2620 verbis
878 2593 936 2620 suis
961 2592 1070 2626 Deoque

281 2640 411 2674 acceptis,
430 2639 514 2666 Deum
531 2638 639 2674 rogavit
656 2642 684 2665 ut
699 2637 806 2672 pluvias
823 2637 977 2664 exhiberet.
1007 2636 1070 2663 Sta-

281 2687 385 2721 timque
399 2685 556 2713 touitrubus
572 2692 603 2712 ac
617 2684 749 2712 divinitus
766 2683 900 2711 immissis
915 2682 1001 2718 signis
1022 2683 1070 2710 ob-

280 2733 464 2765 venieutibus,
483 2739 570 2766 usque
586 2731 654 2758 adeo
671 2730 741 2758 Deus
753 2730 833 2765 pluit,
845 2734 875 2757 ut
896 2729 999 2757 veritus
1024 2737 1071 2764 po-

282 2777 361 2811 pulus
382 2777 480 2812 pluvia:
493 2777 559 2810 vim,
576 2777 752 2805 confiteretur
777 2783 834 2804 rem
863 2776 916 2804 sibi
930 2775 1071 2811 idiviuitus

283 2822 455 2850 manifestam
472 2831 543 2857 esse,
559 2828 704 2859 oraretque
728 2823 861 2858 propheta
891 2822 987 2855 Deum,
1017 2830 1072 2858 quo

318 2899 341 2915 ¹⁰
355 2898 362 2926 Ι
377 2898 442 2934 llcg.
457 2908 505 2928 vn.

1117 1648 1173 1674 ἀπὸ
1189 1648 1238 1682 τῆς
1262 1648 1461 1682 ἀρχιεροσύνης
1491 1648 1675 1684 καθαιρεῖται,
1710 1648 1811 1684 Ἱερεὶις
1838 1649 1906 1684 ὁμοῦ

1119 1694 1167 1720 καὶ
1179 1693 1326 1728 προφήτης
1349 1694 1396 1720 καὶ
1417 1694 1515 1729 κριτὴς
1532 1694 1679 1728 γενόμενος
1701 1694 1748 1720 τοῦ
1773 1694 1850 1726 λαοῦ,
1877 1695 1906 1720 ἐν

1116 1738 1316 1774 ἀριστοκρατίᾳ
1332 1739 1524 1772 πρυτανεύσας
1539 1738 1684 1773 διέπρεψεν
1696 1740 1726 1765 ἐν
1738 1739 1834 1765 ἅπασι.
1854 1739 1907 1765 Τὸν

1119 1783 1183 1810 λαὸν
1196 1783 1320 1818 εὐνομείν
1327 1783 1462 1810 ἐδίδασκεο
1470 1784 1580 1810 καὶτῶν
1594 1783 1762 1817 Ἀλλοφύλων
1769 1784 1906 1818 πολεμεῖν,

1118 1829 1189 1856 κατὰ
1201 1829 1246 1856 τὶν
1258 1829 1309 1863 τῆς
1323 1829 1496 1860 διδασκαλίας
1521 1830 1616 1865 καιρὸν
1645 1829 1812 1856 ἐπελθόντων
1835 1837 1908 1864 παρ-

1119 1874 1264 1910 εθάρρυνε,
1284 1875 1426 1909 παραινῶν
1441 1875 1478 1909 μὴ
1500 1875 1618 1901 δεδιέναι
1643 1876 1691 1900 τοῦ
1713 1874 1832 1908 πλήθους
1851 1874 1907 1901 τῶν

1122 1920 1260 1955 πολεμίων
1276 1921 1325 1956 τὴν
1342 1921 1446 1954 ἔφοδον.
1467 1920 1625 1955 Παραυτίκα
1638 1920 1669 1946 δὲ
1684 1919 1733 1953 τῆς
1752 1920 1905 1952 tvvs-555m;

1121 1967 1281 2002 ἱερουργῶν,
1304 1967 1367 1997 τοὺς
1383 1965 1530 2000 πολεμίους
1546 1966 1693 2000 ἐτρέψατο,
1710 1966 1757 1991 καὶ
1771 1966 1820 1999 τὴν
1843 1967 1907 1991 κατ’

1119 2012 1211 2038 αὐτῶν
1221 2012 1346 2038 ἀπεδίδου
1358 2011 1398 2046 τῷ
1412 2011 1470 2045 λαῷ
1483 2010 1574 2044 νίκην,
1588 2010 1733 2041 πλουσίους
1746 2009 1775 2042 ἐξ
1784 2007 1824 2036 ὧν
1839 2018 1892 2036 κατ
1901 2024 1907 2029 -

1119 2057 1247 2093 εὐήφασι.
1271 2057 1378 2084 σκύλων
1403 2057 1472 2092 μετὰ
1494 2056 1543 2091 τὴν
1562 2056 1668 2090 αἵρεσιν
1679 2055 1769 2082 αὐτῶν
1791 2055 1908 2089 ποιησά-

1118 2111 1212 2139 μενος.
1228 2103 1373 2137 Δῑτήσαντι
1390 2102 1428 2136 τῷ
1442 2102 1498 2136 λαῷ
1513 2102 1570 2132 τοῖς
1591 2101 1695 2127 ἔθνεσιν
1707 2101 1753 2127 ίσα
1769 2100 1908 2136 βασιλεύε-

1120 2148 1195 2180 σθαι,
1213 2148 1326 2182 κέχρικε
1341 2147 1386 2172 τὸν
1399 2146 1496 2178 Σαοὺλ,
1518 2147 1564 2172 καὶ
1589 2146 1720 2180 προεῖπεν
1748 2143 1824 2180 αὐτῷ
1847 2153 1907 2180 χρι-

1121 2192 1212 2218 σθέντι
1223 2193 1258 2218 τὰ
1273 2191 1344 2218 κατὰ
1360 2191 1408 2225 τὴν
1421 2191 1480 2217 ὁδον
1502 2190 1611 2217 ἀπιόντι
1623 2191 1774 2218 πιστωτικά
1786 2192 1836 2225 τῆς
1858 2190 1908 2226 βα-

1122 2237 1226 2268 σιλείας
1243 2236 1434 2270 ἀπαντήσοντα
1448 2235 1582 2271 σύμϐολα.

1154 2367 1356 2402 Δημηγορήσας
1372 2365 1410 2399 τῷ
1423 2365 1479 2400 λαῷ
1497 2366 1563 2400 περὶ
1583 2366 1632 2400 τῆς
1657 2366 1755 2393 ἑαυτοῦ
1772 2366 1904 2402 πρότερον

1119 2411 1344 2448 ἀριστοκρατίας,
1362 2412 1410 2438 καὶ
1430 2411 1538 2444 διδάξας
1556 2411 1692 2445 εὖνομεῖν,
1710 2412 1757 2437 καὶ
1781 2413 1831 2446 τὴν
1853 2411 1905 2446 βα-

1121 2458 1223 2489 σιλείας
1240 2457 1383 2490 ἐξουσίαν·
1399 2457 1460 2483 οὐδὲ
1483 2457 1538 2492 γὰρ
1560 2457 1669 2492 1ᾔδεισαν
1697 2457 1778 2492 ἡλίκη
1796 2465 1803 2472 ο
1837 2459 1904 2483 ἁ-,α-

1119 2504 1255 2530 δείκνυσιν
1270 2504 1363 2534 αὐτοῖς
1383 2503 1428 2528 τὶν
1453 2502 1635 2536 κεχρισμένον
1655 2501 1776 2536 βασιλέα.
1794 2503 1863 2537 Πρὸς
1877 2501 1905 2528 δὲ

1121 2550 1255 2575 πίστωσιν
1270 2548 1353 2575 αὐτοῦ
1368 2548 1420 2574 τῶν
1434 2547 1567 2582 ἀληθινῶν
1579 2548 1624 2574 καὶ
1640 2547 1694 2573 τῶν
1708 2547 1767 2582 Θεῷ
1793 2547 1906 2582 εὑδοκὴ-
1922 2568 1928 2578 ,

1120 2604 1175 2622 των
1186 2594 1284 2628 λόγων,
1300 2593 1421 2629 ὄμϐρους
1449 2594 1566 2628 αἰτήσας
1579 2593 1626 2620 τὸν
1649 2593 1717 2619 ϐίον
1741 2594 1907 2628 παρασχεῖν,

1121 2640 1168 2667 καὶ
1189 2640 1348 2674 παραυτίκα
1363 2639 1483 2675 βροντῶν
1498 2639 1545 2665 καὶ
1560 2638 1731 2674 θεοτημειῶν
1743 2638 1908 2673 γινομένω,

1121 2682 1186 2712 ὗσεν
1200 2686 1214 2712 ό
1235 2685 1301 2717 Θεὸς
1319 2685 1457 2717 τοσοῦτον,
1483 2685 1521 2717 ὼς
1551 2684 1677 2712 δείσαντα
1705 2684 1751 2711 τὸν
1775 2684 1839 2710 λαὸν
1861 2685 1910 2719 τὴν

1122 2731 1291 2767 ἐπομϐρίαν,
1306 2731 1475 2766 ὁμολογῆσαι
1499 2730 1601 2764 γνῶσιν
1618 2730 1692 2765 ἔχειν
1714 2730 1748 2757 δι’
1765 2730 1848 2757 αὑτοῦ
1863 2730 1910 2755 τοῦ

1122 2777 1202 2811 Θεοῦ,
1222 2778 1269 2804 καὶ
1283 2778 1413 2814 δεηθῆναι
1429 2777 1477 2804 τοῦ
1495 2776 1564 2804 Θιοῦ
1589 2776 1637 2803 τοῦ
1663 2777 1816 2812 προφήτου,
1844 2776 1911 2809 περὶ

1122 2823 1170 2858 τῆς
1184 2823 1240 2850 τῶν
1259 2823 1372 2859 δμσρων
1383 2822 1493 2857 ἀνοχῆς.
1518 2822 1682 2858 ’Λμαρτόντι
1698 2822 1738 2857 τῷ
1760 2819 1849 2849 Σαοὺλ
1863 2821 1910 2849 καὶ
