2073 3161
155 187 189 216 77
741 183 927 214 LIBELI.US
946 181 1196 212 MEMORIALIS.
1747 176 1783 208 78

156 238 369 275 amato-actoth
390 238 456 272 περὶ
482 239 518 265 τὰ
534 238 774 273 προστασσόμενα,
805 239 872 273 περὶ
896 246 964 264 κα-,

1017 236 1104 263 luvias
1124 238 1327 262 averruncaret.
1340 234 1407 261 Cten
1423 237 1563 268 peccasset
1576 231 1652 264 Saul,
1676 239 1727 258 nec
1751 232 1784 258 iis

156 284 308 318 Oztpéesw;
330 285 464 319 προσεῖπε
480 284 529 318 τῆς
556 283 708 318 βασιλείας,
736 284 784 310 καὶ
800 283 838 314 ὡς
862 283 948 318 ἑτέρῳ

157 329 273 362 δέδοται,
294 328 398 361 ζῶντος
425 328 466 354 ἔτι
496 328 590 359 αὑτοῦ,
615 328 691 362 παρὰ
712 329 759 355 τοῦ
791 329 871 355 Θεοῦ.
897 329 949 355 Τὸν

157 374 242 401 Δαὸὶδ
254 375 312 400 υῑὸν
330 374 431 400 Ἰεσσαὶ
446 373 492 400 τοῦ
517 373 704 409 Βηθλεεμίτου
727 375 799 409 χρίει
825 374 948 408 βασιλέα,

160 419 326 454 κρατοῦντος
340 419 381 445 ἔτι
397 419 445 445 τοῦ
473 419 571 449 Σαοὺλ,
591 420 639 445 καὶ
659 421 791 454 προεῖπεν
816 419 891 454 αὐτῷ
911 419 950 450 ὡς

159 465 306 499 εὐάρεστος
324 464 401 490 ἔσται
415 464 454 498 τῷ
467 464 537 499 Θεῷ.
550 465 669 499 Γηραιὸς
683 465 829 499 γενόμενος
844 465 884 495 εἰς
899 465 950 498 τὴν

159 509 258 535 ὲιυτοῦ
270 509 348 535 πόλιν
358 509 484 544 τελευτᾷ,
499 509 576 541 υιοὺς
604 509 774 544 καταλείψας
789 511 839 536 οὐκ
858 509 952 541 ἀξίους

160 555 211 589 τῆς
231 554 329 581 ἑαυτοῦ
348 554 485 590 διαδοχῆς.

163 662 290 697 ΚΕΦΑΛ.
309 662 369 688 01'".
386 677 421 682 ——-
441 663 512 688 Τίνα
533 663 598 689 ἐστὶ
615 662 651 689 τὰ
672 662 713 694 τῷ
730 663 819 690 Δαϐὶδ
840 671 953 697 πετρα-

181 696 285 731 τμένα,
295 697 344 724 καὶ
354 698 397 729 εἰς
407 698 501 723 αὑτὸν
510 698 660 731 θαύματος
671 697 741 729 ἄξια
748 699 928 732 πραχθέντα.

200 751 331 786 Χρισθεὶς
347 753 387 782 είς
404 750 518 785 βασιλέα
538 751 618 785 ἔμενε
633 752 667 778 τὰ
682 753 728 778 τοῦ
745 752 849 787 πατρδς
864 752 954 786 νέμων

165 796 290 830 ποίμνια,
314 796 383 827 τέως
411 798 467 827 τοῖς
493 796 647 831 ἀνθρώποις
669 796 706 823 ὢν
728 797 877 830 ἄγνωστος.
903 797 955 823 Τὸν

165 841 294 868 Γετθαῖον
316 841 413 867 Γολιὰθ
438 842 523 876 ἄνδρα
551 842 668 876 γίγαντα
693 842 764 868 κατὰ
788 843 890 873 παντὸς
906 842 954 868 τοῦ

999 289 1061 316 qua:
1074 281 1213 315 sibijussa
1239 280 1348 308 fuerant
1372 279 1470 307 fuisset
1496 278 1568 305 dicto
1599 277 1732 308 audiens,
1752 277 1786 304 de

1000 326 1151 354 auferendo
1177 326 1201 353 ci
1222 332 1305 360 regno
1330 325 1496 359 praelocutus
1510 327 1563 355 est,
1578 322 1706 357 quodque
1730 322 1786 356 jam

1001 372 1077 398 alteri
1093 371 1222 398 traditum
1247 370 1338 403 fuerit,
1356 371 1415 404 ipso
1442 369 1533 396 adhuc
1563 369 1722 402 superstite.
1753 367 1788 394 ab

1001 417 1060 450 ipso
1074 416 1139 444 Deo.
1157 415 1286 443 Davidem
1310 416 1396 442 filium
1417 414 1503 443 Jesste
1527 415 1734 442 Betlilehentitte
1761 415 1787 441 in

1002 469 1091 495 regem
1107 461 1195 496 ungit,
1215 461 1297 488 Sanle
1311 460 1401 488 adhuc
1422 461 1566 494 imperium
1583 461 1734 492 obtinente,
1750 461 1790 486 ei—

1001 514 1057 540 que
1087 506 1212 541 praedixit
1235 506 1293 533 fore
1322 507 1427 541 utique,
1452 510 1482 533 ut
1509 506 1566 533 Deo
1594 509 1722 539 acceptus
1744 505 1790 532 sit.

1002 552 1071 578 Cum
1088 559 1169 578 senex
1182 555 1266 583 esset,
1283 551 1310 578 in
1325 559 1373 578 sua
1391 551 1501 578 civitate
1516 551 1641 582 moritur,
1656 550 1727 577 filios
1749 557 1792 576 re-

1004 594 1132 628 linquens
1147 595 1219 622 haud
1236 602 1302 622 sane
1316 595 1414 629 dignos
1428 595 1474 630 qui
1491 594 1528 621 illi
1540 594 1727 622 succederent.

1004 657 1079 687 CAP.
1101 659 1219 687 LXXlll.
1236 675 1270 679 —
1288 660 1415 692 Qumnam
1440 665 1500 686 sunt
1528 660 1635 686 Daridis
1659 665 1743 694 gesta,
1767 665 1791 686 et

1156 696 1276 729 prodigia
1289 696 1362 721 illius
1378 696 1465 730 gratia
1480 700 1640 730 perpetrata.

1041 751 1146 779 Unetus
1165 752 1192 779 in
1211 760 1301 787 regem
1324 753 1508 786 perseveravit
1533 759 1644 786 pascere
1667 757 1794 785 paternos

1006 805 1112 831 greges,
1130 798 1239 832 ignotus
1255 798 1363 824 interim
1383 797 1549 824 hominibus.
1568 797 1719 824 Gcttlta-um
1738 799 1793 824 Go-

1007 843 1071 869 lith
1091 844 1178 870 virum
1203 844 1351 877 gigantem,
1372 843 1418 877 qui
1447 843 1578 870 adversus
1604 851 1713 870 omnem
1743 843 1796 870 Hc-t

173 885 309 920 Ἐϐραίων
322 886 503 920 στρατοπέδου
521 887 792 921 κατακενοτομοῦντα
807 887 955 913 κατέϐαλεν

1016 895 1143 914 meorum
1158 888 1308 914 exercitum
1323 887 1442 914 inaniter
1457 887 1629 919 efferebatur,
1643 887 1796 922 proﬂigavit

166 930 226 961 ἐνὸς
248 931 323 957 λίθου
342 930 417 965 βολῇ.
432 931 549 962 Λέοντας
563 932 671 967 ἀναιρεῖ
686 932 733 958 καὶ
747 933 876 966 ἄρκτους,
896 933 957 958 ἑπι-

169 975 274 1008 πνιγων
289 976 362 1010 χειρὶ
379 976 441 1006 τοὺς
457 977 583 1007 ἐπιόντας
599 977 637 1010 τῷ
660 977 742 1003 αὐτοῦ
762 978 890 1011 ποιμνίῳ.
907 977 958 1003 Τδν

167 1020 328 1054 ἐνοχλοῦντα
339 1022 455 1056 δαίμονα
471 1022 511 1056 τῷ
524 1023 610 1051 Σαοὺλ
622 1022 731 1057 ψάλλων
743 1023 828 1048 ἔπαυε
852 1024 900 1057 τῆς
915 1024 958 1048 ὲν-

166 1066 317 1100 οχλήσεως,
343 1068 390 1093 καὶ
415 1068 588 1102 κατεπράϋνε
617 1068 656 1102 τῷ
683 1068 738 1103 (70)
765 1068 852 1094 Σαοὺλ
866 1068 957 1102 ἄχθος.

170 1110 240 1140 Τοὺς
250 1110 449 1142 δεκαπλασίως
462 1112 539 1145 παρὰ
550 1113 596 1138 τὸν
610 1112 721 1146 βασιλέα
735 1113 779 1139 τὸν
791 1113 876 1139 Σαοὺλ
888 1123 959 1148 μαρ-

169 1155 337 1189 τυρούμενος
353 1155 425 1190 ἔχειν
451 1157 527 1191 παρὰ
552 1158 782 1191 προψητευουσῶν
798 1159 827 1183 ὲν
842 1158 961 1192 χορείαις

171 1201 326 1234 παρθένων,
351 1201 402 1227 οὐκ
424 1202 555 1235 ὲπαίρετο
574 1202 630 1235 (71)
656 1204 712 1233 τοῖς
739 1202 877 1233 ἐπαίνοις,
904 1203 960 1229 ἀλλ’

171 1245 312 1280 ἐφθονεῖτο
327 1246 395 1280 πρδς
417 1246 465 1272 τοῦ
486 1246 628 1279 βασιλέως.
646 1247 702 1278 Τὰς
717 1247 763 1273 τοῦ
781 1247 942 1281 φθονοῦντος
953 1269 959 1280 ,

173 1291 298 1325 ἀναιρεῖν
323 1291 405 1317 αὑτὸν
427 1291 559 1322 πολλάκις
581 1293 768 1327 ὁρμήσαντος,
785 1294 899 1328 προνοίᾳ
914 1294 962 1320 τοῦ

173 1335 242 1361 Θεοῦ
266 1336 379 1370 διέφυγε
406 1337 509 1371 χεῖρας.
536 1337 591 1368 Τὰς
614 1337 770 1372 ὁρισθείσας
793 1339 867 1372 αὐτῷ
892 1339 962 1373 ὑπὲρ

175 1382 324 1415 μνηστείας
339 1382 388 1417 τῆς
403 1383 511 1417 Μελχὸλ
527 1383 600 1409 ’κατὰ
614 1383 756 1418 δεινότητα
772 1385 819 1410 τοῦ
840 1385 961 1419 πατρὶς,

173 1427 273 1453 ἑκατὸν
288 1427 416 1462 ἐκόμισεν
429 1428 625 1462 ἀκροδυστίας.
637 1429 708 1460 Τοὺς
724 1429 898 1465 πεμφθέντας
912 1430 964 1456 ὑπὸ

174 1471 222 1497 τοῦ
234 1472 323 1498 Σαοὺλ
335 1473 412 1505 ἄγειν
424 1472 506 1498 αὐτὸν
519 1473 562 1499 ἐπ’
575 1473 726 1509 ἀναιρέσει,
742 1475 964 1509 προφητεύοντας

176 1516 291 1543 ξελεπεν
313 1517 396 1543 αὑτοῦ
414 1518 463 1552 τὴν
479 1518 628 1551 βασιλειαν.
653 1519 709 1546 Καὶ
725 1519 806 1546 πάλιν
830 1520 894 1551 τοὺς
918 1521 964 1547 ἆλ-

1009 933 1091 959 unins
1107 932 1203 965 lapidis
1216 932 1302 966 jactu.
1325 933 1429 959 LEOIN'S
1447 933 1574 959 interficit
1590 938 1616 959 et
1633 940 1721 965 ursos,
1738 932 1797 959 suf—

1010 977 1104 1005 foratis
1117 985 1165 1005 eos
1178 978 1236 1005 suis
1249 979 1385 1010 manibus,
1398 978 1462 1004 dum
1481 978 1618 1012 proprium
1635 978 1797 1012 aggrediun-

1010 1029 1054 1050 tur
1071 1032 1190 1059 gregem.
1215 1023 1370 1050 Damonem
1389 1023 1542 1049 turbantem
1562 1023 1624 1049 Saul
1644 1024 1762 1058 psallens
1782 1031 1798 1049 a

1010 1070 1162 1097 divexando
1177 1069 1355 1103 compescuit,
1381 1067 1525 1102 SauliSque
1550 1068 1702 1095 molestiam
1724 1069 1799 1095 miti-

1010 1115 1091 1149 gavit.
1110 1114 1230 1148 Decuplo
1257 1114 1375 1147 majores
1394 1113 1488 1140 laudes
1505 1121 1559 1148 pra:
1575 1121 1636 1147 rege
1650 1112 1730 1140 Saule
1746 1113 1798 1140 sibi

1010 1167 1071 1187 esse
1087 1159 1269 1196 debitas'cum
1296 1163 1402 1185 testata:
1424 1158 1535 1184 fuissem
1562 1158 1754 1192 prophetantes
1771 1158 1798 1184 in

1012 1205 1118 1231 choreis
1145 1203 1274 1238 virgines,
1304 1210 1356 1228 non
1375 1203 1434 1228 ideo
1458 1201 1620 1228 efferebatur
1641 1202 1773 1229 enccmiis
1791 1211 1798 1228 :

1013 1250 1077 1284 quin
1109 1249 1180 1284 apud
1214 1249 1287 1283 regis
1317 1248 1445 1275 invidiam
1478 1247 1600 1274 oll‘entlil.
1635 1247 1800 1280 invidentis,

1013 1301 1129 1328 eumque
1154 1301 1225 1328 saepe
1247 1293 1370 1320 occidere
1393 1291 1540 1318 aunitcntis
1571 1298 1667 1317 manus
1689 1291 1800 1325 cffugit,

1014 1339 1103 1366 divina
1122 1339 1172 1366 sibi
1198 1338 1349 1373 opitulante
1372 1337 1552 1372 providentia.
1571 1336 1637 1369 Qua:
1660 1337 1710 1363 sibi
1733 1345 1801 1371 pra:-

1015 1384 1109 1410 stiluta
1127 1384 1236 1410 fuerant
1251 1383 1287 1410 ob
1304 1383 1412 1417 nuptias
1430 1382 1544 1409 Melchol
1562 1390 1593 1408 ex
1619 1383 1739 1409 suavitate
1753 1390 1802 1417 pa-

1016 1429 1065 1456 tris
1081 1429 1165 1462 illins,
1186 1433 1293 1456 centum
1312 1428 1442 1462 praeputia
1458 1427 1558 1454 attulit.
1576 1427 1638 1458 Eos,
1656 1428 1702 1462 qui
1727 1427 1802 1454 missi

1015 1473 1124 1501 fuerant
1151 1481 1166 1501 a
1193 1473 1275 1501 Saule
1296 1477 1326 1500 ut
1352 1473 1518 1499 adducerent
1540 1481 1601 1499 cum
1615 1481 1669 1507 quo
1688 1473 1802 1500 interllci

1017 1524 1124 1554 posset,
1154 1519 1345 1554 prnplietantes
1370 1518 1436 1544 vidit
1461 1525 1540 1544 suum
1568 1518 1654 1552 ipsius
1679 1526 1803 1552 regnum.

177 1561 240 1593 λους
263 1563 455 1597 πεμφθέντας,
475 1564 509 1590 τὰ
524 1564 594 1591 αὐτὰ
615 1565 672 1595 τοῖς
695 1565 840 1600 προτέροις
857 1573 964 1600 προφη-

1019 1564 1192 1598 Rursumque
1213 1564 1297 1595 alios,
1323 1563 1367 1597 qui
1383 1563 1446 1590 item
1469 1563 1545 1590 missi
1566 1562 1683 1594 fuerant,
1709 1563 1804 1590 cadent

177 1607 315 1639 τεύοντας.
347 1609 425 1635 Ἐπεὶ
449 1609 478 1635 δὲ
501 1610 683 1645 παρεγίνετο,
703 1610 741 1645 μὴ
756 1611 892 1637 πιστεύων
911 1613 967 1643 τοῖς

179 1654 384 1687 ἀπαγγέλλουσι
404 1655 469 1690 περὶ
490 1655 545 1681 τῶν
566 1655 796 1690 προφητευόντων
809 1676 817 1688 ,
843 1657 857 1683 6
881 1657 968 1684 Σαοὺλ

176 1697 319 1733 ἀναίρεσιν
346 1698 428 1725 αὐτοῦ
451 1699 484 1726 δι’
504 1699 601 1726 ἑαυτοῦ
627 1701 763 1727 ποιεῖσθαι
790 1701 967 1736 βουλόμενος,

178 1744 227 1770 καὶ
242 1744 323 1775 αὐτὸς
337 1744 468 1772 ὲὸλέπετο
485 1745 665 1780 προφητεύων
680 1747 843 1781 ἀσχημόνως
855 1747 904 1782 τὴν
919 1747 966 1773 τοῦ

178 1789 246 1816 Θεοῦ
277 1789 432 1824 βασιλείαν·
462 1791 492 1823 ιε
519 1792 615 1818 ἑαυτοῦ
647 1792 701 1827 γὰρ
731 1793 890 1828 γενόμενος,
922 1793 970 1820 καὶ

178 1837 368 1871 γυμνούμενος
392 1837 421 1863 ὲν
447 1837 584 1873 ὑπαίθρῳ,
607 1838 695 1865 ταῦτα
711 1839 818 1872 ἀγνοῶν
834 1839 966 1874 ἀνεφθέγ-

179 1890 254 1915 γετο.
266 1882 378 1916 Φεύγων
395 1883 442 1910 τὸν
456 1883 553 1915 Σαοὺλ.
571 1884 611 1915 είς
624 1884 674 1920 τὴν
693 1885 834 1920 ἱερατικὴν
848 1885 970 1912 ἐπελθὼν

180 1927 269 1960 πόλιν,
283 1928 334 1961 τὴν
348 1928 396 1954 τοῦ
416 1928 512 1955 Γολιὰθ
527 1929 672 1963 ἐκομίζετο
693 1930 842 1965 μάχαιραν,
859 1931 908 1966 τὴν
924 1931 970 1957 ὑπ’

181 1973 264 1999 αὑτοῦ
280 1974 413 2008 πρότερον
428 1974 615 2007 ἀνατεθιῐσαν,
632 1975 679 2001 καὶ.
694 1976 757 2006 τοὺς
775 1976 864 2011 ἱεροὺς
877 1977 971 2011 ἢσθιεν

180 2018 240 2053 ἃμα
264 2020 322 2050 τοῖς
339 2019 415 2053 αὺτῷ
440 2019 567 2046 συνοῦσιν
593 2021 703 2055 ἄρτους.
728 2020 791 2054 Ὑφ’
815 2019 848 2056 ἧς
865 2021 971 2056 εἰλήφει

181 2064 340 2099 κακοσχόλῳ
353 2065 402 2091 τοῦ
426 2065 529 2100 πατρὸς
546 2065 642 2101 γνώμῃ
663 2066 793 2099 γυναικδς
806 2065 874 2100 πρὺς
893 2066 971 2092 ἀναι-

182 2118 268 2145 ρεσιν,
292 2110 344 2136 ὑπὸ
361 2110 463 2145 ταύτης
481 2111 641 2143 διεσώζετο,
660 2112 705 2138 διὰ
723 2111 831 2146 θυρίδος
846 2112 925 2137 αὑτὸν
941 2112 972 2138 ἐκ

181 2153 237 2179 τῶν
251 2155 370 2189 φονικῶν
390 2155 439 2181 τοῦ
465 2156 567 2190 πατρὸς
586 2157 685 2191 χειρῶν
708 2158 747 2187 εἰς
763 2158 852 2192 φυγὴν
867 2157 971 2191 ἐκπεμ-

180 2199 283 2234 ψάσης.
307 2200 354 2230 Et;
382 2200 494 2234 βασιλέα
519 2201 568 2235 τῆς
585 2201 715 2235 Γετθίνης
739 2201 823 2227 ἐλθὼν
847 2202 970 2236 Ἀγχοῦς,

181 2245 229 2271 καὶ
245 2245 430 2283 ἐπιγνωσθεὶς
444 2246 524 2277 αὐτὸς
537 2245 574 2272 ὢν
594 2247 610 2272 δ
625 2247 669 2273 τὸν
682 2247 778 2280 Γολιὰρ
800 2247 971 2280 καταϐαλὼν,

182 2290 331 2325 ἐπιληψίαν
349 2291 539 2326 σοφισάμενος,
556 2293 604 2319 καὶ
621 2292 666 2319 διὰ
682 2293 783 2327 ταύτην
805 2293 971 2325 οίκτισοεὶς,

181 2336 316 2362 ἀπελύετο
325 2338 375 2370 τῆς
390 2338 566 2372 ἀναιρέσεως.

217 2381 272 2409 Τοῦ
286 2383 372 2408 Σαοὺλ
384 2383 428 2409 διὰ
444 2384 493 2418 τὴν
512 2383 594 2409 αὐτοῦ
616 2383 738 2415 δεξίωσιν
755 2384 895 2415 ἀνελόντος
910 2384 973 2415 τοὺς

181 2429 222 2452 τν¹
250 2427 343 2462 ἱερεῖς,
359 2429 516 2461 πεφευγότα
532 2428 577 2454 τὸν
593 2427 725 2463 Ἀϐιάθαρ
740 2429 912 2463 ὑποδέχεται,
927 2429 974 2455 καὶ

183 2473 266 2505 αὐτὸς
286 2475 314 2500 ὲν
337 2475 435 2507 φυγαῖς
455 2474 567 2508 διάγων,
591 2475 637 2501 καὶ
654 2476 683 2501 ὲν
696 2476 752 2505 τοῖς
766 2475 872 2501 δέουσιν
894 2476 973 2509 ἱερω-

184 2519 284 2553 μένων.
306 2518 376 2549 Τοὺς
399 2519 526 2550 ἐπιόντας
546 2519 692 2554 πολεμίους
705 2520 744 2554 τῷ
758 2519 826 2554 λαῷ,
843 2520 973 2546 ὲκδιωχό-

185 2572 266 2598 μενος
279 2564 331 2599 τῆς
350 2564 490 2597 Ἰουδαίας,
511 2565 558 2591 ἰπὶ
573 2562 610 2591 ὧν
623 2565 680 2600 (72)
695 2565 841 2601 ἐπολέμει,
859 2566 974 2597 καὶτοῖς

182 2610 361 2636 ἑκδιώκουσιν
381 2611 462 2637 αὑτὸν
482 2610 607 2645 ἔπεμπεν
623 2611 824 2646 ἀφαιρούμενος
850 2611 904 2637 ἀπὸ
921 2612 975 2637 τῶν

183 2657 324 2690 πολεμίων
345 2656 431 2683 ἐθνῶν
455 2657 490 2683 τὰ
513 2656 610 2684 σκύλα,
637 2657 800 2684 Ἑπελθόντα
827 2657 872 2683 τὸν
890 2657 976 2684 Σαοὺλ

183 2701 322 2736 δεύτερον,
341 2703 391 2729 οὐκ
407 2703 522 2734 ἀνεῖλεν,
543 2702 612 2729 ἀλλὰ
632 2703 678 2729 καὶ
702 2704 802 2738 σημεῖα
825 2703 877 2737 τῆς
897 2703 974 2730 ἐκδύ-

166 2756 170 2759 ·
183 2755 254 2777 eam;
269 2746 364 2780 αὐτοῦ,
381 2747 419 2781 πῆ
436 2747 486 2782 μὲν
500 2747 536 2775 τὰ
556 2747 604 2782 τῆς
621 2746 758 2783 χλαμύδος
773 2747 926 2783 κράσπεδα,
938 2748 975 2783 πῆ

219 2825 275 2858 (70)
297 2823 376 2852 Forte
394 2824 434 2851 τό.

218 2860 274 2896 (71)
295 2861 421 2896 ἐπήρετο.

1018 1618 1080 1639 cum
1094 1610 1232 1645 prioribus
1246 1609 1437 1644 prophetantes
1449 1609 1526 1635 vidit.
1536 1607 1604 1636 Cum
1620 1614 1710 1635 autem
1726 1609 1808 1636 adve-

1020 1657 1116 1687 nisset.
1142 1661 1283 1691 propterea
1308 1656 1380 1690 quod
1414 1657 1449 1685 iis
1470 1663 1524 1682 non
1539 1656 1679 1686 credebat,
1699 1663 1759 1689 qum
1775 1656 1808 1683 de

1019 1702 1246 1737 propltetantibus
1261 1702 1384 1729 nuntiata
1401 1701 1518 1733 fuerant,
1544 1701 1658 1735 ipsemet
1675 1700 1740 1728 Saul
1759 1709 1807 1728 \o-

1021 1747 1079 1774 lens
1100 1754 1148 1782 per
1171 1754 1201 1774 se
1226 1747 1302 1774 illum
1328 1754 1343 1773 e
1368 1746 1459 1773 medio
1483 1746 1593 1779 tollere;
1623 1746 1680 1780 ipse
1699 1752 1809 1780 quoque

1020 1797 1112 1820 cretus
1128 1796 1170 1820 est
1182 1792 1348 1827 proplietans
1362 1792 1433 1819 haud
1451 1793 1487 1819 ita
1505 1793 1602 1819 decore
1623 1799 1734 1827 regnum
1751 1792 1810 1821 Dei,

1020 1837 1102 1865 Extra
1118 1846 1148 1865 se
1162 1839 1233 1865 enim
1247 1843 1350 1873 raptus,
1367 1839 1513 1873 nudusque
1525 1839 1575 1865 sub
1591 1838 1646 1870 dio,
1666 1838 1810 1872 liaeeigno-

1019 1892 1085 1912 rans
1107 1885 1353 1912 sermocinabatur.
1380 1884 1489 1911 Sanlem
1516 1884 1633 1919 fugiens,
1653 1884 1764 1911 veniens
1782 1884 1810 1910 in

1020 1931 1156 1958 civitatem
1173 1930 1379 1962 sacerdotalem,
1394 1930 1555 1965 gestandum
1571 1930 1675 1964 accepit
1690 1930 1809 1965 gladium

1022 1975 1139 2007 Goliatb,
1156 1975 1202 2009 qui
1218 1976 1253 2002 ab
1269 1975 1328 2009 ipso
1343 1975 1420 2009 prius
1435 1974 1575 2001 dedicatus
1590 1975 1678 2001 fuerat
1693 1983 1699 2000 :
1717 1982 1812 2001 sacros

1022 2019 1116 2046 itidem
1137 2019 1254 2046 comedit
1278 2027 1362 2054 panes
1380 2027 1444 2046 cum
1462 2019 1495 2045 iis
1511 2020 1557 2053 qui
1576 2027 1668 2046 secum
1686 2019 1812 2045 aderant.

1023 2065 1042 2101 Α
1061 2065 1175 2091 muliere
1189 2072 1271 2098 qttam
1294 2068 1436 2097 acceperat
1449 2072 1482 2090 ex
1493 2065 1628 2090 malitiosa
1648 2065 1732 2097 patris
1749 2072 1814 2089 sen—

1023 2110 1121 2142 tentia,
1147 2117 1201 2143 quo
1226 2110 1330 2136 scilicet
1354 2109 1569 2140 interficeretur,
1595 2109 1629 2135 ab
1646 2109 1697 2136 hac
1717 2110 1811 2135 eadem

1024 2161 1148 2183 servatus
1161 2160 1212 2188 est,
1227 2155 1291 2182 dum
1305 2156 1380 2182 illum
1397 2163 1445 2190 per
1459 2155 1604 2182 fenestram
1619 2162 1650 2182 ex
1666 2155 1815 2189 sanguino-

1026 2202 1106 2228 lentis
1125 2202 1209 2235 patris
1222 2201 1348 2228 manibns
1370 2202 1396 2228 in
1415 2201 1505 2235 fugam
1521 2201 1622 2228 emisit.
1644 2201 1684 2227 Ad
1703 2201 1814 2228 Auchus

1026 2248 1138 2273 veniens
1157 2254 1246 2281 regem
1267 2246 1391 2279 Gellium,
1419 2246 1581 2280 agnitusque
1601 2246 1672 2281 quod
1694 2246 1717 2273 is
1743 2250 1816 2273 esset

1026 2293 1071 2326 qui
1085 2292 1191 2319 Goliatlt
1207 2293 1408 2327 proﬂigaverat,
1429 2293 1588 2326 epilepsiatn
1614 2293 1759 2324 simulans,
1781 2293 1816 2320 ob

1025 2345 1141 2372 eamque
1157 2339 1183 2365 in
1197 2338 1381 2365 misericordia
1396 2339 1516 2369 habitus,
1530 2345 1622 2364 necem
1639 2338 1736 2365 evasit.

1062 2382 1129 2409 Cum
1155 2382 1231 2414 Saul,
1258 2384 1303 2418 qui
1334 2390 1396 2409 eum
1421 2383 1645 2417 persequebatur,
1670 2383 1817 2411 occidisset

1026 2436 1091 2455 ccct.
1116 2428 1281 2459 sacerdotes,
1313 2427 1459 2463 fugientem
1479 2427 1659 2455 Abiatltarum
1685 2430 1813 2463 suscipit,

1028 2482 1089 2501 cum
1107 2478 1134 2500 et
1157 2474 1215 2508 ipse
1231 2475 1257 2500 in
1285 2474 1347 2508 fuga
1374 2474 1496 2509 degeret,
1512 2475 1696 2509 indigeretque
1715 2475 1747 2500 iis
1770 2474 1815 2507 qui

1029 2527 1085 2546 rem
1104 2519 1155 2546 sibi
1176 2527 1282 2547 sacram
1301 2520 1432 2547 facerent.
1451 2519 1550 2547 Hostes
1569 2521 1697 2555 populum
1721 2526 1816 2553 aggre-

1029 2567 1145 2598 dientcs,
1162 2567 1224 2593 dum
1250 2567 1275 2593 in
1292 2566 1384 2593 Judwa
1404 2567 1448 2593 vix
1463 2567 1571 2601 quietus
1591 2566 1741 2593 consistere
1755 2571 1818 2598 pus-

1030 2616 1081 2642 set.
1100 2612 1296 2646 superveniens
1317 2612 1500 2647 oppugnabat,
1517 2617 1544 2639 et
1562 2612 1594 2638 ad
1612 2618 1657 2638 eos
1677 2609 1722 2643 qui
1741 2608 1816 2634 illum

1031 2659 1274 2692 persequebantur.
1293 2659 1381 2693 spolia
1402 2659 1536 2689 mittebat,
1562 2664 1622 2691 qua:
1643 2656 1676 2682 ab
1701 2654 1819 2682 inimicis

1030 2704 1156 2739 gentibus
1185 2703 1350 2732 detraxerat.
1376 2703 1550 2732 [madentem
1581 2702 1677 2728 iterum
1707 2699 1818 2727 Saulcm

1031 2757 1203 2784 nequaquam
1230 2750 1366 2778 interfecit
1381 2760 1389 2778 :
1407 2750 1473 2785 quin
1497 2748 1588 2783 potius
1598 2746 1703 2774 indicia
1724 2745 1821 2774 diutis-

1067 2826 1122 2862 (ΤΞ)
1143 2827 1222 2855 Forte
1238 2829 1333 2856 ἐπιών.
