  <div class='ocr_page' id='page_1' title='image "/cluster/home/n/w/nwhite01/storage/ocr_20150623/106/njp.32101077772901/057.png"; bbox 0 0 2073 3161; ppageno 0'>
   <div class='ocr_carea' id='block_1_1' title="bbox 279 194 1904 230">
    <p class='ocr_par' dir='ltr' id='par_1_1' title="bbox 279 194 1904 230">
     <span class='ocr_line' id='line_1_1' title="bbox 279 194 1904 230; baseline -0.004 0"><span class='ocrx_word' id='word_1_1' title='bbox 279 200 314 230; x_wconf 74' lang='grc'><strong>’70</strong></span> <span class='ocrx_word' id='word_1_2' title='bbox 1018 196 1169 227; x_wconf 83' lang='lat' dir='ltr'><strong>JOSEPPI</strong></span> <span class='ocrx_word' id='word_1_3' title='bbox 1868 194 1904 224; x_wconf 87' lang='lat'><strong>80</strong></span> 
     </span>
    </p>
   </div>
   <div class='ocr_carea' id='block_1_2' title="bbox 278 250 1070 292">
    <p class='ocr_par' dir='ltr' id='par_1_2' title="bbox 278 253 1062 292">
     <span class='ocr_line' id='line_1_2' title="bbox 278 253 1062 292; baseline -0.006 -7"><span class='ocrx_word' id='word_1_4' title='bbox 278 258 363 286; x_wconf 87' lang='lat' dir='ltr'><strong>sionis</strong></span> <span class='ocrx_word' id='word_1_5' title='bbox 370 257 440 292; x_wconf 91' lang='lat' dir='ltr'><strong>ejus,</strong></span> <span class='ocrx_word' id='word_1_6' title='bbox 454 256 535 283; x_wconf 86' lang='lat' dir='ltr'><strong>modo</strong></span> <span class='ocrx_word' id='word_1_7' title='bbox 545 255 696 290; x_wconf 81' lang='lat' dir='ltr'><strong>chlamydis</strong></span> <span class='ocrx_word' id='word_1_8' title='bbox 707 253 852 288; x_wconf 81' lang='lat' dir='ltr'><strong>ﬁmbriam,</strong></span> <span class='ocrx_word' id='word_1_9' title='bbox 866 254 946 282; x_wconf 86' lang='lat' dir='ltr'><strong>modo</strong></span> <span class='ocrx_word' id='word_1_10' title='bbox 957 254 1062 281; x_wconf 78' lang='lat' dir='ltr'><strong>hastam</strong></span> 
     </span>
    </p>
   </div>
   <div class='ocr_carea' id='block_1_3' title="bbox 1122 250 1903 292">
    <p class='ocr_par' dir='ltr' id='par_1_3' title="bbox 1122 250 1903 289">
     <span class='ocr_line' id='line_1_3' title="bbox 1122 250 1903 289; baseline -0.004 -8"><span class='ocrx_word' id='word_1_11' title='bbox 1122 255 1147 281; x_wconf 73' lang='grc' dir='ltr'>δὲ</span> <span class='ocrx_word' id='word_1_12' title='bbox 1161 255 1191 281; x_wconf 64' lang='grc' dir='ltr'><strong>τὺ</strong></span> <span class='ocrx_word' id='word_1_13' title='bbox 1205 254 1267 289; x_wconf 87' lang='grc' dir='ltr'>δόρυ</span> <span class='ocrx_word' id='word_1_14' title='bbox 1283 254 1330 281; x_wconf 82' lang='grc' dir='ltr'>καὶ</span> <span class='ocrx_word' id='word_1_15' title='bbox 1345 253 1375 280; x_wconf 81' lang='grc' dir='ltr'><strong>τὸ</strong></span> <span class='ocrx_word' id='word_1_16' title='bbox 1391 252 1562 280; x_wconf 82' lang='grc' dir='ltr'>νυκτιπότιον</span> <span class='ocrx_word' id='word_1_17' title='bbox 1578 250 1744 286; x_wconf 59' lang='grc' dir='ltr'>ἀφελόμενος</span> <span class='ocrx_word' id='word_1_18' title='bbox 1765 251 1903 282; x_wconf 74' lang='grc' dir='ltr'>ἀπεδίδου,</span> 
     </span>
    </p>
   </div>
   <div class='ocr_carea' id='block_1_4' title="bbox 278 299 1063 337">
    <p class='ocr_par' dir='ltr' id='par_1_4' title="bbox 278 299 1063 337">
     <span class='ocr_line' id='line_1_4' title="bbox 278 299 1063 337; baseline -0.006 -7"><span class='ocrx_word' id='word_1_19' title='bbox 278 309 305 331; x_wconf 88' lang='lat' dir='ltr'><strong>et</strong></span> <span class='ocrx_word' id='word_1_20' title='bbox 321 303 392 337; x_wconf 88' lang='lat' dir='ltr'><strong>quod</strong></span> <span class='ocrx_word' id='word_1_21' title='bbox 416 302 567 329; x_wconf 87' lang='lat' dir='ltr'><strong>abstulerat</strong></span> <span class='ocrx_word' id='word_1_22' title='bbox 586 305 749 328; x_wconf 88' lang='lat' dir='ltr'><strong>nocturnum</strong></span> <span class='ocrx_word' id='word_1_23' title='bbox 768 301 905 335; x_wconf 83' lang='lat' dir='ltr'><strong>poculum,</strong></span> <span class='ocrx_word' id='word_1_24' title='bbox 920 299 1063 332; x_wconf 88' lang='lat' dir='ltr'><strong>reddebat;</strong></span> 
     </span>
    </p>
   </div>
   <div class='ocr_carea' id='block_1_5' title="bbox 278 347 1065 379">
    <p class='ocr_par' dir='ltr' id='par_1_5' title="bbox 278 347 1065 379">
     <span class='ocr_line' id='line_1_5' title="bbox 278 347 1065 379; baseline -0.008 -2"><span class='ocrx_word' id='word_1_25' title='bbox 278 350 424 377; x_wconf 87' lang='lat' dir='ltr'><strong>ostendens</strong></span> <span class='ocrx_word' id='word_1_26' title='bbox 447 356 557 375; x_wconf 89' lang='lat' dir='ltr'><strong>manere</strong></span> <span class='ocrx_word' id='word_1_27' title='bbox 573 355 604 375; x_wconf 86' lang='lat' dir='ltr'><strong>se</strong></span> <span class='ocrx_word' id='word_1_28' title='bbox 622 348 706 374; x_wconf 88' lang='lat' dir='ltr'><strong>Deum</strong></span> <span class='ocrx_word' id='word_1_29' title='bbox 729 347 876 379; x_wconf 81' lang='lat' dir='ltr'><strong>vindicem,</strong></span> <span class='ocrx_word' id='word_1_30' title='bbox 894 351 1002 373; x_wconf 81' lang='lat' dir='ltr'><strong>tametsr</strong></span> <span class='ocrx_word' id='word_1_31' title='bbox 1019 352 1065 371; x_wconf 85' lang='lat' dir='ltr'><strong>ac-</strong></span> 
     </span>
    </p>
   </div>
   <div class='ocr_carea' id='block_1_6' title="bbox 278 391 1065 430">
    <p class='ocr_par' dir='ltr' id='par_1_6' title="bbox 278 391 1065 430">
     <span class='ocr_line' id='line_1_6' title="bbox 278 391 1065 430; baseline -0.008 -7"><span class='ocrx_word' id='word_1_32' title='bbox 278 396 396 430; x_wconf 76' lang='lat' dir='ltr'><strong>cepisset</strong></span> <span class='ocrx_word' id='word_1_33' title='bbox 410 394 443 421; x_wconf 85' lang='lat' dir='ltr'><strong>ab</strong></span> <span class='ocrx_word' id='word_1_34' title='bbox 457 402 490 420; x_wconf 87' lang='lat' dir='ltr'><strong>eo</strong></span> <span class='ocrx_word' id='word_1_35' title='bbox 504 393 530 420; x_wconf 89' lang='lat' dir='ltr'><strong>id</strong></span> <span class='ocrx_word' id='word_1_36' title='bbox 544 393 686 428; x_wconf 65' lang='lat' dir='ltr'><strong>prmstandi</strong></span> <span class='ocrx_word' id='word_1_37' title='bbox 703 392 869 419; x_wconf 71' lang='lat' dir='ltr'><strong>facultatem.</strong></span> <span class='ocrx_word' id='word_1_38' title='bbox 884 391 912 418; x_wconf 83' lang='lat' dir='ltr'><strong>in</strong></span> <span class='ocrx_word' id='word_1_39' title='bbox 927 391 1065 418; x_wconf 84' lang='lat' dir='ltr'><strong>montibus</strong></span> 
     </span>
    </p>
   </div>
   <div class='ocr_carea' id='block_1_7' title="bbox 279 436 1066 474">
    <p class='ocr_par' dir='ltr' id='par_1_7' title="bbox 279 436 1066 474">
     <span class='ocr_line' id='line_1_7' title="bbox 279 436 1066 474; baseline -0.009 -6"><span class='ocrx_word' id='word_1_40' title='bbox 279 449 306 469; x_wconf 86' lang='lat' dir='ltr'><strong>et</strong></span> <span class='ocrx_word' id='word_1_41' title='bbox 325 441 440 468; x_wconf 82' lang='lat' dir='ltr'><strong>desertis</strong></span> <span class='ocrx_word' id='word_1_42' title='bbox 453 444 576 474; x_wconf 87' lang='lat' dir='ltr'><strong>tempore</strong></span> <span class='ocrx_word' id='word_1_43' title='bbox 592 439 662 473; x_wconf 61' lang='lat' dir='ltr'><strong>fugae</strong></span> <span class='ocrx_word' id='word_1_44' title='bbox 677 438 788 472; x_wconf 59' lang='lat' dir='ltr'><strong>degens,</strong></span> <span class='ocrx_word' id='word_1_45' title='bbox 814 437 954 465; x_wconf 84' lang='lat' dir='ltr'><strong>custodem</strong></span> <span class='ocrx_word' id='word_1_46' title='bbox 969 436 1066 470; x_wconf 75' lang='lat' dir='ltr'><strong>agebat</strong></span> 
     </span>
    </p>
   </div>
   <div class='ocr_carea' id='block_1_8' title="bbox 278 480 1065 523">
    <p class='ocr_par' dir='ltr' id='par_1_8' title="bbox 278 480 1065 523">
     <span class='ocr_line' id='line_1_8' title="bbox 278 480 1065 523; baseline -0.008 -11"><span class='ocrx_word' id='word_1_47' title='bbox 278 494 403 523; x_wconf 78' lang='lat' dir='ltr'><strong>gregum,</strong></span> <span class='ocrx_word' id='word_1_48' title='bbox 421 485 510 519; x_wconf 82' lang='lat' dir='ltr'><strong>iisque</strong></span> <span class='ocrx_word' id='word_1_49' title='bbox 532 483 614 510; x_wconf 89' lang='lat' dir='ltr'><strong>etiam</strong></span> <span class='ocrx_word' id='word_1_50' title='bbox 631 484 677 518; x_wconf 87' lang='lat' dir='ltr'><strong>qui</strong></span> <span class='ocrx_word' id='word_1_51' title='bbox 694 489 790 516; x_wconf 76' lang='lat' dir='ltr'><strong>greges</strong></span> <span class='ocrx_word' id='word_1_52' title='bbox 807 480 992 515; x_wconf 84' lang='lat' dir='ltr'><strong>possidebant,</strong></span> <span class='ocrx_word' id='word_1_53' title='bbox 1018 480 1065 507; x_wconf 83' lang='lat' dir='ltr'><strong>de-</strong></span> 
     </span>
    </p>
   </div>
   <div class='ocr_carea' id='block_1_9' title="bbox 276 525 1065 565">
    <p class='ocr_par' dir='ltr' id='par_1_9' title="bbox 276 525 1065 565">
     <span class='ocr_line' id='line_1_9' title="bbox 276 525 1065 565; baseline -0.01 -6"><span class='ocrx_word' id='word_1_54' title='bbox 276 533 413 560; x_wconf 84' lang='lat' dir='ltr'><strong>fensorem</strong></span> <span class='ocrx_word' id='word_1_55' title='bbox 426 538 455 558; x_wconf 90' lang='lat' dir='ltr'><strong>se</strong></span> <span class='ocrx_word' id='word_1_56' title='bbox 465 529 611 565; x_wconf 66' lang='lat' dir='ltr'><strong>praebebat.</strong></span> <span class='ocrx_word' id='word_1_57' title='bbox 624 526 827 555; x_wconf 83' lang='lat' dir='ltr'><strong>Conviciantem</strong></span> <span class='ocrx_word' id='word_1_58' title='bbox 843 525 986 557; x_wconf 81' lang='lat' dir='ltr'><strong>Nabalum,</strong></span> <span class='ocrx_word' id='word_1_59' title='bbox 1000 525 1065 552; x_wconf 90' lang='lat' dir='ltr'><strong>dum</strong></span> 
     </span>
    </p>
   </div>
   <div class='ocr_carea' id='block_1_10' title="bbox 278 571 1064 611">
    <p class='ocr_par' dir='ltr' id='par_1_10' title="bbox 278 571 1064 611">
     <span class='ocr_line' id='line_1_10' title="bbox 278 571 1064 611; baseline -0.01 -6"><span class='ocrx_word' id='word_1_60' title='bbox 278 579 311 606; x_wconf 88' lang='lat' dir='ltr'><strong>ab</strong></span> <span class='ocrx_word' id='word_1_61' title='bbox 326 587 358 605; x_wconf 87' lang='lat' dir='ltr'><strong>eo</strong></span> <span class='ocrx_word' id='word_1_62' title='bbox 377 582 498 611; x_wconf 89' lang='lat' dir='ltr'><strong>tempore</strong></span> <span class='ocrx_word' id='word_1_63' title='bbox 523 581 643 602; x_wconf 71' lang='lat' dir='ltr'><strong>tonsura:</strong></span> <span class='ocrx_word' id='word_1_64' title='bbox 657 574 748 600; x_wconf 87' lang='lat' dir='ltr'><strong>ovium</strong></span> <span class='ocrx_word' id='word_1_65' title='bbox 768 572 936 599; x_wconf 88' lang='lat' dir='ltr'><strong>munuscula</strong></span> <span class='ocrx_word' id='word_1_66' title='bbox 955 571 991 598; x_wconf 92' lang='lat' dir='ltr'><strong>ob</strong></span> <span class='ocrx_word' id='word_1_67' title='bbox 1015 579 1064 598; x_wconf 85' lang='lat' dir='ltr'><strong>cu-</strong></span> 
     </span>
    </p>
   </div>
   <div class='ocr_carea' id='block_1_11' title="bbox 278 616 1064 657">
    <p class='ocr_par' dir='ltr' id='par_1_11' title="bbox 278 616 1064 657">
     <span class='ocr_line' id='line_1_11' title="bbox 278 616 1064 657; baseline -0.011 -6"><span class='ocrx_word' id='word_1_68' title='bbox 278 624 394 651; x_wconf 77' lang='lat' dir='ltr'><strong>stodiam</strong></span> <span class='ocrx_word' id='word_1_69' title='bbox 414 629 527 657; x_wconf 80' lang='lat' dir='ltr'><strong>gregum</strong></span> <span class='ocrx_word' id='word_1_70' title='bbox 543 620 710 655; x_wconf 82' lang='lat' dir='ltr'><strong>postularet,</strong></span> <span class='ocrx_word' id='word_1_71' title='bbox 733 625 784 645; x_wconf 85' lang='lat' dir='ltr'><strong>nec</strong></span> <span class='ocrx_word' id='word_1_72' title='bbox 800 617 995 644; x_wconf 75' lang='lat' dir='ltr'><strong>contumeliam</strong></span> <span class='ocrx_word' id='word_1_73' title='bbox 1011 616 1064 651; x_wconf 89' lang='lat' dir='ltr'><strong>pati</strong></span> 
     </span>
    </p>
   </div>
   <div class='ocr_carea' id='block_1_12' title="bbox 277 659 1065 703">
    <p class='ocr_par' dir='ltr' id='par_1_12' title="bbox 277 659 1065 703">
     <span class='ocr_line' id='line_1_12' title="bbox 277 659 1065 703; baseline -0.013 -8"><span class='ocrx_word' id='word_1_74' title='bbox 277 676 356 703; x_wconf 79' lang='lat' dir='ltr'><strong>aequo</strong></span> <span class='ocrx_word' id='word_1_75' title='bbox 379 667 471 694; x_wconf 84' lang='lat' dir='ltr'><strong>animo</strong></span> <span class='ocrx_word' id='word_1_76' title='bbox 498 665 641 699; x_wconf 85' lang='lat' dir='ltr'><strong>potuisset,</strong></span> <span class='ocrx_word' id='word_1_77' title='bbox 656 661 769 697; x_wconf 80' lang='lat' dir='ltr'><strong>jainjam</strong></span> <span class='ocrx_word' id='word_1_78' title='bbox 789 659 984 687; x_wconf 79' lang='lat' dir='ltr'><strong>interfecturus</strong></span> <span class='ocrx_word' id='word_1_79' title='bbox 1000 666 1065 693; x_wconf 80' lang='lat' dir='ltr'><strong>pro-</strong></span> 
     </span>
    </p>
   </div>
   <div class='ocr_carea' id='block_1_13' title="bbox 278 704 1064 749">
    <p class='ocr_par' dir='ltr' id='par_1_13' title="bbox 278 704 1064 749">
     <span class='ocr_line' id='line_1_13' title="bbox 278 704 1064 749; baseline -0.013 -9"><span class='ocrx_word' id='word_1_80' title='bbox 278 713 404 749; x_wconf 75' lang='lat' dir='ltr'><strong>perabat,</strong></span> <span class='ocrx_word' id='word_1_81' title='bbox 426 712 478 739; x_wconf 87' lang='lat' dir='ltr'><strong>nisi</strong></span> <span class='ocrx_word' id='word_1_82' title='bbox 502 710 611 745; x_wconf 79' lang='lat' dir='ltr'><strong>sapiens</strong></span> <span class='ocrx_word' id='word_1_83' title='bbox 637 708 760 743; x_wconf 63' lang='lat' dir='ltr'><strong>quaedam</strong></span> <span class='ocrx_word' id='word_1_84' title='bbox 786 706 897 733; x_wconf 82' lang='lat' dir='ltr'><strong>Nabalis</strong></span> <span class='ocrx_word' id='word_1_85' title='bbox 917 712 996 735; x_wconf 80' lang='lat' dir='ltr'><strong>uxor,</strong></span> <span class='ocrx_word' id='word_1_86' title='bbox 1021 704 1064 731; x_wconf 90' lang='lat' dir='ltr'><strong>cui</strong></span> 
     </span>
    </p>
   </div>
   <div class='ocr_carea' id='block_1_14' title="bbox 277 751 1062 791">
    <p class='ocr_par' dir='ltr' id='par_1_14' title="bbox 277 751 1062 791">
     <span class='ocr_line' id='line_1_14' title="bbox 277 751 1062 791; baseline -0.014 -5"><span class='ocrx_word' id='word_1_87' title='bbox 277 767 376 786; x_wconf 85' lang='lat' dir='ltr'><strong>nomen</strong></span> <span class='ocrx_word' id='word_1_88' title='bbox 400 757 506 791; x_wconf 60' lang='lat' dir='ltr'><strong>Abigxa</strong></span> <span class='ocrx_word' id='word_1_89' title='bbox 523 759 591 786; x_wconf 85' lang='lat' dir='ltr'><strong>erat,</strong></span> <span class='ocrx_word' id='word_1_90' title='bbox 610 762 671 781; x_wconf 88' lang='lat' dir='ltr'><strong>cum</strong></span> <span class='ocrx_word' id='word_1_91' title='bbox 688 752 846 779; x_wconf 89' lang='lat' dir='ltr'><strong>muneribus</strong></span> <span class='ocrx_word' id='word_1_92' title='bbox 863 751 887 778; x_wconf 90' lang='lat' dir='ltr'><strong>ei</strong></span> <span class='ocrx_word' id='word_1_93' title='bbox 902 757 1062 779; x_wconf 84' lang='lat' dir='ltr'><strong>occurrens,</strong></span> 
     </span>
    </p>
   </div>
   <div class='ocr_carea' id='block_1_15' title="bbox 277 795 1066 840">
    <p class='ocr_par' dir='ltr' id='par_1_15' title="bbox 277 795 1066 840">
     <span class='ocr_line' id='line_1_15' title="bbox 277 795 1066 840; baseline -0.014 -8"><span class='ocrx_word' id='word_1_94' title='bbox 277 803 445 840; x_wconf 81' lang='lat' dir='ltr'><strong>propheticis</strong></span> <span class='ocrx_word' id='word_1_95' title='bbox 464 801 586 828; x_wconf 85' lang='lat' dir='ltr'><strong>lcniissct</strong></span> <span class='ocrx_word' id='word_1_96' title='bbox 603 798 787 827; x_wconf 86' lang='lat' dir='ltr'><strong>sermonibus.</strong></span> <span class='ocrx_word' id='word_1_97' title='bbox 809 797 912 824; x_wconf 80' lang='lat' dir='ltr'><strong>Vindex</strong></span> <span class='ocrx_word' id='word_1_98' title='bbox 935 795 996 830; x_wconf 81' lang='lat' dir='ltr'><strong>ejus</strong></span> <span class='ocrx_word' id='word_1_99' title='bbox 1015 795 1066 821; x_wconf 89' lang='lat' dir='ltr'><strong>fuit</strong></span> 
     </span>
    </p>
   </div>
   <div class='ocr_carea' id='block_1_16' title="bbox 278 842 1065 883">
    <p class='ocr_par' dir='ltr' id='par_1_16' title="bbox 278 842 1065 883">
     <span class='ocr_line' id='line_1_16' title="bbox 278 842 1065 883; baseline -0.015 -4"><span class='ocrx_word' id='word_1_100' title='bbox 278 853 352 879; x_wconf 83' lang='lat' dir='ltr'><strong>Deus</strong></span> <span class='ocrx_word' id='word_1_101' title='bbox 369 860 375 878; x_wconf 90' lang='lat'>:</span> <span class='ocrx_word' id='word_1_102' title='bbox 401 849 486 876; x_wconf 86' lang='lat' dir='ltr'><strong>Nabal</strong></span> <span class='ocrx_word' id='word_1_103' title='bbox 504 848 601 883; x_wconf 86' lang='lat' dir='ltr'><strong>quippe</strong></span> <span class='ocrx_word' id='word_1_104' title='bbox 617 847 750 873; x_wconf 87' lang='lat' dir='ltr'><strong>citissime</strong></span> <span class='ocrx_word' id='word_1_105' title='bbox 769 844 893 873; x_wconf 87' lang='lat' dir='ltr'><strong>moritur.</strong></span> <span class='ocrx_word' id='word_1_106' title='bbox 911 843 979 870; x_wconf 89' lang='lat' dir='ltr'><strong>Cum</strong></span> <span class='ocrx_word' id='word_1_107' title='bbox 993 842 1065 869; x_wconf 86' lang='lat' dir='ltr'><strong>enim</strong></span> 
     </span>
    </p>
   </div>
   <div class='ocr_carea' id='block_1_17' title="bbox 278 890 1065 932">
    <p class='ocr_par' dir='ltr' id='par_1_17' title="bbox 278 890 1065 932">
     <span class='ocr_line' id='line_1_17' title="bbox 278 890 1065 932; baseline -0.017 -7"><span class='ocrx_word' id='word_1_108' title='bbox 278 899 301 925; x_wconf 89' lang='lat' dir='ltr'><strong>is</strong></span> <span class='ocrx_word' id='word_1_109' title='bbox 311 898 367 932; x_wconf 84' lang='lat' dir='ltr'><strong>jam</strong></span> <span class='ocrx_word' id='word_1_110' title='bbox 381 895 518 930; x_wconf 88' lang='lat' dir='ltr'><strong>crapulam</strong></span> <span class='ocrx_word' id='word_1_111' title='bbox 544 892 765 923; x_wconf 82' lang='lat' dir='ltr'><strong>obdormivisset,</strong></span> <span class='ocrx_word' id='word_1_112' title='bbox 789 890 997 925; x_wconf 79' lang='lat' dir='ltr'><strong>agnovissetque</strong></span> <span class='ocrx_word' id='word_1_113' title='bbox 1012 895 1065 921; x_wconf 91' lang='lat' dir='ltr'><strong>qua</strong></span> 
     </span>
    </p>
   </div>
   <div class='ocr_carea' id='block_1_18' title="bbox 278 920 1102 970">
    <p class='ocr_par' dir='ltr' id='par_1_18' title="bbox 278 920 1102 970">
     <span class='ocr_line' id='line_1_18' title="bbox 278 920 1027 932; baseline -0.016 -7"><span class='ocrx_word' id='word_1_114' title='bbox 278 920 301 925; x_wconf 82' lang='lat'><strong>.-</strong></span> <span class='ocrx_word' id='word_1_115' title='bbox 311 920 367 932; x_wconf 56' lang='grc' dir='ltr'><strong>ν...</strong></span> <span class='ocrx_word' id='word_1_116' title='bbox 384 920 442 930; x_wconf 60' lang='grc' dir='ltr'>-..τ</span> <span class='ocrx_word' id='word_1_117' title='bbox 759 920 763 923; x_wconf 71' lang='grc'><strong>,</strong></span> <span class='ocrx_word' id='word_1_118' title='bbox 807 920 820 925; x_wconf 48' lang='grc' dir='ltr'>ν</span> <span class='ocrx_word' id='word_1_119' title='bbox 954 920 961 922; x_wconf 16' lang='grc' dir='ltr'><em>ἡ</em></span> <span class='ocrx_word' id='word_1_120' title='bbox 1022 920 1027 921; x_wconf 21' lang='grc' dir='ltr'><strong>γ</strong></span> 
     </span>
     <span class='ocr_line' id='line_1_19' title="bbox 278 920 1102 970; baseline -0.015 -1"><span class='ocrx_word' id='word_1_121' title='bbox 278 951 339 970; x_wconf 80' lang='lat' dir='ltr'><strong>eum</strong></span> <span class='ocrx_word' id='word_1_122' title='bbox 358 941 494 968; x_wconf 76' lang='lat' dir='ltr'><strong>affecisset</strong></span> <span class='ocrx_word' id='word_1_123' title='bbox 518 937 693 969; x_wconf 71' lang='lat' dir='ltr'><strong>Contumelia,</strong></span> <span class='ocrx_word' id='word_1_124' title='bbox 718 941 745 963; x_wconf 88' lang='lat' dir='ltr'><strong>et</strong></span> <span class='ocrx_word' id='word_1_125' title='bbox 769 943 829 970; x_wconf 70' lang='lat' dir='ltr'><strong>qua:</strong></span> <span class='ocrx_word' id='word_1_126' title='bbox 846 940 979 969; x_wconf 82' lang='lat' dir='ltr'><strong>passurus</strong></span> <span class='ocrx_word' id='word_1_127' title='bbox 995 935 1064 963; x_wconf 87' lang='lat' dir='ltr'><strong>erat,</strong></span> <span class='ocrx_word' id='word_1_128' title='bbox 1082 920 1102 949; x_wconf 75' lang='grc' dir='ltr'><strong>Β</strong></span> 
     </span>
    </p>
   </div>
   <div class='ocr_carea' id='block_1_19' title="bbox 278 976 1064 1019">
    <p class='ocr_par' dir='ltr' id='par_1_19' title="bbox 278 976 1064 1019">
     <span class='ocr_line' id='line_1_20' title="bbox 278 976 1064 1019; baseline -0.014 -7"><span class='ocrx_word' id='word_1_129' title='bbox 278 991 351 1013; x_wconf 89' lang='lat' dir='ltr'><strong>metu</strong></span> <span class='ocrx_word' id='word_1_130' title='bbox 367 983 508 1019; x_wconf 89' lang='lat' dir='ltr'><strong>perculsus</strong></span> <span class='ocrx_word' id='word_1_131' title='bbox 523 982 600 1008; x_wconf 87' lang='lat' dir='ltr'><strong>obiit.</strong></span> <span class='ocrx_word' id='word_1_132' title='bbox 618 981 685 1006; x_wconf 90' lang='lat' dir='ltr'><strong>Cum</strong></span> <span class='ocrx_word' id='word_1_133' title='bbox 702 980 814 1006; x_wconf 82' lang='lat' dir='ltr'><strong>Auchus</strong></span> <span class='ocrx_word' id='word_1_134' title='bbox 829 978 909 1004; x_wconf 80' lang='lat' dir='ltr'><strong>vellet</strong></span> <span class='ocrx_word' id='word_1_135' title='bbox 925 976 1003 1003; x_wconf 88' lang='lat' dir='ltr'><strong>illum</strong></span> <span class='ocrx_word' id='word_1_136' title='bbox 1018 976 1064 1002; x_wconf 83' lang='lat' dir='ltr'><strong>ha~</strong></span> 
     </span>
    </p>
   </div>
   <div class='ocr_carea' id='block_1_20' title="bbox 277 1022 1066 1059">
    <p class='ocr_par' dir='ltr' id='par_1_20' title="bbox 277 1022 1066 1059">
     <span class='ocr_line' id='line_1_21' title="bbox 277 1022 1066 1059; baseline -0.016 0"><span class='ocrx_word' id='word_1_137' title='bbox 277 1033 341 1059; x_wconf 84' lang='lat' dir='ltr'><strong>bere</strong></span> <span class='ocrx_word' id='word_1_138' title='bbox 353 1029 458 1058; x_wconf 88' lang='lat' dir='ltr'><strong>socium</strong></span> <span class='ocrx_word' id='word_1_139' title='bbox 472 1028 498 1054; x_wconf 92' lang='lat' dir='ltr'><strong>in</strong></span> <span class='ocrx_word' id='word_1_140' title='bbox 512 1027 582 1053; x_wconf 80' lang='lat' dir='ltr'><strong>bello</strong></span> <span class='ocrx_word' id='word_1_141' title='bbox 596 1026 728 1052; x_wconf 75' lang='lat' dir='ltr'><strong>adversus</strong></span> <span class='ocrx_word' id='word_1_142' title='bbox 740 1024 861 1053; x_wconf 85' lang='lat' dir='ltr'><strong>Sanlem,</strong></span> <span class='ocrx_word' id='word_1_143' title='bbox 876 1030 930 1049; x_wconf 86' lang='lat' dir='ltr'><strong>non</strong></span> <span class='ocrx_word' id='word_1_144' title='bbox 944 1022 1066 1048; x_wconf 83' lang='lat' dir='ltr'><strong>siverunt</strong></span> 
     </span>
    </p>
   </div>
   <div class='ocr_carea' id='block_1_21' title="bbox 279 1067 1067 1110">
    <p class='ocr_par' dir='ltr' id='par_1_21' title="bbox 279 1067 1067 1110">
     <span class='ocr_line' id='line_1_22' title="bbox 279 1067 1067 1110; baseline -0.016 -5"><span class='ocrx_word' id='word_1_145' title='bbox 279 1079 304 1105; x_wconf 89' lang='lat' dir='ltr'><strong>id</strong></span> <span class='ocrx_word' id='word_1_146' title='bbox 321 1077 375 1108; x_wconf 81' lang='lat' dir='ltr'><strong>sui,</strong></span> <span class='ocrx_word' id='word_1_147' title='bbox 399 1074 524 1110; x_wconf 84' lang='lat' dir='ltr'><strong>quamvis</strong></span> <span class='ocrx_word' id='word_1_148' title='bbox 544 1073 569 1099; x_wconf 89' lang='lat' dir='ltr'><strong>id</strong></span> <span class='ocrx_word' id='word_1_149' title='bbox 586 1079 694 1106; x_wconf 83' lang='lat' dir='ltr'><strong>quoque</strong></span> <span class='ocrx_word' id='word_1_150' title='bbox 713 1070 796 1096; x_wconf 80' lang='lat' dir='ltr'><strong>David</strong></span> <span class='ocrx_word' id='word_1_151' title='bbox 822 1069 914 1096; x_wconf 85' lang='lat' dir='ltr'><strong>vellet.</strong></span> <span class='ocrx_word' id='word_1_152' title='bbox 936 1067 1025 1094; x_wconf 86' lang='lat' dir='ltr'><strong>Aliam</strong></span> <span class='ocrx_word' id='word_1_153' title='bbox 1040 1071 1067 1093; x_wconf 88' lang='lat' dir='ltr'><strong>et</strong></span> 
     </span>
    </p>
   </div>
   <div class='ocr_carea' id='block_1_22' title="bbox 281 1112 1068 1154">
    <p class='ocr_par' dir='ltr' id='par_1_22' title="bbox 281 1112 1068 1154">
     <span class='ocr_line' id='line_1_23' title="bbox 281 1112 1068 1154; baseline -0.017 -4"><span class='ocrx_word' id='word_1_154' title='bbox 281 1123 324 1150; x_wconf 83' lang='lat' dir='ltr'><strong>hic</strong></span> <span class='ocrx_word' id='word_1_155' title='bbox 342 1122 376 1149; x_wconf 85' lang='lat' dir='ltr'><strong>ab</strong></span> <span class='ocrx_word' id='word_1_156' title='bbox 401 1121 459 1154; x_wconf 89' lang='lat' dir='ltr'><strong>ipso</strong></span> <span class='ocrx_word' id='word_1_157' title='bbox 483 1119 538 1145; x_wconf 64' lang='lat' dir='ltr'><strong>Deo</strong></span> <span class='ocrx_word' id='word_1_158' title='bbox 555 1125 634 1152; x_wconf 79' lang='lat' dir='ltr'><strong>opem</strong></span> <span class='ocrx_word' id='word_1_159' title='bbox 652 1116 722 1142; x_wconf 90' lang='lat' dir='ltr'><strong>tulit.</strong></span> <span class='ocrx_word' id='word_1_160' title='bbox 737 1115 805 1142; x_wconf 86' lang='lat' dir='ltr'><strong>Cum</strong></span> <span class='ocrx_word' id='word_1_161' title='bbox 819 1115 890 1140; x_wconf 86' lang='lat' dir='ltr'><strong>enim</strong></span> <span class='ocrx_word' id='word_1_162' title='bbox 908 1113 987 1139; x_wconf 87' lang='lat' dir='ltr'><strong>vellet</strong></span> <span class='ocrx_word' id='word_1_163' title='bbox 1011 1112 1068 1146; x_wconf 90' lang='lat' dir='ltr'><strong>ipse</strong></span> 
     </span>
    </p>
   </div>
   <div class='ocr_carea' id='block_1_23' title="bbox 281 1157 1067 1203">
    <p class='ocr_par' dir='ltr' id='par_1_23' title="bbox 281 1157 1067 1203">
     <span class='ocr_line' id='line_1_24' title="bbox 281 1157 1067 1203; baseline -0.015 -8"><span class='ocrx_word' id='word_1_164' title='bbox 281 1175 400 1203; x_wconf 72' lang='lat' dir='ltr'><strong>pugnare</strong></span> <span class='ocrx_word' id='word_1_165' title='bbox 415 1173 475 1192; x_wconf 87' lang='lat' dir='ltr'><strong>cum</strong></span> <span class='ocrx_word' id='word_1_166' title='bbox 493 1163 658 1190; x_wconf 66' lang='lat' dir='ltr'><strong>l‘hilislhteis</strong></span> <span class='ocrx_word' id='word_1_167' title='bbox 679 1168 733 1195; x_wconf 93' lang='lat' dir='ltr'><strong>quo</strong></span> <span class='ocrx_word' id='word_1_168' title='bbox 754 1160 846 1194; x_wconf 71' lang='lat' dir='ltr'><strong>praelia</strong></span> <span class='ocrx_word' id='word_1_169' title='bbox 862 1159 925 1185; x_wconf 82' lang='lat' dir='ltr'><strong>Sani</strong></span> <span class='ocrx_word' id='word_1_170' title='bbox 941 1166 972 1185; x_wconf 90' lang='lat' dir='ltr'><strong>ac</strong></span> <span class='ocrx_word' id='word_1_171' title='bbox 983 1157 1067 1184; x_wconf 83' lang='lat' dir='ltr'><strong>Jona-</strong></span> 
     </span>
    </p>
   </div>
   <div class='ocr_carea' id='block_1_24' title="bbox 281 1205 1067 1240">
    <p class='ocr_par' dir='ltr' id='par_1_24' title="bbox 281 1205 1067 1240">
     <span class='ocr_line' id='line_1_25' title="bbox 281 1205 1067 1240; baseline -0.015 0"><span class='ocrx_word' id='word_1_172' title='bbox 281 1214 343 1240; x_wconf 83' lang='lat' dir='ltr'><strong>thas</strong></span> <span class='ocrx_word' id='word_1_173' title='bbox 358 1211 447 1239; x_wconf 83' lang='lat' dir='ltr'><strong>casuri</strong></span> <span class='ocrx_word' id='word_1_174' title='bbox 469 1212 577 1239; x_wconf 85' lang='lat' dir='ltr'><strong>essent,</strong></span> <span class='ocrx_word' id='word_1_175' title='bbox 592 1206 724 1234; x_wconf 90' lang='lat' dir='ltr'><strong>dimissus</strong></span> <span class='ocrx_word' id='word_1_176' title='bbox 740 1205 774 1231; x_wconf 90' lang='lat' dir='ltr'><strong>ab</strong></span> <span class='ocrx_word' id='word_1_177' title='bbox 796 1205 907 1231; x_wconf 80' lang='lat' dir='ltr'><strong>Ancllus</strong></span> <span class='ocrx_word' id='word_1_178' title='bbox 926 1211 958 1230; x_wconf 88' lang='lat' dir='ltr'><strong>ex</strong></span> <span class='ocrx_word' id='word_1_179' title='bbox 978 1210 1067 1237; x_wconf 76' lang='lat' dir='ltr'><strong>pugna</strong></span> 
     </span>
    </p>
   </div>
   <div class='ocr_carea' id='block_1_25' title="bbox 281 1248 1068 1289">
    <p class='ocr_par' dir='ltr' id='par_1_25' title="bbox 281 1248 1068 1289">
     <span class='ocr_line' id='line_1_26' title="bbox 281 1248 1068 1289; baseline -0.013 -5"><span class='ocrx_word' id='word_1_180' title='bbox 281 1257 413 1285; x_wconf 85' lang='lat' dir='ltr'><strong>adversus</strong></span> <span class='ocrx_word' id='word_1_181' title='bbox 424 1254 552 1289; x_wconf 87' lang='lat' dir='ltr'><strong>populum</strong></span> <span class='ocrx_word' id='word_1_182' title='bbox 565 1260 657 1283; x_wconf 86' lang='lat' dir='ltr'><strong>suum,</strong></span> <span class='ocrx_word' id='word_1_183' title='bbox 673 1250 804 1278; x_wconf 76' lang='lat' dir='ltr'><strong>intellexit</strong></span> <span class='ocrx_word' id='word_1_184' title='bbox 817 1250 941 1277; x_wconf 83' lang='lat' dir='ltr'><strong>civitates</strong></span> <span class='ocrx_word' id='word_1_185' title='bbox 955 1248 1023 1275; x_wconf 81' lang='lat' dir='ltr'><strong>Juda</strong></span> <span class='ocrx_word' id='word_1_186' title='bbox 1035 1249 1068 1275; x_wconf 85' lang='lat' dir='ltr'><strong>ab</strong></span> 
     </span>
    </p>
   </div>
   <div class='ocr_carea' id='block_1_26' title="bbox 281 1294 1069 1334">
    <p class='ocr_par' dir='ltr' id='par_1_26' title="bbox 281 1294 1069 1334">
     <span class='ocr_line' id='line_1_27' title="bbox 281 1294 1069 1334; baseline -0.011 -5"><span class='ocrx_word' id='word_1_187' title='bbox 281 1296 581 1334; x_wconf 39' lang='lat' dir='ltr'><strong>Amalccitis‘spoliari.</strong></span> <span class='ocrx_word' id='word_1_188' title='bbox 614 1297 706 1332; x_wconf 83' lang='lat' dir='ltr'><strong>Itaque</strong></span> <span class='ocrx_word' id='word_1_189' title='bbox 728 1304 775 1323; x_wconf 86' lang='lat' dir='ltr'><strong>cos</strong></span> <span class='ocrx_word' id='word_1_190' title='bbox 793 1297 933 1323; x_wconf 86' lang='lat' dir='ltr'><strong>insecutus</strong></span> <span class='ocrx_word' id='word_1_191' title='bbox 961 1294 1031 1321; x_wconf 90' lang='lat' dir='ltr'><strong>tollit</strong></span> <span class='ocrx_word' id='word_1_192' title='bbox 1054 1301 1069 1320; x_wconf 91' lang='lat' dir='ltr'><strong>e</strong></span> 
     </span>
    </p>
   </div>
   <div class='ocr_carea' id='block_1_27' title="bbox 282 1341 1069 1377">
    <p class='ocr_par' dir='ltr' id='par_1_27' title="bbox 282 1341 1069 1377">
     <span class='ocr_line' id='line_1_28' title="bbox 282 1341 1069 1377; baseline -0.013 -1"><span class='ocrx_word' id='word_1_193' title='bbox 282 1349 371 1376; x_wconf 88' lang='lat' dir='ltr'><strong>medio</strong></span> <span class='ocrx_word' id='word_1_194' title='bbox 389 1346 576 1377; x_wconf 88' lang='lat' dir='ltr'><strong>adversarios,</strong></span> <span class='ocrx_word' id='word_1_195' title='bbox 600 1352 631 1371; x_wconf 90' lang='lat' dir='ltr'><strong>ac</strong></span> <span class='ocrx_word' id='word_1_196' title='bbox 645 1343 758 1371; x_wconf 83' lang='lat' dir='ltr'><strong>remittit</strong></span> <span class='ocrx_word' id='word_1_197' title='bbox 774 1343 806 1370; x_wconf 87' lang='lat' dir='ltr'><strong>iis</strong></span> <span class='ocrx_word' id='word_1_198' title='bbox 826 1343 872 1377; x_wconf 91' lang='lat' dir='ltr'><strong>qui</strong></span> <span class='ocrx_word' id='word_1_199' title='bbox 889 1341 995 1376; x_wconf 82' lang='lat' dir='ltr'><strong>spoliati</strong></span> <span class='ocrx_word' id='word_1_200' title='bbox 1012 1341 1069 1367; x_wconf 86' lang='lat' dir='ltr'><strong>fue-</strong></span> 
     </span>
    </p>
   </div>
   <div class='ocr_carea' id='block_1_28' title="bbox 281 1387 1070 1423">
    <p class='ocr_par' dir='ltr' id='par_1_28' title="bbox 281 1387 1070 1423">
     <span class='ocr_line' id='line_1_29' title="bbox 281 1387 1070 1423; baseline -0.013 0"><span class='ocrx_word' id='word_1_201' title='bbox 281 1399 344 1423; x_wconf 86' lang='lat' dir='ltr'><strong>rant</strong></span> <span class='ocrx_word' id='word_1_202' title='bbox 366 1401 430 1421; x_wconf 89' lang='lat' dir='ltr'><strong>suas</strong></span> <span class='ocrx_word' id='word_1_203' title='bbox 449 1400 543 1419; x_wconf 77' lang='lat' dir='ltr'><strong>eorum</strong></span> <span class='ocrx_word' id='word_1_204' title='bbox 562 1397 660 1418; x_wconf 76' lang='lat' dir='ltr'><strong>uxores</strong></span> <span class='ocrx_word' id='word_1_205' title='bbox 676 1397 708 1416; x_wconf 87' lang='lat' dir='ltr'><strong>ac</strong></span> <span class='ocrx_word' id='word_1_206' title='bbox 727 1389 837 1420; x_wconf 78' lang='lat' dir='ltr'><strong>Liberos,</strong></span> <span class='ocrx_word' id='word_1_207' title='bbox 863 1388 956 1422; x_wconf 84' lang='lat' dir='ltr'><strong>sicque</strong></span> <span class='ocrx_word' id='word_1_208' title='bbox 972 1387 1026 1414; x_wconf 74' lang='lat' dir='ltr'><strong>dux</strong></span> <span class='ocrx_word' id='word_1_209' title='bbox 1044 1390 1070 1413; x_wconf 87' lang='lat' dir='ltr'><strong>et</strong></span> 
     </span>
    </p>
   </div>
   <div class='ocr_carea' id='block_1_29' title="bbox 282 1432 1064 1476">
    <p class='ocr_par' dir='ltr' id='par_1_29' title="bbox 282 1432 1064 1476">
     <span class='ocr_line' id='line_1_30' title="bbox 282 1432 1064 1476; baseline -0.012 -8"><span class='ocrx_word' id='word_1_210' title='bbox 282 1444 468 1476; x_wconf 78' lang='lat' dir='ltr'><strong>propugnator</strong></span> <span class='ocrx_word' id='word_1_211' title='bbox 484 1445 533 1473; x_wconf 88' lang='lat' dir='ltr'><strong>pro</strong></span> <span class='ocrx_word' id='word_1_212' title='bbox 558 1437 669 1463; x_wconf 88' lang='lat' dir='ltr'><strong>inimico</strong></span> <span class='ocrx_word' id='word_1_213' title='bbox 688 1435 776 1462; x_wconf 79' lang='lat' dir='ltr'><strong>factus</strong></span> <span class='ocrx_word' id='word_1_214' title='bbox 794 1439 837 1462; x_wconf 86' lang='lat' dir='ltr'><strong>est</strong></span> <span class='ocrx_word' id='word_1_215' title='bbox 851 1434 918 1461; x_wconf 86' lang='lat' dir='ltr'><strong>suis.</strong></span> <span class='ocrx_word' id='word_1_216' title='bbox 945 1432 1014 1459; x_wconf 83' lang='lat' dir='ltr'><strong>Hinc</strong></span> <span class='ocrx_word' id='word_1_217' title='bbox 1029 1432 1064 1459; x_wconf 87' lang='lat' dir='ltr'><strong>lc-</strong></span> 
     </span>
    </p>
   </div>
   <div class='ocr_carea' id='block_1_30' title="bbox 281 1480 1069 1523">
    <p class='ocr_par' dir='ltr' id='par_1_30' title="bbox 281 1480 1069 1523">
     <span class='ocr_line' id='line_1_31' title="bbox 281 1480 1069 1523; baseline -0.013 -9"><span class='ocrx_word' id='word_1_218' title='bbox 281 1495 342 1523; x_wconf 73' lang='lat' dir='ltr'><strong>gcm</strong></span> <span class='ocrx_word' id='word_1_219' title='bbox 357 1486 435 1518; x_wconf 91' lang='lat' dir='ltr'><strong>tulit,</strong></span> <span class='ocrx_word' id='word_1_220' title='bbox 451 1483 570 1511; x_wconf 77' lang='lat' dir='ltr'><strong>ilOSlium</strong></span> <span class='ocrx_word' id='word_1_221' title='bbox 589 1482 675 1515; x_wconf 88' lang='lat' dir='ltr'><strong>spolia</strong></span> <span class='ocrx_word' id='word_1_222' title='bbox 697 1480 955 1514; x_wconf 83' lang='lat' dir='ltr'><strong>impedimentorum</strong></span> <span class='ocrx_word' id='word_1_223' title='bbox 976 1481 1069 1505; x_wconf 90' lang='lat' dir='ltr'><strong>custo-</strong></span> 
     </span>
    </p>
   </div>
   <div class='ocr_carea' id='block_1_31' title="bbox 282 1524 1068 1562">
    <p class='ocr_par' dir='ltr' id='par_1_31' title="bbox 282 1524 1068 1562">
     <span class='ocr_line' id='line_1_32' title="bbox 282 1524 1068 1562; baseline -0.013 -3"><span class='ocrx_word' id='word_1_224' title='bbox 282 1532 363 1559; x_wconf 88' lang='lat' dir='ltr'><strong>dibus</strong></span> <span class='ocrx_word' id='word_1_225' title='bbox 389 1534 417 1557; x_wconf 89' lang='lat' dir='ltr'><strong>et</strong></span> <span class='ocrx_word' id='word_1_226' title='bbox 443 1527 665 1562; x_wconf 79' lang='lat' dir='ltr'><strong>belligerantibus</strong></span> <span class='ocrx_word' id='word_1_227' title='bbox 690 1534 724 1553; x_wconf 81' lang='lat' dir='ltr'><strong>ex</strong></span> <span class='ocrx_word' id='word_1_228' title='bbox 753 1533 830 1560; x_wconf 76' lang='lat' dir='ltr'><strong>:cquo</strong></span> <span class='ocrx_word' id='word_1_229' title='bbox 855 1524 1043 1552; x_wconf 86' lang='lat' dir='ltr'><strong>distribucmla</strong></span> <span class='ocrx_word' id='word_1_230' title='bbox 1061 1543 1068 1554; x_wconf 93' lang='lat'><strong>,</strong></span> 
     </span>
    </p>
   </div>
   <div class='ocr_carea' id='block_1_32' title="bbox 1115 297 1904 332">
    <p class='ocr_par' dir='ltr' id='par_1_32' title="bbox 1115 297 1904 332">
     <span class='ocr_line' id='line_1_33' title="bbox 1115 297 1904 332; baseline -0.005 -6"><span class='ocrx_word' id='word_1_231' title='bbox 1115 300 1221 330; x_wconf 77' lang='grc' dir='ltr'>δεικνὺς</span> <span class='ocrx_word' id='word_1_232' title='bbox 1237 299 1274 330; x_wconf 84' lang='grc' dir='ltr'>ὡς</span> <span class='ocrx_word' id='word_1_233' title='bbox 1289 299 1355 325; x_wconf 79' lang='grc' dir='ltr'>Θεὸν</span> <span class='ocrx_word' id='word_1_234' title='bbox 1376 297 1507 332; x_wconf 79' lang='grc' dir='ltr'><strong>ἀναμένει</strong></span> <span class='ocrx_word' id='word_1_235' title='bbox 1524 297 1571 323; x_wconf 74' lang='grc' dir='ltr'><strong>τὸν</strong></span> <span class='ocrx_word' id='word_1_236' title='bbox 1592 297 1774 331; x_wconf 81' lang='grc' dir='ltr'>ἀμυνόμενον,</span> <span class='ocrx_word' id='word_1_237' title='bbox 1789 297 1836 322; x_wconf 88' lang='grc' dir='ltr'><strong>καί</strong></span> <span class='ocrx_word' id='word_1_238' title='bbox 1851 305 1904 332; x_wconf 78' lang='grc' dir='ltr'><strong>περ</strong></span> 
     </span>
    </p>
   </div>
   <div class='ocr_carea' id='block_1_33' title="bbox 1115 342 1906 380">
    <p class='ocr_par' dir='ltr' id='par_1_33' title="bbox 1115 342 1906 380">
     <span class='ocr_line' id='line_1_34' title="bbox 1115 342 1906 380; baseline -0.004 -9"><span class='ocrx_word' id='word_1_239' title='bbox 1115 345 1205 371; x_wconf 87' lang='grc' dir='ltr'>λαϐὼν</span> <span class='ocrx_word' id='word_1_240' title='bbox 1226 345 1292 380; x_wconf 74' lang='grc' dir='ltr'>παρ’</span> <span class='ocrx_word' id='word_1_241' title='bbox 1313 344 1396 370; x_wconf 84' lang='grc' dir='ltr'>αὑτοῦ</span> <span class='ocrx_word' id='word_1_242' title='bbox 1419 344 1467 370; x_wconf 76' lang='grc' dir='ltr'>τοῦ</span> <span class='ocrx_word' id='word_1_243' title='bbox 1488 342 1618 369; x_wconf 78' lang='grc' dir='ltr'>δύνασθαι</span> <span class='ocrx_word' id='word_1_244' title='bbox 1632 343 1681 378; x_wconf 80' lang='grc' dir='ltr'>τὴν</span> <span class='ocrx_word' id='word_1_245' title='bbox 1705 342 1840 375; x_wconf 74' lang='grc' dir='ltr'><strong>ἐξουσίαν.</strong></span> <span class='ocrx_word' id='word_1_246' title='bbox 1862 343 1906 368; x_wconf 84' lang='grc' dir='ltr'>Ἐν</span> 
     </span>
    </p>
   </div>
   <div class='ocr_carea' id='block_1_34' title="bbox 1115 388 1905 425">
    <p class='ocr_par' dir='ltr' id='par_1_34' title="bbox 1115 388 1905 425">
     <span class='ocr_line' id='line_1_35' title="bbox 1115 388 1905 425; baseline -0.005 -8"><span class='ocrx_word' id='word_1_247' title='bbox 1115 392 1172 422; x_wconf 81' lang='grc' dir='ltr'>τοῖς</span> <span class='ocrx_word' id='word_1_248' title='bbox 1195 391 1271 425; x_wconf 68' lang='grc' dir='ltr'>ὄρεσι</span> <span class='ocrx_word' id='word_1_249' title='bbox 1288 391 1336 416; x_wconf 74' lang='grc' dir='ltr'>καὶ</span> <span class='ocrx_word' id='word_1_250' title='bbox 1358 391 1418 421; x_wconf 82' lang='grc' dir='ltr'>ταῖς</span> <span class='ocrx_word' id='word_1_251' title='bbox 1443 391 1573 425; x_wconf 77' lang='grc' dir='ltr'><strong>ἐρημίαις</strong></span> <span class='ocrx_word' id='word_1_252' title='bbox 1600 389 1672 415; x_wconf 81' lang='grc' dir='ltr'>κατὰ</span> <span class='ocrx_word' id='word_1_253' title='bbox 1690 388 1737 414; x_wconf 79' lang='grc' dir='ltr'>τὸν</span> <span class='ocrx_word' id='word_1_254' title='bbox 1751 388 1799 423; x_wconf 84' lang='grc' dir='ltr'>τῆς</span> <span class='ocrx_word' id='word_1_255' title='bbox 1816 388 1905 423; x_wconf 77' lang='grc' dir='ltr'>φυγῆς</span> 
     </span>
    </p>
   </div>
   <div class='ocr_carea' id='block_1_35' title="bbox 1116 434 1905 472">
    <p class='ocr_par' dir='ltr' id='par_1_35' title="bbox 1116 434 1905 472">
     <span class='ocr_line' id='line_1_36' title="bbox 1116 434 1905 472; baseline -0.004 -10"><span class='ocrx_word' id='word_1_256' title='bbox 1116 437 1212 472; x_wconf 81' lang='grc' dir='ltr'>καιρὸν</span> <span class='ocrx_word' id='word_1_257' title='bbox 1236 436 1347 469; x_wconf 83' lang='grc' dir='ltr'><strong>διάγων,</strong></span> <span class='ocrx_word' id='word_1_258' title='bbox 1376 435 1463 470; x_wconf 81' lang='grc' dir='ltr'><strong>φύλαξ</strong></span> <span class='ocrx_word' id='word_1_259' title='bbox 1486 435 1591 468; x_wconf 73' lang='grc' dir='ltr'>ἐγίνετο</span> <span class='ocrx_word' id='word_1_260' title='bbox 1619 434 1673 460; x_wconf 82' lang='grc' dir='ltr'>τῶν</span> <span class='ocrx_word' id='word_1_261' title='bbox 1690 434 1835 468; x_wconf 79' lang='grc' dir='ltr'><strong>ποιμνίων,</strong></span> <span class='ocrx_word' id='word_1_262' title='bbox 1859 435 1905 459; x_wconf 67' lang='grc' dir='ltr'>καὶ</span> 
     </span>
    </p>
   </div>
   <div class='ocr_carea' id='block_1_36' title="bbox 1115 478 1905 516">
    <p class='ocr_par' dir='ltr' id='par_1_36' title="bbox 1115 478 1905 516">
     <span class='ocr_line' id='line_1_37' title="bbox 1115 478 1905 516; baseline -0.004 -8"><span class='ocrx_word' id='word_1_263' title='bbox 1115 483 1171 513; x_wconf 85' lang='grc' dir='ltr'>τοῖς</span> <span class='ocrx_word' id='word_1_264' title='bbox 1184 482 1218 508; x_wconf 79' lang='grc' dir='ltr'>τὰ</span> <span class='ocrx_word' id='word_1_265' title='bbox 1240 482 1354 516; x_wconf 82' lang='grc' dir='ltr'>ποίμνια</span> <span class='ocrx_word' id='word_1_266' title='bbox 1384 481 1576 516; x_wconf 80' lang='grc' dir='ltr'>κεκτημένοις,</span> <span class='ocrx_word' id='word_1_267' title='bbox 1600 478 1634 515; x_wconf 86' lang='grc' dir='ltr'>ἦν</span> <span class='ocrx_word' id='word_1_268' title='bbox 1657 479 1705 506; x_wconf 72' lang='grc' dir='ltr'><strong>καὶ</strong></span> <span class='ocrx_word' id='word_1_269' title='bbox 1718 479 1823 510; x_wconf 77' lang='grc' dir='ltr'><strong>τούτοις</strong></span> <span class='ocrx_word' id='word_1_270' title='bbox 1846 479 1905 505; x_wconf 81' lang='grc' dir='ltr'>ἐπί-</span> 
     </span>
    </p>
   </div>
   <div class='ocr_carea' id='block_1_37' title="bbox 1115 519 1904 562">
    <p class='ocr_par' dir='ltr' id='par_1_37' title="bbox 1115 519 1904 562">
     <span class='ocr_line' id='line_1_38' title="bbox 1115 519 1904 562; baseline -0.005 -9"><span class='ocrx_word' id='word_1_271' title='bbox 1115 536 1225 562; x_wconf 84' lang='grc' dir='ltr'>κουρος.</span> <span class='ocrx_word' id='word_1_272' title='bbox 1247 527 1441 561; x_wconf 79' lang='grc' dir='ltr'>Ἐνυϐρίσαντα</span> <span class='ocrx_word' id='word_1_273' title='bbox 1454 526 1500 552; x_wconf 82' lang='grc' dir='ltr'>τὸν</span> <span class='ocrx_word' id='word_1_274' title='bbox 1512 525 1607 552; x_wconf 78' lang='grc' dir='ltr'>Νάϐαλ</span> <span class='ocrx_word' id='word_1_275' title='bbox 1622 525 1703 551; x_wconf 69' lang='grc' dir='ltr'>αὐτὴν</span> <span class='ocrx_word' id='word_1_276' title='bbox 1714 525 1742 550; x_wconf 82' lang='grc' dir='ltr'><strong>έν</strong></span> <span class='ocrx_word' id='word_1_277' title='bbox 1755 524 1843 559; x_wconf 83' lang='grc' dir='ltr'>καιρῷ</span> <span class='ocrx_word' id='word_1_278' title='bbox 1856 519 1904 558; x_wconf 78' lang='grc' dir='ltr'>τῆς</span> 
     </span>
    </p>
   </div>
   <div class='ocr_carea' id='block_1_38' title="bbox 1118 569 1905 607">
    <p class='ocr_par' dir='ltr' id='par_1_38' title="bbox 1118 569 1905 607">
     <span class='ocr_line' id='line_1_39' title="bbox 1118 569 1905 607; baseline -0.004 -9"><span class='ocrx_word' id='word_1_279' title='bbox 1118 574 1220 607; x_wconf 84' lang='grc' dir='ltr'>κονρᾶς</span> <span class='ocrx_word' id='word_1_280' title='bbox 1236 572 1290 598; x_wconf 85' lang='grc' dir='ltr'><strong>τῶν</strong></span> <span class='ocrx_word' id='word_1_281' title='bbox 1313 571 1469 607; x_wconf 85' lang='grc' dir='ltr'>προϐάτων,</span> <span class='ocrx_word' id='word_1_282' title='bbox 1482 571 1608 604; x_wconf 78' lang='grc' dir='ltr'><strong>εὐλογίας</strong></span> <span class='ocrx_word' id='word_1_283' title='bbox 1624 570 1694 604; x_wconf 79' lang='grc' dir='ltr'>ὑπὲρ</span> <span class='ocrx_word' id='word_1_284' title='bbox 1716 570 1764 604; x_wconf 80' lang='grc' dir='ltr'>τῆς</span> <span class='ocrx_word' id='word_1_285' title='bbox 1781 569 1905 604; x_wconf 77' lang='grc' dir='ltr'><strong>φυλακῆς</strong></span> 
     </span>
    </p>
   </div>
   <div class='ocr_carea' id='block_1_39' title="bbox 1115 615 1904 652">
    <p class='ocr_par' dir='ltr' id='par_1_39' title="bbox 1115 615 1904 652">
     <span class='ocr_line' id='line_1_40' title="bbox 1115 615 1904 652; baseline -0.005 -8"><span class='ocrx_word' id='word_1_286' title='bbox 1115 618 1170 644; x_wconf 86' lang='grc' dir='ltr'>τῶν</span> <span class='ocrx_word' id='word_1_287' title='bbox 1189 618 1322 652; x_wconf 83' lang='grc' dir='ltr'>ποιμνίων</span> <span class='ocrx_word' id='word_1_288' title='bbox 1343 618 1506 652; x_wconf 79' lang='grc' dir='ltr'>αἰτήσαντα,</span> <span class='ocrx_word' id='word_1_289' title='bbox 1531 617 1580 650; x_wconf 81' lang='grc' dir='ltr'>τὴν</span> <span class='ocrx_word' id='word_1_290' title='bbox 1609 616 1688 651; x_wconf 81' lang='grc' dir='ltr'>ὓϐριν</span> <span class='ocrx_word' id='word_1_291' title='bbox 1710 616 1759 650; x_wconf 84' lang='grc' dir='ltr'>οὐχ</span> <span class='ocrx_word' id='word_1_292' title='bbox 1779 615 1904 647; x_wconf 78' lang='grc' dir='ltr'>ὑποίσας,</span> 
     </span>
    </p>
   </div>
   <div class='ocr_carea' id='block_1_40' title="bbox 1116 659 1905 697">
    <p class='ocr_par' dir='ltr' id='par_1_40' title="bbox 1116 659 1905 697">
     <span class='ocr_line' id='line_1_41' title="bbox 1116 659 1905 697; baseline -0.001 -9"><span class='ocrx_word' id='word_1_293' title='bbox 1116 662 1229 697; x_wconf 75' lang='grc' dir='ltr'>ἔμελλεν</span> <span class='ocrx_word' id='word_1_294' title='bbox 1241 662 1363 697; x_wconf 82' lang='grc' dir='ltr'>ἀναιρεῖν</span> <span class='ocrx_word' id='word_1_295' title='bbox 1376 662 1512 696; x_wconf 80' lang='grc' dir='ltr'>ὁρμήσας,</span> <span class='ocrx_word' id='word_1_296' title='bbox 1528 661 1552 687; x_wconf 86' lang='grc' dir='ltr'>εἰ</span> <span class='ocrx_word' id='word_1_297' title='bbox 1566 661 1604 696; x_wconf 85' lang='grc' dir='ltr'>μὴ</span> <span class='ocrx_word' id='word_1_298' title='bbox 1618 660 1688 695; x_wconf 74' lang='grc' dir='ltr'>σοφή</span> <span class='ocrx_word' id='word_1_299' title='bbox 1702 668 1743 692; x_wconf 85' lang='grc' dir='ltr'><strong>τις</strong></span> <span class='ocrx_word' id='word_1_300' title='bbox 1756 661 1772 695; x_wconf 86' lang='grc' dir='ltr'>ἡ</span> <span class='ocrx_word' id='word_1_301' title='bbox 1789 659 1835 686; x_wconf 79' lang='grc' dir='ltr'>τοῦ</span> <span class='ocrx_word' id='word_1_302' title='bbox 1847 659 1905 687; x_wconf 79' lang='grc' dir='ltr'><strong>Νά-</strong></span> 
     </span>
    </p>
   </div>
   <div class='ocr_carea' id='block_1_41' title="bbox 1116 705 1905 744">
    <p class='ocr_par' dir='ltr' id='par_1_41' title="bbox 1116 705 1905 744">
     <span class='ocr_line' id='line_1_42' title="bbox 1116 705 1905 744; baseline -0.003 -11"><span class='ocrx_word' id='word_1_303' title='bbox 1116 708 1168 734; x_wconf 86' lang='grc' dir='ltr'><strong>ϐαλ</strong></span> <span class='ocrx_word' id='word_1_304' title='bbox 1187 708 1256 742; x_wconf 82' lang='grc' dir='ltr'>γυνὴ</span> <span class='ocrx_word' id='word_1_305' title='bbox 1280 707 1422 744; x_wconf 81' lang='grc' dir='ltr'>(Ἀϐιγαία</span> <span class='ocrx_word' id='word_1_306' title='bbox 1437 707 1465 733; x_wconf 85' lang='grc' dir='ltr'>δὲ</span> <span class='ocrx_word' id='word_1_307' title='bbox 1489 705 1523 742; x_wconf 84' lang='grc' dir='ltr'>ἦν</span> <span class='ocrx_word' id='word_1_308' title='bbox 1547 706 1632 740; x_wconf 80' lang='grc' dir='ltr'>δνομα</span> <span class='ocrx_word' id='word_1_309' title='bbox 1656 707 1736 740; x_wconf 67' lang='grc' dir='ltr'>αὐτῇ)</span> <span class='ocrx_word' id='word_1_310' title='bbox 1754 707 1905 732; x_wconf 67' lang='grc' dir='ltr'>ἁντιᾶσασα</span> 
     </span>
    </p>
   </div>
   <div class='ocr_carea' id='block_1_42' title="bbox 1116 751 1905 788">
    <p class='ocr_par' dir='ltr' id='par_1_42' title="bbox 1116 751 1905 788">
     <span class='ocr_line' id='line_1_43' title="bbox 1116 751 1905 788; baseline -0.005 -8"><span class='ocrx_word' id='word_1_311' title='bbox 1116 754 1172 786; x_wconf 83' lang='grc' dir='ltr'>τοῖς</span> <span class='ocrx_word' id='word_1_312' title='bbox 1190 754 1287 788; x_wconf 78' lang='grc' dir='ltr'>δώροις</span> <span class='ocrx_word' id='word_1_313' title='bbox 1306 754 1399 786; x_wconf 79' lang='grc' dir='ltr'>αὐτὸν,</span> <span class='ocrx_word' id='word_1_314' title='bbox 1416 753 1463 780; x_wconf 73' lang='grc' dir='ltr'>καὶ</span> <span class='ocrx_word' id='word_1_315' title='bbox 1485 753 1665 788; x_wconf 85' lang='grc' dir='ltr'>προφητικοῖς</span> <span class='ocrx_word' id='word_1_316' title='bbox 1687 751 1843 786; x_wconf 77' lang='grc' dir='ltr'>ὲξευμένισε</span> <span class='ocrx_word' id='word_1_317' title='bbox 1861 751 1905 776; x_wconf 86' lang='grc' dir='ltr'><strong>λό-</strong></span> 
     </span>
    </p>
   </div>
   <div class='ocr_carea' id='block_1_43' title="bbox 1117 797 1905 834">
    <p class='ocr_par' dir='ltr' id='par_1_43' title="bbox 1117 797 1905 834">
     <span class='ocr_line' id='line_1_44' title="bbox 1117 797 1905 834; baseline -0.005 -8"><span class='ocrx_word' id='word_1_318' title='bbox 1117 808 1186 834; x_wconf 84' lang='grc' dir='ltr'>γοις.</span> <span class='ocrx_word' id='word_1_319' title='bbox 1215 799 1379 826; x_wconf 83' lang='grc' dir='ltr'>Ἑκδικεῖται</span> <span class='ocrx_word' id='word_1_320' title='bbox 1405 799 1472 834; x_wconf 74' lang='grc' dir='ltr'>πρὸς</span> <span class='ocrx_word' id='word_1_321' title='bbox 1495 798 1540 824; x_wconf 81' lang='grc' dir='ltr'>τοῦ</span> <span class='ocrx_word' id='word_1_322' title='bbox 1568 797 1647 830; x_wconf 77' lang='grc' dir='ltr'>Θεοῦ,</span> <span class='ocrx_word' id='word_1_323' title='bbox 1674 797 1721 823; x_wconf 87' lang='grc' dir='ltr'>τοῦ</span> <span class='ocrx_word' id='word_1_324' title='bbox 1746 797 1840 823; x_wconf 80' lang='grc' dir='ltr'>Νάϐαλ</span> <span class='ocrx_word' id='word_1_325' title='bbox 1856 797 1905 831; x_wconf 80' lang='grc' dir='ltr'>τὴν</span> 
     </span>
    </p>
   </div>
   <div class='ocr_carea' id='block_1_44' title="bbox 1117 839 1905 880">
    <p class='ocr_par' dir='ltr' id='par_1_44' title="bbox 1117 839 1905 880">
     <span class='ocr_line' id='line_1_45' title="bbox 1117 839 1905 880; baseline -0.005 -9"><span class='ocrx_word' id='word_1_326' title='bbox 1117 845 1249 880; x_wconf 80' lang='grc' dir='ltr'><strong>ταχίστην</strong></span> <span class='ocrx_word' id='word_1_327' title='bbox 1263 844 1454 875; x_wconf 77' lang='grc' dir='ltr'>ἀποθανόντος.</span> <span class='ocrx_word' id='word_1_328' title='bbox 1476 843 1628 878; x_wconf 72' lang='grc' dir='ltr'>Ἀνανήψας</span> <span class='ocrx_word' id='word_1_329' title='bbox 1643 842 1698 877; x_wconf 83' lang='grc' dir='ltr'>γὰρ</span> <span class='ocrx_word' id='word_1_330' title='bbox 1713 839 1789 873; x_wconf 74' lang='lat'><strong>0610;</strong></span> <span class='ocrx_word' id='word_1_331' title='bbox 1806 843 1837 868; x_wconf 78' lang='grc' dir='ltr'>ἐκ</span> <span class='ocrx_word' id='word_1_332' title='bbox 1855 842 1905 876; x_wconf 82' lang='grc' dir='ltr'>τῆς</span> 
     </span>
    </p>
   </div>
   <div class='ocr_carea' id='block_1_45' title="bbox 1119 888 1907 926">
    <p class='ocr_par' dir='ltr' id='par_1_45' title="bbox 1119 888 1907 926">
     <span class='ocr_line' id='line_1_46' title="bbox 1119 888 1907 926; baseline -0.005 -9"><span class='ocrx_word' id='word_1_333' title='bbox 1119 892 1214 926; x_wconf 79' lang='grc' dir='ltr'>μέθης,</span> <span class='ocrx_word' id='word_1_334' title='bbox 1241 891 1289 917; x_wconf 79' lang='grc' dir='ltr'><strong>καὶ</strong></span> <span class='ocrx_word' id='word_1_335' title='bbox 1307 891 1387 924; x_wconf 82' lang='grc' dir='ltr'>γνοὺς</span> <span class='ocrx_word' id='word_1_336' title='bbox 1411 890 1483 924; x_wconf 71' lang='grc' dir='ltr'>ἅπερ</span> <span class='ocrx_word' id='word_1_337' title='bbox 1505 889 1651 923; x_wconf 77' lang='grc' dir='ltr'>ἐνύϐρισε,</span> <span class='ocrx_word' id='word_1_338' title='bbox 1678 888 1726 914; x_wconf 80' lang='grc' dir='ltr'><strong>καὶ</strong></span> <span class='ocrx_word' id='word_1_339' title='bbox 1750 888 1768 914; x_wconf 80' lang='grc' dir='ltr'>ἂ</span> <span class='ocrx_word' id='word_1_340' title='bbox 1790 888 1907 922; x_wconf 79' lang='grc' dir='ltr'>πάσχειν</span> 
     </span>
    </p>
   </div>
   <div class='ocr_carea' id='block_1_46' title="bbox 1117 932 1906 972">
    <p class='ocr_par' dir='ltr' id='par_1_46' title="bbox 1117 932 1906 972">
     <span class='ocr_line' id='line_1_47' title="bbox 1117 932 1906 972; baseline -0.006 -9"><span class='ocrx_word' id='word_1_341' title='bbox 1117 937 1223 972; x_wconf 74' lang='grc' dir='ltr'>ἔμελλε,</span> <span class='ocrx_word' id='word_1_342' title='bbox 1248 937 1323 971; x_wconf 83' lang='grc' dir='ltr'>φόϐῳ</span> <span class='ocrx_word' id='word_1_343' title='bbox 1344 936 1531 970; x_wconf 76' lang='grc' dir='ltr'>γαταπλαγεὶς</span> <span class='ocrx_word' id='word_1_344' title='bbox 1546 935 1707 961; x_wconf 70' lang='grc' dir='ltr'>ἁπεθάνετο.</span> <span class='ocrx_word' id='word_1_345' title='bbox 1723 934 1774 960; x_wconf 73' lang='grc' dir='ltr'><strong>Τὸν</strong></span> <span class='ocrx_word' id='word_1_346' title='bbox 1792 932 1906 968; x_wconf 81' lang='grc' dir='ltr'><strong>Ἀγχοῦς</strong></span> 
     </span>
    </p>
   </div>
   <div class='ocr_carea' id='block_1_47' title="bbox 1117 979 1905 1017">
    <p class='ocr_par' dir='ltr' id='par_1_47' title="bbox 1117 979 1905 1017">
     <span class='ocr_line' id='line_1_48' title="bbox 1117 979 1905 1017; baseline -0.005 -9"><span class='ocrx_word' id='word_1_347' title='bbox 1117 981 1279 1017; x_wconf 86' lang='grc' dir='ltr'>βουλόμενον</span> <span class='ocrx_word' id='word_1_348' title='bbox 1294 981 1366 1017; x_wconf 77' lang='grc' dir='ltr'>ἔχειν</span> <span class='ocrx_word' id='word_1_349' title='bbox 1379 981 1461 1008; x_wconf 67' lang='grc' dir='ltr'>αὑτδν</span> <span class='ocrx_word' id='word_1_350' title='bbox 1478 981 1622 1016; x_wconf 79' lang='grc' dir='ltr'>σύμμαχον</span> <span class='ocrx_word' id='word_1_351' title='bbox 1638 979 1714 1014; x_wconf 80' lang='grc' dir='ltr'>ἐντῷ</span> <span class='ocrx_word' id='word_1_352' title='bbox 1735 979 1806 1005; x_wconf 78' lang='grc' dir='ltr'>κατὰ</span> <span class='ocrx_word' id='word_1_353' title='bbox 1820 979 1905 1004; x_wconf 81' lang='grc' dir='ltr'>Σαοὺλ</span> 
     </span>
    </p>
   </div>
   <div class='ocr_carea' id='block_1_48' title="bbox 1117 1024 1906 1061">
    <p class='ocr_par' dir='ltr' id='par_1_48' title="bbox 1117 1024 1906 1061">
     <span class='ocr_line' id='line_1_49' title="bbox 1117 1024 1906 1061; baseline -0.005 -8"><span class='ocrx_word' id='word_1_354' title='bbox 1117 1027 1239 1061; x_wconf 81' lang='grc' dir='ltr'>πολέμῳ,</span> <span class='ocrx_word' id='word_1_355' title='bbox 1261 1027 1311 1053; x_wconf 71' lang='grc' dir='ltr'>οὐκ</span> <span class='ocrx_word' id='word_1_356' title='bbox 1334 1026 1397 1053; x_wconf 72' lang='grc' dir='ltr'>εἴων</span> <span class='ocrx_word' id='word_1_357' title='bbox 1422 1027 1446 1053; x_wconf 76' lang='grc' dir='ltr'>οἱ</span> <span class='ocrx_word' id='word_1_358' title='bbox 1460 1026 1547 1060; x_wconf 63' lang='grc' dir='ltr'>τούτῳ</span> <span class='ocrx_word' id='word_1_359' title='bbox 1571 1026 1768 1060; x_wconf 77' lang='grc' dir='ltr'>προσήκοντες,</span> <span class='ocrx_word' id='word_1_360' title='bbox 1788 1024 1835 1050; x_wconf 83' lang='grc' dir='ltr'><strong>καί</strong></span> <span class='ocrx_word' id='word_1_361' title='bbox 1853 1032 1906 1058; x_wconf 84' lang='grc' dir='ltr'><strong>περ</strong></span> 
     </span>
    </p>
   </div>
   <div class='ocr_carea' id='block_1_49' title="bbox 1117 1063 1905 1105">
    <p class='ocr_par' dir='ltr' id='par_1_49' title="bbox 1117 1063 1905 1105">
     <span class='ocr_line' id='line_1_50' title="bbox 1117 1063 1905 1105; baseline -0.009 -7"><span class='ocrx_word' id='word_1_362' title='bbox 1117 1072 1164 1098; x_wconf 76' lang='grc' dir='ltr'><strong>καὶ</strong></span> <span class='ocrx_word' id='word_1_363' title='bbox 1179 1071 1225 1097; x_wconf 78' lang='grc' dir='ltr'>τοῦ</span> <span class='ocrx_word' id='word_1_364' title='bbox 1241 1071 1323 1097; x_wconf 63' lang='grc' dir='ltr'>Δαϐὶδ</span> <span class='ocrx_word' id='word_1_365' title='bbox 1339 1063 1518 1105; x_wconf 55' lang='grc' dir='ltr'>βουλομένουί</span> <span class='ocrx_word' id='word_1_366' title='bbox 1530 1069 1629 1102; x_wconf 77' lang='grc' dir='ltr'>’Ἄλλην</span> <span class='ocrx_word' id='word_1_367' title='bbox 1645 1068 1691 1094; x_wconf 78' lang='grc' dir='ltr'>καὶ</span> <span class='ocrx_word' id='word_1_368' title='bbox 1705 1067 1752 1093; x_wconf 85' lang='grc' dir='ltr'>νῦν</span> <span class='ocrx_word' id='word_1_369' title='bbox 1768 1067 1811 1092; x_wconf 81' lang='grc' dir='ltr'><strong>ἐπ’</strong></span> <span class='ocrx_word' id='word_1_370' title='bbox 1824 1066 1905 1092; x_wconf 82' lang='grc' dir='ltr'>αὐτοῦ</span> 
     </span>
    </p>
   </div>
   <div class='ocr_carea' id='block_1_50' title="bbox 1117 1112 1905 1151">
    <p class='ocr_par' dir='ltr' id='par_1_50' title="bbox 1117 1112 1905 1151">
     <span class='ocr_line' id='line_1_51' title="bbox 1117 1112 1905 1151; baseline -0.011 -7"><span class='ocrx_word' id='word_1_371' title='bbox 1117 1117 1163 1144; x_wconf 79' lang='grc' dir='ltr'>τοῦ</span> <span class='ocrx_word' id='word_1_372' title='bbox 1185 1116 1252 1143; x_wconf 79' lang='grc' dir='ltr'>Θεοῦ</span> <span class='ocrx_word' id='word_1_373' title='bbox 1275 1116 1406 1151; x_wconf 86' lang='grc' dir='ltr'>πρόνοιαν</span> <span class='ocrx_word' id='word_1_374' title='bbox 1420 1115 1487 1151; x_wconf 80' lang='grc'><strong>(75).</strong></span> <span class='ocrx_word' id='word_1_375' title='bbox 1512 1115 1566 1140; x_wconf 76' lang='grc' dir='ltr'><strong>Καὶ</strong></span> <span class='ocrx_word' id='word_1_376' title='bbox 1583 1114 1637 1148; x_wconf 73' lang='grc' dir='ltr'><strong>γὰρ</strong></span> <span class='ocrx_word' id='word_1_377' title='bbox 1654 1112 1815 1147; x_wconf 80' lang='grc' dir='ltr'>βουλομένου</span> <span class='ocrx_word' id='word_1_378' title='bbox 1835 1119 1905 1145; x_wconf 85' lang='grc' dir='ltr'>συμ-</span> 
     </span>
    </p>
   </div>
   <div class='ocr_carea' id='block_1_51' title="bbox 1120 1156 1908 1198">
    <p class='ocr_par' dir='ltr' id='par_1_51' title="bbox 1120 1156 1908 1198">
     <span class='ocr_line' id='line_1_52' title="bbox 1120 1156 1908 1198; baseline -0.01 -8"><span class='ocrx_word' id='word_1_379' title='bbox 1120 1164 1216 1198; x_wconf 85' lang='grc' dir='ltr'>μαχεῖν</span> <span class='ocrx_word' id='word_1_380' title='bbox 1228 1162 1309 1189; x_wconf 76' lang='grc' dir='ltr'>αὑτὸν</span> <span class='ocrx_word' id='word_1_381' title='bbox 1328 1161 1384 1198; x_wconf 69' lang='grc'><strong>(74)</strong></span> <span class='ocrx_word' id='word_1_382' title='bbox 1399 1162 1453 1193; x_wconf 82' lang='grc' dir='ltr'>τοῖς</span> <span class='ocrx_word' id='word_1_383' title='bbox 1471 1160 1643 1194; x_wconf 77' lang='grc' dir='ltr'>Ἀλλοφύλοις</span> <span class='ocrx_word' id='word_1_384' title='bbox 1656 1158 1701 1185; x_wconf 74' lang='grc' dir='ltr'><strong>ἐπὶ</strong></span> <span class='ocrx_word' id='word_1_385' title='bbox 1714 1160 1746 1192; x_wconf 82' lang='grc' dir='ltr'>τῇ</span> <span class='ocrx_word' id='word_1_386' title='bbox 1761 1157 1807 1184; x_wconf 69' lang='grc' dir='ltr'><strong>τοῦ</strong></span> <span class='ocrx_word' id='word_1_387' title='bbox 1821 1156 1908 1183; x_wconf 73' lang='grc' dir='ltr'>Σαοὺλ</span> 
     </span>
    </p>
   </div>
   <div class='ocr_carea' id='block_1_52' title="bbox 1118 1201 1906 1241">
    <p class='ocr_par' dir='ltr' id='par_1_52' title="bbox 1118 1201 1906 1241">
     <span class='ocr_line' id='line_1_53' title="bbox 1118 1201 1906 1241; baseline -0.01 -6"><span class='ocrx_word' id='word_1_388' title='bbox 1118 1208 1226 1236; x_wconf 76' lang='grc' dir='ltr'>καὶτοῦ</span> <span class='ocrx_word' id='word_1_389' title='bbox 1250 1208 1379 1234; x_wconf 81' lang='grc' dir='ltr'>Ἰωνάθαν</span> <span class='ocrx_word' id='word_1_390' title='bbox 1402 1206 1553 1241; x_wconf 75' lang='grc' dir='ltr'>ἀναιρέσει,</span> <span class='ocrx_word' id='word_1_391' title='bbox 1582 1202 1775 1238; x_wconf 66' lang='grc' dir='ltr'>ἀποπεμφθεὶς</span> <span class='ocrx_word' id='word_1_392' title='bbox 1791 1202 1843 1228; x_wconf 79' lang='grc' dir='ltr'><strong>ὑπὸ</strong></span> <span class='ocrx_word' id='word_1_393' title='bbox 1859 1201 1906 1227; x_wconf 76' lang='grc' dir='ltr'>τοῦ</span> 
     </span>
    </p>
   </div>
   <div class='ocr_carea' id='block_1_53' title="bbox 1125 1248 1908 1289">
    <p class='ocr_par' dir='ltr' id='par_1_53' title="bbox 1125 1248 1908 1289">
     <span class='ocr_line' id='line_1_54' title="bbox 1125 1248 1908 1289; baseline -0.01 -8"><span class='ocrx_word' id='word_1_394' title='bbox 1125 1255 1248 1289; x_wconf 82' lang='grc' dir='ltr'>Ἀγχοῦς,</span> <span class='ocrx_word' id='word_1_395' title='bbox 1264 1254 1318 1280; x_wconf 82' lang='grc' dir='ltr'><strong>ἀπὸ</strong></span> <span class='ocrx_word' id='word_1_396' title='bbox 1332 1255 1381 1288; x_wconf 82' lang='grc' dir='ltr'>τῆς</span> <span class='ocrx_word' id='word_1_397' title='bbox 1394 1253 1461 1287; x_wconf 80' lang='grc' dir='ltr'>πρὸς</span> <span class='ocrx_word' id='word_1_398' title='bbox 1482 1252 1528 1278; x_wconf 66' lang='grc' dir='ltr'>τὶν</span> <span class='ocrx_word' id='word_1_399' title='bbox 1540 1251 1637 1277; x_wconf 79' lang='grc' dir='ltr'>ἑαυτοῦ</span> <span class='ocrx_word' id='word_1_400' title='bbox 1649 1250 1713 1276; x_wconf 83' lang='grc' dir='ltr'>λαδν</span> <span class='ocrx_word' id='word_1_401' title='bbox 1727 1249 1827 1284; x_wconf 84' lang='grc' dir='ltr'>μάχης,</span> <span class='ocrx_word' id='word_1_402' title='bbox 1837 1248 1908 1281; x_wconf 82' lang='grc' dir='ltr'>έγνω</span> 
     </span>
    </p>
   </div>
   <div class='ocr_carea' id='block_1_54' title="bbox 1118 1291 1907 1332">
    <p class='ocr_par' dir='ltr' id='par_1_54' title="bbox 1118 1291 1907 1332">
     <span class='ocr_line' id='line_1_55' title="bbox 1118 1291 1907 1332; baseline -0.013 -5"><span class='ocrx_word' id='word_1_403' title='bbox 1118 1300 1168 1332; x_wconf 81' lang='grc' dir='ltr'><strong>τὰς</strong></span> <span class='ocrx_word' id='word_1_404' title='bbox 1186 1299 1232 1326; x_wconf 75' lang='grc' dir='ltr'>τοῦ</span> <span class='ocrx_word' id='word_1_405' title='bbox 1259 1298 1344 1325; x_wconf 81' lang='grc' dir='ltr'>Ἰούδα</span> <span class='ocrx_word' id='word_1_406' title='bbox 1369 1298 1460 1328; x_wconf 68' lang='grc' dir='ltr'>πόλεις</span> <span class='ocrx_word' id='word_1_407' title='bbox 1482 1296 1533 1323; x_wconf 77' lang='grc' dir='ltr'><strong>ὑπὸ</strong></span> <span class='ocrx_word' id='word_1_408' title='bbox 1566 1294 1756 1330; x_wconf 81' lang='grc' dir='ltr'>Ἀμαληκιτῶν</span> <span class='ocrx_word' id='word_1_409' title='bbox 1778 1291 1907 1319; x_wconf 83' lang='grc' dir='ltr'>ὲσκυλεῦ-</span> 
     </span>
    </p>
   </div>
   <div class='ocr_carea' id='block_1_55' title="bbox 1121 1338 1906 1377">
    <p class='ocr_par' dir='ltr' id='par_1_55' title="bbox 1121 1338 1906 1377">
     <span class='ocr_line' id='line_1_56' title="bbox 1121 1338 1906 1377; baseline -0.013 -5"><span class='ocrx_word' id='word_1_410' title='bbox 1121 1345 1198 1377; x_wconf 82' lang='grc' dir='ltr'>σθαι,</span> <span class='ocrx_word' id='word_1_411' title='bbox 1212 1345 1260 1372; x_wconf 80' lang='grc' dir='ltr'>καὶ</span> <span class='ocrx_word' id='word_1_412' title='bbox 1273 1342 1443 1375; x_wconf 79' lang='grc' dir='ltr'>καταδιώξας</span> <span class='ocrx_word' id='word_1_413' title='bbox 1465 1342 1573 1376; x_wconf 82' lang='grc' dir='ltr'>ἀναιρεί</span> <span class='ocrx_word' id='word_1_414' title='bbox 1598 1340 1647 1375; x_wconf 78' lang='grc' dir='ltr'>μὲν</span> <span class='ocrx_word' id='word_1_415' title='bbox 1663 1339 1725 1370; x_wconf 78' lang='grc' dir='ltr'>τοὺς</span> <span class='ocrx_word' id='word_1_416' title='bbox 1744 1338 1906 1372; x_wconf 84' lang='grc' dir='ltr'>πολεμίους,</span> 
     </span>
    </p>
   </div>
   <div class='ocr_carea' id='block_1_56' title="bbox 1120 1382 1908 1425">
    <p class='ocr_par' dir='ltr' id='par_1_56' title="bbox 1120 1382 1908 1425">
     <span class='ocr_line' id='line_1_57' title="bbox 1120 1382 1908 1425; baseline -0.013 -8"><span class='ocrx_word' id='word_1_417' title='bbox 1120 1390 1279 1418; x_wconf 78' lang='grc' dir='ltr'>ἀποστέλλει</span> <span class='ocrx_word' id='word_1_418' title='bbox 1292 1388 1348 1425; x_wconf 84' lang='grc'><strong>(75)</strong></span> <span class='ocrx_word' id='word_1_419' title='bbox 1362 1389 1417 1419; x_wconf 78' lang='grc' dir='ltr'>τοῖς</span> <span class='ocrx_word' id='word_1_420' title='bbox 1428 1386 1636 1421; x_wconf 76' lang='grc' dir='ltr'>ἐσκυλευμένοις</span> <span class='ocrx_word' id='word_1_421' title='bbox 1642 1384 1690 1415; x_wconf 74' lang='grc' dir='ltr'><strong>τὰς</strong></span> <span class='ocrx_word' id='word_1_422' title='bbox 1699 1384 1803 1410; x_wconf 76' lang='grc' dir='ltr'>ἑαυτῶν</span> <span class='ocrx_word' id='word_1_423' title='bbox 1815 1382 1908 1416; x_wconf 84' lang='grc' dir='ltr'>γυναῖ-</span> 
     </span>
    </p>
   </div>
   <div class='ocr_carea' id='block_1_57' title="bbox 1121 1427 1908 1468">
    <p class='ocr_par' dir='ltr' id='par_1_57' title="bbox 1121 1427 1908 1468">
     <span class='ocr_line' id='line_1_58' title="bbox 1121 1427 1908 1468; baseline -0.013 -5"><span class='ocrx_word' id='word_1_424' title='bbox 1121 1445 1171 1468; x_wconf 80' lang='grc' dir='ltr'><strong>κας</strong></span> <span class='ocrx_word' id='word_1_425' title='bbox 1186 1436 1233 1462; x_wconf 74' lang='grc' dir='ltr'>καὶ</span> <span class='ocrx_word' id='word_1_426' title='bbox 1245 1436 1278 1462; x_wconf 82' lang='grc' dir='ltr'><strong>τὰ</strong></span> <span class='ocrx_word' id='word_1_427' title='bbox 1293 1436 1386 1466; x_wconf 80' lang='grc' dir='ltr'>τέκνα,</span> <span class='ocrx_word' id='word_1_428' title='bbox 1403 1433 1450 1460; x_wconf 66' lang='grc' dir='ltr'><strong>καὶ</strong></span> <span class='ocrx_word' id='word_1_429' title='bbox 1466 1432 1621 1468; x_wconf 79' lang='grc' dir='ltr'><strong>προστάτης</strong></span> <span class='ocrx_word' id='word_1_430' title='bbox 1638 1431 1709 1457; x_wconf 77' lang='grc' dir='ltr'>οὕτω</span> <span class='ocrx_word' id='word_1_431' title='bbox 1722 1430 1769 1456; x_wconf 71' lang='grc' dir='ltr'>καὶ</span> <span class='ocrx_word' id='word_1_432' title='bbox 1783 1427 1908 1463; x_wconf 80' lang='grc' dir='ltr'>κηδεμὼν</span> 
     </span>
    </p>
   </div>
   <div class='ocr_carea' id='block_1_58' title="bbox 1121 1473 1908 1515">
    <p class='ocr_par' dir='ltr' id='par_1_58' title="bbox 1121 1473 1908 1515">
     <span class='ocr_line' id='line_1_59' title="bbox 1121 1473 1908 1515; baseline -0.013 -7"><span class='ocrx_word' id='word_1_433' title='bbox 1121 1482 1181 1508; x_wconf 74' lang='grc' dir='ltr'>ἀντὶ</span> <span class='ocrx_word' id='word_1_434' title='bbox 1196 1480 1325 1515; x_wconf 84' lang='grc' dir='ltr'>πολεμίου</span> <span class='ocrx_word' id='word_1_435' title='bbox 1341 1481 1396 1511; x_wconf 87' lang='grc' dir='ltr'>τοῖς</span> <span class='ocrx_word' id='word_1_436' title='bbox 1414 1478 1524 1509; x_wconf 81' lang='grc' dir='ltr'>οἰκείοις</span> <span class='ocrx_word' id='word_1_437' title='bbox 1541 1477 1658 1510; x_wconf 79' lang='grc' dir='ltr'>ἐγίνετο.</span> <span class='ocrx_word' id='word_1_438' title='bbox 1683 1473 1816 1501; x_wconf 81' lang='grc' dir='ltr'>Ἐνταῦθα</span> <span class='ocrx_word' id='word_1_439' title='bbox 1826 1473 1908 1507; x_wconf 85' lang='grc' dir='ltr'>νόμον</span> 
     </span>
    </p>
   </div>
   <div class='ocr_carea' id='block_1_59' title="bbox 1121 1518 1907 1559">
    <p class='ocr_par' dir='ltr' id='par_1_59' title="bbox 1121 1518 1907 1559">
     <span class='ocr_line' id='line_1_60' title="bbox 1121 1518 1907 1559; baseline -0.011 -6"><span class='ocrx_word' id='word_1_440' title='bbox 1121 1527 1250 1558; x_wconf 74' lang='grc' dir='ltr'>ἕθετο,τὰ</span> <span class='ocrx_word' id='word_1_441' title='bbox 1267 1527 1300 1552; x_wconf 85' lang='grc' dir='ltr'>ὲκ</span> <span class='ocrx_word' id='word_1_442' title='bbox 1314 1525 1450 1559; x_wconf 82' lang='grc' dir='ltr'>πολεμίων</span> <span class='ocrx_word' id='word_1_443' title='bbox 1469 1523 1554 1550; x_wconf 81' lang='grc' dir='ltr'>σκύλα</span> <span class='ocrx_word' id='word_1_444' title='bbox 1571 1520 1749 1555; x_wconf 73' lang='grc' dir='ltr'>σκευοφύλαξι</span> <span class='ocrx_word' id='word_1_445' title='bbox 1763 1520 1811 1546; x_wconf 81' lang='grc' dir='ltr'>καὶ</span> <span class='ocrx_word' id='word_1_446' title='bbox 1828 1518 1907 1545; x_wconf 81' lang='grc' dir='ltr'>πολε-</span> 
     </span>
    </p>
   </div>
   <div class='ocr_carea' id='block_1_60' title="bbox 281 1565 1070 1617">
    <p class='ocr_par' dir='ltr' id='par_1_60' title="bbox 281 1569 1068 1612">
     <span class='ocr_line' id='line_1_61' title="bbox 281 1569 1068 1612; baseline -0.013 -8"><span class='ocrx_word' id='word_1_447' title='bbox 281 1575 500 1612; x_wconf 79' lang='lat' dir='ltr'><strong>quandoquidcnt</strong></span> <span class='ocrx_word' id='word_1_448' title='bbox 523 1573 586 1600; x_wconf 89' lang='lat' dir='ltr'><strong>mali</strong></span> <span class='ocrx_word' id='word_1_449' title='bbox 605 1572 715 1607; x_wconf 82' lang='lat' dir='ltr'><strong>quidam</strong></span> <span class='ocrx_word' id='word_1_450' title='bbox 734 1571 859 1598; x_wconf 86' lang='lat' dir='ltr'><strong>homines</strong></span> <span class='ocrx_word' id='word_1_451' title='bbox 881 1570 926 1604; x_wconf 90' lang='lat' dir='ltr'><strong>qui</strong></span> <span class='ocrx_word' id='word_1_452' title='bbox 945 1577 1006 1596; x_wconf 84' lang='lat' dir='ltr'><strong>cum</strong></span> <span class='ocrx_word' id='word_1_453' title='bbox 1024 1569 1068 1594; x_wconf 90' lang='lat' dir='ltr'><strong>illo</strong></span> 
     </span>
    </p>
   </div>
   <div class='ocr_carea' id='block_1_61' title="bbox 1122 1565 1910 1617">
    <p class='ocr_par' dir='ltr' id='par_1_61' title="bbox 1124 1565 1910 1607">
     <span class='ocr_line' id='line_1_62' title="bbox 1124 1565 1910 1607; baseline -0.011 -9"><span class='ocrx_word' id='word_1_454' title='bbox 1124 1573 1232 1607; x_wconf 84' lang='grc' dir='ltr'>μισταῖς</span> <span class='ocrx_word' id='word_1_455' title='bbox 1249 1572 1278 1604; x_wconf 75' lang='grc' dir='ltr'>ἐξ</span> <span class='ocrx_word' id='word_1_456' title='bbox 1291 1571 1349 1597; x_wconf 76' lang='grc' dir='ltr'>ἴσου</span> <span class='ocrx_word' id='word_1_457' title='bbox 1372 1568 1611 1604; x_wconf 83' lang='grc' dir='ltr'>δασμολογείσοαι,</span> <span class='ocrx_word' id='word_1_458' title='bbox 1629 1567 1744 1601; x_wconf 69' lang='grc' dir='ltr'>ἐπείπερ</span> <span class='ocrx_word' id='word_1_459' title='bbox 1764 1567 1789 1591; x_wconf 82' lang='grc' dir='ltr'>οἱ</span> <span class='ocrx_word' id='word_1_460' title='bbox 1811 1565 1910 1599; x_wconf 81' lang='grc' dir='ltr'>φαῦλοι</span> 
     </span>
    </p>
   </div>
   <div class='ocr_carea' id='block_1_62' title="bbox 281 1614 1068 1653">
    <p class='ocr_par' dir='ltr' id='par_1_62' title="bbox 281 1614 1068 1653">
     <span class='ocr_line' id='line_1_63' title="bbox 281 1614 1068 1653; baseline -0.015 -2"><span class='ocrx_word' id='word_1_461' title='bbox 281 1622 447 1650; x_wconf 76' lang='lat' dir='ltr'><strong>Amalccitas</strong></span> <span class='ocrx_word' id='word_1_462' title='bbox 473 1620 583 1646; x_wconf 84' lang='lat' dir='ltr'><strong>fuerant</strong></span> <span class='ocrx_word' id='word_1_463' title='bbox 598 1616 725 1648; x_wconf 90' lang='lat' dir='ltr'><strong>insecuti,</strong></span> <span class='ocrx_word' id='word_1_464' title='bbox 746 1615 871 1642; x_wconf 87' lang='lat' dir='ltr'><strong>nolebant</strong></span> <span class='ocrx_word' id='word_1_465' title='bbox 892 1614 989 1653; x_wconf 68' lang='lat' dir='ltr'><strong>przedtp</strong></span> <span class='ocrx_word' id='word_1_466' title='bbox 1005 1621 1068 1647; x_wconf 83' lang='lat' dir='ltr'><strong>par-</strong></span> 
     </span>
    </p>
   </div>
   <div class='ocr_carea' id='block_1_63' title="bbox 282 1659 1067 1697">
    <p class='ocr_par' dir='ltr' id='par_1_63' title="bbox 282 1659 1067 1697">
     <span class='ocr_line' id='line_1_64' title="bbox 282 1659 1067 1697; baseline -0.013 -3"><span class='ocrx_word' id='word_1_467' title='bbox 282 1673 334 1694; x_wconf 88' lang='lat' dir='ltr'><strong>tem</strong></span> <span class='ocrx_word' id='word_1_468' title='bbox 353 1666 444 1692; x_wconf 86' lang='lat' dir='ltr'><strong>facere</strong></span> <span class='ocrx_word' id='word_1_469' title='bbox 464 1664 507 1694; x_wconf 83' lang='lat' dir='ltr'><strong>iis,</strong></span> <span class='ocrx_word' id='word_1_470' title='bbox 523 1663 571 1697; x_wconf 88' lang='lat' dir='ltr'><strong>qui</strong></span> <span class='ocrx_word' id='word_1_471' title='bbox 592 1663 626 1689; x_wconf 92' lang='lat' dir='ltr'><strong>ob</strong></span> <span class='ocrx_word' id='word_1_472' title='bbox 640 1663 807 1689; x_wconf 83' lang='lat' dir='ltr'><strong>debilitatem</strong></span> <span class='ocrx_word' id='word_1_473' title='bbox 823 1660 921 1686; x_wconf 90' lang='lat' dir='ltr'><strong>virium</strong></span> <span class='ocrx_word' id='word_1_474' title='bbox 944 1659 976 1686; x_wconf 87' lang='lat' dir='ltr'><strong>ad</strong></span> <span class='ocrx_word' id='word_1_475' title='bbox 992 1666 1067 1685; x_wconf 92' lang='lat' dir='ltr'><strong>com-</strong></span> 
     </span>
    </p>
   </div>
   <div class='ocr_carea' id='block_1_64' title="bbox 281 1703 1069 1744">
    <p class='ocr_par' dir='ltr' id='par_1_64' title="bbox 281 1703 1069 1744">
     <span class='ocr_line' id='line_1_65' title="bbox 281 1703 1069 1744; baseline -0.011 -5"><span class='ocrx_word' id='word_1_476' title='bbox 281 1712 374 1739; x_wconf 88' lang='lat' dir='ltr'><strong>munia</strong></span> <span class='ocrx_word' id='word_1_477' title='bbox 389 1710 581 1744; x_wconf 86' lang='lat' dir='ltr'><strong>impedimenta</strong></span> <span class='ocrx_word' id='word_1_478' title='bbox 595 1710 794 1736; x_wconf 80' lang='lat' dir='ltr'><strong>remanserant.</strong></span> <span class='ocrx_word' id='word_1_479' title='bbox 807 1705 943 1732; x_wconf 84' lang='lat' dir='ltr'><strong>Mortnum</strong></span> <span class='ocrx_word' id='word_1_480' title='bbox 962 1704 1026 1731; x_wconf 71' lang='lat' dir='ltr'><strong>Saul</strong></span> <span class='ocrx_word' id='word_1_481' title='bbox 1042 1703 1069 1730; x_wconf 92' lang='lat' dir='ltr'><strong>iu</strong></span> 
     </span>
    </p>
   </div>
   <div class='ocr_carea' id='block_1_65' title="bbox 282 1752 1068 1790">
    <p class='ocr_par' dir='ltr' id='par_1_65' title="bbox 282 1752 1068 1790">
     <span class='ocr_line' id='line_1_66' title="bbox 282 1752 1068 1790; baseline -0.009 -9"><span class='ocrx_word' id='word_1_482' title='bbox 282 1762 372 1790; x_wconf 76' lang='lat' dir='ltr'><strong>pugna</strong></span> <span class='ocrx_word' id='word_1_483' title='bbox 387 1754 519 1780; x_wconf 81' lang='lat' dir='ltr'><strong>adversus</strong></span> <span class='ocrx_word' id='word_1_484' title='bbox 534 1752 643 1779; x_wconf 79' lang='lat' dir='ltr'><strong>Auchus</strong></span> <span class='ocrx_word' id='word_1_485' title='bbox 656 1752 853 1781; x_wconf 77' lang='lat' dir='ltr'><strong>Philistlueurn,</strong></span> <span class='ocrx_word' id='word_1_486' title='bbox 868 1758 922 1776; x_wconf 89' lang='lat' dir='ltr'><strong>non</strong></span> <span class='ocrx_word' id='word_1_487' title='bbox 940 1754 1068 1782; x_wconf 82' lang='lat' dir='ltr'><strong>tauquam</strong></span> 
     </span>
    </p>
   </div>
   <div class='ocr_carea' id='block_1_66' title="bbox 282 1791 1072 1831">
    <p class='ocr_par' dir='ltr' id='par_1_66' title="bbox 282 1791 1072 1831">
     <span class='ocr_line' id='line_1_67' title="bbox 282 1791 1072 1831; baseline -0.011 -3"><span class='ocrx_word' id='word_1_488' title='bbox 282 1800 369 1828; x_wconf 88' lang='lat' dir='ltr'><strong>hostis</strong></span> <span class='ocrx_word' id='word_1_489' title='bbox 385 1799 515 1826; x_wconf 72' lang='lat' dir='ltr'><strong>cecidisse</strong></span> <span class='ocrx_word' id='word_1_490' title='bbox 540 1798 652 1830; x_wconf 86' lang='lat' dir='ltr'><strong>audivit,</strong></span> <span class='ocrx_word' id='word_1_491' title='bbox 674 1798 721 1825; x_wconf 85' lang='lat' dir='ltr'><strong>sed</strong></span> <span class='ocrx_word' id='word_1_492' title='bbox 745 1791 778 1823; x_wconf 74' lang='lat' dir='ltr'><strong>ut</strong></span> <span class='ocrx_word' id='word_1_493' title='bbox 791 1802 950 1831; x_wconf 83' lang='lat' dir='ltr'><strong>germanum</strong></span> <span class='ocrx_word' id='word_1_494' title='bbox 969 1794 1072 1821; x_wconf 80' lang='lat' dir='ltr'><strong>lamen-</strong></span> 
     </span>
    </p>
   </div>
   <div class='ocr_carea' id='block_1_67' title="bbox 283 1840 1072 1877">
    <p class='ocr_par' dir='ltr' id='par_1_67' title="bbox 283 1840 1072 1877">
     <span class='ocr_line' id='line_1_68' title="bbox 283 1840 1072 1877; baseline -0.009 -5"><span class='ocrx_word' id='word_1_495' title='bbox 283 1851 355 1873; x_wconf 80' lang='lat' dir='ltr'><strong>tatus</strong></span> <span class='ocrx_word' id='word_1_496' title='bbox 377 1840 665 1877; x_wconf 47' lang='lat' dir='ltr'><strong>cst&#39;curatorcmque,</strong></span> <span class='ocrx_word' id='word_1_497' title='bbox 687 1849 720 1869; x_wconf 89' lang='lat' dir='ltr'><strong>ac</strong></span> <span class='ocrx_word' id='word_1_498' title='bbox 744 1841 920 1868; x_wconf 80' lang='lat' dir='ltr'><strong>emortualem</strong></span> <span class='ocrx_word' id='word_1_499' title='bbox 947 1844 1000 1865; x_wconf 91' lang='lat' dir='ltr'><strong>tam</strong></span> <span class='ocrx_word' id='word_1_500' title='bbox 1024 1845 1072 1873; x_wconf 92' lang='lat' dir='ltr'><strong>pro</strong></span> 
     </span>
    </p>
   </div>
   <div class='ocr_carea' id='block_1_68' title="bbox 283 1884 1073 1926">
    <p class='ocr_par' dir='ltr' id='par_1_68' title="bbox 283 1884 1073 1926">
     <span class='ocr_line' id='line_1_69' title="bbox 283 1884 1073 1926; baseline -0.011 -8"><span class='ocrx_word' id='word_1_501' title='bbox 283 1893 329 1918; x_wconf 89' lang='lat' dir='ltr'><strong>illo</strong></span> <span class='ocrx_word' id='word_1_502' title='bbox 343 1898 424 1926; x_wconf 85' lang='lat' dir='ltr'><strong>quam</strong></span> <span class='ocrx_word' id='word_1_503' title='bbox 444 1898 491 1924; x_wconf 90' lang='lat' dir='ltr'><strong>pro</strong></span> <span class='ocrx_word' id='word_1_504' title='bbox 507 1889 562 1915; x_wconf 85' lang='lat' dir='ltr'><strong>filio</strong></span> <span class='ocrx_word' id='word_1_505' title='bbox 575 1890 705 1923; x_wconf 77' lang='lat' dir='ltr'><strong>hymnum</strong></span> <span class='ocrx_word' id='word_1_506' title='bbox 719 1887 892 1921; x_wconf 87' lang='lat' dir='ltr'><strong>conscripsit.</strong></span> <span class='ocrx_word' id='word_1_507' title='bbox 908 1884 976 1911; x_wconf 86' lang='lat' dir='ltr'><strong>Eum</strong></span> <span class='ocrx_word' id='word_1_508' title='bbox 991 1891 1073 1918; x_wconf 88' lang='lat' dir='ltr'><strong>porro</strong></span> 
     </span>
    </p>
   </div>
   <div class='ocr_carea' id='block_1_69' title="bbox 282 1929 1073 1973">
    <p class='ocr_par' dir='ltr' id='par_1_69' title="bbox 282 1929 1073 1973">
     <span class='ocr_line' id='line_1_70' title="bbox 282 1929 1073 1973; baseline -0.014 -8"><span class='ocrx_word' id='word_1_509' title='bbox 282 1938 329 1973; x_wconf 89' lang='lat' dir='ltr'><strong>qui</strong></span> <span class='ocrx_word' id='word_1_510' title='bbox 355 1936 484 1964; x_wconf 70' lang='lat' dir='ltr'><strong>afferebat</strong></span> <span class='ocrx_word' id='word_1_511' title='bbox 501 1935 572 1970; x_wconf 75' lang='lat' dir='ltr'><strong>regis</strong></span> <span class='ocrx_word' id='word_1_512' title='bbox 597 1934 660 1962; x_wconf 89' lang='lat' dir='ltr'><strong>Saul</strong></span> <span class='ocrx_word' id='word_1_513' title='bbox 677 1933 806 1968; x_wconf 81' lang='lat' dir='ltr'><strong>insignia,</strong></span> <span class='ocrx_word' id='word_1_514' title='bbox 823 1937 851 1959; x_wconf 85' lang='lat' dir='ltr'><strong>et</strong></span> <span class='ocrx_word' id='word_1_515' title='bbox 870 1932 903 1958; x_wconf 92' lang='lat' dir='ltr'><strong>de</strong></span> <span class='ocrx_word' id='word_1_516' title='bbox 917 1937 983 1957; x_wconf 86' lang='lat' dir='ltr'><strong>nece</strong></span> <span class='ocrx_word' id='word_1_517' title='bbox 1000 1929 1073 1956; x_wconf 89' lang='lat' dir='ltr'><strong>illius</strong></span> 
     </span>
    </p>
   </div>
   <div class='ocr_carea' id='block_1_70' title="bbox 285 1975 1074 2013">
    <p class='ocr_par' dir='ltr' id='par_1_70' title="bbox 285 1975 1074 2013">
     <span class='ocr_line' id='line_1_71' title="bbox 285 1975 1074 2013; baseline -0.014 -2"><span class='ocrx_word' id='word_1_518' title='bbox 285 1983 432 2011; x_wconf 72' lang='lat' dir='ltr'><strong>certiorem</strong></span> <span class='ocrx_word' id='word_1_519' title='bbox 463 1981 598 2013; x_wconf 83' lang='lat' dir='ltr'><strong>faciebat,</strong></span> <span class='ocrx_word' id='word_1_520' title='bbox 627 1981 681 2007; x_wconf 94' lang='lat' dir='ltr'><strong>imo</strong></span> <span class='ocrx_word' id='word_1_521' title='bbox 706 1985 771 2006; x_wconf 89' lang='lat' dir='ltr'><strong>vero</strong></span> <span class='ocrx_word' id='word_1_522' title='bbox 797 1977 823 2004; x_wconf 94' lang='lat' dir='ltr'><strong>in</strong></span> <span class='ocrx_word' id='word_1_523' title='bbox 858 1975 972 2011; x_wconf 80' lang='lat' dir='ltr'><strong>gratiam</strong></span> <span class='ocrx_word' id='word_1_524' title='bbox 1001 1975 1074 2001; x_wconf 89' lang='lat' dir='ltr'><strong>illius</strong></span> 
     </span>
    </p>
   </div>
   <div class='ocr_carea' id='block_1_71' title="bbox 283 2021 1075 2065">
    <p class='ocr_par' dir='ltr' id='par_1_71' title="bbox 283 2021 1075 2065">
     <span class='ocr_line' id='line_1_72' title="bbox 283 2021 1075 2065; baseline -0.014 -8"><span class='ocrx_word' id='word_1_525' title='bbox 283 2031 372 2065; x_wconf 70' lang='lat' dir='ltr'><strong>egisse</strong></span> <span class='ocrx_word' id='word_1_526' title='bbox 386 2028 450 2064; x_wconf 86' lang='lat' dir='ltr'><strong>quid</strong></span> <span class='ocrx_word' id='word_1_527' title='bbox 467 2033 560 2055; x_wconf 86' lang='lat' dir='ltr'><strong>contra</strong></span> <span class='ocrx_word' id='word_1_528' title='bbox 576 2027 651 2053; x_wconf 91' lang='lat' dir='ltr'><strong>illum</strong></span> <span class='ocrx_word' id='word_1_529' title='bbox 674 2025 826 2056; x_wconf 81' lang='lat' dir='ltr'><strong>dictitabat,</strong></span> <span class='ocrx_word' id='word_1_530' title='bbox 846 2029 878 2049; x_wconf 87' lang='lat' dir='ltr'><strong>ac</strong></span> <span class='ocrx_word' id='word_1_531' title='bbox 892 2021 971 2056; x_wconf 86' lang='lat' dir='ltr'><strong>quasi</strong></span> <span class='ocrx_word' id='word_1_532' title='bbox 987 2021 1075 2048; x_wconf 91' lang='lat' dir='ltr'><strong>bonus</strong></span> 
     </span>
    </p>
   </div>
   <div class='ocr_carea' id='block_1_72' title="bbox 283 2066 1075 2103">
    <p class='ocr_par' dir='ltr' id='par_1_72' title="bbox 283 2066 1075 2103">
     <span class='ocr_line' id='line_1_73' title="bbox 283 2066 1075 2103; baseline -0.014 0"><span class='ocrx_word' id='word_1_533' title='bbox 283 2076 397 2103; x_wconf 84' lang='lat' dir='ltr'><strong>nuntius</strong></span> <span class='ocrx_word' id='word_1_534' title='bbox 421 2074 454 2101; x_wconf 89' lang='lat' dir='ltr'><strong>ad</strong></span> <span class='ocrx_word' id='word_1_535' title='bbox 483 2081 545 2100; x_wconf 88' lang='lat' dir='ltr'><strong>cum</strong></span> <span class='ocrx_word' id='word_1_536' title='bbox 573 2072 706 2100; x_wconf 85' lang='lat' dir='ltr'><strong>ventitare</strong></span> <span class='ocrx_word' id='word_1_537' title='bbox 728 2069 884 2098; x_wconf 86' lang='lat' dir='ltr'><strong>videbatur.</strong></span> <span class='ocrx_word' id='word_1_538' title='bbox 899 2075 949 2095; x_wconf 88' lang='lat' dir='ltr'><strong>ccu</strong></span> <span class='ocrx_word' id='word_1_539' title='bbox 973 2066 1075 2094; x_wconf 89' lang='lat' dir='ltr'><strong>malum</strong></span> 
     </span>
    </p>
   </div>
   <div class='ocr_carea' id='block_1_73' title="bbox 284 2109 1073 2150">
    <p class='ocr_par' dir='ltr' id='par_1_73' title="bbox 284 2109 1073 2150">
     <span class='ocr_line' id='line_1_74' title="bbox 284 2109 1073 2150; baseline -0.011 0"><span class='ocrx_word' id='word_1_540' title='bbox 284 2122 410 2150; x_wconf 90' lang='lat' dir='ltr'><strong>nuntium</strong></span> <span class='ocrx_word' id='word_1_541' title='bbox 428 2120 574 2148; x_wconf 86' lang='lat' dir='ltr'><strong>interfecit.</strong></span> <span class='ocrx_word' id='word_1_542' title='bbox 1042 2109 1073 2129; x_wconf 64' lang='grc' dir='ltr'><strong>’δ’</strong></span> 
     </span>
    </p>
   </div>
   <div class='ocr_carea' id='block_1_74' title="bbox 320 2158 1077 2200">
    <p class='ocr_par' dir='ltr' id='par_1_74' title="bbox 320 2158 1077 2200">
     <span class='ocr_line' id='line_1_75' title="bbox 320 2158 1077 2200; baseline -0.013 -7"><span class='ocrx_word' id='word_1_543' title='bbox 320 2167 374 2194; x_wconf 81' lang='lat' dir='ltr'><strong>Ter</strong></span> <span class='ocrx_word' id='word_1_544' title='bbox 388 2167 414 2194; x_wconf 90' lang='lat' dir='ltr'><strong>in</strong></span> <span class='ocrx_word' id='word_1_545' title='bbox 431 2173 520 2200; x_wconf 78' lang='lat' dir='ltr'><strong>regem</strong></span> <span class='ocrx_word' id='word_1_546' title='bbox 537 2164 656 2198; x_wconf 76' lang='lat' dir='ltr'><strong>ungitur.</strong></span> <span class='ocrx_word' id='word_1_547' title='bbox 671 2162 762 2190; x_wconf 88' lang='lat' dir='ltr'><strong>Semel</strong></span> <span class='ocrx_word' id='word_1_548' title='bbox 774 2161 883 2196; x_wconf 88' lang='lat' dir='ltr'><strong>quidem</strong></span> <span class='ocrx_word' id='word_1_549' title='bbox 905 2167 921 2187; x_wconf 77' lang='grc' dir='ltr'><strong>ιι</strong></span> <span class='ocrx_word' id='word_1_550' title='bbox 936 2158 1077 2186; x_wconf 87' lang='lat' dir='ltr'><strong>sacerdote</strong></span> 
     </span>
    </p>
   </div>
   <div class='ocr_carea' id='block_1_75' title="bbox 285 2202 1078 2243">
    <p class='ocr_par' dir='ltr' id='par_1_75' title="bbox 285 2202 1078 2243">
     <span class='ocr_line' id='line_1_76' title="bbox 285 2202 1078 2243; baseline -0.014 -4"><span class='ocrx_word' id='word_1_551' title='bbox 285 2212 395 2239; x_wconf 76' lang='lat' dir='ltr'><strong>Samuel</strong></span> <span class='ocrx_word' id='word_1_552' title='bbox 412 2211 438 2238; x_wconf 93' lang='lat' dir='ltr'><strong>in</strong></span> <span class='ocrx_word' id='word_1_553' title='bbox 454 2209 612 2236; x_wconf 73' lang='lat' dir='ltr'><strong>Bethlrlrem</strong></span> <span class='ocrx_word' id='word_1_554' title='bbox 627 2208 713 2243; x_wconf 87' lang='lat' dir='ltr'><strong>patria</strong></span> <span class='ocrx_word' id='word_1_555' title='bbox 729 2208 796 2240; x_wconf 87' lang='lat' dir='ltr'><strong>ejus.</strong></span> <span class='ocrx_word' id='word_1_556' title='bbox 814 2206 913 2232; x_wconf 88' lang='lat' dir='ltr'><strong>lterum</strong></span> <span class='ocrx_word' id='word_1_557' title='bbox 924 2202 1078 2238; x_wconf 85' lang='lat' dir='ltr'><strong>ab_Judaico</strong></span> 
     </span>
    </p>
   </div>
   <div class='ocr_carea' id='block_1_76' title="bbox 1121 1611 1910 1652">
    <p class='ocr_par' dir='ltr' id='par_1_76' title="bbox 1121 1611 1910 1652">
     <span class='ocr_line' id='line_1_77' title="bbox 1121 1611 1910 1652; baseline -0.011 -8"><span class='ocrx_word' id='word_1_558' title='bbox 1121 1618 1175 1644; x_wconf 83' lang='grc' dir='ltr'><strong>τῶν</strong></span> <span class='ocrx_word' id='word_1_559' title='bbox 1193 1618 1251 1652; x_wconf 82' lang='grc' dir='ltr'>μετ’</span> <span class='ocrx_word' id='word_1_560' title='bbox 1273 1616 1356 1642; x_wconf 79' lang='grc' dir='ltr'>αὐτοῦ</span> <span class='ocrx_word' id='word_1_561' title='bbox 1375 1615 1601 1647; x_wconf 76' lang='grc' dir='ltr'>καταδιωξάντων</span> <span class='ocrx_word' id='word_1_562' title='bbox 1614 1613 1677 1644; x_wconf 81' lang='grc' dir='ltr'>τοὺς</span> <span class='ocrx_word' id='word_1_563' title='bbox 1705 1611 1910 1647; x_wconf 80' lang='grc' dir='ltr'>Ἀμαληκίτας,</span> 
     </span>
    </p>
   </div>
   <div class='ocr_carea' id='block_1_77' title="bbox 1120 1655 1910 1694">
    <p class='ocr_par' dir='ltr' id='par_1_77' title="bbox 1120 1655 1910 1694">
     <span class='ocr_line' id='line_1_78' title="bbox 1120 1655 1910 1694; baseline -0.01 -5"><span class='ocrx_word' id='word_1_564' title='bbox 1120 1664 1168 1689; x_wconf 70' lang='grc' dir='ltr'>οὐκ</span> <span class='ocrx_word' id='word_1_565' title='bbox 1179 1661 1319 1689; x_wconf 72' lang='grc' dir='ltr'>ἐϐούλοντο</span> <span class='ocrx_word' id='word_1_566' title='bbox 1331 1661 1381 1694; x_wconf 72' lang='grc' dir='ltr'>τῆς</span> <span class='ocrx_word' id='word_1_567' title='bbox 1392 1660 1467 1690; x_wconf 81' lang='grc' dir='ltr'>λείας</span> <span class='ocrx_word' id='word_1_568' title='bbox 1480 1659 1627 1692; x_wconf 79' lang='grc' dir='ltr'>ἀπονέμειν</span> <span class='ocrx_word' id='word_1_569' title='bbox 1638 1658 1693 1688; x_wconf 87' lang='grc' dir='ltr'>τοῖς</span> <span class='ocrx_word' id='word_1_570' title='bbox 1706 1657 1739 1682; x_wconf 78' lang='grc' dir='ltr'>δι’</span> <span class='ocrx_word' id='word_1_571' title='bbox 1755 1655 1910 1692; x_wconf 61' lang='grc' dir='ltr'>ἀρρωστίαν</span> 
     </span>
    </p>
   </div>
   <div class='ocr_carea' id='block_1_78' title="bbox 1122 1700 1910 1742">
    <p class='ocr_par' dir='ltr' id='par_1_78' title="bbox 1122 1700 1910 1742">
     <span class='ocr_line' id='line_1_79' title="bbox 1122 1700 1910 1742; baseline -0.01 -8"><span class='ocrx_word' id='word_1_572' title='bbox 1122 1706 1368 1742; x_wconf 80' lang='grc' dir='ltr'>παραμεμενηκόσι</span> <span class='ocrx_word' id='word_1_573' title='bbox 1403 1704 1452 1739; x_wconf 77' lang='grc' dir='ltr'>τὴν</span> <span class='ocrx_word' id='word_1_574' title='bbox 1483 1703 1538 1737; x_wconf 83' lang='grc'>(76)</span> <span class='ocrx_word' id='word_1_575' title='bbox 1568 1703 1625 1734; x_wconf 80' lang='grc' dir='ltr'>τοῖς</span> <span class='ocrx_word' id='word_1_576' title='bbox 1654 1703 1755 1733; x_wconf 78' lang='grc' dir='ltr'>κοινοῖς</span> <span class='ocrx_word' id='word_1_577' title='bbox 1784 1700 1910 1734; x_wconf 79' lang='grc' dir='ltr'>ἐφοδίοις.</span> 
     </span>
    </p>
   </div>
   <div class='ocr_carea' id='block_1_79' title="bbox 1127 1745 1911 1782">
    <p class='ocr_par' dir='ltr' id='par_1_79' title="bbox 1127 1745 1911 1782">
     <span class='ocr_line' id='line_1_80' title="bbox 1127 1745 1911 1782; baseline -0.01 -5"><span class='ocrx_word' id='word_1_578' title='bbox 1127 1750 1311 1778; x_wconf 81' lang='grc' dir='ltr'>Ἀποθανόντσ.</span> <span class='ocrx_word' id='word_1_579' title='bbox 1344 1749 1390 1775; x_wconf 74' lang='grc' dir='ltr'>τὸν</span> <span class='ocrx_word' id='word_1_580' title='bbox 1416 1747 1504 1774; x_wconf 78' lang='grc' dir='ltr'>Σαοὺλ</span> <span class='ocrx_word' id='word_1_581' title='bbox 1530 1748 1558 1773; x_wconf 83' lang='grc' dir='ltr'>ὲν</span> <span class='ocrx_word' id='word_1_582' title='bbox 1583 1748 1615 1782; x_wconf 79' lang='grc' dir='ltr'>τῇ</span> <span class='ocrx_word' id='word_1_583' title='bbox 1648 1745 1715 1780; x_wconf 71' lang='grc' dir='ltr'>πρὸς</span> <span class='ocrx_word' id='word_1_584' title='bbox 1750 1745 1911 1778; x_wconf 70' lang='grc' dir='ltr'>Ἀλλὸιρυλον</span> 
     </span>
    </p>
   </div>
   <div class='ocr_carea' id='block_1_80' title="bbox 1128 1790 1910 1831">
    <p class='ocr_par' dir='ltr' id='par_1_80' title="bbox 1128 1790 1910 1831">
     <span class='ocr_line' id='line_1_81' title="bbox 1128 1790 1910 1831; baseline -0.01 -8"><span class='ocrx_word' id='word_1_585' title='bbox 1128 1795 1242 1831; x_wconf 80' lang='grc' dir='ltr'>Ἀγχοῦς</span> <span class='ocrx_word' id='word_1_586' title='bbox 1261 1795 1351 1830; x_wconf 83' lang='grc' dir='ltr'>μάχῃ,</span> <span class='ocrx_word' id='word_1_587' title='bbox 1374 1794 1422 1828; x_wconf 82' lang='grc' dir='ltr'>οὐχ</span> <span class='ocrx_word' id='word_1_588' title='bbox 1446 1794 1484 1824; x_wconf 85' lang='grc' dir='ltr'>ὡς</span> <span class='ocrx_word' id='word_1_589' title='bbox 1502 1793 1632 1827; x_wconf 81' lang='grc' dir='ltr'>πολέμιος</span> <span class='ocrx_word' id='word_1_590' title='bbox 1658 1791 1758 1826; x_wconf 66' lang='grc' dir='ltr'>ἤκουσε</span> <span class='ocrx_word' id='word_1_591' title='bbox 1775 1790 1910 1821; x_wconf 82' lang='grc' dir='ltr'>πεσόντα,</span> 
     </span>
    </p>
   </div>
   <div class='ocr_carea' id='block_1_81' title="bbox 1123 1835 1914 1874">
    <p class='ocr_par' dir='ltr' id='par_1_81' title="bbox 1123 1835 1914 1874">
     <span class='ocr_line' id='line_1_82' title="bbox 1123 1835 1914 1874; baseline -0.01 -6"><span class='ocrx_word' id='word_1_592' title='bbox 1123 1842 1159 1873; x_wconf 83' lang='grc' dir='ltr'>ὡς</span> <span class='ocrx_word' id='word_1_593' title='bbox 1171 1842 1199 1867; x_wconf 81' lang='grc' dir='ltr'>δὲ</span> <span class='ocrx_word' id='word_1_594' title='bbox 1214 1841 1325 1874; x_wconf 82' lang='grc' dir='ltr'>γνήσιον</span> <span class='ocrx_word' id='word_1_595' title='bbox 1339 1840 1484 1874; x_wconf 76' lang='grc' dir='ltr'>ὲορήνησε,</span> <span class='ocrx_word' id='word_1_596' title='bbox 1503 1839 1549 1864; x_wconf 69' lang='grc' dir='ltr'>καὶ</span> <span class='ocrx_word' id='word_1_597' title='bbox 1566 1837 1713 1872; x_wconf 85' lang='grc' dir='ltr'>κηδεμόνα,</span> <span class='ocrx_word' id='word_1_598' title='bbox 1729 1835 1776 1861; x_wconf 72' lang='grc' dir='ltr'>καὶ</span> <span class='ocrx_word' id='word_1_599' title='bbox 1792 1835 1838 1861; x_wconf 72' lang='grc' dir='ltr'>τὸν</span> <span class='ocrx_word' id='word_1_600' title='bbox 1854 1835 1914 1861; x_wconf 76' lang='grc' dir='ltr'>ἐπι-</span> 
     </span>
    </p>
   </div>
   <div class='ocr_carea' id='block_1_82' title="bbox 1123 1879 1914 1920">
    <p class='ocr_par' dir='ltr' id='par_1_82' title="bbox 1123 1879 1914 1920">
     <span class='ocr_line' id='line_1_83' title="bbox 1123 1879 1914 1920; baseline -0.009 -8"><span class='ocrx_word' id='word_1_601' title='bbox 1123 1887 1219 1920; x_wconf 81' lang='grc' dir='ltr'>τάφιον</span> <span class='ocrx_word' id='word_1_602' title='bbox 1233 1884 1308 1919; x_wconf 80' lang='grc' dir='ltr'><strong>αὑτῷ</strong></span> <span class='ocrx_word' id='word_1_603' title='bbox 1322 1893 1351 1910; x_wconf 86' lang='grc' dir='ltr'><strong>τε</strong></span> <span class='ocrx_word' id='word_1_604' title='bbox 1367 1885 1415 1910; x_wconf 69' lang='grc' dir='ltr'>καὶ</span> <span class='ocrx_word' id='word_1_605' title='bbox 1430 1883 1469 1917; x_wconf 85' lang='grc' dir='ltr'>τῷ</span> <span class='ocrx_word' id='word_1_606' title='bbox 1491 1883 1542 1917; x_wconf 83' lang='grc' dir='ltr'><strong>υἱῷ</strong></span> <span class='ocrx_word' id='word_1_607' title='bbox 1556 1882 1726 1916; x_wconf 78' lang='grc' dir='ltr'>συνέγραψεν</span> <span class='ocrx_word' id='word_1_608' title='bbox 1749 1880 1842 1914; x_wconf 82' lang='grc' dir='ltr'>ὒμνον.</span> <span class='ocrx_word' id='word_1_609' title='bbox 1861 1879 1914 1906; x_wconf 83' lang='grc' dir='ltr'>Τδν</span> 
     </span>
    </p>
   </div>
   <div class='ocr_carea' id='block_1_83' title="bbox 1123 1925 1914 1966">
    <p class='ocr_par' dir='ltr' id='par_1_83' title="bbox 1123 1925 1914 1966">
     <span class='ocr_line' id='line_1_84' title="bbox 1123 1925 1914 1966; baseline -0.01 -8"><span class='ocrx_word' id='word_1_610' title='bbox 1123 1931 1151 1958; x_wconf 78' lang='grc' dir='ltr'>δὲ</span> <span class='ocrx_word' id='word_1_611' title='bbox 1167 1930 1318 1966; x_wconf 85' lang='grc' dir='ltr'>κομίσαντα</span> <span class='ocrx_word' id='word_1_612' title='bbox 1335 1929 1370 1955; x_wconf 78' lang='grc' dir='ltr'><strong>τὰ</strong></span> <span class='ocrx_word' id='word_1_613' title='bbox 1383 1928 1513 1963; x_wconf 77' lang='grc' dir='ltr'>βασιλέως</span> <span class='ocrx_word' id='word_1_614' title='bbox 1524 1927 1571 1953; x_wconf 79' lang='grc' dir='ltr'><strong>τοῦ</strong></span> <span class='ocrx_word' id='word_1_615' title='bbox 1582 1926 1667 1952; x_wconf 72' lang='grc' dir='ltr'>Σαοὺλ</span> <span class='ocrx_word' id='word_1_616' title='bbox 1678 1927 1789 1960; x_wconf 80' lang='grc' dir='ltr'>σημεῖα.</span> <span class='ocrx_word' id='word_1_617' title='bbox 1806 1926 1854 1951; x_wconf 72' lang='grc' dir='ltr'><strong>καὶ</strong></span> <span class='ocrx_word' id='word_1_618' title='bbox 1864 1925 1914 1958; x_wconf 81' lang='grc' dir='ltr'>τὴν</span> 
     </span>
    </p>
   </div>
   <div class='ocr_carea' id='block_1_84' title="bbox 1126 1968 1914 2012">
    <p class='ocr_par' dir='ltr' id='par_1_84' title="bbox 1126 1968 1914 2012">
     <span class='ocr_line' id='line_1_85' title="bbox 1126 1968 1914 2012; baseline -0.011 -8"><span class='ocrx_word' id='word_1_619' title='bbox 1126 1976 1266 2012; x_wconf 84' lang='grc' dir='ltr'>ἀναίρεσιν</span> <span class='ocrx_word' id='word_1_620' title='bbox 1281 1974 1364 2002; x_wconf 75' lang='grc' dir='ltr'>αὐτοῦ</span> <span class='ocrx_word' id='word_1_621' title='bbox 1377 1973 1546 2009; x_wconf 82' lang='grc' dir='ltr'>μηνύσαντα,</span> <span class='ocrx_word' id='word_1_622' title='bbox 1561 1972 1608 1998; x_wconf 77' lang='grc' dir='ltr'>καὶ</span> <span class='ocrx_word' id='word_1_623' title='bbox 1617 1971 1649 2006; x_wconf 82' lang='grc' dir='ltr'>δὴ</span> <span class='ocrx_word' id='word_1_624' title='bbox 1662 1971 1729 2006; x_wconf 86' lang='grc' dir='ltr'>πρὸς</span> <span class='ocrx_word' id='word_1_625' title='bbox 1739 1970 1819 2005; x_wconf 85' lang='grc' dir='ltr'>χάριν</span> <span class='ocrx_word' id='word_1_626' title='bbox 1831 1968 1914 1996; x_wconf 72' lang='grc' dir='ltr'>αὑτοῦ</span> 
     </span>
    </p>
   </div>
   <div class='ocr_carea' id='block_1_85' title="bbox 1125 2015 1915 2057">
    <p class='ocr_par' dir='ltr' id='par_1_85' title="bbox 1125 2015 1915 2057">
     <span class='ocr_line' id='line_1_86' title="bbox 1125 2015 1915 2057; baseline -0.011 -8"><span class='ocrx_word' id='word_1_627' title='bbox 1125 2022 1285 2057; x_wconf 82' lang='grc' dir='ltr'>δεδρακέναι</span> <span class='ocrx_word' id='word_1_628' title='bbox 1303 2029 1329 2046; x_wconf 84' lang='grc' dir='ltr'><strong>τι</strong></span> <span class='ocrx_word' id='word_1_629' title='bbox 1344 2021 1383 2051; x_wconf 81' lang='grc' dir='ltr'><strong>είς</strong></span> <span class='ocrx_word' id='word_1_630' title='bbox 1403 2019 1484 2046; x_wconf 81' lang='grc' dir='ltr'>αὐτὸν</span> <span class='ocrx_word' id='word_1_631' title='bbox 1502 2019 1640 2053; x_wconf 78' lang='grc' dir='ltr'>φήσαντα,</span> <span class='ocrx_word' id='word_1_632' title='bbox 1667 2017 1714 2043; x_wconf 78' lang='grc' dir='ltr'><strong>καὶ</strong></span> <span class='ocrx_word' id='word_1_633' title='bbox 1740 2017 1776 2047; x_wconf 75' lang='grc' dir='ltr'>ὡς</span> <span class='ocrx_word' id='word_1_634' title='bbox 1801 2015 1915 2048; x_wconf 81' lang='grc' dir='ltr'>εὐαγγέ-</span> 
     </span>
    </p>
   </div>
   <div class='ocr_carea' id='block_1_86' title="bbox 1125 2059 1916 2102">
    <p class='ocr_par' dir='ltr' id='par_1_86' title="bbox 1125 2059 1916 2102">
     <span class='ocr_line' id='line_1_87' title="bbox 1125 2059 1916 2102; baseline -0.011 -7"><span class='ocrx_word' id='word_1_635' title='bbox 1125 2068 1181 2095; x_wconf 87' lang='grc' dir='ltr'>λιον</span> <span class='ocrx_word' id='word_1_636' title='bbox 1197 2067 1252 2102; x_wconf 83' lang='grc'>(77)</span> <span class='ocrx_word' id='word_1_637' title='bbox 1280 2065 1354 2100; x_wconf 75' lang='grc' dir='ltr'>αὐτῷ</span> <span class='ocrx_word' id='word_1_638' title='bbox 1374 2063 1592 2099; x_wconf 78' lang='grc' dir='ltr'>παραγεγονέναι</span> <span class='ocrx_word' id='word_1_639' title='bbox 1617 2062 1742 2094; x_wconf 79' lang='grc' dir='ltr'>δόξαντα,</span> <span class='ocrx_word' id='word_1_640' title='bbox 1768 2061 1805 2092; x_wconf 87' lang='grc' dir='ltr'><strong>ὡς</strong></span> <span class='ocrx_word' id='word_1_641' title='bbox 1830 2059 1916 2087; x_wconf 80' lang='grc' dir='ltr'>κακὸν</span> 
     </span>
    </p>
   </div>
   <div class='ocr_carea' id='block_1_87' title="bbox 1126 2111 1354 2147">
    <p class='ocr_par' dir='ltr' id='par_1_87' title="bbox 1126 2111 1354 2147">
     <span class='ocr_line' id='line_1_88' title="bbox 1126 2111 1354 2147; baseline -0.018 -7"><span class='ocrx_word' id='word_1_642' title='bbox 1126 2113 1242 2147; x_wconf 84' lang='grc' dir='ltr'>ἄγγελον</span> <span class='ocrx_word' id='word_1_643' title='bbox 1255 2111 1354 2138; x_wconf 83' lang='grc' dir='ltr'>ἀνεῖλε.</span> 
     </span>
    </p>
   </div>
   <div class='ocr_carea' id='block_1_88' title="bbox 1161 2149 1918 2192">
    <p class='ocr_par' dir='ltr' id='par_1_88' title="bbox 1161 2149 1918 2192">
     <span class='ocr_line' id='line_1_89' title="bbox 1161 2149 1918 2192; baseline -0.011 -8"><span class='ocrx_word' id='word_1_644' title='bbox 1161 2157 1260 2192; x_wconf 86' lang='grc' dir='ltr'>Τρίτον</span> <span class='ocrx_word' id='word_1_645' title='bbox 1275 2157 1316 2187; x_wconf 82' lang='grc' dir='ltr'><strong>είς</strong></span> <span class='ocrx_word' id='word_1_646' title='bbox 1337 2154 1476 2190; x_wconf 86' lang='grc' dir='ltr'>βασιλείαν</span> <span class='ocrx_word' id='word_1_647' title='bbox 1496 2153 1613 2188; x_wconf 83' lang='grc' dir='ltr'>χρίεται.</span> <span class='ocrx_word' id='word_1_648' title='bbox 1637 2152 1774 2187; x_wconf 82' lang='grc' dir='ltr'>Πρότερον</span> <span class='ocrx_word' id='word_1_649' title='bbox 1798 2151 1848 2186; x_wconf 79' lang='grc' dir='ltr'>μὲν</span> <span class='ocrx_word' id='word_1_650' title='bbox 1862 2149 1918 2177; x_wconf 71' lang='grc' dir='ltr'><strong>ἀπὸ</strong></span> 
     </span>
    </p>
   </div>
   <div class='ocr_carea' id='block_1_89' title="bbox 1128 2195 1915 2237">
    <p class='ocr_par' dir='ltr' id='par_1_89' title="bbox 1128 2195 1915 2237">
     <span class='ocr_line' id='line_1_90' title="bbox 1128 2195 1915 2237; baseline -0.011 -7"><span class='ocrx_word' id='word_1_651' title='bbox 1128 2203 1174 2230; x_wconf 85' lang='grc' dir='ltr'>τοῦ</span> <span class='ocrx_word' id='word_1_652' title='bbox 1194 2202 1291 2237; x_wconf 82' lang='grc' dir='ltr'>ἱερέως</span> <span class='ocrx_word' id='word_1_653' title='bbox 1313 2200 1441 2236; x_wconf 85' lang='grc' dir='ltr'>Σαμουὴλ</span> <span class='ocrx_word' id='word_1_654' title='bbox 1458 2201 1499 2231; x_wconf 84' lang='grc' dir='ltr'><strong>εἰς</strong></span> <span class='ocrx_word' id='word_1_655' title='bbox 1521 2199 1571 2234; x_wconf 85' lang='grc' dir='ltr'>τὴν</span> <span class='ocrx_word' id='word_1_656' title='bbox 1586 2197 1682 2224; x_wconf 79' lang='grc' dir='ltr'>ἑαυτοῦ</span> <span class='ocrx_word' id='word_1_657' title='bbox 1702 2196 1790 2223; x_wconf 81' lang='grc' dir='ltr'>οἰκίαν</span> <span class='ocrx_word' id='word_1_658' title='bbox 1802 2196 1851 2230; x_wconf 84' lang='grc' dir='ltr'>τὴν</span> <span class='ocrx_word' id='word_1_659' title='bbox 1863 2195 1915 2229; x_wconf 81' lang='grc' dir='ltr'><strong>Βη-</strong></span> 
     </span>
    </p>
   </div>
   <div class='ocr_carea' id='block_1_90' title="bbox 286 2240 1070 2290">
    <p class='ocr_par' dir='ltr' id='par_1_90' title="bbox 286 2240 1070 2290">
     <span class='ocr_line' id='line_1_91' title="bbox 286 2240 1070 2290; baseline -0.008 -10"><span class='ocrx_word' id='word_1_660' title='bbox 286 2257 397 2290; x_wconf 75' lang='lat' dir='ltr'><strong>popalo,</strong></span> <span class='ocrx_word' id='word_1_661' title='bbox 420 2262 451 2281; x_wconf 90' lang='lat' dir='ltr'><strong>ac</strong></span> <span class='ocrx_word' id='word_1_662' title='bbox 477 2254 558 2280; x_wconf 86' lang='lat' dir='ltr'><strong>tertio</strong></span> <span class='ocrx_word' id='word_1_663' title='bbox 580 2253 614 2279; x_wconf 89' lang='lat' dir='ltr'><strong>ah</strong></span> <span class='ocrx_word' id='word_1_664' title='bbox 628 2240 757 2279; x_wconf 69' lang='lat' dir='ltr'><strong>universo</strong></span> <span class='ocrx_word' id='word_1_665' title='bbox 770 2251 851 2277; x_wconf 89' lang='lat' dir='ltr'><strong>simul</strong></span> <span class='ocrx_word' id='word_1_666' title='bbox 870 2249 981 2283; x_wconf 83' lang='lat' dir='ltr'><strong>populo.</strong></span> <span class='ocrx_word' id='word_1_667' title='bbox 1006 2248 1070 2275; x_wconf 87' lang='lat' dir='ltr'><strong>Che-</strong></span> 
     </span>
    </p>
   </div>
   <div class='ocr_carea' id='block_1_91' title="bbox 1122 2240 1918 2290">
    <p class='ocr_par' dir='ltr' id='par_1_91' title="bbox 1130 2240 1918 2290">
     <span class='ocr_line' id='line_1_92' title="bbox 1130 2240 1918 2290; baseline -0.011 -15"><span class='ocrx_word' id='word_1_668' title='bbox 1130 2249 1226 2283; x_wconf 83' lang='grc' dir='ltr'>ολεέμ·</span> <span class='ocrx_word' id='word_1_669' title='bbox 1241 2248 1368 2290; x_wconf 57' lang='grc' dir='ltr'>δεύτερον</span> <span class='ocrx_word' id='word_1_670' title='bbox 1384 2246 1437 2273; x_wconf 82' lang='grc' dir='ltr'><strong>ἀπὸ</strong></span> <span class='ocrx_word' id='word_1_671' title='bbox 1450 2245 1496 2272; x_wconf 75' lang='grc' dir='ltr'><strong>τοῦ</strong></span> <span class='ocrx_word' id='word_1_672' title='bbox 1514 2243 1662 2272; x_wconf 80' lang='grc' dir='ltr'>Ἰουδαϊκοῦ</span> <span class='ocrx_word' id='word_1_673' title='bbox 1679 2243 1777 2277; x_wconf 82' lang='grc' dir='ltr'>δήμου,</span> <span class='ocrx_word' id='word_1_674' title='bbox 1796 2241 1843 2267; x_wconf 81' lang='grc' dir='ltr'>καὶ</span> <span class='ocrx_word' id='word_1_675' title='bbox 1857 2240 1918 2275; x_wconf 77' lang='grc' dir='ltr'>τρί-</span> 
     </span>
    </p>
   </div>
   <div class='ocr_carea' id='block_1_92' title="bbox 286 2293 1076 2334">
    <p class='ocr_par' dir='ltr' id='par_1_92' title="bbox 286 2293 1076 2334">
     <span class='ocr_line' id='line_1_93' title="bbox 286 2293 1076 2334; baseline -0.01 -6"><span class='ocrx_word' id='word_1_676' title='bbox 286 2302 371 2328; x_wconf 86' lang='lat' dir='ltr'><strong>brone</strong></span> <span class='ocrx_word' id='word_1_677' title='bbox 395 2299 440 2326; x_wconf 88' lang='lat' dir='ltr'><strong>ubi</strong></span> <span class='ocrx_word' id='word_1_678' title='bbox 462 2298 586 2334; x_wconf 70' lang='lat' dir='ltr'><strong>degebat.</strong></span> <span class='ocrx_word' id='word_1_679' title='bbox 607 2297 658 2325; x_wconf 84' lang='lat' dir='ltr'><strong>Eos</strong></span> <span class='ocrx_word' id='word_1_680' title='bbox 681 2297 726 2332; x_wconf 90' lang='lat' dir='ltr'><strong>qui</strong></span> <span class='ocrx_word' id='word_1_681' title='bbox 743 2295 874 2330; x_wconf 86' lang='lat' dir='ltr'><strong>reliquias</strong></span> <span class='ocrx_word' id='word_1_682' title='bbox 897 2294 962 2321; x_wconf 82' lang='lat' dir='ltr'><strong>Saul</strong></span> <span class='ocrx_word' id='word_1_683' title='bbox 983 2302 1014 2321; x_wconf 88' lang='lat' dir='ltr'><strong>ac</strong></span> <span class='ocrx_word' id='word_1_684' title='bbox 1029 2293 1076 2320; x_wconf 89' lang='lat' dir='ltr'><strong>lilii</strong></span> 
     </span>
    </p>
   </div>
   <div class='ocr_carea' id='block_1_93' title="bbox 285 2339 1078 2380">
    <p class='ocr_par' dir='ltr' id='par_1_93' title="bbox 285 2339 1078 2380">
     <span class='ocr_line' id='line_1_94' title="bbox 285 2339 1078 2380; baseline -0.009 -7"><span class='ocrx_word' id='word_1_685' title='bbox 285 2349 344 2380; x_wconf 62' lang='lat' dir='ltr'><strong>eius</strong></span> <span class='ocrx_word' id='word_1_686' title='bbox 364 2348 593 2380; x_wconf 82' lang='lat' dir='ltr'><strong>composuerunt;</strong></span> <span class='ocrx_word' id='word_1_687' title='bbox 621 2347 699 2370; x_wconf 87' lang='lat' dir='ltr'><strong>erant</strong></span> <span class='ocrx_word' id='word_1_688' title='bbox 723 2349 805 2376; x_wconf 91' lang='lat' dir='ltr'><strong>porro</strong></span> <span class='ocrx_word' id='word_1_689' title='bbox 832 2341 858 2368; x_wconf 78' lang='lat' dir='ltr'><strong>lii</strong></span> <span class='ocrx_word' id='word_1_690' title='bbox 885 2340 919 2367; x_wconf 87' lang='lat' dir='ltr'><strong>de</strong></span> <span class='ocrx_word' id='word_1_691' title='bbox 941 2339 1023 2367; x_wconf 83' lang='lat' dir='ltr'><strong>Jabes</strong></span> <span class='ocrx_word' id='word_1_692' title='bbox 1037 2339 1078 2367; x_wconf 86' lang='lat' dir='ltr'><strong>sic</strong></span> 
     </span>
    </p>
   </div>
   <div class='ocr_carea' id='block_1_94' title="bbox 287 2384 1076 2422">
    <p class='ocr_par' dir='ltr' id='par_1_94' title="bbox 287 2384 1076 2422">
     <span class='ocr_line' id='line_1_95' title="bbox 287 2384 1076 2422; baseline -0.011 -4"><span class='ocrx_word' id='word_1_693' title='bbox 287 2392 358 2419; x_wconf 83' lang='lat' dir='ltr'><strong>dicta</strong></span> <span class='ocrx_word' id='word_1_694' title='bbox 379 2392 507 2422; x_wconf 85' lang='lat' dir='ltr'><strong>c.vitate;</strong></span> <span class='ocrx_word' id='word_1_695' title='bbox 524 2396 678 2418; x_wconf 75' lang='lat' dir='ltr'><strong>accersens,</strong></span> <span class='ocrx_word' id='word_1_696' title='bbox 695 2387 776 2414; x_wconf 86' lang='lat' dir='ltr'><strong>etiam</strong></span> <span class='ocrx_word' id='word_1_697' title='bbox 794 2390 874 2420; x_wconf 85' lang='lat' dir='ltr'><strong>atque</strong></span> <span class='ocrx_word' id='word_1_698' title='bbox 892 2384 972 2412; x_wconf 89' lang='lat' dir='ltr'><strong>etiam</strong></span> <span class='ocrx_word' id='word_1_699' title='bbox 989 2384 1076 2411; x_wconf 86' lang='lat' dir='ltr'><strong>admi-</strong></span> 
     </span>
    </p>
   </div>
   <div class='ocr_carea' id='block_1_95' title="bbox 287 2429 1078 2470">
    <p class='ocr_par' dir='ltr' id='par_1_95' title="bbox 287 2429 1078 2470">
     <span class='ocr_line' id='line_1_96' title="bbox 287 2429 1078 2470; baseline -0.01 -6"><span class='ocrx_word' id='word_1_700' title='bbox 287 2442 372 2470; x_wconf 81' lang='lat' dir='ltr'><strong>ratus,</strong></span> <span class='ocrx_word' id='word_1_701' title='bbox 392 2436 497 2470; x_wconf 71' lang='lat' dir='ltr'><strong>mnguis</strong></span> <span class='ocrx_word' id='word_1_702' title='bbox 516 2442 564 2462; x_wconf 88' lang='lat' dir='ltr'><strong>eos</strong></span> <span class='ocrx_word' id='word_1_703' title='bbox 587 2432 825 2461; x_wconf 81' lang='lat' dir='ltr'><strong>bent-dictionibus</strong></span> <span class='ocrx_word' id='word_1_704' title='bbox 851 2430 1011 2458; x_wconf 90' lang='lat' dir='ltr'><strong>cumulavit.</strong></span> <span class='ocrx_word' id='word_1_705' title='bbox 1041 2429 1078 2456; x_wconf 89' lang='lat' dir='ltr'><strong>De</strong></span> 
     </span>
    </p>
   </div>
   <div class='ocr_carea' id='block_1_96' title="bbox 287 2474 1078 2512">
    <p class='ocr_par' dir='ltr' id='par_1_96' title="bbox 287 2474 1078 2512">
     <span class='ocr_line' id='line_1_97' title="bbox 287 2474 1078 2512; baseline -0.013 -2"><span class='ocrx_word' id='word_1_706' title='bbox 287 2483 413 2510; x_wconf 89' lang='lat' dir='ltr'><strong>hostibus</strong></span> <span class='ocrx_word' id='word_1_707' title='bbox 425 2481 574 2508; x_wconf 75' lang='lat' dir='ltr'><strong>iulerfecris</strong></span> <span class='ocrx_word' id='word_1_708' title='bbox 587 2486 726 2512; x_wconf 88' lang='lat' dir='ltr'><strong>nunquam</strong></span> <span class='ocrx_word' id='word_1_709' title='bbox 743 2477 853 2512; x_wconf 79' lang='lat' dir='ltr'><strong>gavisus</strong></span> <span class='ocrx_word' id='word_1_710' title='bbox 872 2479 924 2503; x_wconf 89' lang='lat' dir='ltr'><strong>est.</strong></span> <span class='ocrx_word' id='word_1_711' title='bbox 939 2474 992 2502; x_wconf 79' lang='lat' dir='ltr'><strong>Eos</strong></span> <span class='ocrx_word' id='word_1_712' title='bbox 1004 2475 1078 2502; x_wconf 88' lang='lat' dir='ltr'><strong>enim</strong></span> 
     </span>
    </p>
   </div>
   <div class='ocr_carea' id='block_1_97' title="bbox 287 2519 1079 2564">
    <p class='ocr_par' dir='ltr' id='par_1_97' title="bbox 287 2519 1079 2564">
     <span class='ocr_line' id='line_1_98' title="bbox 287 2519 1079 2564; baseline -0.013 -8"><span class='ocrx_word' id='word_1_713' title='bbox 287 2529 334 2564; x_wconf 88' lang='lat' dir='ltr'><strong>qui</strong></span> <span class='ocrx_word' id='word_1_714' title='bbox 359 2527 553 2555; x_wconf 83' lang='lat' dir='ltr'><strong>interfecerant</strong></span> <span class='ocrx_word' id='word_1_715' title='bbox 570 2525 662 2553; x_wconf 82' lang='lat' dir='ltr'><strong>Saulis</strong></span> <span class='ocrx_word' id='word_1_716' title='bbox 680 2524 764 2550; x_wconf 88' lang='lat' dir='ltr'><strong>lilium</strong></span> <span class='ocrx_word' id='word_1_717' title='bbox 789 2521 1018 2556; x_wconf 80' lang='lat' dir='ltr'><strong>Mempliibosthe,</strong></span> <span class='ocrx_word' id='word_1_718' title='bbox 1032 2519 1079 2554; x_wconf 88' lang='lat' dir='ltr'><strong>qui</strong></span> 
     </span>
    </p>
   </div>
   <div class='ocr_carea' id='block_1_98' title="bbox 289 2568 1079 2609">
    <p class='ocr_par' dir='ltr' id='par_1_98' title="bbox 289 2568 1079 2609">
     <span class='ocr_line' id='line_1_99' title="bbox 289 2568 1079 2609; baseline -0.013 -8"><span class='ocrx_word' id='word_1_719' title='bbox 289 2574 361 2609; x_wconf 81' lang='lat' dir='ltr'><strong>apud</strong></span> <span class='ocrx_word' id='word_1_720' title='bbox 373 2572 507 2608; x_wconf 83' lang='lat' dir='ltr'><strong>quosdam</strong></span> <span class='ocrx_word' id='word_1_721' title='bbox 520 2572 546 2598; x_wconf 92' lang='lat' dir='ltr'><strong>in</strong></span> <span class='ocrx_word' id='word_1_722' title='bbox 562 2571 666 2598; x_wconf 87' lang='lat' dir='ltr'><strong>honore</strong></span> <span class='ocrx_word' id='word_1_723' title='bbox 679 2574 749 2602; x_wconf 87' lang='lat' dir='ltr'><strong>eral,</strong></span> <span class='ocrx_word' id='word_1_724' title='bbox 764 2568 939 2603; x_wconf 86' lang='lat' dir='ltr'><strong>patriumque</strong></span> <span class='ocrx_word' id='word_1_725' title='bbox 954 2573 1079 2600; x_wconf 78' lang='lat' dir='ltr'><strong>regnum,</strong></span> 
     </span>
    </p>
   </div>
   <div class='ocr_carea' id='block_1_99' title="bbox 288 2611 1081 2655">
    <p class='ocr_par' dir='ltr' id='par_1_99' title="bbox 288 2611 1081 2655">
     <span class='ocr_line' id='line_1_100' title="bbox 288 2611 1081 2655; baseline -0.014 -8"><span class='ocrx_word' id='word_1_726' title='bbox 288 2620 389 2655; x_wconf 87' lang='lat' dir='ltr'><strong>quippe</strong></span> <span class='ocrx_word' id='word_1_727' title='bbox 412 2619 448 2645; x_wconf 94' lang='lat' dir='ltr'><strong>illi</strong></span> <span class='ocrx_word' id='word_1_728' title='bbox 466 2618 597 2646; x_wconf 80' lang='lat' dir='ltr'><strong>debitum.</strong></span> <span class='ocrx_word' id='word_1_729' title='bbox 620 2620 746 2650; x_wconf 83' lang='lat' dir='ltr'><strong>oportere</strong></span> <span class='ocrx_word' id='word_1_730' title='bbox 772 2614 805 2640; x_wconf 88' lang='lat' dir='ltr'><strong>ab</strong></span> <span class='ocrx_word' id='word_1_731' title='bbox 822 2613 868 2640; x_wconf 91' lang='lat' dir='ltr'><strong>illo</strong></span> <span class='ocrx_word' id='word_1_732' title='bbox 893 2612 979 2640; x_wconf 86' lang='lat' dir='ltr'><strong>teneri</strong></span> <span class='ocrx_word' id='word_1_733' title='bbox 1004 2611 1081 2637; x_wconf 81' lang='lat' dir='ltr'><strong>volo--</strong></span> 
     </span>
    </p>
   </div>
   <div class='ocr_carea' id='block_1_100' title="bbox 291 2659 1083 2699">
    <p class='ocr_par' dir='ltr' id='par_1_100' title="bbox 291 2659 1083 2699">
     <span class='ocr_line' id='line_1_101' title="bbox 291 2659 1083 2699; baseline -0.011 -7"><span class='ocrx_word' id='word_1_734' title='bbox 291 2667 371 2699; x_wconf 73' lang='lat' dir='ltr'><strong>baut;</strong></span> <span class='ocrx_word' id='word_1_735' title='bbox 394 2673 447 2692; x_wconf 89' lang='lat' dir='ltr'><strong>non</strong></span> <span class='ocrx_word' id='word_1_736' title='bbox 465 2665 547 2690; x_wconf 84' lang='lat' dir='ltr'><strong>modo</strong></span> <span class='ocrx_word' id='word_1_737' title='bbox 566 2665 692 2697; x_wconf 69' lang='lat' dir='ltr'><strong>acceptos</strong></span> <span class='ocrx_word' id='word_1_738' title='bbox 716 2669 768 2696; x_wconf 71' lang='grc' dir='ltr'>που</span> <span class='ocrx_word' id='word_1_739' title='bbox 782 2660 890 2692; x_wconf 83' lang='lat' dir='ltr'><strong>habuit,</strong></span> <span class='ocrx_word' id='word_1_740' title='bbox 909 2660 975 2694; x_wconf 86' lang='lat' dir='ltr'><strong>quin</strong></span> <span class='ocrx_word' id='word_1_741' title='bbox 992 2659 1083 2693; x_wconf 88' lang='lat' dir='ltr'><strong>potius</strong></span> 
     </span>
    </p>
   </div>
   <div class='ocr_carea' id='block_1_101' title="bbox 326 2739 1083 2778">
    <p class='ocr_par' dir='ltr' id='par_1_101' title="bbox 326 2739 1083 2778">
     <span class='ocr_line' id='line_1_102' title="bbox 326 2739 1083 2778; baseline -0.008 -8"><span class='ocrx_word' id='word_1_742' title='bbox 326 2744 382 2778; x_wconf 80' lang='lat'><strong>(73)</strong></span> <span class='ocrx_word' id='word_1_743' title='bbox 405 2745 484 2772; x_wconf 85' lang='lat' dir='ltr'><strong>Deest</strong></span> <span class='ocrx_word' id='word_1_744' title='bbox 498 2742 606 2775; x_wconf 75' lang='grc' dir='ltr'>ἔλαϐεν,</span> <span class='ocrx_word' id='word_1_745' title='bbox 617 2741 730 2776; x_wconf 89' lang='lat' dir='ltr'><strong>velqnid</strong></span> <span class='ocrx_word' id='word_1_746' title='bbox 745 2740 843 2772; x_wconf 78' lang='lat' dir='ltr'><strong>simile,</strong></span> <span class='ocrx_word' id='word_1_747' title='bbox 858 2739 974 2767; x_wconf 80' lang='lat' dir='ltr'><strong>fortasse</strong></span> <span class='ocrx_word' id='word_1_748' title='bbox 990 2743 1083 2765; x_wconf 82' lang='lat' dir='ltr'><strong>errore</strong></span> 
     </span>
    </p>
   </div>
   <div class='ocr_carea' id='block_1_102' title="bbox 295 2783 1002 2846">
    <p class='ocr_par' dir='ltr' id='par_1_102' title="bbox 295 2783 1002 2846">
     <span class='ocr_line' id='line_1_103' title="bbox 295 2783 1002 2846; baseline -0.007 -7"><span class='ocrx_word' id='word_1_749' title='bbox 295 2783 317 2813; x_wconf 51' lang='grc' dir='ltr'><strong>ι)</strong></span> <span class='ocrx_word' id='word_1_750' title='bbox 325 2786 484 2846; x_wconf 44' lang='lat' dir='ltr'><strong>figi-&#39;Forte</strong></span> <span class='ocrx_word' id='word_1_751' title='bbox 496 2811 591 2844; x_wconf 77' lang='grc' dir='ltr'>αὑτοῦ,</span> <span class='ocrx_word' id='word_1_752' title='bbox 605 2812 650 2839; x_wconf 85' lang='lat' dir='ltr'><strong>hic</strong></span> <span class='ocrx_word' id='word_1_753' title='bbox 665 2818 774 2846; x_wconf 91' lang='lat' dir='ltr'><strong>quoque</strong></span> <span class='ocrx_word' id='word_1_754' title='bbox 787 2817 880 2837; x_wconf 85' lang='lat' dir='ltr'><strong>errore</strong></span> <span class='ocrx_word' id='word_1_755' title='bbox 895 2814 1002 2843; x_wconf 76' lang='lat' dir='ltr'><strong>typogr.</strong></span> 
     </span>
    </p>
   </div>
   <div class='ocr_carea' id='block_1_103' title="bbox 330 2847 533 2881">
    <p class='ocr_par' dir='ltr' id='par_1_103' title="bbox 330 2847 533 2881">
     <span class='ocr_line' id='line_1_104' title="bbox 330 2847 533 2881; baseline -0.005 -7"><span class='ocrx_word' id='word_1_756' title='bbox 330 2848 385 2881; x_wconf 65' lang='lat'><strong>(735)</strong></span> <span class='ocrx_word' id='word_1_757' title='bbox 408 2849 481 2874; x_wconf 76' lang='lat' dir='ltr'><strong>Adde</strong></span> <span class='ocrx_word' id='word_1_758' title='bbox 494 2847 533 2873; x_wconf 81' lang='grc' dir='ltr'>δέ.</span> 
     </span>
    </p>
   </div>
   <div class='ocr_carea' id='block_1_104' title="bbox 329 2881 755 2917">
    <p class='ocr_par' dir='ltr' id='par_1_104' title="bbox 329 2881 755 2917">
     <span class='ocr_line' id='line_1_105' title="bbox 329 2881 755 2917; baseline -0.002 -8"><span class='ocrx_word' id='word_1_759' title='bbox 329 2883 384 2917; x_wconf 81' lang='grc'>(76)</span> <span class='ocrx_word' id='word_1_760' title='bbox 402 2882 457 2917; x_wconf 80' lang='grc' dir='ltr'><strong>Τὴν</strong></span> <span class='ocrx_word' id='word_1_761' title='bbox 474 2883 580 2910; x_wconf 84' lang='lat' dir='ltr'><strong>videtur</strong></span> <span class='ocrx_word' id='word_1_762' title='bbox 594 2881 755 2910; x_wconf 85' lang='lat' dir='ltr'><strong>redundare.</strong></span> 
     </span>
    </p>
   </div>
   <div class='ocr_carea' id='block_1_105' title="bbox 1130 2288 1918 2327">
    <p class='ocr_par' dir='ltr' id='par_1_105' title="bbox 1130 2288 1918 2327">
     <span class='ocr_line' id='line_1_106' title="bbox 1130 2288 1918 2327; baseline -0.009 -6"><span class='ocrx_word' id='word_1_763' title='bbox 1130 2303 1175 2321; x_wconf 86' lang='grc' dir='ltr'><strong>τον</strong></span> <span class='ocrx_word' id='word_1_764' title='bbox 1190 2294 1243 2320; x_wconf 80' lang='grc' dir='ltr'><strong>ἀπὸ</strong></span> <span class='ocrx_word' id='word_1_765' title='bbox 1262 2288 1361 2324; x_wconf 50' lang='grc' dir='ltr'>παντὸς</span> <span class='ocrx_word' id='word_1_766' title='bbox 1380 2292 1447 2327; x_wconf 80' lang='grc' dir='ltr'>ὁμοῦ</span> <span class='ocrx_word' id='word_1_767' title='bbox 1462 2291 1509 2318; x_wconf 83' lang='grc' dir='ltr'>τοῦ</span> <span class='ocrx_word' id='word_1_768' title='bbox 1521 2289 1589 2317; x_wconf 82' lang='grc' dir='ltr'>λεὼν</span> <span class='ocrx_word' id='word_1_769' title='bbox 1605 2289 1673 2325; x_wconf 83' lang='grc'>(78),</span> <span class='ocrx_word' id='word_1_770' title='bbox 1691 2291 1731 2321; x_wconf 83' lang='grc' dir='ltr'>εἰς</span> <span class='ocrx_word' id='word_1_771' title='bbox 1752 2289 1785 2324; x_wconf 86' lang='grc' dir='ltr'>ἣν</span> <span class='ocrx_word' id='word_1_772' title='bbox 1801 2288 1918 2323; x_wconf 76' lang='grc' dir='ltr'>διέτριϐε</span> 
     </span>
    </p>
   </div>
   <div class='ocr_carea' id='block_1_106' title="bbox 1132 2334 1921 2375">
    <p class='ocr_par' dir='ltr' id='par_1_106' title="bbox 1132 2334 1921 2375">
     <span class='ocr_line' id='line_1_107' title="bbox 1132 2334 1921 2375; baseline -0.009 -8"><span class='ocrx_word' id='word_1_773' title='bbox 1132 2341 1220 2372; x_wconf 79' lang='grc' dir='ltr'>πόλιν,</span> <span class='ocrx_word' id='word_1_774' title='bbox 1233 2340 1284 2375; x_wconf 83' lang='grc' dir='ltr'>τὴν</span> <span class='ocrx_word' id='word_1_775' title='bbox 1302 2338 1426 2373; x_wconf 84' lang='grc' dir='ltr'>Χεϐρῶν.</span> <span class='ocrx_word' id='word_1_776' title='bbox 1444 2338 1513 2368; x_wconf 82' lang='grc' dir='ltr'>Τοὺς</span> <span class='ocrx_word' id='word_1_777' title='bbox 1527 2336 1562 2363; x_wconf 76' lang='grc' dir='ltr'><strong>τὰ</strong></span> <span class='ocrx_word' id='word_1_778' title='bbox 1578 2337 1693 2371; x_wconf 72' lang='grc' dir='ltr'>λείψανα</span> <span class='ocrx_word' id='word_1_779' title='bbox 1710 2334 1756 2362; x_wconf 84' lang='grc' dir='ltr'>τοῦ</span> <span class='ocrx_word' id='word_1_780' title='bbox 1773 2334 1860 2361; x_wconf 83' lang='grc' dir='ltr'>Σαοὺλ</span> <span class='ocrx_word' id='word_1_781' title='bbox 1874 2334 1921 2360; x_wconf 70' lang='grc' dir='ltr'>καὶ</span> 
     </span>
    </p>
   </div>
   <div class='ocr_carea' id='block_1_107' title="bbox 1131 2377 1921 2419">
    <p class='ocr_par' dir='ltr' id='par_1_107' title="bbox 1131 2377 1921 2419">
     <span class='ocr_line' id='line_1_108' title="bbox 1131 2377 1921 2419; baseline -0.008 -8"><span class='ocrx_word' id='word_1_782' title='bbox 1131 2385 1179 2411; x_wconf 82' lang='grc' dir='ltr'>τοῦ</span> <span class='ocrx_word' id='word_1_783' title='bbox 1204 2385 1286 2416; x_wconf 86' lang='grc' dir='ltr'>υἱέως</span> <span class='ocrx_word' id='word_1_784' title='bbox 1313 2383 1552 2419; x_wconf 81' lang='grc' dir='ltr'>περιστείλαντας·</span> <span class='ocrx_word' id='word_1_785' title='bbox 1579 2382 1634 2408; x_wconf 76' lang='grc' dir='ltr'><strong>ἀπὸ</strong></span> <span class='ocrx_word' id='word_1_786' title='bbox 1659 2381 1687 2408; x_wconf 75' lang='grc' dir='ltr'>δὲ</span> <span class='ocrx_word' id='word_1_787' title='bbox 1718 2381 1822 2411; x_wconf 81' lang='grc' dir='ltr'>πόλεως</span> <span class='ocrx_word' id='word_1_788' title='bbox 1850 2377 1921 2415; x_wconf 80' lang='grc' dir='ltr'>ἦσαν</span> 
     </span>
    </p>
   </div>
   <div class='ocr_carea' id='block_1_108' title="bbox 1140 2424 1920 2465">
    <p class='ocr_par' dir='ltr' id='par_1_108' title="bbox 1140 2424 1920 2465">
     <span class='ocr_line' id='line_1_109' title="bbox 1140 2424 1920 2465; baseline -0.01 -7"><span class='ocrx_word' id='word_1_789' title='bbox 1140 2431 1231 2465; x_wconf 82' lang='grc' dir='ltr'>Ἰαϐἦς</span> <span class='ocrx_word' id='word_1_790' title='bbox 1247 2430 1318 2457; x_wconf 76' lang='grc' dir='ltr'>οὕτω</span> <span class='ocrx_word' id='word_1_791' title='bbox 1339 2428 1528 2462; x_wconf 82' lang='grc' dir='ltr'>καλουμένης’</span> <span class='ocrx_word' id='word_1_792' title='bbox 1547 2427 1682 2458; x_wconf 82' lang='grc' dir='ltr'>καλέσας,</span> <span class='ocrx_word' id='word_1_793' title='bbox 1701 2424 1920 2461; x_wconf 85' lang='grc' dir='ltr'>μεγαλοπρεπῶς</span> 
     </span>
    </p>
   </div>
   <div class='ocr_carea' id='block_1_109' title="bbox 1133 2468 1921 2512">
    <p class='ocr_par' dir='ltr' id='par_1_109' title="bbox 1133 2468 1921 2512">
     <span class='ocr_line' id='line_1_110' title="bbox 1133 2468 1921 2512; baseline -0.011 -9"><span class='ocrx_word' id='word_1_794' title='bbox 1133 2475 1252 2512; x_wconf 76' lang='grc' dir='ltr'>ἠγάσθη,</span> <span class='ocrx_word' id='word_1_795' title='bbox 1277 2475 1324 2501; x_wconf 76' lang='grc' dir='ltr'>καὶ</span> <span class='ocrx_word' id='word_1_796' title='bbox 1348 2473 1465 2509; x_wconf 73' lang='grc' dir='ltr'>ἠξίωσεν</span> <span class='ocrx_word' id='word_1_797' title='bbox 1492 2472 1628 2506; x_wconf 80' lang='grc' dir='ltr'>εὐλογίας.</span> <span class='ocrx_word' id='word_1_798' title='bbox 1651 2472 1708 2497; x_wconf 83' lang='grc' dir='ltr'><strong>Ἐπ’</strong></span> <span class='ocrx_word' id='word_1_799' title='bbox 1735 2470 1842 2505; x_wconf 76' lang='grc' dir='ltr'>ἐχθροῖς</span> <span class='ocrx_word' id='word_1_800' title='bbox 1872 2468 1921 2503; x_wconf 82' lang='grc' dir='ltr'>οὐχ</span> 
     </span>
    </p>
   </div>
   <div class='ocr_carea' id='block_1_110' title="bbox 1131 2515 1924 2558">
    <p class='ocr_par' dir='ltr' id='par_1_110' title="bbox 1131 2515 1924 2558">
     <span class='ocr_line' id='line_1_111' title="bbox 1131 2515 1924 2558; baseline -0.01 -10"><span class='ocrx_word' id='word_1_801' title='bbox 1131 2522 1202 2558; x_wconf 73' lang='grc' dir='ltr'>ἥσθη</span> <span class='ocrx_word' id='word_1_802' title='bbox 1217 2520 1326 2547; x_wconf 85' lang='grc' dir='ltr'>πώποτε</span> <span class='ocrx_word' id='word_1_803' title='bbox 1342 2518 1558 2554; x_wconf 78' lang='grc' dir='ltr'>ἀναιρουμένοις.</span> <span class='ocrx_word' id='word_1_804' title='bbox 1573 2519 1627 2544; x_wconf 74' lang='grc' dir='ltr'><strong>Καὶ</strong></span> <span class='ocrx_word' id='word_1_805' title='bbox 1639 2517 1693 2552; x_wconf 77' lang='grc' dir='ltr'>γὰρ</span> <span class='ocrx_word' id='word_1_806' title='bbox 1703 2517 1766 2547; x_wconf 77' lang='grc' dir='ltr'>τοὺς</span> <span class='ocrx_word' id='word_1_807' title='bbox 1780 2515 1924 2545; x_wconf 77' lang='grc' dir='ltr'>ἀνελόντας</span> 
     </span>
    </p>
   </div>
   <div class='ocr_carea' id='block_1_111' title="bbox 1135 2560 1926 2599">
    <p class='ocr_par' dir='ltr' id='par_1_111' title="bbox 1135 2560 1926 2599">
     <span class='ocr_line' id='line_1_112' title="bbox 1135 2560 1926 2599; baseline -0.013 -5"><span class='ocrx_word' id='word_1_808' title='bbox 1135 2568 1181 2594; x_wconf 81' lang='grc' dir='ltr'>τὸν</span> <span class='ocrx_word' id='word_1_809' title='bbox 1191 2567 1239 2593; x_wconf 81' lang='grc' dir='ltr'>τοῦ</span> <span class='ocrx_word' id='word_1_810' title='bbox 1256 2565 1341 2593; x_wconf 83' lang='grc' dir='ltr'>Σαοὺλ</span> <span class='ocrx_word' id='word_1_811' title='bbox 1357 2565 1415 2591; x_wconf 71' lang='grc' dir='ltr'>υἱὸν</span> <span class='ocrx_word' id='word_1_812' title='bbox 1432 2563 1621 2599; x_wconf 81' lang='grc' dir='ltr'>Μεμφιϐοσοὲ,</span> <span class='ocrx_word' id='word_1_813' title='bbox 1639 2563 1714 2597; x_wconf 83' lang='grc' dir='ltr'>παρά</span> <span class='ocrx_word' id='word_1_814' title='bbox 1734 2570 1788 2588; x_wconf 85' lang='grc' dir='ltr'>τισι</span> <span class='ocrx_word' id='word_1_815' title='bbox 1803 2560 1926 2595; x_wconf 78' lang='grc' dir='ltr'>τιμώμε-</span> 
     </span>
    </p>
   </div>
   <div class='ocr_carea' id='block_1_112' title="bbox 1134 2603 1926 2646">
    <p class='ocr_par' dir='ltr' id='par_1_112' title="bbox 1134 2603 1926 2646">
     <span class='ocr_line' id='line_1_113' title="bbox 1134 2603 1926 2646; baseline -0.013 -8"><span class='ocrx_word' id='word_1_816' title='bbox 1134 2621 1190 2644; x_wconf 85' lang='grc' dir='ltr'>νον,</span> <span class='ocrx_word' id='word_1_817' title='bbox 1218 2611 1263 2637; x_wconf 74' lang='grc' dir='ltr'>καὶ</span> <span class='ocrx_word' id='word_1_818' title='bbox 1287 2610 1335 2646; x_wconf 72' lang='grc' dir='ltr'>τὴν</span> <span class='ocrx_word' id='word_1_819' title='bbox 1359 2609 1405 2636; x_wconf 83' lang='grc' dir='ltr'>τοῦ</span> <span class='ocrx_word' id='word_1_820' title='bbox 1435 2609 1537 2644; x_wconf 80' lang='grc' dir='ltr'>πατρὸς</span> <span class='ocrx_word' id='word_1_821' title='bbox 1562 2607 1658 2644; x_wconf 80' lang='grc' dir='ltr'>ἀρχὴν,</span> <span class='ocrx_word' id='word_1_822' title='bbox 1680 2607 1717 2638; x_wconf 84' lang='grc' dir='ltr'>ὡς</span> <span class='ocrx_word' id='word_1_823' title='bbox 1747 2603 1926 2639; x_wconf 55' lang='grc' dir='ltr'>ὀςειλομένην</span> 
     </span>
    </p>
   </div>
   <div class='ocr_carea' id='block_1_113' title="bbox 1135 2648 1927 2691">
    <p class='ocr_par' dir='ltr' id='par_1_113' title="bbox 1135 2648 1927 2691">
     <span class='ocr_line' id='line_1_114' title="bbox 1135 2648 1927 2691; baseline -0.013 -8"><span class='ocrx_word' id='word_1_824' title='bbox 1135 2656 1219 2691; x_wconf 79' lang='grc' dir='ltr'>αὐτῷ,</span> <span class='ocrx_word' id='word_1_825' title='bbox 1237 2656 1292 2682; x_wconf 82' lang='grc' dir='ltr'>δεῖν</span> <span class='ocrx_word' id='word_1_826' title='bbox 1317 2654 1362 2681; x_wconf 81' lang='grc' dir='ltr'><strong>ὑπ’</strong></span> <span class='ocrx_word' id='word_1_827' title='bbox 1387 2653 1469 2681; x_wconf 72' lang='grc' dir='ltr'>αὑτοῦ</span> <span class='ocrx_word' id='word_1_828' title='bbox 1486 2652 1650 2687; x_wconf 83' lang='grc' dir='ltr'>κατέχεσθαι</span> <span class='ocrx_word' id='word_1_829' title='bbox 1672 2650 1834 2686; x_wconf 75' lang='grc' dir='ltr'>βουλόμενος</span> <span class='ocrx_word' id='word_1_830' title='bbox 1859 2648 1927 2682; x_wconf 74' lang='lat'><strong>(79),</strong></span> 
     </span>
    </p>
   </div>
   <div class='ocr_carea' id='block_1_114' title="bbox 1173 2733 1505 2771">
    <p class='ocr_par' dir='ltr' id='par_1_114' title="bbox 1173 2733 1505 2771">
     <span class='ocr_line' id='line_1_115' title="bbox 1173 2733 1505 2771; baseline -0.015 -8"><span class='ocrx_word' id='word_1_831' title='bbox 1173 2736 1198 2771; x_wconf 71' lang='lat' dir='ltr'><strong>(&#39;i&#39;</strong></span> <span class='ocrx_word' id='word_1_832' title='bbox 1204 2735 1229 2770; x_wconf 88' lang='grc'>7)</span> <span class='ocrx_word' id='word_1_833' title='bbox 1249 2734 1330 2771; x_wconf 68' lang='lat' dir='ltr'><strong>Forte</strong></span> <span class='ocrx_word' id='word_1_834' title='bbox 1345 2733 1505 2771; x_wconf 63' lang='grc' dir='ltr'>ερἀγελον.</span> 
     </span>
    </p>
   </div>
   <div class='ocr_carea' id='block_1_115' title="bbox 1174 2764 1932 2807">
    <p class='ocr_par' dir='ltr' id='par_1_115' title="bbox 1174 2764 1932 2807">
     <span class='ocr_line' id='line_1_116' title="bbox 1174 2764 1932 2807; baseline -0.015 -9"><span class='ocrx_word' id='word_1_835' title='bbox 1174 2764 1230 2807; x_wconf 60' lang='grc'>(78)</span> <span class='ocrx_word' id='word_1_836' title='bbox 1252 2770 1345 2807; x_wconf 81' lang='lat' dir='ltr'><strong>Potius</strong></span> <span class='ocrx_word' id='word_1_837' title='bbox 1360 2764 1426 2795; x_wconf 70' lang='grc' dir='ltr'><strong>λεὼξ</strong></span> <span class='ocrx_word' id='word_1_838' title='bbox 1438 2769 1541 2807; x_wconf 61' lang='lat' dir='ltr'><strong>lla‘ect</strong></span> <span class='ocrx_word' id='word_1_839' title='bbox 1555 2770 1700 2807; x_wconf 73' lang='lat' dir='ltr'><strong>sequentes</strong></span> <span class='ocrx_word' id='word_1_840' title='bbox 1712 2764 1836 2799; x_wconf 61' lang='lat' dir='ltr'><strong>quaedam</strong></span> <span class='ocrx_word' id='word_1_841' title='bbox 1846 2767 1932 2807; x_wconf 63' lang='grc' dir='ltr'><strong>Ινοσιέ</strong></span> 
     </span>
    </p>
   </div>
   <div class='ocr_carea' id='block_1_116' title="bbox 1136 2797 1931 2840">
    <p class='ocr_par' dir='ltr' id='par_1_116' title="bbox 1136 2797 1931 2840">
     <span class='ocr_line' id='line_1_117' title="bbox 1136 2797 1931 2840; baseline -0.013 -7"><span class='ocrx_word' id='word_1_842' title='bbox 1136 2797 1256 2840; x_wconf 65' lang='lat' dir='ltr'><strong>.losepiio</strong></span> <span class='ocrx_word' id='word_1_843' title='bbox 1272 2805 1421 2835; x_wconf 76' lang='lat' dir='ltr'><strong>inusitalm,</strong></span> <span class='ocrx_word' id='word_1_844' title='bbox 1439 2803 1556 2830; x_wconf 75' lang='lat' dir='ltr'><strong>suadent</strong></span> <span class='ocrx_word' id='word_1_845' title='bbox 1571 2797 1659 2828; x_wconf 79' lang='lat' dir='ltr'><strong>aliena</strong></span> <span class='ocrx_word' id='word_1_846' title='bbox 1676 2797 1758 2827; x_wconf 86' lang='lat' dir='ltr'><strong>manu</strong></span> <span class='ocrx_word' id='word_1_847' title='bbox 1774 2797 1860 2833; x_wconf 64' lang='lat' dir='ltr'><strong>supplt</strong></span> <span class='ocrx_word' id='word_1_848' title='bbox 1871 2801 1931 2823; x_wconf 87' lang='lat' dir='ltr'><strong>tum</strong></span> 
     </span>
    </p>
   </div>
   <div class='ocr_carea' id='block_1_117' title="bbox 1138 2842 1400 2874">
    <p class='ocr_par' dir='ltr' id='par_1_117' title="bbox 1138 2842 1400 2874">
     <span class='ocr_line' id='line_1_118' title="bbox 1138 2842 1400 2874; baseline -0.008 -6"><span class='ocrx_word' id='word_1_849' title='bbox 1138 2843 1223 2869; x_wconf 76' lang='lat' dir='ltr'><strong>luisse</strong></span> <span class='ocrx_word' id='word_1_850' title='bbox 1241 2842 1290 2868; x_wconf 74' lang='lat' dir='ltr'><strong>hoc</strong></span> <span class='ocrx_word' id='word_1_851' title='bbox 1308 2844 1400 2874; x_wconf 75' lang='lat' dir='ltr'><strong>eaput.</strong></span> 
     </span>
    </p>
   </div>
   <div class='ocr_carea' id='block_1_118' title="bbox 1176 2873 1526 2911">
    <p class='ocr_par' dir='ltr' id='par_1_118' title="bbox 1176 2873 1526 2911">
     <span class='ocr_line' id='line_1_119' title="bbox 1176 2873 1526 2911; baseline -0.006 -9"><span class='ocrx_word' id='word_1_852' title='bbox 1176 2877 1231 2911; x_wconf 74' lang='lat'><strong>(79)</strong></span> <span class='ocrx_word' id='word_1_853' title='bbox 1253 2876 1324 2911; x_wconf 74' lang='lat' dir='ltr'><strong>Lege</strong></span> <span class='ocrx_word' id='word_1_854' title='bbox 1343 2873 1526 2910; x_wconf 68' lang='grc' dir='ltr'>βουλομένοις.</span> 
     </span>
    </p>
   </div>
  </div>
