2073 3161
131 131 161 166 Si
711 142 896 173 LIBELLUS
916 145 1164 176 MEMORIAIJS.
1715 150 1750 180 82

131 196 160 221 οὺ
183 195 263 229 μόνον
284 196 334 222 οὐκ
358 197 518 231 ἀπεδέξατο,
542 199 609 226 ἀλλὰ
628 201 674 227 καὶ
688 202 843 236 τισάμενος,
864 205 912 229 ἀν-

967 205 992 230 iu
1012 212 1059 232 eos
1080 205 1308 237 auimadvcrtens,
1328 205 1454 240 patibulis
1471 206 1565 233 sul‘lixa
1582 213 1677 233 eorum
1702 214 1750 233 ca-

131 241 346 276 εσκολοπισμένα
375 244 456 270 παντὶ
481 244 520 278 τῷ
549 245 606 279 λαῷ
633 246 667 273 τὰ
684 247 798 282 σώματα
825 249 914 275 αὐτῶν

131 287 194 320 περὶ
216 288 267 318 τὰς
291 288 446 323 λεωφόρους
464 290 634 323 ἀπεδείξατο.
658 293 763 328 Ἐμίσει
780 295 827 320 καὶ
850 295 914 326 τοὺς

132 331 200 366 ὑπὲρ
222 332 306 359 αὐτοῦ
327 334 473 366 δοκοῦντας
492 344 518 361 τι
531 336 600 371 δρᾷν
614 337 669 364 τῶν
687 339 737 364 οὐκ
752 339 915 373 ὀφειλόντων

131 376 229 403 διδόναι
247 377 334 410 δίκας.
351 379 404 405 Τὸν
425 380 502 407 Ἰωὰὸ
524 381 590 415 γοῦν
604 384 756 418 στρατηγὸν
770 385 853 411 αὐτοῦ
869 394 915 418 γε-

131 423 239 455 γονότα,
256 424 454 452 ἀποκτείναντα
468 425 514 453 τὸν
533 427 579 453 τοῦ
604 428 798 463 Μεμφιὸοσθοῦ
817 439 916 466 στρατ-

131 469 208 502 ηγὸν,
223 468 355 505 Ἀσηννὴρ
377 470 406 497 δὲ
429 469 464 506 ἦν
493 472 578 507 ὖνομα
595 473 691 509 τούτῳ,
711 475 836 502 τοσοῦτον
860 477 914 503 ἀπ-

131 513 252 548 εττράφη
264 514 319 546 ,ὠς
336 516 382 541 καὶ
396 517 425 542 ἐν
441 518 496 548 τοῖς
517 518 623 552 ὲχθροῖς
647 519 783 555 ἀριθμεῖν,
801 521 848 548 καὶ⁸
864 531 914 556 φυ-

131 558 238 585 λάττειν
264 560 338 601 αὐτῷ
358 561 408 595 τὴν
428 562 497 596 ὑπὲρ
521 562 568 588 τοῦ
595 564 688 596 κακῶς
714 566 914 601 ἀναιρουμένου

130 603 181 629 οὐκ
202 604 380 638 ἀνεκδίκητον
402 605 491 641 δίκην.
512 607 614 634 Ἕνεκα
641 609 696 634 τῶν
714 610 913 644 ἀκροϐυστιῶν,

130 647 247 681 ἠγάγετο
273 650 392 682 γυναῖκα
407 651 456 684 τὴν
471 651 587 687 Μελχὺλ,
606 653 640 688 ἢν
654 655 731 689 παρὰ
745 655 792 682 τοῦ
811 656 915 691 πατρὸς

130 692 286 720 ἐκδοθεῖσαν
304 695 390 730 ἑτέρῳ
404 697 457 722 τινὶ
471 697 510 732 τῷ
525 698 637 734 Φαλτίᾳ,
654 700 757 736 ταύτην
773 702 913 737 ἀνειλήφει

130 739 274 766 ἀπολαϐὼν
291 740 341 775 τὴν
358 741 510 775 βασιλείαν,
523 743 586 770 οὔτε
602 745 647 770 τὸν
663 745 778 773 Φαλτίαν
799 747 912 782 ἀδικεῖν,

128 783 190 810 οὔτε
207 785 348 820 μοιχαλίδα
362 787 412 822 τὴν
427 788 533 823 Μελχὺλ
554 790 695 823 γεγονέναι
721 792 910 828 λογισάμενος.

129 829 184 863 Τῆς
207 831 298 866 ψυχῆς
318 832 406 858 οἰκεῖα
428 833 562 868 δείγματα
589 835 699 870 ἔχοντας
719 837 832 872 σώματα
849 839 912 871 τοὺς

135 874 313 907 Ἰεϐουσαίους
323 885 330 891 ·
346 879 428 912 χωλοὶ
441 879 495 914 γὰρ
511 880 660 915 ἐτύγχανον
675 883 721 908 καὶ
733 884 829 916 τυφλοὶ
844 885 914 911 πάν-

129 927 191 951 τες·
216 922 319 955 εἵργειν
344 923 418 958 αὺτῷ
441 926 629 960 πειρωμένους
649 928 699 963 τὴν
715 929 756 960 είς
770 930 820 964 τὴν
837 931 914 958 πόλιν

128 964 240 1011 είσοδον,
256 967 401 1002 κατασχὼν
414 969 464 1003 τὴν
479 969 566 1002 πόλιν,
584 971 634 1007 τὴν
658 973 798 1008 ἀναίρεσιν
813 975 841 1001 δὲ
858 976 913 1011 (80)

129 1010 167 1044 μὴ
182 1009 219 1036 ὢν
236 1011 394 1045 εἰργάσατο.
412 1013 451 1039 Τὰ
473 1013 636 1050 ἐπικείμενα
655 1016 693 1051 τῷ
709 1017 765 1053 λαῷ
780 1009 915 1054 πολεμικὰ

129 1054 203 1089 ἔθνη,
230 1057 277 1083 καὶ
298 1058 361 1089 τοὺς
387 1060 542 1093 περιοίκους
560 1061 674 1097 ἐχθροὺς
692 1063 739 1089 τοῦ
757 1064 837 1097 λαοῦ,
852 1067 914 1097 τοὺς

134 1101 329 1136 Ἀλλοφύλους.
357 1104 508 1136 Μωαϐίτας
535 1114 565 1131 τε
593 1107 640 1132 καὶ
661 1107 773 1142 Σύρους,
796 1110 842 1135 καὶ
861 1111 914 1145 μὴν

134 1146 304 1180 Ἀμμανίτας
322 1150 369 1175 καὶ
392 1150 579 1185 Ἀμαληκίτας
604 1152 726 1180 καθελὼν
748 1154 797 1186 τῆς
812 1156 914 1187 οἰκείας

128 1191 198 1216 κατὰ
208 1191 256 1218 τοῦ
272 1192 337 1218 λαοῦ
355 1193 524 1227 δυναστείας,
541 1196 694 1231 ὑποφόρους
709 1199 784 1233 αὐτῷ
800 1200 914 1236 πεποιη-

126 1243 181 1266 ται,
197 1236 247 1262 καὶ
263 1237 309 1263 τὸν
326 1238 422 1264 ἑαυτοῦ
440 1239 503 1265 λαὸν
520 1240 565 1266 τὸν
585 1241 701 1276 Ἰσραὴλ,
728 1243 870 1277 ἀνειμένον
882 1246 914 1271 ἐκ

126 1280 182 1307 τῶν
199 1281 282 1308 πάλαι
301 1283 450 1318 πολεμίων,
464 1285 510 1311 καὶ
523 1286 638 1321 φοϐερὸν
652 1287 737 1314 ἅπασι
751 1289 807 1321 τοῖς
824 1289 914 1316 ἔθνεσι

127 1327 325 1362 κατεστήσατο.

163 1372 219 1417 Τῇ-ν
238 1373 315 1407 ἱερὰν
337 1375 461 1408 κιεωτὺν,
483 1376 533 1412 τὴν
555 1377 688 1414 ὕπαιθρον
701 1380 748 1406 καὶ
762 1381 915 1417 ἀσκήνητον

127 1416 168 1442 ἔτι
181 1415 274 1450 οὖσαν,
301 1420 341 1450 εὶς
363 1419 412 1455 τὴν
434 1421 531 1448 ἑαυτοῦ
556 1423 633 1450 πόλιν
654 1425 722 1459 μετὰ
749 1415 915 1461 δημοτελοῦς

126 1462 267 1495 ἀνήγαγεν
281 1464 409 1498 εὐωχίας,
431 1466 478 1492 καὶ
491 1467 572 1498 αὐτὸς
584 1469 639 1499 τοῖς
652 1470 810 1504 χορεύουσιν
820 1472 865 1498 ἐπὶ
880 1474 913 1507 τῇ

125 1507 362 1556 ταύτηςλεπανόδῳ
378 1511 541 1556 συσκιρτῶν,
556 1513 603 1539 ἐπὶ
617 1514 685 1540 Θεοῦ
696 1515 758 1551 δόξῃ
772 1516 821 1551 τὴν
838 1517 915 1552 βασι-
928 1527 951 1556 C

126 1552 195 1584 λέως
207 1553 285 1586 ἀξίαν
297 1555 503 1590 ἀποτιθέμενος,
515 1558 562 1592 τὴν
573 1558 600 1584 δὲ
614 1559 718 1586 ἰδιώτου
735 1563 913 1597 περιχάρειαν

126 1600 355 1635 προαιρούμενος.
393 1602 539 1638 Βουληθεὶς
570 1606 634 1632 ναὸν
665 1607 842 1643 οἰκοδομῆσαι
874 1609 914 1644 τῷ

125 1644 196 1680 Θεῷ,
210 1646 254 1672 διὰ
267 1647 314 1673 τοῦ
337 1649 477 1683 προφήτου
494 1649 588 1677 Νάθαν
617 1651 763 1683 ἐκωλύετο,
789 1653 913 1681 διδασκό-

127 1699 219 1724 μενος,
242 1692 288 1718 τὸν
305 1693 334 1718 ἐν
358 1693 486 1728 πολέμοις
501 1696 660 1730 κεκμηκότα
681 1697 717 1731 μὴ
730 1698 784 1724 δεῖν
800 1699 914 1734 τέμενος

125 1736 277 1772 ἱερωσύνης
291 1740 437 1774 παριστᾷν,
453 1740 491 1774 τῷ
505 1740 528 1766 δ’
541 1741 571 1773 ἐξ
585 1742 666 1768 αὐτοῦ
685 1743 764 1776 φύντι
783 1745 914 1781 παρέχειν

124 1782 171 1808 τὸν
185 1782 252 1809 Θεὸν
269 1784 411 1819 είρηναίαν
433 1785 482 1821 τὴν
497 1786 644 1821 βασιλείαν,
662 1789 710 1815 καὶ
725 1790 774 1825 τὴν
786 1791 834 1817 τοῦ
848 1792 913 1818 ναοῦ

123 1829 300 1864 κατασκευὴν
325 1831 339 1856 ὁ
373 1831 518 1866 προφήτης
548 1832 713 1868 ὑπισχνεῖτο.
739 1836 915 1870 Καταφονού-

125 1882 207 1907 μενον
231 1875 359 1908 ἐπιγνοὺς
382 1876 412 1902 τὸ
429 1876 475 1902 τοῦ
497 1877 582 1904 Σαοὺλ
608 1879 695 1913 γένος,
720 1880 765 1907 διὰ
780 1882 829 1917 τὴν
850 1884 914 1918 περὶ

123 1919 207 1945 αὐτὸν
225 1920 368 1947 εὐλάϐειάν
389 1930 417 1947 τε
434 1924 480 1948 καὶ
504 1924 587 1958 τιμὴν
602 1919 791 1960 ἐπιζητεῖσθαι
807 1927 914 1955 κελεύει

122 1966 187 1996 τοὺς
202 1966 301 2001 ἐκείνῳ
323 1968 521 2002 προσήκοντας,
546 1970 621 2001 ὅπως
636 1971 734 2002 αὐτοὺς
750 1972 854 2008 ἀξιώσῃ
872 1982 914 2000 τι-

123 2012 181 2045 μῆς
193 2021 223 2038 τε
233 2014 280 2039 καὶ
294 2013 410 2044 εὐνοίας.
424 2015 478 2040 Καὶ
491 2013 527 2049 δὴ’
549 2016 716 2050 μηνυθέντος
730 2018 804 2054 αὑτῷ
819 2020 912 2052 παιδὸς

127 2056 259 2083 ΊωνάΟαν
272 2057 451 2093 (Μεμφισάαλ
462 2060 489 2086 δὲ
497 2059 531 2095 ἦν
545 2061 630 2096 ὖνομα
645 2062 731 2097 αὐτῷ,
749 2063 778 2095 ὃς
793 2065 840 2090 καὶ
851 2065 914 2097 τοὺς

122 2101 209 2132 πόδας
227 2102 343 2137 πληγεὶς
369 2105 528 2140 πεπήρωτο,
553 2107 800 2142 περιλελειμμένου
824 2110 913 2142 τινὸς,

121 2147 327 2184 φιλοφρονεῖται
352 2150 444 2182 αὐτὴν,
470 2151 516 2177 καὶ
541 2152 683 2186 ὁμπέστιον
705 2152 772 2189 εἶχε,
791 2155 837 2181 καὶ
863 2155 914 2191 τὴν

966 250 1063 276 davera
1094 251 1220 277 universo
1246 251 1344 285 populo
1371 251 1397 278 in
1431 251 1545 285 publicis
1569 251 1619 278 viis
1638 252 1749 284 conspi-

966 295 1059 322 cienda
1075 296 1224 330 proposuit.
1248 295 1468 331 Proscquehatur
1482 297 1544 323 odio
1559 304 1606 324 eos
1627 304 1747 332 quoque,

966 340 1012 375 qui
1038 340 1065 366 in
1081 341 1193 374 gratiam
1213 340 1272 375 ejus
1293 341 1455 368 videbantur
1471 341 1568 368 fecisse
1587 341 1689 376 aliquid
1715 349 1747 368 ex

967 385 1009 416 iis,
1026 392 1086 419 quae
1100 385 1205 412 luendae
1226 393 1312 419 poena:
1328 386 1446 413 obnoxia
1461 386 1559 419 :minus
1574 386 1746 413 videbamur.

965 429 1033 456 Joab
1050 429 1140 464 itaque
1151 430 1247 456 dttcem
1263 437 1353 462 suum,
1369 430 1416 465 qui
1432 430 1642 464 Memphibosthi
1654 438 1749 464 quem-

965 475 1026 502 dam
1044 475 1141 501 ducem
1160 474 1343 506 interfecerat,
1360 475 1404 501 cui
1423 483 1520 502 nomen
1537 480 1595 502 erat
1611 476 1747 506 Ahenner,

966 527 1052 553 usque
1072 518 1141 546 adeo
1169 523 1310 546 aversatus
1324 523 1381 550 est,
1402 524 1431 546 ut
1445 525 1472 547 et
1490 520 1559 546 inter
1573 521 1667 547 hostes
1683 529 1747 547 cen-

965 568 1047 597 seret,
1069 569 1275 598 reservaretque
1298 564 1334 590 illi
1363 565 1433 591 haud
1462 565 1575 591 inultam
1602 565 1749 591 vindictam

965 610 1036 644 ejus,
1058 617 1139 643 quem
1167 609 1238 635 male
1260 608 1443 636 interfecerat.
1462 610 1491 636 in
1507 610 1623 644 gratiam
1643 617 1749 644 pt‘tt‘pu—

966 655 1065 682 tiorum
1079 655 1113 685 ",
1143 661 1256 681 uxorem
1284 659 1424 688 acceperat
1452 654 1565 682 Melehol
1587 663 1594 681 :
1620 661 1702 689 quam
1733 662 1747 681 a

965 705 1041 735 patre
1063 700 1141 727 alteri
1165 700 1298 727 elocatam
1321 700 1428 727 cuidam
1446 700 1569 732 Phaltite,
1586 704 1750 727 consecutus

966 753 1078 780 regnum
1105 745 1224 780 recepit;
1251 752 1421 780 nequaquam
1445 749 1522 773 ratus
1545 750 1592 772 aut
1616 745 1750 772 Phaltiam

967 790 1059 825 inique
1081 791 1180 826 egisse.
1201 795 1247 818 aut
1260 790 1375 817 Melchol
1390 790 1475 818 fuisse
1498 791 1643 818 mmeham.
1668 789 1751 818 Jebu-

966 843 1035 863 satos
1048 835 1094 869 qui
1113 835 1196 862 animi
1219 836 1261 863 sui
1279 835 1382 862 indices
1411 836 1547 863 habebant
1562 843 1675 870 corpora
1688 843 1752 870 pro-

967 880 1024 914 pria
1048 880 1148 914 (claudi
1169 880 1242 906 enim
1264 883 1343 906 erant
1364 883 1390 906 et
1405 880 1470 907 cmei
1493 880 1599 914 omnes)
1619 887 1680 906 cum
1695 879 1751 906 vel-

964 923 1021 950 lent
1032 924 1109 956 eniti,
1127 929 1156 950 ut
1168 931 1229 950 eum
1252 923 1363 950 introitu
1378 924 1453 950 urbis
1468 927 1602 955 arcerent,
1618 928 1696 957 capta
1711 924 1751 950 ci-

965 968 1046 995 vitate
1065 968 1211 999 interfecit,
1240 975 1301 994 eum
1323 968 1380 1002 ipse
1408 969 1562 1002 huiusmodi
1588 976 1641 995 non
1668 973 1751 995 esset.

965 1013 1138 1040 imminentes
1156 1013 1254 1047 populo
1280 1013 1423 1047 belligeras
1448 1017 1559 1048 gentes,
1576 1020 1608 1040 ac
1633 1013 1753 1040 circum-

965 1060 1069 1093 positas
1087 1059 1177 1093 populi
1195 1058 1298 1089 hostes.
1324 1059 1506 1092 Philisthmos,
1535 1059 1677 1090 Moabitas,
1700 1059 1752 1094 Sy-

966 1111 1022 1134 ros,
1046 1108 1128 1138 atque
1154 1104 1236 1130 etiam
1255 1104 1425 1131 Ammanitas
1444 1109 1472 1131 et
1495 1105 1669 1136 Amaleritas,
1689 1112 1751 1138 spo-

965 1151 1034 1177 lians
1051 1157 1101 1177 suo
1125 1150 1151 1176 iu
1178 1146 1305 1183 populum
1327 1150 1497 1184 principatu,
1523 1150 1680 1177 tributarios
1700 1149 1752 1176 sibi

965 1195 1064 1228 effecit,
1087 1203 1222 1230 suumque
1247 1196 1375 1230 populum
1392 1195 1471 1222 Israel
1495 1196 1617 1229 quietum
1636 1203 1651 1222 a
1676 1199 1764 1235 vote-ﬂ

965 1241 1042 1269 ribus
1069 1241 1197 1272 inimicis,
1223 1246 1306 1276 atque
1337 1241 1419 1268 etiam
1446 1241 1595 1268 terribilem
1623 1241 1752 1268 omnibus

965 1287 1091 1322 gentibus
1105 1285 1232 1314 reddidit.

1003 1376 1101 1404 Arcam
1125 1383 1230 1403 sacram
1246 1383 1308 1410 qua:
1332 1376 1421 1402 adhuc
1435 1375 1486 1402 sub
1508 1375 1555 1401 dio
1572 1379 1631 1401 erat
1647 1377 1674 1400 et
1690 1373 1751 1400 sine

967 1422 1152 1452 tabernaculo,
1173 1422 1198 1447 iu
1215 1429 1291 1448 suam
1318 1421 1452 1447 civitatem
1471 1428 1534 1447 cum
1559 1420 1641 1446 totius
1659 1419 1752 1454 populi

967 1467 1086 1502 tripudio
1109 1466 1231 1495 deduxit,
1257 1466 1372 1499 ipsemet
1396 1472 1458 1491 cum
1476 1466 1592 1491 choreas
1608 1463 1753 1498 agentibus

967 1512 1003 1539 ob
1016 1511 1075 1546 ejus
1090 1510 1280 1537 deductioncm
1297 1510 1379 1536 simul
1394 1509 1553 1542 subsiliens,
1570 1516 1619 1544 pro
1632 1509 1678 1535 Dei
1695 1509 1754 1543 glo-

967 1558 1007 1585 ria
1026 1557 1097 1591 rcgis
1115 1555 1230 1590 gloriam
1253 1555 1401 1590 deponens,
1418 1556 1484 1589 qttiu
1505 1559 1530 1581 et
1546 1554 1645 1589 privati
1664 1554 1754 1580 homi-

968 1603 1010 1630 nis
1041 1601 1169 1637 gaudium
1200 1601 1381 1635 amplexatus.
1411 1601 1478 1627 (Tum
1509 1601 1590 1627 Vellet
1622 1599 1755 1633 templum

967 1648 1135 1676 exmditicare
1150 1647 1215 1679 Deo,
1235 1654 1284 1681 per
1307 1647 1465 1682 prophetam
1481 1646 1588 1673 Nathan
1601 1646 1756 1681 prohibitus

967 1698 1022 1726 est,
1037 1694 1161 1725 edoctus,
1177 1701 1238 1720 eum
1254 1693 1301 1728 qui
1317 1692 1393 1720 hellis
1407 1692 1571 1726 defatigatus
1586 1692 1684 1724 fuerat,
1704 1698 1757 1718 non

967 1744 1093 1775 oportere
1117 1739 1268 1767 sanctitatis
1295 1739 1427 1773 templum
1454 1738 1580 1772 erigere:
1606 1737 1661 1764 tilio
1694 1745 1758 1763 νυνι)

966 1786 1040 1814 illius
1054 1792 1247 1813 concessurum
1270 1784 1353 1811 Deum
1370 1791 1484 1816 regnum
1504 1782 1646 1817 pacificum
1663 1781 1759 1809 simul-

967 1839 1020 1867 que
1035 1831 1126 1866 templi
1141 1829 1385 1860 coristructiouem,
1401 1828 1541 1863 pollicitus
1554 1832 1595 1855 est
1613 1827 1754 1862 propheta.

967 1876 1141 1904 lnterfectum
1167 1875 1319 1910 intelligens
1337 1875 1425 1902 Saulis
1441 1882 1542 1909 genus,
1556 1881 1610 1908 qua
1625 1879 1683 1900 erat
1694 1881 1757 1907 erga

968 1915 1049 1951 illum"
1060 1923 1212 1950 reverentia
1227 1927 1254 1950 et
1275 1922 1378 1949 honore
1395 1921 1519 1953 affectus,
1536 1921 1698 1956 quaerendos
1713 1921 1758 1955 ju-

968 1970 1013 1997 bet
1028 1969 1050 1996 si
1065 1969 1113 2004 qui
1128 1969 1204 1996 illutn
1228 1969 1428 2003 contingerent,
1442 1975 1497 2002 quo
1512 1975 1560 1994 eos
1574 1967 1678 1994 honore
1697 1973 1759 2000 pro-

967 2016 1043 2050 sequi
1066 2020 1155 2050 posset
1167 2020 1194 2042 et
1209 2015 1409 2042 benevolentia.
1424 2014 1463 2040 Ac
1479 2022 1546 2040 sane
1565 2021 1627 2040 eum
1646 2013 1698 2047 ipsi
1714 2013 1757 2038 iu-

967 2062 1087 2089 dicatum
1113 2061 1219 2093 fuisset,
1235 2067 1378 2093 superesse
1394 2059 1550 2093 quempiam
1569 2058 1653 2084 filium
1674 2057 1760 2084 Jona-

967 2107 1030 2137 thzn,
1043 2106 1086 2132 cui
1097 2112 1196 2132 nomen
1208 2103 1403 2138 Memphibanl,
1414 2103 1459 2136 qui
1469 2107 1495 2129 et
1505 2101 1618 2136 pedibus
1632 2101 1760 2127 laborans

967 2153 1094 2179 cluxatus
1107 2155 1184 2183 erat;
1200 2150 1297 2176 festive
1314 2149 1388 2176 illuxit
1406 2147 1619 2182 humaniterque
1634 2145 1759 2179 suscipit,

119 2193 217 2219 ουσίαν
235 2194 346 2220 ἃπασαν
366 2195 441 2230 αὐτῷ
463 2196 554 2223 δίδωσι
574 2197 624 2232 τὴν
648 2198 744 2231 Σαοὺλ,
764 2199 911 2236 ἐπίτροπον

966 2203 994 2227 et
1008 2197 1219 2225 commensalem
1234 2195 1340 2226 habuit,
1358 2202 1390 2222 ac
1404 2194 1584 2222 substantiam
1602 2193 1758 2219 universam

119 2239 198 2274 αὐτῷ
224 2240 287 2272 δοὺς
314 2241 426 2267 πάντων
453 2242 521 2276 ὁμοῦ
540 2243 596 2270 τῶν
618 2246 801 2280 πραγμάτων,
830 2247 913 2275 Σιὸἄν

117 2286 245 2321 ὀνόματι,
262 2287 356 2314 δοῦλον
371 2287 447 2322 αὺτῷ
467 2290 595 2325 πατρῷον
609 2292 803 2327 γεγενημένον.
821 2293 914 2325 Οὕτως

117 2328 156 2365 ἦν
182 2333 230 2358 καὶ.
253 2334 319 2368 περὶ
343 2334 407 2366 τοὺς
434 2335 592 2370 οἰχομένους
613 2337 771 2369 ὁσιώτατος.
804 2339 834 2365 '0
859 2339 914 2366 τῶν

125 2377 305 2412 Ἀμμανιτῶν
325 2378 465 2413 βασιλεὺς,
488 2382 623 2415 φεύγοντα
645 2383 844 2418 δεξιωσάμενος
865 2384 914 2411 αὺ-

119 2423 180 2455 τὸν.
197 2425 225 2450 ὲν
239 2427 294 2457 τοῖς
308 2426 398 2459 φίλοις
420 2426 578 2462 ἠριθμεῖτο·
597 2428 692 2463 ἐπειδὴ
709 2429 846 2465 τεθνήκει,
864 2430 914 2465 τὴν

118 2469 229 2495 ἐκείνου
254 2471 367 2505 μνήμην
389 2472 488 2506 τιμῶν,
508 2473 667 2499 ἀπέστειλεν
693 2475 739 2501 ἐπὶ
755 2475 800 2501 τὸν
819 2475 914 2502 τούτου

118 2515 209 2541 παῖδα
226 2516 339 2543 ’Δνανδν
352 2518 416 2549 τοὺς
430 2518 684 2553 παρακαλέσοντας,
701 2520 822 2555 διάδοχον
835 2521 915 2548 αὑτὸν

115 2560 171 2594 τῆς
188 2562 329 2596 πατρικῆς
353 2562 444 2596 φιλίας
464 2562 535 2590 εἶναι
564 2564 735 2600 βουλόμενος.
768 2567 797 2592 Ὀ
824 2567 862 2599 δὲ,
878 2567 917 2598 ὡς

116 2607 315 2639 κατασκόπους
327 2609 410 2635 αὑτοῦ
422 2609 471 2644 τῆς
484 2609 622 2644 βασιλείας
631 2612 695 2642 τοὺς
708 2612 754 2638 ἐπὶ
762 2613 811 2646 τὴν
826 2612 916 2647 παρά-

115 2653 220 2688 κλησιν
234 2654 455 2690 ὲπεστα).μὲνους
467 2656 581 2690 νομίσας
592 2678 599 2690 ,
614 2657 691 2690 ξυρεῖ
703 2657 766 2688 τοὺς
781 2657 917 2690 πώγωνας

155 2745 181 2760 ²¹
199 2744 218 2771 11
236 2745 302 2780 Reg.
321 2753 363 2777 tu,
379 2746 423 2773 28.

965 2244 989 2271 ei
1006 2243 1094 2271 reddit
1105 2250 1166 2278 qua:
1178 2241 1269 2269 Saulis
1281 2240 1380 2272 fuerat,
1393 2245 1547 2268 curatorem
1560 2239 1599 2266 Illi
1615 2239 1761 2273 assignans

964 2296 1125 2317 cunctarum
1152 2289 1234 2316 simul
1261 2296 1353 2315 rerum
1384 2287 1468 2314 Siban
1489 2285 1611 2317 nomine,
1634 2285 1680 2319 qui
1708 2285 1760 2311 enh

965 2341 1077 2371 parente
1091 2335 1152 2370 ejus
1167 2341 1263 2362 servus
1280 2333 1354 2360 illius
1369 2333 1467 2360 fuerat.
1487 2332 1575 2358 Tanta
1599 2336 1658 2359 erat
1674 2330 1759 2357 etiam

965 2383 992 2410 in
1007 2386 1130 2409 mortuos
1146 2381 1254 2415 pietate.
1274 2379 1493 2407 Ammanitarum
1514 2385 1573 2409 rex,
1587 2377 1634 2412 qui
1650 2377 1759 2412 fugien-

966 2434 1018 2456 tem
1043 2429 1118 2455 illum
1145 2428 1260 2455 comiter
1281 2429 1451 2461 susceperat,
1470 2425 1542 2452 inter
1561 2424 1636 2450 illius
1655 2423 1760 2450 amicos

969 2475 1143 2503 censebatur.
1164 2474 1310 2508 Postquam
1331 2477 1455 2499 mortuus
1470 2475 1531 2503 est,
1553 2471 1626 2497 illius
1647 2476 1760 2497 venera-

971 2527 1014 2548 tus
1029 2520 1199 2551 memoriam,
1228 2519 1302 2546 misit
1326 2518 1358 2545 ad
1382 2518 1443 2553 ejus
1461 2517 1546 2544 filium
1570 2517 1695 2542 Ananum
1712 2514 1758 2548 qui

967 2573 1030 2593 eum
1060 2564 1279 2595 consolarentur,
1307 2563 1420 2598 cupiens
1448 2570 1567 2597 paterna:
1595 2561 1672 2587 Illum
1697 2565 1759 2585 esse

968 2611 1095 2639 amicitiae
1117 2617 1316 2638 successorem.
1346 2610 1380 2636 At
1409 2609 1463 2642 ille,
1492 2616 1541 2636 ceu
1571 2606 1759 2640 exploratores

968 2657 1043 2692 regni
1056 2657 1098 2684 sui
1115 2656 1263 2683 arbitratus
1285 2655 1411 2682 homines
1435 2653 1481 2688 qui
1499 2659 1549 2687 pro
1572 2647 1760 2678 consolatione

160 2823 220 2858 (80)
238 2821 351 2852 Videtur
375 2824 403 2851 δὲ
428 2825 578 2858 ahuu'are,
599 2830 645 2853 aut
673 2830 746 2853 certe
764 2825 840 2852 locus
863 2824 1002 2858 aliquanto
1019 2822 1143 2851 deﬁcere.
