2073 3161
293 167 328 198 83
1034 166 1183 198 JOSEPPI
1875 171 1910 204 ει

290 222 367 249 missi
384 222 500 255 fuerant,
519 223 589 250 radit
617 230 710 250 eorum
730 222 839 254 barbas,
867 227 895 250 et
917 222 1074 258 chlamydas

1128 224 1224 257 αὐτῶν,
1237 224 1284 251 καὶ
1295 225 1345 257 τὰς
1358 225 1495 261 χλαμύδας
1505 226 1663 261 ἀποτέμνει.
1678 228 1760 259 Γνοὺς
1768 228 1796 254 δὲ
1805 229 1819 254 6
1828 229 1912 255 Δσϐὶδ

289 267 433 294 cxscindit.
449 266 516 294 Cum
539 267 711 301 cognovisset
722 266 805 292 David
824 265 936 292 stultum
952 266 1019 293 adeo
1036 266 1075 292 fa-

290 311 386 342 cinus;
404 318 468 337 suos
484 310 593 345 quidem
607 310 651 336 ubi
664 310 797 344 degebant
811 309 960 337 subsistere
975 317 1076 344 ιιι-ωρο-

290 357 338 388 pit.
350 355 436 382 donec
449 356 493 389 pili
508 358 723 386 renascerentur,
737 355 861 382 Ananum
875 362 939 382 vero
950 355 995 389 qui
1009 363 1076 388 pra:-

291 405 330 426 tcr
345 399 491 434 pessimum
505 399 595 427 scehs
609 407 730 434 pugnare
741 400 872 427 adversus
886 407 948 426 eum
962 404 1074 434 paratus

289 450 363 476 erat,
387 444 539 479 proﬂigavit
564 453 610 480 per
635 445 732 472 ducem
760 453 838 471 suum
856 445 921 471 Joab
941 453 992 472 una
1012 452 1073 472 cum

289 490 352 516 aliis
371 489 490 524 quinque
517 490 638 524 regibus,
668 497 737 524 quos
763 490 876 517 Ananus
901 490 991 517 socios
1011 489 1073 516 belli

290 542 382 561 secum
403 535 563 562 adduxerat.

324 579 393 607 Cum
409 581 434 607 in
451 585 591 616 peccatum
610 581 758 614 incidisset,
779 581 851 608 flevit
867 588 977 612 amare,
992 585 1075 614 alque

289 633 322 652 ex
338 626 440 652 .animo
465 626 549 652 Deum
575 626 679 652 veniam
698 627 812 660 rogavit.
833 625 901 653 Cum
919 627 991 653 enim
1012 634 1075 653 mu.

289 671 381 698 licrem
397 671 491 698 fuisset
502 672 675 705 conspicatus
685 671 897 705 pulcherrimam
912 671 1074 703 Betbsabee,

289 723 350 742 cum
368 716 418 743 hac
431 715 542 743 domum
558 721 653 744 vocata
669 725 726 744 rem
743 717 846 744 habuit.
862 717 930 750 Quae
953 717 999 744 ubi
1014 717 1074 744 ani-

289 760 480 787 madvertisset
491 768 520 788 se
533 765 639 788 uterum
655 761 737 794 ferre,
754 761 827 796 quod
845 766 1009 797 cognoverat
1023 769 1073 789 no-

290 811 346 832 tum
362 805 426 833 facit
440 805 544 833 Davidi.
562 806 608 834 Illc
624 814 733 834 omnem
751 806 868 841 lapidem
892 815 1003 835 movens
1020 815 1075 842 quo

289 850 417 877 maritum
430 851 491 885 ejus
510 851 606 878 lateret
621 859 700 878 suum
717 859 750 878 ac
767 851 859 878 uxoris
883 852 955 880 illius
972 859 1074 880 concu-

290 896 386 927 bitum.
405 896 477 924 hunc
493 897 528 924 ab
543 897 664 924 exercitu
680 902 790 924 revocat
807 904 886 930 astu;
901 903 962 925 erat
974 899 1075 934 quippe

289 942 330 968 vir
344 942 423 969 fortis
436 947 463 969 et
478 942 556 970 miles
572 942 730 970 benevolus.
748 941 896 977 Postquam
917 943 1027 971 advenit
1043 951 1075 970 ac

287 993 377 1020 regem
407 987 551 1014 certiorem
585 987 665 1020 fecit,
698 988 834 1015 enarratis
860 989 988 1016 omnibus
1015 997 1075 1024 qua:

286 1033 358 1059 circa
381 1032 444 1060 belli
461 1033 547 1060 aciem
565 1038 640 1069 gesta
655 1033 762 1061 fuerant
774 1052 783 1065 ,
801 1034 958 1062 mandatum
977 1037 1076 1070 accipit

287 1079 406 1106 abeundi
425 1078 452 1106 in
466 1079 578 1106 domum
594 1086 682 1106 suam.
705 1080 739 1107 At
755 1079 801 1107 ille
817 1087 871 1107 non
895 1080 999 1114 abivit;
1015 1086 1075 1109 erat

286 1126 358 1154 enim
377 1125 458 1154 miles
472 1126 550 1153 fortis
566 1127 633 1154 :scd
652 1126 752 1154 mansit
766 1127 841 1154 velut
855 1127 882 1154 in
901 1128 970 1159 acie,
998 1132 1074 1155 ratus

286 1173 376 1202 adhuc
394 1180 424 1201 se
438 1180 600 1208 permanere
623 1178 760 1201 armatum
773 1175 826 1202 sub
841 1175 897 1202 dio.
927 1175 1004 1207 Quod
1029 1175 1074 1203 ubi

286 1218 471 1246 renuntiatum
487 1223 529 1245 est
553 1218 620 1253 regi,
638 1218 732 1246 statuit
749 1224 807 1246 arte
830 1219 976 1255 proﬂigare
1002 1219 1075 1248 Uria:

286 1258 355 1298 (hoc
370 1271 488 1298 namque
504 1264 564 1291 viro
588 1271 687 1292 nomen
706 1264 783 1300 erat)
797 1265 932 1300 obiectam
950 1266 1002 1293 sibi
1020 1266 1076 1294 fur-

287 1309 442 1336 titudinem.
465 1309 528 1336 "me
542 1310 635 1337 animo
649 1318 772 1343 versans,
788 1311 883 1338 scribit
896 1311 929 1338 ad
945 1311 1007 1338 belli
1024 1312 1076 1339 im.

287 1358 453 1387 peratorem,
471 1358 501 1380 ut
517 1354 595 1380 malis
621 1354 725 1382 artibus
742 1362 810 1382 usus
828 1354 921 1382 Uriam
937 1356 1073 1389 perderet.

288 1399 339 1426 Ubi
354 1399 380 1426 id
397 1399 521 1434 contigit,
540 1399 704 1434 redargutor
720 1400 752 1427 ad
770 1407 832 1426 eum
849 1400 924 1435 impii
946 1401 1075 1428 facinoris

286 1443 392 1470 Natban
413 1443 544 1478 propheta
563 1443 688 1470 mittitur.
709 1443 744 1469 At
760 1443 804 1470 ille
821 1451 883 1470 cum
904 1444 1076 1470 animadver-

286 1489 364 1515 tisset
386 1487 457 1514 haud
478 1487 601 1522 potuisse
620 1488 705 1516 latere
724 1488 808 1515 Deum
835 1489 907 1523 quod
929 1488 1076 1516 artificiose

1126 269 1175 302 τὴν
1189 269 1295 305 ἄφρονα
1312 271 1406 298 τούτου
1427 273 1537 307 πρᾶξιν,
1559 274 1621 303 τοὺς
1640 272 1690 306 μὲν
1705 273 1824 304 οἰκείους
1839 274 1911 300 κατὰ

1126 315 1217 348 χώραν
1248 317 1337 350 μένειν
1370 316 1522 349 ἐκέλευσεν.
1553 317 1618 352 ἄχρι
1651 317 1701 351 τῆς
1725 318 1779 344 τῶν
1809 319 1911 353 τριχῶν

1125 359 1296 393 ἁναφύσεως,
1315 361 1361 387 τδν
1374 361 1403 387 δὲ
1428 362 1539 388 ’Δνανδν
1558 363 1626 397 πρὸς
1644 364 1677 398 τῇ
1695 364 1802 398 πονηρᾷ
1813 363 1911 398 πράξει

1126 405 1286 440 ιχπολεμεϊν
1304 406 1377 441 αὺτῷ
1392 408 1651 442 παρεσκευασμένον
1666 408 1854 443 κατεπόροησε
1867 409 1911 435 διὰ

1125 450 1172 476 τοῦ
1186 451 1340 485 στρατηγοῦ
1362 451 1451 483 Ἰωὰϐ,
1468 452 1516 478 σὺν
1529 453 1633 487 ἑτέροις
1648 453 1729 480 πέντε
1744 453 1911 487 βασιλεῦσιν,

1125 494 1171 525 οὓς
1185 495 1199 521 6
1217 495 1326 528 ’Δνανδς
1343 497 1505 532 συμμάχους
1520 498 1736 534 συνεπηγάγετο.

1162 581 1320 616 Περιπεσὼν
1344 582 1480 618 ἁμαρτάδι
1496 584 1603 620 πικρῶς
1616 584 1760 619 ἐδάκρυσε,
1782 584 1830 611 καὶ
1847 584 1912 619 περὶ

1127 627 1291 662 συγγνώμης
1312 629 1416 654 ἱκέτευε
1430 630 1474 655 τὸν
1489 629 1555 656 Θεὸν
1575 630 1712 665 εὐθύμως.
1727 631 1846 658 Γυναῖκα
1859 629 1914 664 γὰρ

1126 672 1292 707 θεασάμενος
1318 674 1444 709 εὐπρεπῆ
1462 675 1511 709 τὴν
1534 675 1685 709 Βηθσαϐεὲ,
1701 676 1804 710 ταύτην
1821 674 1913 701 οἴκαδε

1126 718 1245 750 καλέσας
1271 719 1416 754 ἐκτήσατο.
1441 718 1484 750 Ὧς
1505 720 1535 746 δι
1552 719 1652 755 ἑαυτὴν
1675 720 1745 753 ἔγνω
1762 720 1914 754 γενομένην

1126 765 1274 800 ιγκύμονα,
1291 765 1367 800 δηλοῖ
1384 765 1423 801 τῷ
1441 765 1524 792 Δαϐὶδ
1547 766 1617 800 ὅπερ
1633 766 1797 800 ἑπεγνώκει,
1812 767 1860 793 καὶ
1880 766 1914 800 δὴ

1127 810 1323 845 μηχανώμενος
1336 811 1382 837 τὸν
1399 811 1485 847 ἄνδρα
1495 811 1541 838 τὸν
1552 812 1638 847 αὐτῆς
1652 811 1790 838 διαλαθεῖν
1801 812 1850 846 τὴν
1863 811 1914 837 αὑ·-

1125 854 1172 882 τοῦ
1195 864 1225 881 τε
1243 855 1357 890 καὶτῆς
1380 855 1462 882 αὑτοῦ
1488 857 1617 889 γυναικὸς
1647 856 1802 887 συνουσίαν,
1828 865 1914 884 κατα-

1127 901 1264 935 πέμπεται
1289 901 1382 928 τοῦτον
1410 901 1464 927 ἀπὸ
1493 902 1539 928 τοῦ
1567 902 1765 936 στρατοπέδου·
1781 902 1829 928 καὶ
1859 901 1915 936 γὰρ

1124 944 1159 981 ἦν
1174 946 1294 981 ἀνδρεῖός
1317 954 1347 972 τε
1364 947 1411 973 καὶ
1432 946 1527 979 εὔνους
1557 946 1736 982 στρατιώτης.
1758 946 1801 978 Ὦς
1819 947 1847 973 δι
1862 947 1915 980 ἀφ-

1126 991 1250 1026 ικόμενος
1263 991 1396 1025 ἐγνώρισε
1408 993 1447 1027 τῷ
1462 992 1578 1027 βασιλεῖ,
1601 993 1648 1019 καὶ
1663 992 1740 1019 εἶπεν
1762 992 1866 1019 ἕκαστα
1880 991 1914 1018 τὰ

1125 1037 1195 1064 κατὰ
1212 1036 1261 1071 τὴν
1281 1037 1435 1071 παράταξιν
1457 1037 1504 1064 τοῦ
1531 1037 1651 1072 πολέμου
1675 1037 1854 1073 δεδρασμένα,
1875 1038 1914 1068 εἰς

1125 1082 1173 1117 τὴν
1191 1083 1288 1109 ἑαυτοῦ
1307 1083 1397 1109 οἰκίαν
1420 1083 1531 1110 ἀπιέναι
1546 1083 1757 1118 προσετάττετο.
1774 1083 1805 1109 '0
1821 1082 1850 1109 δὲ
1864 1083 1915 1108 οὐκ

1125 1127 1225 1162 ἀπῄει·
1244 1127 1414 1163 στρατιώτης
1434 1128 1488 1162 γὰρ
1513 1125 1547 1162 ἦν
1569 1128 1707 1163 ἀνδρεῖος·
1731 1127 1788 1154 ἀλλ’
1807 1127 1915 1161 ἔμεινεν

1125 1173 1170 1200 ἐπὶ
1181 1173 1230 1208 τῆς
1246 1173 1436 1207 παρατάξεως,
1463 1173 1644 1207 λογισάμενος
1667 1174 1708 1199 ἔτι
1723 1174 1814 1207 μένειν
1828 1172 1915 1198 ὡπλι-

1127 1218 1225 1253 σμένος
1242 1218 1395 1253 ὐπαίθριος.
1422 1219 1500 1244 Ἐπεὶ
1513 1219 1541 1245 δὲ
1555 1218 1635 1245 τοῦτο
1652 1217 1691 1252 τῷ
1705 1217 1812 1252 βασιλεῖ
1830 1217 1916 1251 ἀνηγ-

1125 1263 1222 1298 γέλθη,
1240 1263 1311 1297 ἔγνω
1332 1265 1466 1298 μηχαναῖς
1492 1263 1655 1290 καταϐαλεῖν
1677 1263 1726 1298 τὴν
1751 1263 1798 1289 τοῦ
1815 1262 1916 1296 οὐρίου

1126 1309 1185 1343 (καὶ
1197 1309 1251 1344 γὰρ
1262 1308 1348 1340 οὕτως
1357 1308 1546 1343 smmum)
1561 1307 1786 1342 προϐεϐλημένην
1792 1307 1914 1342 ἀνδρίαν.

1126 1353 1204 1379 Οὕτω
1230 1352 1294 1385 γοῦν
1318 1353 1509 1388 λογισάμενος,
1533 1353 1633 1388 γράφει
1659 1353 1698 1387 τῷ
1721 1353 1769 1379 τοῦ
1797 1352 1916 1386 πολέμου

1127 1398 1272 1433 στρατηγῷ
1294 1398 1413 1431 μετιέναι
1428 1399 1474 1425 τὸν
1489 1399 1591 1433 Οὐρίαν
1609 1399 1690 1424 κάκεῖ
1707 1397 1817 1434 [κακῇ]
1833 1398 1916 1434 τέχνῃ

1126 1443 1312 1478 χρησάμενον.
1337 1444 1391 1470 Καὶ
1414 1444 1563 1479 γενομένου
1582 1444 1690 1476 τούτου,
1711 1444 1822 1479 ἐλεγχος
1841 1443 1917 1478 αὐτῷ

1127 1488 1175 1522 τῆς
1193 1487 1306 1522 ἐναγοῦς
1330 1488 1521 1523 πλημμελείας
1541 1488 1636 1514 Νάθαν
1657 1489 1671 1514 6
1692 1488 1833 1524 προφήτης
1847 1489 1916 1515 ἀπο-

285 1538 484 1567 atlenlaverat,
508 1533 633 1569 deplorat
647 1538 674 1561 et
698 1541 791 1561 amare
811 1534 891 1561 deﬂet
910 1534 1073 1561 sceleratum

1128 1533 1274 1561 στέλλεται.
1299 1533 1343 1565 Ὡς
1357 1533 1385 1560 δὲ
1408 1534 1479 1567 ἐγνω
1496 1534 1533 1569 μὴ
1548 1533 1707 1568 δεδυνῆσθαι
1725 1533 1857 1568 κρύπτειν
1869 1533 1916 1560 τδν

285 1579 392 1606 facinus
407 1587 499 1612 suum,
515 1583 597 1614 atque
611 1579 712 1606 acriter
725 1579 820 1606 dolens
837 1578 1075 1614 ingemiscensque

286 1625 503 1653 miscricordiam
517 1625 659 1652 exorabat.
677 1625 764 1657 Quam
781 1624 912 1658 propheta
929 1624 1027 1651 iterum
1043 1624 1075 1651 ad

286 1672 362 1700 illum
379 1679 507 1699 reversus
529 1671 567 1698 ait
594 1671 644 1698 sibi
660 1677 820 1697 concessam
845 1668 940 1700 fuisse,
967 1673 1077 1703 propter

286 1726 345 1749 eam
369 1726 478 1753 poenam
495 1725 577 1752 quam
604 1716 656 1744 sibi
683 1715 922 1750 supervenientem
945 1715 1074 1749 excipiet.

286 1765 400 1800 Propter
428 1764 480 1791 hoc
509 1763 591 1798 igitur
616 1762 683 1789 adeo
711 1761 831 1788 immane
859 1760 977 1791 facinus,
1006 1760 1077 1786 mala

286 1817 408 1838 Clll't'llla
423 1815 518 1838 contra
534 1816 643 1836 otnnem
662 1809 772 1835 domum
793 1814 882 1839 suam,
898 1805 1078 1840 quemadmo-

286 1857 350 1883 dum
368 1860 539 1891 peccaverat,
560 1860 657 1888 passus
673 1856 724 1879 est.
742 1851 861 1886 Deperiit
880 1851 952 1878 enim
970 1851 1078 1878 Amnon

286 1903 359 1931 filius
373 1903 433 1937 ejus
451 1907 574 1928 sororem
599 1906 676 1926 suam
695 1897 929 1932 consanguineam
947 1897 1076 1929 Thamar,

287 1954 457 1982 composque
483 1946 572 1972 factus
600 1944 662 1978 ejus
689 1951 771 1979 quam
800 1942 952 1978 deperibat,
984 1947 1077 1978 postea

289 1993 386 2029 majori
411 1999 494 2026 quam
520 1994 600 2016 antea
620 1996 714 2016 amore
731 1989 823 2016 statim
841 1988 905 2015 odio
924 1993 967 2016 est
982 1995 1077 2023 prose-

289 2044 379 2067 cutus.
409 2036 515 2064 Occidit
547 2035 619 2062 hunc
650 2035 802 2062 Amnonem
832 2033 1000 2067 Abessalon],
1030 2035 1076 2069 qui

289 2084 415 2112 ulcrinns
439 2086 498 2110 erat
520 2081 665 2109 Thamaris
683 2080 777 2112 frater,
795 2087 918 2107 sororem
935 2081 1002 2107 adeo
1019 2085 1078 2108 tur-

289 2132 358 2167 piter
383 2130 588 2159 dehoneslatam
607 2127 702 2155 ulcisci
729 2127 831 2154 volens.
850 2127 977 2161 .lnsurgit
997 2130 1079 2162 porro

290 2179 341 2207 iste
355 2176 493 2204 fratricida
509 2173 667 2202 Abessalom
683 2173 764 2200 etiam
781 2172 809 2199 in
823 2172 913 2206 ipsum
927 2176 1078 2205 parentem,

1127 1579 1193 1606 Θεὸν
1211 1580 1241 1606 τὸ
1258 1580 1500 1615 μεμηχανημένον,
1516 1580 1684 1615 καταθρηνεί
1705 1580 1752 1606 καὶ
1766 1579 1916 1612 κατολοφύ-

1128 1633 1204 1659 ρεται
1228 1626 1278 1659 τὴν
1302 1625 1392 1659 δεινὴν
1421 1625 1504 1653 αὑτοῦ
1531 1626 1642 1661 πρᾶξιν,
1667 1625 1714 1652 καὶ
1738 1625 1836 1660 πικρὸν
1855 1633 1919 1659 σχε-

1126 1670 1240 1702 τλιάσας
1262 1671 1307 1697 τὸν
1324 1669 1414 1697 οἴκτον
1439 1671 1573 1706 ἐξῃτεῖτο,
1600 1672 1630 1698 ὅν
1660 1680 1712 1706 περ
1732 1673 1746 1698 6
1773 1672 1917 1705 προφήτης

1127 1716 1202 1751 αὐτῷ
1217 1716 1299 1742 πάλιν
1314 1716 1399 1743 ἐλθὼν
1416 1716 1469 1752 ἔφη
1486 1717 1620 1749 δεδόσθαι,
1635 1717 1667 1743 δι’
1683 1715 1772 1752 ἧσπερ
1787 1716 1917 1751 ἐπιούσης

1127 1761 1202 1796 αὐτῷ
1216 1761 1353 1794 ἐκδέξεται
1368 1761 1457 1797 δίκης.
1483 1762 1544 1788 Ἐπὶ
1555 1763 1583 1789 δὲ
1594 1762 1680 1798 ταύτῃ
1694 1764 1727 1798 τῇ
1742 1762 1918 1799 πλημμελείᾳ

1127 1808 1230 1842 ἄσχετα
1249 1807 1322 1835 δεινά
1339 1808 1408 1835 κατὰ
1427 1808 1519 1841 πάσης
1540 1808 1623 1835 αὐτοῦ
1643 1810 1692 1844 τῆς
1709 1809 1808 1840 οἰκίας,
1825 1808 1917 1840 καθὼς

1128 1854 1271 1888 ἡμὰρτησε
1291 1853 1476 1890 [πέπονθεν]·
1493 1853 1602 1888 ἠράσθη
1620 1854 1675 1888 γὰρ
1699 1854 1805 1888 ’Λμνὼν
1828 1854 1843 1880 ό
1860 1854 1917 1884 υιις

1129 1899 1211 1926 αὑτοῦ
1231 1899 1280 1934 τῆς
1296 1899 1364 1934 πρὸς
1389 1899 1492 1934 πατρὸς
1513 1899 1631 1934 ἀδελφῆς
1645 1899 1727 1925 αὑτοῦ
1741 1900 1851 1934 Θάμαρ,
1869 1900 1917 1926 καὶ

1128 1945 1216 1980 τυχὼν
1235 1943 1269 1980 ἧς
1290 1946 1354 1980 ἦρα,
1375 1945 1466 1971 πλεῖον
1481 1943 1567 1980 οὗπερ
1587 1946 1672 1980 αὐτῆς
1688 1946 1742 1980 ἦρα
1760 1944 1918 1979 παραυτίκα

1129 1990 1270 2026 ἐμίσησεν.
1292 1991 1410 2026 Ἀναιρεί
1424 1990 1453 2016 δὲ
1470 1989 1565 2016 τοῦτον
1589 1990 1635 2016 τὸν
1653 1990 1761 2024 Ἀμνὼν
1787 1989 1918 2015 ’Δϐεσσα-

1129 2037 1200 2072 λὼμ.
1217 2038 1230 2063 6
1249 2037 1297 2063 καὶ
1319 2036 1385 2072 πρὸς
1407 2036 1511 2071 μητρὸς
1529 2036 1643 2071 ἀδελφὸς
1662 2036 1710 2071 τῆς
1726 2036 1822 2071 Θάμαρ
1839 2043 1917 2069 γεγε-

1129 2081 1255 2116 νημένος,
1270 2081 1318 2116 τὴν
1347 2081 1467 2116 αἰσχρῶς
1485 2081 1680 2116 διῦϐρισμένην
1699 2080 1842 2107 διεκδιχεῐν
1858 2079 1919 2114 βου-

1129 2127 1305 2162 λευσάμενος.
1330 2127 1522 2154 Ἐπανίσταται
1544 2127 1572 2153 δὲ
1590 2128 1603 2154 6
1619 2127 1667 2153 τοῦ
1688 2126 1804 2160 ἀδελφοῦ
1821 2126 1920 2160 φονεὺς

1137 2172 1316 2207 ’Λϐεσσαλὼμ
1331 2173 1378 2199 καὶ
1393 2172 1469 2207 αὺτῷ
1482 2172 1522 2207 τῷ
1535 2173 1621 2208 πατρὶ
1636 2173 1684 2199 καὶ
1699 2173 1798 2208 πληροῑ
1814 2172 1921 2206 λύορων

290 2223 437 2258 impletque
455 2228 553 2251 cruore
569 2220 722 2247 universam
738 2223 881 2253 paternam
902 2217 1026 2245 domum.
1044 2218 1076 2244 At

1132 2218 1181 2254 τὴν
1201 2218 1248 2245 τοῦ
1265 2218 1367 2254 πατρὸς
1389 2218 1453 2252 ὃλην
1470 2219 1569 2246 οἰκίαν.
1594 2219 1624 2245 '0
1638 2219 1666 2245 δδ
1689 2219 1727 2254 μὴ
1748 2219 1841 2254 φέρων
1862 2218 1922 2245 υἱὸν

290 2271 336 2297 ilic
354 2275 527 2303 nequaquam
546 2266 686 2294 sustinens
701 2264 786 2291 filium
808 2263 900 2298 prailio
915 2263 1059 2300 profligare
1070 2285 1077 2295 .

290 2319 318 2342 et
336 2313 445 2341 vincere
469 2311 612 2339 victoriam
636 2309 713 2336 clade
734 2308 807 2336 haud
823 2309 977 2340 minorem,
993 2309 1080 2345 surgit

291 2369 307 2389 a
325 2360 399 2395 regia
412 2359 496 2386 domo
520 2365 581 2389 sua,
600 2356 706 2391 fugiens
726 2356 753 2382 in
771 2354 910 2382 desertum
928 2363 935 2381 :
953 2359 979 2382 et
995 2355 1079 2383 susti-

291 2406 351 2434 nuit
374 2413 428 2433 non
444 2403 526 2432 modo
541 2402 689 2434 molestias,
706 2408 775 2436 quas
792 2400 945 2435 perferebat
964 2400 1079 2435 nudipes

292 2452 421 2481 incedens
435 2455 463 2478 et
478 2457 560 2485 aeger,
580 2456 674 2476 verum
690 2449 771 2475 etiam
788 2446 920 2475 conviciis
939 2447 1081 2474 lacessitus

291 2507 307 2526 a
333 2497 422 2527 Semei
446 2496 582 2531 quodam,
606 2494 654 2530 qui
683 2493 773 2521 Saulis
791 2493 959 2521 domesticus
981 2492 1078 2525 fuerat,

290 2546 392 2581 quique
407 2544 546 2580 pulverem
561 2542 588 2569 in
605 2542 679 2568 illum
695 2540 850 2576 spargebat,
867 2539 1003 2575 lapidibus
1016 2539 1078 2566 item

290 2600 353 2621 cum
367 2589 523 2626 impetebal,
538 2593 565 2616 et
579 2588 792 2615 conviciabatur.
812 2586 864 2614 Sed
881 2593 934 2613 non
948 2591 990 2613 est
1006 2585 1080 2612 ultus

291 2637 455 2666 maledicum
485 2634 634 2666 hominem,
653 2633 760 2661 tametsi
776 2639 868 2669 posset
885 2641 932 2668 per
948 2640 1080 2667 sequaces

292 2692 380 2712 suos:
398 2683 464 2718 quin
482 2680 624 2716 reputabat
648 2680 705 2708 haec
727 2679 785 2708 suis
811 2687 962 2713 congruere
975 2679 1080 2706 facino-

293 2729 381 2757 ribus.
402 2726 530 2756 Absalom
553 2733 619 2753 vero
643 2725 792 2752 sceleribus
805 2724 950 2752 cumulans
966 2723 1080 2758 parrici-

292 2775 353 2802 dale
378 2774 485 2801 facinus
501 2780 592 2804 suum,
610 2771 693 2799 audet
716 2771 797 2799 etiam
816 2776 943 2807 paternas
965 2770 1016 2798 sub
1034 2770 1079 2798 dio

326 2865 380 2897 (Si)
404 2863 483 2892 Forte
498 2862 670 2899 πατραλίξηιν.

1132 2264 1201 2301 πρὸς
1215 2264 1306 2300 μάχην
1314 2264 1511 2300 ἀκροϐυλίζειν,
1525 2265 1572 2292 καὶ⁸
1585 2265 1664 2300 νιχᾷν
1678 2265 1762 2299 ἣττης
1777 2264 1826 2290 οὐκ
1841 2263 1923 2291 ἐλάσ-

1133 2319 1197 2339 σονα
1205 2311 1293 2345 νίκην,
1308 2312 1488 2338 ἀπανίσταται
1503 2312 1553 2346 τῆς
1565 2311 1711 2347 βασιλικῆς
1722 2310 1806 2338 αὑτοῦ
1821 2310 1921 2342 obtine,

1132 2357 1340 2392 ἀποδιδράσκων
1357 2357 1403 2384 ἐπὶ
1415 2357 1465 2392 τὴν
1477 2357 1580 2392 ἔρημον
1591 2365 1598 2372 ·
1614 2357 1661 2384 καὶ
1675 2356 1813 2391 ὑπὶφερεν
1827 2355 1858 2383 οὑ
1873 2356 1923 2390 μό-

1134 2411 1179 2429 νον
1204 2403 1277 2438 ἆπερ
1305 2403 1402 2438 ἔφερεν
1431 2402 1521 2438 ἑαυτῷ
1546 2403 1704 2437 γυμνόπους
1731 2401 1848 2437 βαδίζων
1874 2401 1924 2428 καλ

1136 2448 1225 2475 ἀλύων
1240 2448 1321 2483 ἄχθη,
1342 2447 1410 2475 ἀλλὰ
1425 2448 1471 2474 καὶ
1486 2447 1664 2484 ὑϐριζόμενος
1674 2447 1728 2474 ἀπὸ
1745 2447 1835 2482 Σεμεῆ
1849 2453 1924 2476 τινος

1132 2494 1236 2520 οἰκέτου
1255 2493 1302 2520 τοῦ
1326 2493 1413 2521 Σαοὺλ
1427 2494 1581 2527 γεγονότος,
1605 2492 1680 2520 κόνιν
1700 2493 1924 2522 καταπάσσοντος

1133 2541 1224 2572 αὑτὸν,
1243 2540 1289 2567 καὶ
1311 2540 1431 2575 χέρμασι
1453 2538 1694 2572 κατακοντίζοντας
1716 2539 1764 2565 καὶ
1786 2538 1924 2572 λοιδορου-

1135 2587 1227 2621 μένου.
1251 2585 1321 2612 Ἃ).ὶέ
1344 2586 1393 2612 οὐκ
1410 2586 1530 2620 ἠμύνετο
1554 2585 1600 2612 τὸν
1619 2586 1802 2619 κακόστομον,
1821 2583 1924 2618 καίπερ

1131 2632 1280 2667 δυνάμενος
1305 2631 1349 2658 διὰ
1367 2632 1422 2658 τῶν
1438 2632 1581 2667 ἑπομένων
1595 2640 1602 2647 ο
1619 2631 1758 2665 ἐλογίζετο
1781 2631 1810 2658 δὲ
1834 2629 1923 2657 ταῦτα

1132 2680 1191 2710 ταῖς
1211 2678 1324 2710 οἰκείαις
1350 2679 1500 2713 προσήκειν
1523 2679 1689 2714 ἁμαρτάσιν.
1715 2677 1875 2704 Ἐπιτείνων
1894 2676 1924 2703 δὲ

1132 2726 1146 2752 6
1173 2724 1352 2760 Ἀϐεσσαλὼμ
1375 2724 1423 2760 τὴν
1443 2725 1525 2752 αὑτοῦ
1545 2723 1704 2760 πατρολῷον
1725 2724 1782 2759 (81)
1810 2722 1922 2758 πρᾶξιν,

1131 2771 1218 2807 τολμᾷ
1239 2771 1288 2799 καὶ
1310 2772 1359 2804 τὰς
1375 2771 1422 2798 τοῦ
1441 2771 1544 2806 πατρὸς
1563 2769 1733 2806 διαφθείρειν
1748 2771 1778 2797 ἐν
1795 2768 1922 2804 ὑπαίθρῳ
