2073 3161
252 163 287 194 87

1003 159 1156 190 JOSEPPI

1843 157 1879 187 88

254 220 390 248 musicum
405 227 534 249 sonorum
550 229 557 247 :
574 219 673 247 choros
687 218 768 245 etiam
785 216 957 252 psallentium
973 224 1039 244 con-

1103 218 1119 243 e
1133 216 1230 251 ἔστησε
1238 215 1412 250 ψαλμῳδοὺς,
1427 215 1456 242 τὸ
1469 213 1611 241 Δευῖτικδν
1620 213 1698 248 γένος
1711 212 1794 244 ἅπαν,
1807 212 1878 248 ὑπὲρ

253 266 356 300 stituit;
383 274 469 301 genus
495 272 591 300 nempe
615 263 766 291 Leviticum
793 262 962 294 universum,
992 262 1039 296 qui

254 316 319 339 tunc
341 312 481 346 plusquam
506 311 615 344 triginta
634 309 718 335 millia
743 311 837 338 erant,
852 313 976 341 quosque
991 306 1039 332 tri-

254 357 305 384 bus
322 357 442 392 subjecit
464 354 708 385 chorodidasealis,
725 358 754 380 ut
768 353 915 388 psallerent
926 351 1038 386 jugiter,

254 410 280 431 et
296 404 403 439 hymnis
425 402 510 429 Deum
527 400 705 431 celebrarent,
723 405 788 426 suos
804 397 864 424 ideo
882 397 997 432 hymnos
1013 395 1039 422 in

254 449 378 476 ordinem
408 447 542 481 redigens.
566 445 640 472 Fecit
662 445 706 471 ille
724 443 833 479 quidem
847 442 969 469 infinitos
990 449 1040 468 nu-

254 502 329 522 mero
343 494 472 528 psalmos,
496 499 566 527 quos
590 491 671 518 etiam
689 490 760 518 serie
775 488 916 516 distribuit
932 487 1040 514 Levita-

253 547 312 567 rum
338 537 579 566 chorodidast-alis.
596 536 649 563 Sed
663 544 708 563 rex
724 534 852 562 Ezechias
865 532 1039 560 animadver-

252 589 333 616 tens,
360 583 432 618 qnod
459 583 622 617 psalmorum
657 580 802 607 ninltittnlo
829 577 1040 613 negligentiores

252 629 381 656 reddebat
404 628 523 660 Levitas,
550 627 694 654 hodiernos
717 626 766 652 hos
780 629 890 651 centum
912 628 938 650 et
958 623 1039 657 qnin-

252 674 381 708 quaginta
399 673 529 707 psalmos,
548 679 596 706 per
608 679 655 698 eos
671 670 717 704 qni
739 670 765 696 in
787 669 886 703 populo
903 668 1040 702 sapientes

251 725 338 750 erant,
353 719 387 746 de
400 723 472 745 tanta
489 717 662 744 multitudine
677 715 834 750 deligendos
852 714 968 742 curavit.

288 764 479 791 Snccessorem
509 763 552 789 sui
577 762 652 797 regni
675 761 760 788 filium
788 761 892 787 ereavit
911 759 1039 786 Solomo-

251 817 330 842 ncm,
349 816 430 844 quem
446 816 479 835 ex
500 807 651 835 Bethsabee
674 811 821 842 genuerat,
841 810 1009 841 unctumqqe
1025 812 1041 832 a

252 858 383 892 propheta
399 855 518 888 Nathan,
538 855 653 890 ipsemet
673 853 711 880 illi
729 860 840 888 regnum
862 851 1039 883 confirmans,

253 908 399 930 veneratus
417 906 469 929 est.
487 900 654 927 Hortabatur
669 906 751 934 porro
772 906 846 930 eum,
864 901 892 925 ut
913 897 1040 931 pietatem
1058 893 1079 920 Β

252 956 315 982 erga
344 947 427 974 Deum
460 947 594 981 integrant
624 946 815 979 sinceramque
847 947 1040 974 conservaret,

252 994 391 1021 aflirmans
407 992 503 1028 optimi
518 991 593 1027 regni
609 992 662 1018 hoc
678 998 739 1018 esse
750 994 951 1025 argumentum.
970 987 1043 1014 Prae-

252 1047 325 1067 terea
342 1040 423 1074 jussit
439 1045 468 1066 ut
487 1039 617 1073 templum
632 1038 656 1064 ei
671 1036 868 1068 exmdiﬁearet,
886 1034 1042 1061 universam

252 1086 325 1113 illius
348 1086 574 1120 dispositionem,
599 1090 761 1114 mensuras,
782 1086 810 1108 et
838 1081 940 1116 figuras
959 1079 1044 1106 totius

252 1131 325 1158 illitis
339 1130 552 1158 eonstructionis
563 1129 587 1156 ci
599 1129 720 1160 tradens,
736 1128 896 1162 relinquens
910 1130 1040 1161 praeterea

253 1177 406 1212 magnificae
413 1185 443 1204 ac
455 1175 703 1211 sumptuosissimae
715 1173 903 1202 aedificationis
910 1179 1044 1206 congruas

253 1230 397 1258 expensas.
412 1222 496 1249 Erant
510 1223 582 1249 enim
597 1221 655 1248 auri
669 1221 772 1248 talenta
787 1219 916 1247 undecies
931 1222 1044 1246 centena

254 1269 350 1301 millia,
366 1268 469 1303 argenti
488 1274 553 1294 vero
567 1274 599 1293 ac
613 1265 678 1293 ferri
696 1266 801 1300 pondus
818 1268 933 1296 tantum,
951 1267 981 1290 ut
994 1263 1045 1290 sub

254 1322 398 1342 numerum
419 1314 512 1340 venire
528 1321 582 1340 non
608 1317 710 1347 posset.
733 1311 787 1338 Eos
803 1311 850 1346 qui
866 1310 917 1337 sibi
938 1310 1047 1336 fuerant

255 1360 399 1388 conviciati
417 1366 465 1394 per
483 1365 606 1393 tempora
624 1357 797 1389 calamitatis,
818 1356 930 1383 minime
944 1354 1046 1382 indica-

256 1413 298 1434 tos
309 1414 362 1433 non
377 1405 532 1441 prmterivit.
547 1404 708 1432 Recensitos
721 1403 792 1430 enim
806 1408 832 1429 et
846 1402 895 1428 hos
907 1400 1046 1428 Salomoni

257 1452 377 1484 tradidit,
404 1460 459 1486 quo
477 1451 503 1478 in
528 1458 575 1478 eos
598 1450 692 1478 oculos
713 1448 873 1476 intenderet.
898 1446 1046 1480 Postquam

257 1504 347 1526 autem
371 1498 552 1532 quadraginta
581 1495 703 1531 regnavit
723 1502 825 1526 annos,
851 1493 970 1528 glorioso
995 1491 1048 1519 line

257 1544 376 1579 quievit,
394 1543 493 1570 tradito
509 1542 649 1570 Salomoni
667 1549 758 1576 regno.
1062 1556 1083 1584 ϐ

256 1604 333 1636 CAP.
355 1607 473 1635 LXXIV.
498 1623 532 1626 —
558 1606 686 1639 Quantam
706 1610 767 1632 sunt
791 1609 862 1638 gesta
887 1602 1047 1630 Solomonis.

294 1714 443 1742 Duodecim
468 1719 554 1739 annos
585 1715 666 1737 nattts
694 1716 807 1744 regnum
834 1705 997 1741 capessivit,
1024 1710 1051 1731 et

259 1761 370 1790 fratrem
384 1767 483 1792 suum,
499 1758 585 1793 quici
601 1764 726 1791 regnum,
741 1755 804 1781 vivo
821 1753 910 1780 adhuc
927 1755 1049 1786 parente.

262 1808 388 1842 abripere
408 1808 573 1836 lcntavcrlt,
589 1802 775 1838 postulaverat
798 1799 910 1832 insuper
931 1802 960 1824 ut
982 1804 1051 1823 uxo-

262 1841 474 1886 remracciperet
493 1849 632 1880 Abissam,
653 1855 714 1882 qua:
730 1852 792 1873 cum
814 1843 917 1870 Davide
938 1841 1053 1869 societa-

263 1904 317 1926 tem
341 1897 393 1925 tori
415 1896 564 1927 habuerat,
587 1893 634 1920 sed
655 1892 731 1925 virgo
752 1889 840 1917 adhuc
859 1886 1053 1922 permanebat,

263 1942 410 1971 interfecit.
432 1940 609 1967 Abiatharcm
636 1935 683 1971 qui
705 1933 827 1969 pontifex
849 1936 926 1963 erat,
948 1930 1056 1966 pontifi-

264 1995 326 2017 catu
354 1987 472 2019 exemit,
496 1989 639 2019 propterea
666 1981 739 2016 quod
762 1979 967 2012 conspiraverat
993 1983 1055 2003 cum

265 2035 382 2066 Adonia,
408 2031 519 2068 quando
541 2030 573 2057 ad
600 2037 629 2056 se
647 2034 760 2062 regnum
782 2024 888 2052 trahere
908 2022 1055 2049 nitebatur.

265 2082 381 2110 Joabum
395 2084 538 2115 paternum
553 2077 662 2107 ducem,
675 2073 721 2109 qui
734 2072 768 2100 ad
783 2071 870 2099 altare
885 2069 1056 2104 confugerat,

266 2134 408 2164 propterea
429 2124 502 2160 quod
522 2123 611 2151 fuerat
632 2121 666 2148 ab
691 2118 813 2150 Adonia,
841 2116 929 2152 ipsum
950 2122 1059 2150 queque

268 2176 415 2208 interfecit,
436 2174 462 2201 in
480 2171 640 2200 memoriam
658 2168 683 2196 ci
702 2173 845 2197 revocans,
863 2163 983 2191 debitam
1006 2161 1058 2188 sibi

269 2226 330 2250 esse
350 2219 507 2255 huiusmodi
527 2221 659 2247 mortem,
681 2214 781 2248 quippe
796 2211 843 2246 qui
860 2214 956 2237 contra
977 2207 1061 2241 patris
1074 2227 1100 2257 Β

270 2270 437 2296 voluntatem
453 2265 523 2292 duos
538 2263 621 2290 duces
639 2262 662 2287 ei
677 2257 897 2294 pernecessarios
917 2255 1061 2281 intereme-

273 2318 330 2348 rat,
357 2313 531 2340 Abennernm
562 2314 660 2340 nempe
687 2305 772 2331 lilium
796 2301 912 2335 Ner,,et
932 2300 1062 2326 Abessam

274 2359 358 2386 filium
379 2356 485 2384 Jothor.
502 2354 593 2381 Scmei
609 2358 718 2380 servum
742 2346 912 2376 Abessalomi
924 2366 931 2378 ,
953 2345 1000 2380 qui
1017 2352 1064 2372 ca-

274 2405 442 2434 lamitatibus
457 2401 607 2430 obnoxium
631 2401 772 2434 parcntcnt
797 2395 858 2430 ejus
873 2393 984 2424 videns,
1008 2399 1065 2418 ma-

275 2453 381 2481 ledictis
404 2455 432 2478 ct
446 2449 582 2485 lapidibus
599 2445 767 2480 impeticrat,
793 2442 866 2469 intra
889 2439 1066 2474 Jerosolytnzc

275 2498 395 2527 civitatis
412 2484 513 2524 inmitia
532 2492 672 2524 coercuit;
699 2495 726 2517 at
745 2488 864 2516 delatum
876 2507 882 2519 ,
904 2485 976 2521 quod
997 2484 1065 2512 civi-

278 2551 332 2574 tate
341 2543 491 2578 aliquaudo
500 2537 741 2576 egressusfuisset,
752 2535 835 2562 veluti
848 2536 1063 2566 contemptorem

279 2591 359 2627 regia:
378 2577 527 2616 voluntatis
543 2583 687 2612 interfecit.
704 2581 775 2608 Mille
791 2581 872 2607 honm
889 2577 1067 2607 sacrificium,

279 2622 353 2673 ιιυνοιι
374 2635 492 2672 primum
510 2632 544 2660 ab
557 2631 625 2659 inito
642 2636 725 2664 regno
743 2627 767 2654 ei
785 2627 891 2654 litatum
904 2629 955 2657 est,
970 2623 1025 2650 Deo
1041 2622 1067 2650 in

280 2671 391 2711 (iahaon
407 2678 555 2710 celebravit
575 2687 582 2704 :
604 2676 640 2704 ibi
657 2675 729 2703 enim
742 2674 839 2702 oﬂ'errc
856 2671 984 2707 elegerat,
1005 2677 1069 2697 eum

281 2730 430 2758 Jerusalem
458 2726 573 2755 necdum
604 2727 676 2751 esset
692 2721 836 2749 atdifica’a.
857 2718 970 2754 Propter
996 2716 1071 2751 pium

319 2809 376 2843 (87»)
395 2807 452 2834 Non
469 2815 533 2841 ergo
547 2799 686 2843 .losepltus
701 2810 743 2829 (ZLI
761 2801 934 2843 agnoscebat.

287 2882 290 2885 Ι
403 2843 483 2870 Forte
500 2831 639 2870 rredundat
655 2836 705 2873 ἦν,
726 2839 767 2864 γυι
779 2831 858 2871 περ,
877 2835 1003 2864 τοσοῦτος
1020 2831 1052 2868 ἦν
1066 2851 1071 2864 ,

285 2888 345 2911 ouo;
362 2887 411 2910 εις.

1092 263 1156 292 τοὺς
1169 261 1349 296 τρισμυρίους
1363 261 1434 292 τότε,
1452 260 1504 286 ὑπὸ
1516 260 1590 294 τρεῖς
1604 258 1787 293 ποιησάμενος
1801 266 1879 293 χορο-

1092 307 1278 339 διδασκάλους,
1296 308 1335 338 ei;
1355 307 1385 333 τὸ
1396 306 1507 340 ψάλλειν
1520 304 1653 339 διηνεκῶς
1668 304 1715 330 καὶ
1726 304 1821 338 ὑμνεῖν
1832 304 1879 329 τὸν

1092 353 1168 385 Θεὸν,
1191 354 1255 384 τοὺς
1275 351 1372 378 ἑαυτοῦ
1388 351 1489 386 ὕμνους
1507 351 1631 382 ἐντάξας.
1654 350 1709 376 Καὶ
1731 348 1879 384 πεποίηται

1093 398 1144 432 μὲν
1157 397 1282 432 ψαλμοὺς
1303 396 1446 432 ἀπείρους,
1470 395 1516 426 οὓς
1533 395 1582 422 καὶ⁵
1604 394 1732 426 κατέλεξε
1750 395 1807 425 τοῖς
1825 394 1880 419 τῶν

1092 443 1213 469 Λευῖτῶν
1230 441 1475 478 χοροδιδασκάλοις.
1497 441 1567 467 Ἀλλ’
1582 441 1597 466 ὁ
1609 439 1735 475 βασιλεὺς
1756 439 1881 471 Ἐζεκίας

1091 489 1122 516 τὸ
1130 489 1184 515 τῶν
1196 488 1312 523 ψαλμῶν
1322 488 1423 523 πλῆθος
1433 488 1462 513 ἐν
1471 487 1602 521 ὀλιγωρίᾳ
1614 487 1680 520 ἆγον
1691 486 1753 517 τοὺς
1764 485 1881 515 Λευῖτας

1092 535 1232 569 ἐπιγνοὺς,
1247 535 1311 565 τοὺς
1328 533 1425 560 ἑκατὸν
1437 532 1550 564 τούτους
1566 533 1614 558 καὶ
1631 531 1800 565 πεντήκοντα
1812 528 1881 563 ψαλ-

1093 582 1160 617 μοὺς
1173 581 1240 617 (85),
1256 582 1300 608 διὰ
1311 581 1365 607 τῶν
1381 581 1409 606 ἐν
1424 579 1462 614 τῷ
1471 579 1527 613 λαῷ
1540 577 1641 612 σοφῶν,
1656 576 1709 603 ἀπὸ
1723 574 1770 603 τοῦ
1785 573 1880 601 τοσού-

1092 637 1138 655 του
1157 628 1274 663 πλήθους
1285 627 1414 662 ἐποίησεν
1429 624 1616 660 ἑπιλεχθῆναι.

1128 763 1253 797 Διάδοχον
1267 762 1316 796 τῆς
1330 760 1412 787 αὺτοῦ
1428 757 1566 794 βασιλείας
1579 756 1624 782 τὸν
1641 755 1698 781 υἱὸν
1712 752 1860 787 ἐποιήσατο
1871 771 1879 781 .

1092 809 1138 835 τὸν
1158 807 1302 843 Σολομῶν,
1322 807 1352 833 ὃν
1371 807 1404 832 ὲκ
1427 806 1478 840 τῆς
1503 802 1642 838 Βηθσαὸεὲ
1663 801 1798 835 ἐκτήσατο
1810 818 1817 831 ,
1834 798 1882 824 καὶ

1093 854 1240 890 χρισθέντα
1253 853 1296 880 διὰ
1307 852 1354 879 τοῦ
1369 851 1509 887 προφήτου
1521 848 1615 876 Νάθαν
1626 868 1633 880 ,
1649 846 1729 877 αὐτὸς
1741 843 1882 879 ὲπικυρῶν

1093 888 1168 935 αυτῷ
1183 900 1232 935 τὴν
1249 898 1389 934 βασιλείαν
1406 895 1604 931 προσεκύνησε.
1626 891 1745 928 Παρῄνει
1759 890 1787 916 δὲ
1806 888 1882 923 αὐτῷ

1092 946 1142 981 τὴν
1162 946 1230 980 πρὸς
1249 944 1316 971 Θεὸν
1347 943 1486 970 εὐσέῦειαν
1510 939 1643 974 εἰλικρινῆ
1663 937 1813 972 διατηρεῖν,
1833 935 1882 970 τῆς

1093 992 1209 1028 ἀρίστης
1231 990 1318 1026 ἀρχῆς
1341 989 1444 1023 ταύτην
1464 987 1592 1014 ὑπόθεσιν
1615 983 1684 1011 εἶναι
1709 983 1808 1016 λέγων.
1829 981 1882 1007 Καὶ

1093 1037 1139 1066 τὸν
1154 1037 1217 1064 ναὸν
1239 1036 1268 1062 δὲ
1298 1034 1440 1061 ἐκέλευσεν
1464 1033 1538 1067 αὐτῷ
1554 1030 1721 1065 οἰκοδομεῖν,
1743 1028 1793 1063 τὴν
1818 1027 1883 1059 ὅλην

1094 1083 1177 1110 αὑτοῦ
1201 1083 1339 1113 διάθεσιν,
1365 1080 1452 1116 μέτρα
1474 1087 1505 1105 τε
1526 1079 1573 1104 καὶ
1598 1077 1726 1110 σχήματα
1751 1074 1800 1107 τῆς
1818 1072 1883 1106 ὅλης

1095 1128 1178 1156 αὑτοῦ
1199 1127 1341 1162 δομήσεως
1360 1124 1517 1160 παραδοὺς,
1543 1120 1711 1154 καταλείψας
1735 1117 1810 1152 αὐτῷ
1833 1117 1884 1150 τῆς

1097 1172 1326 1210 μεγαλοπρεποῦς
1345 1171 1393 1197 καὶ
1414 1169 1577 1200 πολυτελοῦς
1597 1164 1770 1199 κατασκευῆς
1785 1162 1885 1194 ἐπάξια

1095 1208 1200 1255 δαπανή
1206 1227 1292 1255 ματα·
1307 1216 1408 1253 χρυσοῦ
1423 1224 1452 1242 τε
1467 1214 1512 1242 καί
1527 1214 1582 1249 γὰρ
1596 1211 1630 1248 ἦν
1647 1211 1764 1239 τάλαντα
1774 1208 1886 1238 δεκάκις

1098 1267 1183 1301 μύρια
1198 1265 1246 1292 καὶ
1256 1263 1443 1294 ἑκατοντάκις,
1456 1260 1577 1296 ἀργύρου
1592 1259 1620 1285 δὲ
1632 1259 1679 1285 καὶ¹
1694 1256 1807 1291 σιδήρου
1823 1262 1887 1280 στα-

1097 1299 1166 1348 θμδς
1182 1313 1244 1343 ὅσος
1262 1309 1296 1346 ἦν
1313 1309 1369 1345 (δι)
1383 1307 1502 1344 ἀριθμὸν
1516 1306 1603 1332 ἐλθεῖν
1618 1305 1669 1331 οὐκ
1687 1302 1814 1337 ἠδύνατο.
1831 1299 1887 1326 Καὶ

1096 1344 1161 1389 τοὺς
1177 1344 1374 1392 ἐνυϐρίσαντος
1397 1352 1472 1387 αὺτᾷ
1495 1351 1564 1378 κατὰ
1586 1350 1632 1377 τὸν
1645 1349 1696 1383 τῆς
1717 1344 1887 1381 δυσπραγὶας

1098 1405 1204 1440 καιρὶν,
1219 1390 1270 1429 ουκ
1285 1401 1377 1428 εἴασεν
1390 1398 1527 1433 ἀγνῶτας.
1545 1394 1680 1426 Κατέλεξε
1697 1393 1751 1427 γὰρ
1764 1392 1812 1417 καὶ
1825 1390 1887 1416 τούς

1098 1459 1161 1481 τους
1179 1448 1219 1484 τῷ
1235 1446 1360 1482 Σολομῶν
1371 1466 1378 1478 ,
1393 1445 1467 1474 ὅπως
1488 1442 1586 1473 αὐτοὺς
1602 1439 1799 1472 ὺποὸλέπεηται.
1820 1436 1889 1461 Τεσ-

1101 1494 1257 1531 σαράκοντα
1284 1492 1312 1518 δὲ
1338 1489 1502 1527 βασιλεύσας
1525 1485 1683 1517 ἐνιαυτοὺς,
1701 1481 1820 1512 εὐκλεῶς
1843 1488 1889 1506 τεο

1099 1529 1197 1576 λευτᾷ,
1211 1539 1251 1574 τῷ
1267 1537 1396 1572 Σαλομῶν
1413 1535 1549 1571 παραδοὺς
1562 1533 1611 1568 τὴν
1626 1529 1773 1567 βασιλείαν.

1101 1609 1228 1637 ΚΕΦΛΛ.
1246 1608 1304 1633 ΟΔ¹.
1324 1621 1359 1625 -
1382 1605 1451 1632 Τίνα
1464 1602 1527 1629 ἐστὶ
1547 1601 1583 1628 τὰ
1605 1599 1644 1632 τῷ
1668 1597 1822 1632 Σολομῶν-ι
1841 1596 1890 1622 δε-

1414 1636 1577 1673 δρασμένα.

1138 1708 1331 1744 Δωδεκακετὴς
1418 1706 1468 1739 τῆς
1484 1703 1622 1739 βασιλείας
1642 1699 1831 1735 ἐφαψάμενος.
1846 1697 1893 1723 τὸν

1104 1758 1217 1791 ἀδελφὸν
1233 1754 1330 1786 αὑτοῦ,
1354 1753 1382 1783 ὃς
1402 1750 1476 1785 αὐτῷ
1492 1750 1540 1784 τὴν
1569 1747 1709 1783 βασιλείαν
1728 1745 1767 1771 ἔτι
1793 1743 1893 1775 ζῶντος

1104 1804 1151 1831 τοῦ
1174 1788 1279 1837 iunpo;
1300 1798 1435 1836 ἁρπάζειν
1459 1795 1608 1830 ἐπειράθη,
1631 1793 1783 1828 αἰτήσαντα
1803 1789 1831 1815 δὲ
1846 1788 1894 1814 καὶ

1105 1851 1223 1885 γυναῖκα
1244 1848 1337 1874 λαῦεῖν
1353 1845 1402 1880 τὴν
1426 1841 1654 1870 συνευνασθείσαν
1667 1839 1706 1873 τῷ
1726 1836 1808 1863 Δαὸὶδ
1825 1843 1896 1869 παρ-

1107 1880 1182 1923 θένον
1194 1893 1373 1928 διαμείνασαν
1386 1891 1436 1925 τὴν
1455 1887 1595 1918 Ἀὅισσὰν,
1611 1884 1712 1912 ἀνεῖλε.
1734 1883 1785 1909 Τὸν
1805 1880 1895 1908 ’Λθιά-

1107 1941 1158 1976 θαρ
1178 1940 1207 1970 ὃς
1280 1935 1440 1972 ἀρχιερεὺς,
1456 1933 1506 1967 τῆς
1522 1930 1672 1967 ἱερωσύνης
1695 1929 1830 1963 ἐξήγαγε,
1851 1925 1895 1951 τὸν

1109 1972 1270 2013 συνελθόντα
1286 1982 1324 2017 τῷ
1347 1979 1461 2014 ’Ᾱδωνίᾳ
1477 1978 1517 2008 είς
1539 1976 1588 2010 τὴν
1607 1976 1656 2009 τῆς
1673 1972 1811 2009 βασιλείας
1835 1972 1894 1996 ἑπι-

1108 2032 1242 2068 χείρησιν.
1264 2028 1316 2054 Τὸν
1339 2025 1418 2053 Ἰωὰῆ
1434 2024 1462 2056 ὃς
1483 2021 1517 2058 ἦν
1534 2022 1581 2049 τοῦ
1602 2021 1704 2055 πατρὸς
1727 2017 1895 2052 στρατηγὸς,

1110 2061 1192 2110 εἰς-τί)
1212 2074 1406 2108 θυσιαστήριον
1430 2069 1621 2103 καταφυγόντα
1642 2066 1685 2092 διὰ
1703 2065 1732 2090 τὸ
1750 2061 1895 2097 συμπράτ-

1109 2131 1167 2149 τειν
1188 2121 1228 2155 τῷ
1258 2117 1390 2152 ⁷Δδωνίᾳ,
1415 2116 1462 2141 καὶ
1489 2113 1569 2140 αὐτὸν
1590 2110 1713 2141 ἀνεῖλεν,
1738 2106 1899 2141 ὑπομνήσας

1112 2167 1197 2201 αὐτῷ,
1214 2167 1252 2196 ὡς
1272 2162 1408 2197 ὲπώφειλε
1426 2161 1471 2187 τὸν
1487 2159 1608 2185 τοιοῦτον
1624 2157 1749 2186 θάνατον,
1770 2151 1900 2180 ἀποκτεί-

1113 2221 1160 2244 νας
1182 2211 1257 2245 παρὶ
1275 2209 1324 2244 τὴν
1341 2207 1387 2234 τοῦ
1403 2205 1504 2240 πατρὺς
1527 2203 1639 2238 γνώμην
1662 2201 1708 2228 δύο
1731 2197 1900 2234 στρατηγοὺς

1116 2243 1279 2294 εὐαρέστους
1294 2243 1385 2288 αὐτῷ,
1401 2253 1447 2278 τὸν
1468 2249 1598 2284 Ἀϐεννὴρ
1613 2249 1669 2275 υἱὸν
1689 2246 1765 2282 Νὴρ,
1790 2244 1838 2271 καὶ
1858 2243 1903 2269 τδν

1123 2289 1239 2330 ’Δὸεσσὰ
1270 2300 1327 2327 υἱὸν
1356 2298 1458 2332 Ἰοοὺρ,
1481 2294 1693 2330 γεγενημένους.
1718 2293 1770 2318 Τὸν
1796 2289 1903 2325 Σεμεῆξ,

1116 2351 1162 2378 τὸν
1178 2349 1226 2375 τοῦ
1254 2344 1433 2379 ’Λὸεσσαλὼμ
1455 2342 1564 2373 δοῦλον,
1586 2341 1615 2372 ὂς
1637 2337 1847 2374 δυσπραγοῦντα
1861 2335 1907 2362 τὸν

1118 2395 1225 2431 πατέρα
1241 2392 1408 2427 θεασάμενος
1424 2389 1564 2424 κατηρᾶτο
1584 2387 1631 2413 καὶ
1646 2385 1784 2415 ἐλίθαζεν,
1801 2383 1841 2412 είς
1858 2381 1907 2415 τὴν

1124 2439 1303 2476 Ἰερουσαλὴμ
1321 2436 1488 2472 περιώρισε,
1514 2433 1561 2460 καὶ
1580 2431 1733 2467 μηνυθέντα
1756 2429 1806 2464 τὴν
1831 2427 1908 2454 πόλιν

1119 2472 1171 2514 ποθ
1190 2485 1245 2519 (86)
1262 2472 1488 2518 τιροεληλυθέναι,
1502 2479 1539 2510 ὡς
1558 2477 1715 2512 ὑπέρφρονα
1730 2474 1784 2509 (87)
1800 2473 1847 2500 τοῦ
1862 2472 1910 2506 βα-

1121 2532 1218 2562 σιλέως
1228 2530 1340 2564 γνώμης
1356 2527 1509 2554 ἀπέκτεινε.
1526 2523 1678 2558 Χιλιόμϐην
1693 2521 1804 2558 πρώτην
1820 2518 1913 2546 ποιού-

1123 2587 1203 2614 μενος
1219 2576 1272 2603 ἀπὺ
1284 2575 1333 2609 τῆς
1351 2573 1448 2600 ἑαυτοῦ
1473 2571 1611 2606 βασιλείας
1630 2569 1741 2600 Ουσῐαν,
1758 2567 1853 2593 ἔθυσεν
1872 2565 1912 2595 εἰς

1120 2610 1170 2659 τὴν
1185 2621 1298 2649 Γαϐαῶν
1312 2619 1351 2654 τῷ
1371 2618 1430 2653 Θεῷ
1440 2626 1447 2632 ·
1465 2614 1516 2644 ὧδε
1531 2616 1586 2652 γὰρ
1599 2615 1685 2642 εἵλετο
1707 2610 1892 2648 προσαγαγεῖν
1905 2628 1912 2639 ,

1124 2654 1174 2703 τῆς
1192 2665 1370 2702 Ἰερουσαλὴμ
1381 2663 1458 2690 οὔπω
1472 2661 1656 2697 δομισθείσης,
1682 2657 1744 2685 Ἐπὶ
1758 2658 1791 2692 τῇ
1808 2654 1916 2682 εὐσεεεῖ

1126 2714 1206 2750 θυσία
1223 2710 1379 2742 κελευσθεὶς
1393 2710 1425 2737 δι’
1438 2709 1584 2743 ὀνειράτων
1599 2706 1662 2738 θέας
1674 2701 1785 2738 αἰτῆσαι
1796 2711 1822 2729 τι
1839 2699 1915 2736 τιαρᾶ

1165 2795 1219 2826 (κῑςι
1236 2792 1419 2824 Δωδεκαετής.

1165 2830 1219 2863 (ﬁt?)
1243 2829 1321 2854 Forte
1341 2836 1403 2857 που,
1424 2826 1464 2863 vel
1486 2833 1538 2863 τιιτ).

1165 2860 1220 2901 (87)
1239 2864 1307 2891 Ειξὶι.
1328 2863 1433 2889 l’aht'ic.
1450 2860 1598 2894 'Szfp'ymz.
1643 2882 1646 2886 ,
