2073 3161
211 119 245 152 9-1
955 117 1107 148 JOSEPPI
1802 118 1836 152 κ

211 176 281 202 riam
292 172 457 208 propheticis
468 172 556 202 oculis
571 173 686 201 intuitus
700 177 752 200 est.
769 171 888 207 Virginei
902 159 1002 207 partus

1061 174 1124 207 όξαν
1146 173 1194 200 τοῦ
1223 174 1349 210 Σωτῆρος
1378 176 1428 209 τὴν
1451 174 1546 209 Deith
1573 176 1631 207 τοῖς
1657 177 1837 210 προφητικοζς

213 219 318 247 Domini
342 223 434 254 typum
457 219 600 246 ostendere
620 219 647 246 in
669 223 732 246 nato
755 218 806 245 sibi
835 217 996 246 Emmanuel

212 264 360 292 secundum
380 263 550 298 prophetiam
570 263 625 290 lilio
650 264 748 298 dignus
767 263 854 291 factus
876 268 928 290 est.
945 263 996 290 Po-

213 310 267 344 puli
295 310 476 345 ignorantiam
499 317 553 344 qua
574 309 743 337 Salvatorem
763 317 816 337 non
841 314 900 336 erat
921 309 997 344 agni-

212 360 298 387 turus,
315 360 341 382 et
356 355 545 389 provenientes
563 355 625 381 inde
643 355 775 382 adversus
794 363 856 382 eum
874 355 997 386 insidias,

212 400 388 434 gentiumque
409 400 467 427 vice
483 400 556 428 illius
578 400 780 430 adductionem.
802 400 926 434 pluribus
942 407 996 427 nta-

213 445 350 471 nifestavit
366 453 372 470 :
388 444 460 478 quod
474 445 537 471 item
557 452 589 472 ex
605 445 696 472 radice
709 443 793 472 Iesse:
807 444 939 472 Dominus
952 452 1000 471 na-

212 491 330 519 sciturus
348 495 417 523 erat,
437 491 484 526 qui
513 491 582 518 idem
608 490 678 518 foret
697 491 789 525 justus
804 491 897 525 jttdex,
919 495 945 517 et
962 491 1001 518 ci—

213 545 312 564 curans
327 537 431 564 belluas
446 544 509 571 erga
525 537 650 564 homines
663 558 670 569 ,
687 537 755 563 adeo
776 537 899 563 utetiam
924 543 1001 563 man-

213 586 289 609 suete
311 589 372 609 eum
394 582 524 615 iumentis
548 589 642 609 eorum
661 585 845 609 versarentur.
874 581 1001 608 Pratdixit

213 633 323 660 quoque
339 625 460 653 futurum
479 630 507 652 ut
520 626 591 653 idola
612 626 703 653 omnia
725 634 788 653 cttm
805 626 913 660 templis
935 626 1001 660 ipsis

212 680 227 698 e
253 671 341 698 medio
369 671 538 698 tollerentur.
569 671 711 699 Manifesta
731 672 812 699 etiam
836 672 1002 699 vaticinatus

213 722 264 749 est,
288 718 360 752 qttod
380 718 504 745 civitates
527 725 624 745 eorum
651 718 870 751 destruerentur,
898 719 945 752 qui
974 718 1002 745 in

215 763 354 798 impietate
374 768 607 797 perseverassent.
628 768 655 791 et
671 763 743 798 quod
761 769 820 798 post
841 768 914 791 certa
934 768 1002 791 tent-

216 817 279 843 pora
312 809 509 837 reaedilieandae
533 814 618 837 erant.
640 809 830 844 Cognitionem
853 809 1001 837 divinitatis

213 855 317 883 Christi
335 856 428 882 tnultis
449 854 476 881 in
493 855 561 883 locis
577 843 712 889 prmdixit.
730 855 857 882 Praediin
874 856 938 882 item
958 855 1002 882 fu-
1018 843 1038 870 Β

216 905 318 933 tnrunt1
341 906 371 927 ut
387 904 496 927 centum
513 902 650 936 octoginta
674 901 795 936 quinque
816 901 900 928 millia
920 901 1005 929 homi-

218 955 282 974 num
298 947 464 980 delerentur,
482 947 529 981 qui
541 947 736 982 Babylonicum
756 947 905 974 exercitum
920 947 1006 974 conli-

217 993 324 1020 eiebant
337 992 468 1020 adversus
478 992 631 1019 Jerusalem
645 993 807 1020 militantem
823 993 873 1019 sub
887 992 1005 1020 Ezechia

219 1044 291 1071 rege.
308 1037 345 1063 Eo
369 1037 428 1071 ipso
443 1037 486 1064 die
505 1044 587 1072 quem
607 1037 770 1064 vaticinatus
785 1036 885 1068 fuerat.
908 1036 1006 1063 divini-

218 1087 262 1111 tus
281 1082 402 1109 immissa
430 1083 509 1117 plaga
537 1087 629 1109 tantus
659 1082 704 1109 ille
725 1082 862 1109 exercitus
882 1087 1006 1109 mortuus

215 1127 318 1161 jacuit,
334 1132 415 1154 noctu
431 1135 486 1154 uno
507 1128 639 1162 temporis
657 1132 807 1154 momento.
827 1126 899 1160 Quin
924 1127 1006 1154 etiam

219 1173 360 1207 ipsittsntet
375 1174 593 1206 Sennaclterimi,
611 1174 658 1208 qui
679 1178 754 1202 tanto
771 1175 833 1201 huic
857 1174 1008 1209 imperabat

218 1219 361 1252 exercitui,
372 1219 500 1254 praedixit
512 1219 614 1254 fugant,
629 1228 684 1254 qua
698 1220 740 1246 vel
755 1227 770 1246 ο
784 1220 841 1246 sola
856 1213 1006 1247 Jerusalem

219 1264 361 1292 obsidione
387 1265 520 1293 desistere
533 1270 694 1300 cogeretur;
713 1265 833 1299 itemque
849 1269 1007 1292 eventuram

219 1310 310 1337 statim
328 1310 355 1336 in
378 1310 463 1337 domo
480 1310 541 1345 ejus
566 1310 653 1345 ipsius
673 1310 900 1338 interfectionem.
921 1310 1009 1345 Atque

219 1355 256 1381 ita
277 1355 409 1382 citissime
424 1355 563 1382 usuvenit.

254 1399 401 1427 Admonito
415 1399 530 1428 Ezecltia
547 1401 593 1434 qui
603 1401 761 1435 aegrotabat,
777 1401 965 1436 audieratque,
979 1405 1010 1428 ut

220 1445 254 1472 de
268 1453 351 1480 regno
375 1449 539 1473 testamento
559 1446 733 1481 disponeret,
752 1447 851 1482 quippe
873 1447 945 1474 haud
971 1447 1007 1474 ita

1047 219 1197 254 ὀφθαλμοῖς
1226 220 1366 247 ἐθεάσατο.
1396 221 1453 255 Τῆς
1483 220 1654 256 παρθενικῆς
1681 222 1838 256 γεννήσεως

1047 265 1094 291 τοῦ
1111 266 1213 300 Κυρίου
1230 265 1276 292 τὸν
1292 265 1379 292 τύπον
1395 266 1537 298 ἐπιδεῖξαι.
1559 267 1591 293 ἰν
1606 265 1644 301 τῷ
1663 266 1838 301 Ἐμμανουήλ

1048 312 1170 346 τεχθέντι
1196 311 1269 345 αὐτῷ
1285 311 1357 338 κατὰ
1380 312 1551 346 προφητείαν
1567 311 1619 345 υἱῷ
1636 311 1759 346 ἠξίωται.
1782 311 1838 346 Τὴν

1049 357 1187 390 ἀγνωσίαν
1203 357 1249 383 τοῦ
1270 356 1335 383 λαοῦ
1348 377 1356 389 ,
1374 357 1423 391 τὴν
1441 357 1505 390 περὶ
1520 356 1566 383 τὸν
1583 357 1707 391 Σωτῆρα,
1724 356 1772 383 καὶ
1789 356 1839 392 τὴν

1049 402 1093 428 διὰ
1106 401 1185 428 τοῦτο
1197 402 1343 436 ἐπιϐουλὴν
1356 402 1440 437 αὐτῷ.
1450 403 1496 428 καὶ
1508 403 1557 436 τὴν
1569 403 1623 429 τῶν
1632 402 1717 428 ἐθνῶν
1729 402 1838 429 ἀντεισ-

1050 449 1181 483 αγωγὴν,
1204 448 1248 474 διὰ
1277 448 1408 474 πλειόνων
1425 448 1576 482 ὲξέφαινεν.
1608 448 1651 479 Ὧς
1674 448 1720 474 καὶ
1744 448 1777 473 ὲκ
1790 447 1840 481 τῆς

1052 495 1129 529 ῥίζης
1161 493 1259 520 Ἰεσσαὶ
1285 493 1389 528 Κύριος
1411 493 1628 527 ἀναφανήσεται,
1655 493 1736 524 αὐτὸς
1759 491 1797 518 ὢν
1826 492 1839 517 ὁ

1051 539 1153 569 δίκαιος
1167 538 1274 573 κριτὴς,
1290 538 1338 564 καὶ
1353 538 1496 572 ὲξημερῶν
1509 538 1544 564 τὰ
1557 537 1640 572 θηρία
1651 537 1719 571 προς
1734 534 1839 571 ἀνθρώ-

1052 593 1136 616 πους,
1152 584 1190 614 είς
1206 583 1236 610 τὸ
1253 584 1300 610 καὶ
1314 583 1426 618 ἡμέρως
1442 584 1561 609 συνεῖναι
1582 584 1639 614 τοῖς
1661 581 1752 609 αὐτῶν
1774 581 1837 616 κτή-

1052 638 1137 656 νεσιν.
1164 630 1299 663 Προεῖπεν
1323 629 1360 660 ὼς
1387 628 1422 654 τὰ.
1444 628 1542 654 εἴδωλα
1566 628 1655 654 πάντα
1679 628 1731 653 σὺν
1750 627 1840 658 αὐτοῖς

1052 677 1126 705 ναοῖς
1155 674 1413 709 καῦαιρεθήσονται.
1441 674 1568 708 Φανερῶς
1593 673 1716 706 ἐξεῖπεν,
1740 673 1777 703 ὼς
1795 672 1843 698 καὶ

1052 721 1107 747 τῶν
1124 721 1163 752 είς
1178 719 1336 748 δυσσέϐειαν
1359 720 1595 754 ὲναπομεινάντων
1614 719 1705 750 πόλεις
1723 720 1842 753 ἀνατρα-

1052 766 1186 801 πὴσονται
1198 785 1205 794 .
1222 765 1270 790 καὶ
1295 764 1365 799 μετὰ
1380 765 1479 799 ρητοὺς
1494 764 1607 798 χρόνους
1627 762 1842 797 ἀνακτισθήσον-

1054 819 1109 837 ται.
1134 811 1189 845 Τῆς
1210 810 1330 845 Χριστοῦ
1352 810 1478 844 Θεότητος
1495 809 1563 844 προς
1579 809 1727 842 ἐπίγνωσιν
1746 806 1844 833 πολλα-

1056 859 1109 893 χῶς
1125 858 1265 892 προεῖπεν.
1287 856 1401 883 Ἑκατὸν
1415 856 1578 890 ὁγδοήκοντα
1596 855 1643 881 καὶ
1660 854 1738 880 πέντε
1757 853 1845 887 χιλιάο

1055 904 1107 930 δων
1130 903 1268 938 ἀναίρεσιν
1283 901 1456 928 Βαϐυλωνίου
1472 899 1587 936 στρατοῦ
1610 901 1644 935 τῇ
1667 898 1844 934 Ἰερουσαλὴμ

1056 948 1230 983 ἐπικειμένου
1241 968 1248 979 ,
1269 947 1315 973 ἐπὶ
1330 947 1377 972 τοῦ
1407 946 1539 981 βασιλέως
1563 944 1698 976 Ἐζεκίου,
1714 945 1844 978 προεῖπεν

1056 994 1178 1021 ἔσεσθαι.
1204 993 1272 1020 Κατ’
1287 993 1395 1026 ἐκείνην
1410 992 1444 1026 ἢν
1465 992 1668 1026 προεφήτευσεν
1692 990 1815 1024 ἡμέραν.
1831 989 1845 1015 ό

1056 1039 1185 1070 τοσοῦτος
1199 1037 1321 1072 ϐεηλάτῳ
1336 1037 1426 1072 πληγῇ
1440 1036 1537 1071 νεκρὸς
1549 1036 1638 1062 ἔκειτο
1656 1035 1780 1070 στρατὺς,
1794 1034 1845 1060 ὑπὸ

1060 1083 1124 1118 μίαν
1140 1082 1236 1117 καιροῦ
1250 1081 1335 1116 ῥοπὴν
1348 1083 1376 1107 ὲν
1395 1081 1482 1107 νυκτί.
1507 1079 1588 1106 Ἀλλὰ
1604 1080 1650 1106 καὶ
1668 1078 1846 1114 Σενναχηρεί-

1060 1137 1111 1164 μου
1141 1127 1189 1154 τοῦ
1214 1126 1346 1162 βασιλέως
1372 1125 1468 1152 τούτου
1500 1125 1547 1152 τοῦ
1576 1125 1705 1152 τοσούτου
1731 1123 1847 1159 στρατοῦ

1059 1175 1174 1208 προεῖπε
1201 1173 1252 1207 τὴν
1272 1172 1326 1199 ἀπὸ
1351 1171 1399 1198 τοῦ
1428 1170 1582 1197 ἐπικεῖσθαι
1606 1172 1639 1206 τῇ
1667 1169 1848 1205 Ἰερουσαλὴμ

1061 1219 1141 1254 μόνου
1157 1219 1258 1254 φυγὴν,
1279 1218 1327 1244 καὶ
1340 1217 1389 1250 τὴν
1406 1216 1565 1252 παραυτίκα
1578 1218 1606 1244 ἐν
1625 1217 1657 1251 τῇ
1676 1216 1750 1250 οἰκίᾳ
1764 1215 1847 1242 αὐτοῦ

1059 1265 1246 1300 γενησομένην
1264 1264 1350 1299 αὐτὴν
1373 1263 1429 1299 (9‘1)
1449 1263 1607 1299 ἀναίρεσιν,
1634 1263 1682 1290 καὶ
1703 1263 1774 1289 οὕτω
1798 1262 1847 1297 τὴν

1059 1311 1189 1346 ταχίστην
1205 1311 1323 1345 ἐγένετο.

1102 1399 1333 1435 ’Υπαγορευθέντι
1353 1400 1464 1436 Ἐζεκίᾳ
1477 1400 1610 1432 νοσοῦντι,
1631 1400 1681 1427 καὶ
1699 1400 1849 1428 ἀκούσαντι

1061 1445 1228 1472 ὲντείλεσθαι
1253 1446 1317 1481 περὶ
1340 1446 1390 1480 τῆς
1413 1445 1554 1480 βασιλείας
1573 1445 1611 1477 ὡς
1635 1445 1848 1480 τεθνηξόμενον,

222 1490 306 1516 ιηυΙιι)
325 1495 386 1523 post
404 1490 572 1523 moriturus;
591 1498 653 1517 cum
672 1491 771 1518 acriter
792 1499 839 1518 rex
854 1491 930 1519 lleret
945 1499 1008 1526 pro-

1063 1491 1211 1518 κλαύσαντι
1233 1491 1272 1526 τῷ
1296 1491 1401 1526 βασιλεῖ
1422 1491 1468 1517 ἐπὶ
1484 1492 1518 1526 τῇ
1535 1491 1583 1517 τοῦ
1606 1491 1656 1526 ζῇν
1675 1490 1849 1524 ἀπογνώσει,

221 1540 311 1569 pterea
326 1535 400 1569 quod
414 1535 468 1562 vita
481 1536 556 1563 illius
570 1537 739 1564 conclamata
755 1541 846 1568 esset,
865 1536 1006 1571 przedixit,

221 1579 295 1613 quod
310 1587 363 1607 non
375 1580 429 1607 cito
443 1587 606 1612 moreretur,
620 1581 669 1608 sed
686 1581 757 1616 quod
770 1581 925 1616 quindecim
941 1582 1013 1609 alios

221 1633 308 1652 annos
321 1625 502 1660 producenda:
513 1627 576 1653 vita:
589 1626 678 1653 adltuc
695 1631 847 1660 acceperat.
865 1626 911 1654 Sol
926 1627 1011 1654 edixit

223 1675 253 1697 ut
269 1671 302 1698 ab
317 1671 457 1698 occidente
469 1671 497 1698 in
511 1671 645 1698 orientem
662 1676 824 1704 recurret-et,
838 1671 931 1706 sicque
945 1671 1010 1699 Eze-

222 1716 291 1744 chim
305 1717 360 1752 regi
378 1716 486 1752 signum
500 1717 664 1744 valetudinis
688 1716 771 1744 dedit.
797 1716 830 1744 Et
850 1717 876 1744 id
900 1717 1010 1752 quidem

223 1763 322 1795 evenit.
338 1762 394 1790 sole
407 1763 441 1789 ab
461 1763 607 1790 undecima
624 1763 656 1789 ad
677 1763 792 1797 primatu
812 1763 906 1790 ltoram
924 1768 1010 1790 retro-

222 1810 309 1844 lapso.
329 1808 438 1836 Primus
462 1808 586 1843 praedixit
609 1807 665 1835 [ore
687 1813 715 1835 ut
733 1808 814 1836 Israel
833 1809 956 1843 captivus
985 1809 1015 1836 in

222 1855 401 1890 Babyloniam
421 1854 566 1881 duceretur
580 1859 688 1889 propter
704 1854 880 1889 impietatem,
898 1855 971 1888 quod
985 1859 1013 1882 et

222 1901 327 1928 factum
342 1904 403 1932 est,
420 1899 595 1935 praedictione
613 1904 674 1934 post
689 1907 776 1927 annos
791 1905 852 1927 octo
867 1901 1011 1935 completa.

224 1946 353 1974 l‘rzedixit.
379 1945 442 1973 item
468 1945 590 1972 futurum
619 1950 648 1972 ut
675 1945 759 1973 Judas
783 1945 809 1972 in
838 1945 1015 1981 Babyloniam

225 1993 367 2028 captivus,
387 1996 496 2027 propter
519 1991 640 2019 eamdem
662 1996 743 2026 atque
761 1992 869 2020 lsraelis
889 1993 1014 2027 impieta-

225 2043 280 2065 tem
293 2037 468 2065 abducendus
481 2042 563 2065 esset.
585 2037 739 2070 Quinetiam
757 2038 880 2066 Ezechite
896 2039 953 2074 regi
970 2039 1015 2073 iis,

223 2084 270 2119 qui
283 2092 296 2111 θ
314 2083 463 2119 Babylonio
478 2084 511 2111 ad
528 2083 697 2111 inviseudum
714 2084 789 2111 illum
805 2085 881 2112 tttissi
896 2084 1014 2119 fuerant,

227 2138 292 2158 suas
318 2130 427 2157 divitias
448 2130 620 2163 ostendenti,
646 2130 784 2164 praedixit,
812 2131 885 2165 quod
913 2131 965 2158 illa:
988 2131 1014 2158 in

1062 1538 1192 1573 προεῖπεν
1215 1536 1300 1567 ὡςόὑ
1315 1536 1490 1572 τεθνήξοιτο,
1508 1536 1565 1563 ἀλλ’
1582 1537 1623 1563 ὅτι
1639 1536 1685 1563 καὶ
1707 1537 1852 1564 πεντεκαί-

1060 1581 1127 1608 δεκα
1142 1581 1282 1612 ἐνιαυτοὺς
1304 1580 1342 1612 εἰς
1359 1581 1390 1607 τὸ
1410 1580 1505 1615 βιῶναι
1530 1580 1570 1607 ἔτι
1591 1580 1782 1616 προσειλήφει.
1799 1581 1853 1608 Τὸν

1061 1627 1136 1662 ἥλιον
1150 1628 1282 1662 προεῖπεν
1295 1626 1349 1653 ἀπὸ
1361 1625 1473 1660 δυσμῶν
1488 1627 1531 1652 ἐπ’
1546 1627 1664 1662 ἀνατολῇ
1678 1627 1851 1663 ἀνατρέχειν,

1063 1673 1176 1708 σημεῖον
1191 1672 1241 1705 τῆς
1258 1671 1365 1706 ὑγιείας
1378 1672 1467 1704 διδοὺς
1483 1672 1523 1708 τῷ
1544 1673 1654 1708 Ἐζεκίᾳ
1666 1673 1779 1707 βασιλεῖ.
1797 1674 1854 1705 ιςσι

1062 1719 1141 1746 τοῦτο
1170 1719 1219 1754 μὲν
1244 1719 1372 1752 ἐγένετο,
1397 1719 1451 1746 ἀπὸ
1472 1719 1522 1754 τῆς
1543 1718 1690 1754 ἑνδεκάτης
1711 1718 1786 1754 ὥρας
1807 1719 1854 1745 ἐπὶ

1063 1764 1175 1799 πρώτην
1202 1763 1466 1798 ὲτιαναδραμηκότος
1494 1763 1550 1799 (9ο)
1579 1762 1624 1789 τοῦ
1652 1760 1739 1797 ἡλίου.
1772 1763 1816 1794 Ὧς
1839 1762 1853 1788 ὁ

1069 1809 1179 1845 Ἰσραὴλ
1192 1831 1200 1842 ,
1226 1810 1398 1845 αἰχμάλωτος
1413 1810 1454 1840 είς
1478 1809 1528 1842 τὴν
1549 1807 1723 1834 Βαϐυλωνίαν
1744 1807 1788 1834 διὰ
1805 1808 1854 1838 τὰς

1064 1852 1225 1885 δυσσεϐείας
1252 1853 1456 1888 ἀπαχοήσοιτο,
1480 1853 1589 1886 πρῶτος
1611 1853 1760 1887 προεῖπεν,
1785 1853 1854 1887 ὅπερ

1065 1899 1205 1933 ἐγεγόνει,
1222 1899 1272 1934 τῆς
1290 1899 1471 1934 προρρήσεως
1490 1898 1560 1932 μετὰ
1583 1897 1631 1931 ἔτη
1650 1897 1721 1924 ὀκτὼ
1742 1897 1854 1932 πληρω-

1067 1944 1170 1979 οείσης.
1192 1944 1235 1974 Ὡς
1255 1943 1301 1970 καὶ
1324 1943 1425 1974 Ἰούδας
1441 1943 1480 1974 εἰς
1497 1942 1546 1978 τὴν
1564 1942 1738 1969 Βαὸυλωνίαν
1755 1942 1856 1977 αἰχμά-

1066 1989 1150 2021 λωτος
1175 1989 1219 2016 διὰ
1245 1989 1294 2020 τὰς
1313 1989 1398 2020 αὑτὰς
1422 1988 1461 2023 τῷ
1490 1988 1599 2023 Ἰσραὴλ
1621 1987 1780 2019 δυσσεϐείας
1799 1989 1856 2014 ἀπα

1066 2035 1212 2071 αχθήσοιτο
1233 2037 1372 2071 προεῖπεν.
1382 2034 1462 2061 Ἀλλὰ
1480 2035 1527 2061 καὶ
1552 2034 1660 2069 Ἐζεκία
1680 2035 1719 2070 τῷ
1734 2034 1856 2069 βασιλεῖ,

1067 2083 1122 2113 τοῖς
1141 2082 1193 2108 ἀπὸ
1210 2081 1257 2107 τοῦ
1272 2081 1443 2107 Βαϐυλωνίου
1459 2081 1504 2107 ἐπὶ
1529 2080 1625 2115 σκέψιν
1640 2080 1722 2106 αὑτοῦ
1738 2081 1857 2107 ἀποστα-

1068 2126 1153 2152 λεῖσιν
1168 2125 1334 2156 ὲπιδεὶξαντι
1352 2126 1399 2151 τὸν
1419 2124 1517 2152 ἑαυτοῦ
1536 2125 1649 2152 πλοῦτον
1660 2145 1667 2157 ,
1683 2126 1730 2152 καὶ
1745 2126 1779 2152 τὰ
1798 2134 1857 2152 κει-

228 2176 405 2211 Babyloniam
415 2176 581 2203 abducenda:
592 2182 693 2208 essent,
707 2183 754 2202 ceu
767 2176 855 2210 spolia
867 2196 875 2208 ,
888 2177 1008 2211 quodqui

1072 2171 1165 2206 μήλια,
1180 2173 1311 2205 προεῖπεν
1325 2171 1363 2202 ὡς
1377 2172 1417 2201 είς
1431 2171 1481 2206 τὴν
1496 2171 1670 2198 Βαϐυλωνίαν
1692 2171 1778 2198 ταῦτα
1802 2172 1856 2198 ἀπ-

226 2220 277 2246 ﬁlii
292 2221 352 2254 ejus
367 2221 521 2254 captivandi
535 2225 627 2248 essent
644 2229 659 2248 a
678 2221 846 2256 Babyloniis.

262 2305 364 2341 Cyrum
387 2315 496 2343 quoque
523 2307 669 2336 Persarum
699 2316 808 2345 regem,
828 2315 891 2345 post
909 2315 1017 2338 centum

226 2355 257 2377 et
269 2351 464 2387 quinquaginta
473 2360 560 2381 annos
571 2353 606 2381 ab
618 2354 677 2389 ejus
695 2354 822 2382 vaticinio
833 2355 1017 2388 nasciturum,

229 2395 441 2430 Babyloniorum
465 2396 608 2432 imperium
632 2406 758 2427 eversum
776 2399 814 2427 ire
831 2400 1017 2435 prophetarit,

227 2445 256 2468 ct
274 2440 383 2470 ludmos
399 2450 414 2470 ι
431 2443 588 2478 captivitate
609 2444 668 2472 tore
690 2453 859 2473 reversuros.
881 2445 1020 2473 Vaticina-

229 2491 274 2513 tus
290 2490 332 2513 est
350 2487 491 2516 manifeste
511 2489 614 2522 etiam.
638 2489 711 2524 quod
734 2490 879 2517 restitutus
903 2491 1020 2525 populus

228 2532 400 2567 Judmorum,
423 2533 519 2562 iterum
546 2536 697 2563 tradendus
724 2540 796 2563 esset
818 2536 968 2571 captivitati
990 2537 1017 2564 in

229 2587 323 2607 omnes
345 2584 453 2615 gentes,
477 2587 619 2617 propterea
640 2583 711 2617 quod
730 2582 923 2618 immorigerus
944 2587 1018 2611 esset

231 2625 257 2651 in
266 2625 360 2652 humili
369 2626 460 2654 habitu
473 2627 627 2655 advenienti
637 2628 755 2657 Christo.
767 2628 937 2663 Prmdicavit,
946 2629 1018 2664 quod

229 2670 354 2699 Christus
363 2678 553 2709 assumptttrtts
563 2679 635 2703 esset
646 2679 740 2710 gentes
747 2683 796 2710 per
807 2674 886 2702 (idem
894 2675 921 2702 in
929 2675 1017 2707 illum,

230 2724 332 2750 vasque
357 2718 567 2755 honestaturus,
598 2721 741 2757 repudiato
768 2721 876 2757 ingrato
894 2720 941 2749 illo
969 2729 1017 2756 po-

265 2805 321 2839 (9l)
340 2804 420 2834 Forte
437 2809 530 2840 αὑτοῦ.

1069 2217 1216 2252 αχθήσοιτο
1232 2217 1318 2244 σκῦλα
1339 2217 1522 2252 γενησόμενα,
1537 2217 1584 2244 καὶ
1603 2217 1628 2244 οἱ
1650 2216 1733 2244 αὑτοῦ
1750 2216 1857 2251 ἔγγονοι

1070 2264 1242 2298 παράληπτοι
1257 2264 1312 2294 τοῖς
1328 2262 1510 2294 Βαϐυλωνίοις
1530 2264 1645 2290 ἔσονται.

1105 2309 1160 2336 Καὶ
1172 2309 1265 2343 Κῦρον
1274 2308 1320 2335 τὸν
1336 2308 1448 2343 Περσῶν
1463 2308 1590 2343 βασιλέα,
1606 2309 1675 2344 μετά
1687 2309 1858 2345 πεντήκοντα

1069 2355 1116 2381 καὶ
1131 2354 1229 2381 ἑκατὸν
1246 2355 1388 2385 ἐνιαυτοὺς
1407 2354 1457 2390 τῆς
1477 2353 1560 2381 αὑτοῦ
1577 2355 1747 2390 προφητείας
1768 2355 1860 2382 τίκτε-

1069 2400 1131 2428 σοαι
1147 2400 1278 2436 μέλλοντα
1289 2419 1296 2431 ,
1323 2400 1526 2435 καθαιρήσοντα
1541 2400 1591 2435 τὴν
1606 2399 1659 2426 τῶν
1679 2399 1859 2426 Βαϐυλωνίων

1069 2447 1157 2482 ἀρχὴν
1187 2445 1387 2481 προηγόρευσε,
1414 2446 1461 2472 καὶ
1488 2444 1526 2476 ὡς
1548 2445 1612 2477 τοὺς
1639 2444 1784 2476 Ἰουδαίους
1805 2443 1860 2471 ἀπὺ

1068 2493 1119 2527 τῆς
1144 2492 1333 2528 αἰχμαλωσίας
1358 2492 1488 2527 ἀνήσειν·
1517 2491 1553 2522 ὡς
1581 2491 1629 2518 καὶ
1655 2490 1820 2525 ἐπαναχθεὶς
1846 2491 1861 2517 ό

1077 2539 1212 2566 Ἰουδαίων
1228 2538 1290 2570 λαὸς
1308 2535 1386 2570 αὖθις
1412 2538 1586 2572 ὲκδοθήσοιτο
1600 2538 1633 2572 τῇ
1658 2538 1687 2564 ὲν
1702 2536 1788 2563 ἅπασι
1803 2537 1860 2566 τοῖς

1072 2583 1177 2610 ἔθνεσιν
1199 2583 1390 2618 αἰχμαλωσίᾳ,
1413 2582 1458 2609 διὰ
1476 2583 1507 2609 τὸ
1530 2582 1677 2617 ἀπειθῆσαι
1704 2583 1733 2609 ὲν
1757 2580 1861 2608 εὐτελεῖ

1073 2629 1193 2664 σχήματι
1217 2627 1429 2663 παραγινομένῳ
1449 2626 1575 2661 Χριστῷ,
1594 2626 1725 2662 ἐμφανῶς
1740 2626 1861 2661 προεφήιι

1071 2683 1176 2701 τευσεν.
1205 2673 1250 2704 Ὠς
1267 2674 1301 2700 τὰ
1320 2672 1384 2707 ἔθνη
1402 2673 1589 2708 προσλήψεται
1608 2671 1735 2707 Χριστος,
1751 2670 1795 2697 διὰ
1811 2670 1861 2704 τῆς

1071 2722 1110 2754 εἰς
1126 2720 1205 2747 αὐτὸν
1220 2720 1348 2752 πίστεως,
1365 2720 1412 2746 καὶ
1428 2719 1551 2753 τιμήσει,
1567 2717 1614 2745 τοῦ
1631 2717 1781 2753 ἀχαρίστου
1795 2715 1861 2744 λαοῦ

1108 2807 1163 2843 (92}
1179 2807 1259 2835 Forte
1271 2806 1572 2843 ἐπαναδεόραμηκότος.
