2073 3161
219 153 256 184 95
973 153 1085 183 JOSEP
1089 153 1125 183 PI
1812 155 1846 186 96

217 208 295 237 CAP.
320 207 461 237 LXXVIII.
482 224 517 230 ——
541 210 669 243 Quanam
693 211 857 245 prophetauit
880 211 998 246 Aggwus.

1055 202 1268 240 KE¢KA.'0H'.
1294 226 1328 232 -
1353 212 1422 238 Τίνα
1447 210 1674 244 προεφήτευσεν
1701 210 1844 244 Ἀγγαῖος.

253 275 318 303 Post
344 277 461 304 reditum
487 277 578 311 populi
604 284 619 304 e
640 277 814 311 captivitate,
839 278 1004 312 prophetans

217 321 309 356 culpat
327 330 461 353 reversos,
477 327 617 357 propterea
628 323 700 356 quod
713 323 894 358 negligentius
910 332 1005 359 aggre-

217 367 347 394 derentur
363 368 453 402 templi
473 368 701 401 mdih’cationem,
719 376 822 404 eosque
843 369 1005 397 adhortatur

217 417 247 439 ut
269 413 294 440 ei
310 420 420 440 manum
447 413 618 441 admoveant.
639 413 800 442 Zorobabcli
819 419 847 442 et
868 415 932 444 Jesu
949 415 1004 443 lilio

214 456 331 485 lesedee
357 458 472 485 ducibus
495 459 586 493 populi
605 460 779 492 vaticinatur,
799 461 870 495 quod
887 461 1004 489 habeant

217 503 300 530 Deum
316 504 488 531 assistentem
507 505 558 531 sibi
576 510 630 532 tam
648 506 673 532 in
697 507 789 541 templi
810 507 1002 539 :ediﬁcalione,

215 556 297 583 quam
313 550 339 575 in
354 550 445 584 populi
466 550 606 585 regiiniuc.
627 550 695 577 Cum
714 552 901 579 sacerdotibus
920 552 1002 579 etiam

215 595 366 627 contendit,
385 596 457 630 quod
481 596 553 623 bona
571 604 652 631 opera
670 598 926 626 sanctilicationem.
949 605 1002 624 non

216 646 281 666 vero
297 646 438 666 sacrorum
458 640 581 668 ciborum
596 648 660 668 esus
674 645 794 676 praestet.

247 737 323 766 CAP.
344 738 462 766 LXXIX.
483 754 517 758 —-
539 740 604 772 Qua:
618 741 781 775 prop/letavit
805 742 964 770 Zacharias.

248 793 277 820 In
297 795 457 822 memoriam
477 801 586 823 revocat
601 796 683 831 impia
704 796 825 824 facinora
842 799 1000 833 progenito-

214 847 274 866 rum
290 841 392 874 populi,
408 848 455 875 per
469 849 530 875 qua:
544 842 618 868 ducti
634 842 742 868 fuerant
762 843 788 869 in
805 844 1000 877 captivitatem.

1091 277 1167 304 Μετὰ
1179 277 1229 312 τὴν
1243 277 1372 303 ἐπάνοδον
1389 276 1435 302 τοῦ
1451 275 1527 308 λαοῦ,
1539 274 1589 309 τὴν
1604 275 1657 300 ἀπὺ
1677 274 1725 308 τῆς
1743 275 1830 308 αἰχμα

1055 324 1166 355 λωσίας,
1181 322 1361 357 προφητεύων
1375 322 1495 349 αἰτιᾶται
1513 322 1569 351 τοῖς
1585 319 1790 351 ἐπανελθοῦσιν,
1805 320 1844 346 ὅτι

1057 369 1242 404 ῥᾳθυμότερον
1265 367 1465 402 προσφέρονται
1482 367 1514 401 τῇ
1535 366 1582 392 τοῦ
1606 365 1671 392 ναοῦ
1697 365 1843 400 οἰκοδομῇ,

1055 414 1100 440 καὶ
1117 413 1301 448 προτρέπεται
1316 412 1418 445 ταύτης
1436 410 1557 445 ἔχεσθαι.
1574 411 1618 445 Τῷ
1633 418 1662 436 τε
1677 410 1840 445 Ζοροῆἁῆελ,

1055 461 1102 486 καὶ
1117 460 1156 494 τῷ
1180 459 1228 486 τοῦ
1253 459 1376 486 Ἰωσεδὲκ
1399 458 1487 492 Ἰησοῦ
1503 460 1560 489 τοῖς
1574 458 1621 484 τοῦ
1643 458 1709 485 λαοῦ
1725 458 1843 495 ἡγεμόσι

1054 505 1231 540 προφητεύει,
1248 504 1286 536 ὼς
1307 504 1398 539 έχουσι
1414 505 1459 530 τὸν
1478 503 1546 530 Θεὸν
1566 503 1734 538 προστάτην,
1753 504 1798 529 ἐπί
1813 511 1843 529 τε

1054 552 1086 585 τῇ
1105 550 1150 576 τοῦ
1168 549 1232 576 ναοῦ
1257 550 1386 584 οἰκοδομῇ
1409 550 1457 575 καὶ
1480 551 1512 583 τῇ
1533 548 1581 574 τοῦ
1598 548 1664 574 λαοῦ
1685 548 1856 583 ἐπιστασίᾳ..

1054 597 1108 623 Καὶ
1127 595 1195 631 πρὸς
1206 595 1270 626 τοὺς
1289 596 1371 630 ἱερεῖς
1387 595 1559 621 ἀποτείνεται
1572 614 1579 626 ,
1593 594 1631 625 ὡς
1649 594 1666 628 ἡ
1680 594 1844 629 δικαιοπρα-

1053 642 1100 676 γία
1115 642 1160 668 τὸν
1176 640 1322 676 ἁγιασμδν,
1336 641 1385 675 οὐχ
1400 641 1416 676 ἡ
1432 641 1488 667 τῶν
1503 640 1583 675 ίερῶν
1602 640 1755 675 βρωμάτων
1774 640 1843 675 βρῶ-

1053 695 1095 718 σις
1113 687 1273 721 παρέχεται.

1053 742 1177 769 ΚΕΦΑΛ.
1198 740 1259 768 08⁷.
1281 756 1315 761 —-
1340 743 1408 768 Τίνα
1431 742 1662 776 προεφήτευσεν
1682 741 1842 776 Ζαχαρίας.

1094 798 1264 832 ’Υπόμνησιν
1282 799 1400 824 ποιεῖται
1421 798 1476 824 τῶν
1490 799 1663 832 προγονικῶν
1679 798 1843 824 δυσσεὸειῶν

1053 843 1100 870 τοῦ
1127 843 1209 874 λαοῦ,
1227 843 1260 869 δι’
1287 843 1319 875 ἃς
1341 844 1505 879 ἀπήχθησαν
1521 845 1561 875 είς
1589 844 1788 879 αἰχμαλωσίαν.
1804 845 1843 870 Δι’

214 884 267 912 Per
281 885 368 912 risum
394 894 449 920 quo
474 887 579 921 species
595 895 728 921 equorum
744 889 839 921 crevit,
858 894 884 916 et
907 897 998 917 ascen-

1052 888 1185 920 dmuciu;
1213 888 1263 922 τῆς
1290 889 1346 915 τῶν
1375 889 1467 916 ἵππων
1499 890 1603 921 είδέας,
1635 891 1681 916 κα)¹
1713 890 1842 916 ἐπιῦάτου

215 931 285 958 soris
312 931 387 965 equi,
419 931 533 959 intuitus
557 936 599 960 est
619 940 678 959 eam
705 940 798 960 curam
825 935 915 969 populi
941 940 1002 969 post

215 975 342 1009 reditum,
360 984 442 1011 quam
463 977 550 1012 angeli
578 977 723 1005 habebant.
754 978 825 1006 Vidit
847 980 928 1006 etiam
954 980 1002 1007 de-

213 1022 389 1049 structionem
402 1027 521 1057 quatuor
535 1031 691 1057 regnorum,
707 1032 768 1059 quze
787 1025 916 1059 populum
934 1033 1001 1059 pra:-

214 1067 256 1093 liis
267 1067 448 1101 impetierant,
464 1067 490 1094 in
504 1073 622 1102 quatuor
631 1070 771 1101 cornibus,
784 1074 810 1096 ct
822 1077 869 1104 per
882 1075 1001 1104 quatuor

213 1111 332 1139 artiﬁces
343 1112 475 1140 futuram.
491 1113 583 1140 Crevit
597 1118 623 1140 et
635 1114 833 1149 Hierosolyma:
849 1115 999 1149 perfectum

212 1157 343 1184 divinitus
358 1159 527 1185 elaboratum
542 1159 699 1192 tedilicium,
716 1160 893 1195 futurumque
907 1162 999 1196 populi

213 1204 327 1230 reditum
344 1212 376 1231 ex
391 1205 570 1239 dispersione.
588 1205 666 1238 Quod
677 1207 758 1234 etiam
775 1207 929 1241 insurgeret
945 1208 1000 1234 dia-

211 1250 290 1276 bolus
305 1253 400 1276 contra
414 1250 507 1277 Jesum
523 1251 608 1277 lilium
624 1250 740 1278 Joscdcc
756 1252 937 1285 sacerdotem,
953 1253 999 1287 qui

211 1300 269 1322 erat
288 1300 368 1330 typus
389 1295 495 1322 Domini
521 1297 606 1323 nostri
625 1296 689 1324 Jcsu
716 1298 851 1332 pontiticis
868 1298 996 1326 cmlestis.

212 1339 290 1367 Videt
305 1345 331 1367 et
354 1341 461 1367 ruinam
477 1341 590 1374 diaboli,
612 1350 673 1376 quae
688 1343 804 1377 contigit
822 1343 858 1370 ob
879 1343 997 1370 divinant

210 1387 469 1421 increpationem".
489 1387 665 1422 Perjurorum
690 1384 879 1415 omnimodum
904 1388 999 1415 interi-

210 1437 268 1459 tum
292 1433 491 1467 contemplatus
506 1438 563 1465 est,
586 1437 612 1459 ct
635 1433 780 1466 impiorum
798 1433 997 1461 demersionem

211 1478 238 1505 in
253 1478 418 1513 profundum
440 1478 548 1505 inferni.
571 1479 642 1506 Vidit
661 1483 687 1506 ct
700 1487 781 1513 quam
803 1480 895 1506 mundi
914 1480 998 1507 totius

209 1532 305 1560 curam
321 1525 420 1551 habent
431 1525 518 1559 angeli
531 1525 558 1551 in
572 1529 635 1560 typo
648 1531 768 1559 quatuor
777 1534 907 1553 curruum
920 1526 998 1553 exhi-

211 1559 292 1597 bitam
324 1570 407 1597 variis
426 1570 504 1605 equis
536 1559 672 1606 adjugatis
692 1575 851 1598 tractorum.
876 1570 950 1598 Vidit
973 1575 999 1598 et

211 1615 365 1650 pontificem
385 1616 410 1642 in
427 1621 490 1651 typo
505 1616 667 1648 Salvatoris,
684 1617 730 1651 qui
747 1616 773 1643 in
797 1617 885 1644 reditu
907 1616 998 1651 populi

210 1661 375 1694 pontiﬁcalia
398 1662 489 1687 munia
506 1662 660 1693 exercebat,
681 1660 773 1688 Jesum
798 1669 895 1695 nempe
912 1661 997 1688 lilium

209 1706 333 1738 Josedec,
350 1707 382 1734 de
400 1706 570 1741 ignobilitate
587 1707 619 1734 ad
637 1707 750 1741 gloriam
765 1711 936 1742 provectum.

244 1793 420 1828 Prophetavit
435 1798 463 1821 et
478 1794 512 1821 de
534 1794 661 1828 gentibus
680 1795 706 1821 in
738 1795 789 1822 (ide
813 1796 997 1829 assumendis,

210 1847 242 1866 ac
257 1845 349 1874 postea
367 1830 401 1866 de
419 1839 505 1873 ipsius
521 1839 629 1866 lsraelis
659 1840 848 1874 assumptione
859 1861 867 1873 ,
883 1845 910 1868 et
924 1842 997 1876 quod

210 1885 395 1912 Antichristus
410 1885 600 1912 adversabilur
618 1885 774 1919 hujusmodi
789 1887 973 1921 assumptioni
989 1896 996 1914 :

210 1931 242 1958 ad
256 1938 325 1964 quas
341 1923 498 1964 ﬁgurandas
523 1930 590 1957 duas
607 1931 764 1959 vocationes
791 1937 853 1967 typo
873 1941 940 1960 usus
957 1938 999 1961 est

208 1977 323 2011 duplicis
349 1975 496 2003 confracta:
530 1977 622 2011 virgae.
647 1976 817 2006 Vaticinatns
847 1984 890 2006 est
915 1979 997 2006 etiam

210 2022 316 2048 Domini
333 2022 524 2056 proditionem,
541 2022 669 2057 quodque
683 2031 731 2057 pro
745 2024 837 2051 debito
855 2025 905 2059 ipsi
920 2033 934 2052 ιι
949 2033 999 2060 po-

209 2067 272 2100 pulo
289 2067 392 2094 honore
408 2073 435 2094 et
451 2068 603 2099 beneﬁciis,
617 2069 726 2102 triginta
744 2077 806 2095 eum
822 2070 913 2097 aureis
929 2078 996 2097 ven-

207 2113 323 2139 diderint
340 2121 346 2139 2
365 2113 438 2147 quod
447 2121 494 2140 cos
511 2121 559 2147 pro
575 2113 728 2148 proditione
746 2113 830 2141 Judas
847 2116 995 2148 acceperit,

206 2161 233 2183 et
248 2157 319 2191 quod
335 2157 361 2183 in
377 2158 572 2192 gazophylaeio
588 2166 686 2185 aurum
703 2158 816 2186 missum
835 2159 927 2192 fuerit,
944 2160 997 2188 itc-

1053 932 1148 964 ἴππου,
1167 933 1218 967 τὴν
1241 933 1428 968 γεγενημένην
1452 934 1486 960 δι’
1501 933 1625 967 ἀγγέλων
1637 954 1643 964 ,
1658 935 1709 969 δρᾷ
1732 935 1781 969 τὴν
1795 934 1841 961 τοῦ

1052 977 1127 1008 λαοῦ,
1144 977 1213 1011 μετὰ
1230 978 1279 1012 τὴν
1296 978 1427 1004 ἐπάνοδον
1444 979 1620 1013 κηδεμονίαν,
1644 979 1693 1004 καὶ
1710 978 1764 1004 τῶν
1778 986 1807 1004 τε
1814 987 1844 1004 cr-

1052 1024 1143 1057 σάρων
1158 1023 1304 1058 βασιλειῶν
1316 1023 1371 1050 τῶν
1389 1024 1639 1058 ἐκπολεμησάντων
1653 1024 1709 1057 (94)
1723 1024 1768 1049 τὸν
1779 1023 1842 1050 λαὸν

1050 1068 1100 1102 τὴν
1124 1068 1284 1102 καθαίρεσιν
1299 1069 1368 1103 ὁρᾷ,
1388 1068 1416 1094 ἐν
1431 1069 1563 1104 τέσσαρσι
1580 1069 1693 1104 κέρασι,
1718 1068 1762 1094 διὰ
1775 1076 1840 1094 τεσ-

1051 1113 1141 1148 σάρων
1156 1113 1289 1139 τεκτόνων
1303 1114 1499 1148 γενησομένην.
1525 1114 1593 1148 Ὀρᾷ
1608 1114 1654 1140 καὶ
1671 1114 1721 1148 τῆς
1741 1114 1842 1148 Ἰερου-

1052 1158 1142 1193 σαλὴμ
1157 1159 1207 1193 τὴν
1223 1159 1315 1193 ἐντελῆ
1338 1158 1412 1184 θείαν
1426 1159 1593 1193 οἰκοδομίαν,
1609 1160 1656 1185 καὶ
1677 1159 1728 1194 τὴν
1744 1160 1776 1184 ὲκ
1791 1158 1842 1194 τῆς

1050 1205 1201 1238 διασπορᾶς
1219 1203 1267 1229 τοῦ
1281 1203 1346 1230 λαοῦ
1362 1203 1491 1230 ἐπάνοδον
1505 1204 1702 1238 γενησομένην,
1729 1204 1777 1230 καὶ
1791 1203 1842 1239 τὴν

1050 1249 1237 1276 ἐπανάστασιν
1260 1249 1307 1275 τοῦ
1335 1249 1479 1281 διαῦόλου,
1510 1250 1560 1284 τὴν
1586 1249 1658 1276 κατὰ
1683 1249 1771 1284 Ἰησοῦ
1793 1249 1840 1276 τοῦ

1056 1294 1180 1321 Ἰωσεδὲκ
1203 1295 1368 1329 ἀρχιερέως,
1394 1294 1423 1326 ὃς
1447 1295 1493 1321 καὶ
1508 1292 1542 1329 ἦν
1563 1294 1610 1320 τοῦ
1635 1295 1738 1330 Κυρίου
1761 1294 1841 1330 ἡμῶν

1056 1340 1141 1374 Ἰησοῦ
1156 1339 1203 1366 τοῦ
1221 1340 1346 1374 οὐρανίου
1363 1340 1515 1374 ἀρχιερέως
1529 1338 1625 1371 τύπος.
1648 1339 1714 1374 Ὁρᾷ
1729 1339 1775 1366 καὶ
1791 1339 1841 1375 τὴν

1049 1384 1078 1416 ἐξ
1093 1385 1280 1419 ἐπιτιμήσεως
1294 1384 1362 1411 Θεοῦ
1378 1385 1482 1410 πτῶσιν
1500 1385 1689 1419 γεγενημένην
1709 1384 1757 1410 τοῦ
1780 1384 1839 1411 δια-

1050 1429 1138 1456 ϐόλου.
1156 1430 1211 1465 Τὴν
1239 1431 1295 1462 τοῖς
1319 1429 1478 1464 ἐπιορκοῦσι
1510 1429 1681 1463 πανώλεθρον
1710 1429 1842 1456 ἐθεάσατο

1048 1474 1206 1509 διαφθορὰν,
1222 1476 1270 1502 καὶ
1282 1475 1332 1510 τὴν
1345 1475 1400 1500 τῶν
1420 1475 1621 1502 δυσσεὸούντων
1631 1475 1670 1506 είς
1686 1475 1766 1509 βυθὸν
1776 1475 1840 1510 ᾅδου

1050 1520 1236 1547 κατάπτωσιν.
1253 1521 1309 1556 Τὴν
1324 1520 1504 1556 περικόσμιον
1517 1520 1666 1556 ἀγγελικὴν
1678 1521 1841 1547 ἐπιστασίαν

1049 1567 1175 1593 τεθέαται
1201 1569 1229 1594 ἐν
1256 1568 1333 1602 τύπῳ
1359 1568 1500 1602 τεσσάρων
1527 1568 1676 1602 ἁρμάτων.
1705 1568 1839 1598 ποικίλοις

1051 1611 1145 1643 ἵπποις
1157 1611 1368 1646 ὑπεζευγμένων
1384 1613 1594 1647 ἐπιδειχθεῑσαν.
1611 1611 1672 1639 Εἷδε
1684 1614 1731 1639 καὶ
1747 1613 1793 1640 τὸν
1810 1614 1841 1639 ἐν

1049 1657 1128 1692 τύπῳ
1145 1657 1193 1684 τοῦ
1212 1657 1338 1693 Σωτῆρος
1366 1658 1513 1694 ἀρχιερέα,
1541 1658 1588 1684 τὸν
1612 1659 1640 1685 ἐν
1662 1660 1696 1694 τῇ
1717 1658 1840 1693 ἐπανόδῳ

1049 1700 1096 1727 τοῦ
1115 1701 1179 1728 λαοῦ
1198 1702 1460 1737 ἀρχιερατεύσαντα,
1485 1702 1590 1737 Ἰησοῦν
1610 1703 1657 1730 τὸν
1674 1704 1721 1730 τοῦ
1750 1701 1840 1730 Ἰὶοσε-

1049 1747 1106 1776 δὲκ,
1125 1747 1154 1779 ἐξ
1168 1747 1275 1779 ἀδοξίας
1291 1749 1328 1780 εἰς
1345 1748 1423 1781 δόξαν
1437 1749 1651 1784 προεληλυθότα.

1085 1793 1278 1828 Προεφήτευσε
1295 1795 1342 1820 καὶ
1359 1795 1423 1830 περὶ
1442 1794 1496 1821 τῶν
1514 1795 1599 1822 ἐθνῶν
1613 1796 1642 1821 ἐν
1657 1795 1746 1821 πίστει
1773 1803 1841 1829 προ-

1049 1836 1156 1871 λήψεως
1174 1837 1284 1873 [προσ-1
1298 1859 1305 1870 ,
1327 1839 1374 1864 καὶ
1391 1838 1442 1873 τῆς
1466 1839 1513 1865 τοῦ
1531 1839 1640 1874 Ἰσραὴλ
1657 1840 1727 1874 μετὰ
1752 1839 1841 1866 ταῦτα

1049 1883 1252 1918 γενησομένης’
1271 1883 1319 1911 καὶ
1333 1884 1370 1915 ὡς
1392 1885 1406 1910 ὁ
1427 1884 1608 1919 ’Δντίχριστος
1623 1885 1783 1919 ἐπιθήσεται
1807 1887 1839 1920 τῇ

1050 1928 1162 1963 τοιαύτῃ
1178 1929 1343 1964 προσλήψει,
1366 1931 1406 1961 είς
1428 1930 1475 1956 δύο
1499 1930 1613 1965 ράὗδους
1639 1931 1841 1966 περικοφθησο-

1052 1973 1136 2006 μένας
1151 1973 1201 2003 τὰς
1214 1973 1261 1999 δύο
1275 1974 1387 2009 κλήσεις
1403 1974 1554 2002 ὲπιτυπῶν.
1577 1976 1695 2010 Προείπε
1710 1976 1756 2002 καὶ
1777 1976 1842 2009 περὶ

1050 2018 1100 2052 τῆς
1114 2018 1161 2044 τοῦ
1179 2019 1283 2054 Κυρίου
1306 2020 1461 2055 προδοσίας,
1476 2020 1513 2052 ὡς
1527 2021 1587 2048 ἀντὶ
1601 2021 1651 2055 τῆς
1663 2021 1842 2056 ὀφειλομένης

1049 2064 1126 2098 αὑτῷ
1143 2065 1220 2100 παρὰ
1242 2066 1290 2092 τοῦ
1308 2066 1373 2092 λαοῦ
1386 2067 1472 2101 τιμῆς
1498 2067 1545 2093 καὶ
1573 2067 1745 2102 εὐεργεσίας,
1762 2067 1842 2102 τριά-

1050 2118 1133 2137 κοντα
1149 2111 1258 2145 χρυσῶν
1275 2112 1357 2137 αὑτὸν
1377 2112 1556 2147 ἐτιμήσαντο,
1568 2113 1605 2144 ὡς
1623 2113 1693 2148 ὑπὲρ
1707 2113 1756 2147 τῆς
1777 2122 1842 2148 προ-

1049 2156 1142 2188 δοσίας
1158 2157 1172 2182 ὁ
1194 2156 1295 2187 Ἰούδας
1310 2157 1427 2192 εἰλήφει,
1438 2158 1486 2184 καὶ
1497 2158 1533 2189 ὼς
1547 2159 1577 2184 ἐν
1592 2158 1630 2193 τῷ
1645 2159 1842 2194 γαζοφυλακίῳ

207 2210 321 2237 rumque
338 2211 487 2237 expensum
517 2204 543 2230 in
570 2205 687 2237 pretium
714 2204 771 2238 agri
792 2205 876 2238 ﬁguli.
896 2205 995 2232 lterum

1051 2201 1080 2226 τὸ
1098 2202 1209 2236 χρυσίον
1225 2202 1348 2233 ὲὸάλετο,
1368 2203 1415 2229 καὶ
1433 2203 1514 2230 πάλιν
1529 2205 1569 2235 εἰς
1584 2204 1668 2239 τιμὴν
1689 2204 1734 2230 τοῦ
1755 2204 1842 2238 ἀγροῦ

160 2269 166 2276 .
205 2248 430 2278 deAntichristo.
448 2249 522 2282 quod
550 2249 739 2275 adversabitur
753 2250 865 2281 sanctis,
892 2256 919 2276 et
947 2250 995 2277 de-

206 2298 339 2320 struetur.
376 2293 551 2327 Prophetavit
582 2298 609 2320 ct
639 2293 672 2320 de
716 2295 829 2321 salutari
868 2296 997 2329 passione

205 2339 318 2372 Christi,
344 2343 371 2366 ct
394 2339 427 2366 de
442 2339 562 2374 glorioso
578 2339 694 2366 adventu
710 2339 794 2371 illius,
811 2340 942 2375 quodque
968 2341 995 2369 in

206 2391 298 2412 monte
322 2385 457 2412 olivarum
474 2385 651 2419 appariturus
668 2390 751 2412 esset.
771 2385 942 2414 Vaticinatus
953 2391 995 2414 est

204 2434 285 2460 etiam
301 2432 469 2459 invasionem
485 2432 542 2466 Gog
557 2437 584 2459 et
602 2431 708 2467 Magog,
723 2436 749 2458 et
770 2437 929 2460 sanctorum
954 2434 993 2460 lo-

203 2485 309 2508 eorum,
324 2484 385 2512 qua:
402 2477 428 2504 in
451 2477 503 2504 line
520 2477 670 2504 obventura
696 2482 764 2509 erat,
782 2478 808 2504 in
823 2486 941 2513 cumque
957 2479 995 2505 di-

204 2525 306 2551 vinitus
337 2524 487 2550 iminissam
512 2523 678 2555 vindictam,
703 2525 768 2557 quin
797 2524 879 2550 etiam
920 2524 993 2559 quod

204 2577 297 2606 postea
316 2576 410 2606 gentes
449 2571 606 2605 bujusmodi
639 2571 778 2598 habebunt
801 2572 993 2605 comparandae

203 2618 300 2644 :;:t|ttlis
322 2617 436 2656 lenient,
456 2616 605 2644 cxhibitam
636 2624 734 2651 nempe
755 2617 810 2644 Deo
831 2617 858 2644 in
880 2616 992 2645 Jerusa-

204 2663 254 2689 ictn
270 2663 470 2696 adorationem,
486 2671 548 2699 quae
562 2663 598 2691 ab
611 2663 679 2699 ipsis
694 2665 846 2700 praestanda
863 2665 909 2692 sit.

239 2766 260 2780 "
273 2764 357 2792 Zach.
376 2774 415 2799 ιιι,
435 2767 465 2798 2;
484 2765 560 2793 Judie
575 2766 618 2793 19.

241 2844 294 2879 (Μ)
312 2842 390 2871 Forte
411 2843 653 2879 ἐκπολεμησατῶν.

1051 2246 1097 2273 τοῦ
1112 2247 1258 2282 κεραμέως
1269 2248 1429 2280 ἐξοδιάζετο.
1444 2249 1498 2275 Καὶ
1512 2250 1577 2284 περὶ
1590 2250 1636 2276 τοῦ
1656 2250 1842 2286 Ἀντιχρίστου

1050 2292 1141 2324 πάλιν,
1157 2293 1194 2321 ὡς
1207 2293 1367 2328 ἐπιθήσεται
1380 2295 1436 2326 τοῖς
1458 2295 1556 2329 ἁγίοις,
1573 2296 1619 2322 καὶ
1644 2296 1843 2331 καθαιρεθήσε-

1051 2347 1108 2366 ται.
1125 2340 1334 2374 Προεφήτευσεν
1352 2341 1399 2367 καὶ
1417 2341 1481 2375 περὶ
1508 2341 1554 2367 τοῦ
1574 2342 1711 2377 σωτηρίου
1739 2343 1842 2374 πάθους

1047 2386 1177 2421 Χριστοῦ,
1195 2387 1241 2413 καὶ
1261 2387 1310 2421 τῆς
1324 2387 1429 2420 ἐνδόξου
1460 2388 1610 2424 παρουσίας
1633 2388 1727 2421 αὐτοῦ,
1743 2389 1790 2414 καὶ
1805 2388 1842 2420 ὠς

1045 2432 1092 2458 ἐπὶ
1104 2431 1149 2458 τοῦ
1164 2432 1244 2466 ὅρους
1262 2432 1309 2459 τοῦ
1327 2433 1455 2464 ἐλαιῶνος
1470 2434 1627 2468 φανήσοιτο.
1653 2435 1769 2469 “posin;
1794 2433 1842 2460 καὶ

1048 2478 1096 2513 τὴν
1107 2479 1154 2505 τοῦ
1165 2478 1224 2512 Γὼγ
1241 2479 1289 2505 καὶ
1308 2479 1414 2513 Μαγὼγ
1428 2480 1531 2514 ἔφοδον,
1552 2481 1597 2506 καὶ
1610 2481 1666 2506 τῶν
1684 2480 1771 2514 ἁγίων
1794 2480 1842 2506 τό·

1046 2533 1115 2557 πων,
1129 2525 1316 2560 γενησομένην
1333 2526 1362 2551 ἐν
1372 2526 1455 2558 τέλει,
1468 2527 1514 2552 καὶ
1528 2527 1577 2561 τὴν
1594 2527 1726 2561 θεήλατον
1754 2526 1839 2553 αὐτοῦ

1045 2569 1192 2604 τιμωρίαν,
1210 2570 1278 2596 ἀλλὰ
1291 2570 1340 2596 καὶ
1361 2570 1398 2601 ὠς
1423 2572 1462 2602 εἰς
1481 2571 1596 2607 ὕστερον
1611 2572 1644 2598 τὰ
1669 2571 1732 2607 ἔθνη
1747 2571 1841 2598 τοῦτον

1044 2616 1179 2650 πορισμὺν
1189 2615 1281 2648 ἕξουσι
1297 2616 1444 2651 σωτηρίας,
1461 2617 1510 2652 τὴν
1526 2618 1567 2649 εἰς
1586 2618 1636 2652 τὴν
1658 2617 1840 2653 Ἰερουσαλὴμ

1044 2661 1104 2696 θεῷ
1119 2661 1286 2697 τελουμένην
1302 2661 1501 2697 προσκύνησιν,
1526 2663 1573 2690 ὑπ’
1597 2663 1687 2690 αὐτῶν
1714 2663 1839 2690 ἐπιτελε-

1047 2706 1231 2742 σθησομένην.
