2073 3161
226 180 261 211 99
982 172 1134 203 JOSEPPI

1808 168 1860 201 100

261 234 306 262 tl.
327 232 425 261 Milites
441 232 525 268 Syros
542 234 637 259 contra
659 237 689 257 se
705 229 846 257 venientes
860 226 1014 254 ltallucina-
1029 256 1030 260 η

1103 227 1227 258 ια’.Τοὺς
1250 227 1294 253 ἐπ’
1320 225 1402 253 αὐτὸν
1421 220 1548 256 ἐλθόντας
1571 222 1742 259 στρατιώτας
1758 217 1859 259 Σύρους

228 280 301 307 tione
316 278 447 309 alliciens,
465 278 493 304 in
512 276 650 304 civitatem
671 274 832 302 introduxit.

264 324 306 351 19.
325 323 502 351 Obsidionem
516 322 626 356 patienti
644 320 710 355 regi,
736 319 964 354 convenientique
984 318 1013 345 in

229 369 399 400 Samariam,
428 365 634 394 imminentibus
659 365 792 395 hostibus,
820 371 852 392 ac
876 368 1019 398 propterea

228 414 303 442 fame
319 411 454 440 universis
480 411 551 437 intra
580 411 718 437 civitatem
746 409 935 444 pereuntibus,
961 415 1020 435 ma-

225 467 308 495 gnam
324 459 379 485 vim
409 456 492 483 triciti
514 462 541 482 et
557 455 651 482 hordei
667 459 789 482 actutum
806 454 926 481 futuram
951 460 1020 487 prae-

227 504 306 531 dixit.
322 502 451 538 Angelica
469 509 553 536 porro
573 501 673 527 virtute
690 500 783 527 hostes
797 499 928 534 exagitati
944 503 1020 531 sunt,

227 553 254 575 et
270 548 323 575 cibi
343 548 456 574 inventi.

265 593 308 620 13.
323 591 391 619 Tres
406 599 484 627 reges
499 595 527 618 et
539 591 688 618 exercitum
708 590 752 617 siti
779 595 950 624 pereuntem,
974 597 1022 616 co-

230 640 446 674 piosissimarum
478 644 613 671 aquarum
642 636 668 662 vi
692 641 861 670 erumpente,
879 640 943 670 potu
969 636 1022 663 sal-

232 685 315 712 vavit.

267 730 311 756 14.
328 728 434 760 Ell‘ecit,
450 733 479 755 ut
496 727 547 755 olei
562 727 638 762 copia
654 726 788 754 dililueret
803 725 891 753 vidua:
903 725 1022 758 mulieri,

230 776 308 810 cujus
328 775 374 802 ﬁlii
390 775 503 809 jamjam
521 773 658 801 vendendi
669 777 747 799 erant
763 772 798 799 ob
813 779 850 799 res
869 772 988 798 alienum
1008 779 1022 797 a

230 825 307 856 patre
317 825 498 851 contractum,
514 827 568 854 quo
597 824 624 846 el.
639 819 761 846 debitum
783 818 911 848 solveret,
930 821 957 844 et
972 817 1022 851 ipsi

234 875 267 894 ac
282 871 367 893 mater
379 873 474 892 eorum
486 864 600 891 enutriri
618 869 739 898 possent.

1069 272 1187 309 ἁορασίᾳ
1202 271 1371 307 περιϐαλὼν,
1386 271 1426 302 εἰς
1439 271 1488 306 τὴν
1500 270 1579 296 πόλιν
1595 271 1740 304 εἰσήγαγε.

1107 317 1149 352 ιβ’.
1164 316 1390 352 Πολιορκουμένιρ
1410 315 1527 350 βασιλεῖ,
1545 314 1592 341 καὶ
1606 314 1796 349 συνερχομένῳ
1821 315 1861 346 εἲς

1069 362 1119 398 τὴν
1136 363 1294 397 Σαμάρειαν
1306 381 1313 392 ,
1326 361 1381 388 τῶν
1395 361 1532 394 πολεμίων
1544 360 1725 394 ἐπικειμένων
1737 381 1743 391 ,
1756 361 1804 386 καὶ
1819 360 1862 386 διὰ

1070 407 1150 433 τοῦτο
1159 406 1230 441 λιμῷ
1249 405 1358 433 πάντων
1373 405 1429 432 τῶν
1455 405 1484 430 ἐν
1509 406 1541 440 τῇ
1566 404 1644 431 πόλει
1662 404 1860 438 φθειρομένων,

1071 452 1202 486 ἀφθονίαν
1217 453 1292 479 σίτου
1314 451 1361 478 καὶ
1373 450 1476 486 κριθῶν
1488 451 1586 485 ἁθρόον
1602 451 1732 485 προεῖπεν
1740 450 1861 480 ἔσεσθαι,

1072 497 1120 524 καὶ
1127 496 1260 532 ἀγγελικῇ
1274 496 1389 531 δυνάμει
1399 496 1424 522 oi
1433 496 1559 531 πολέμιοι
1575 495 1764 530 ἐξηλαύνοντο,
1776 495 1822 521 καὶ
1834 495 1862 520 αἱ

1072 542 1171 577 τροφαὶ
1186 542 1310 577 εὕρηντο.

1110 588 1152 621 ιγ’.
1174 589 1254 624 Τρεῖς
1267 588 1387 623 βασιλεῖς
1402 588 1449 614 καὶ
1467 586 1582 622 στρατὸν
1599 587 1713 622 ἄπειρον
1723 587 1768 613 διὰ
1783 586 1863 621 δίψαν

1073 634 1258 669 ἀπολλύμενον
1284 634 1388 660 ὑδάτων
1402 632 1508 669 ἀθρόων
1519 632 1637 667 ὲπιφορᾷ
1651 632 1772 667 ῥαγδαίῳ
1788 630 1863 667 ποτῷ

1073 679 1195 706 διέσωσε.

1110 724 1150 750 ιδ’.
1174 724 1280 750 Ἑλαίου
1295 723 1373 758 ῥύσιν
1385 723 1459 759 χήρᾳ
1484 722 1605 756 γυναικὶ,
1627 721 1778 757 μελλόντων
1802 722 1863 747 δου-

1073 770 1184 796 λοῦσθαι
1201 770 1245 796 διὰ
1262 769 1390 805 πατρῷον
1409 770 1490 804 χρέος
1517 769 1571 795 τῶν
1597 768 1662 794 υἱῶν
1678 767 1775 801 αὐτῆς,
1795 767 1864 802 πρὸς

1074 816 1124 850 τὴν
1138 815 1191 842 τῶν
1203 815 1291 850 χρεῶν
1315 816 1420 841 ἔκτισιν
1431 814 1480 842 καὶ
1494 813 1640 849 διατροφην
1653 813 1742 839 αὐτῶν
1758 813 1804 839 καὶ
1815 813 1863 847 τῆς

1078 860 1179 895 μητρὸς
1195 861 1350 893 ἐποιήσατο.

267 912 314 938 15.
324 911 351 937 In
368 913 525 945 sepulcrum
540 910 600 944 ejus
617 917 678 936 cum
705 908 817 944 quidam
841 911 967 934 mortuus
986 906 1020 933 ab

1109 905 1149 931 ιε’.
1163 906 1206 932 Ἐν
1217 905 1245 932 δὲ
1262 905 1300 940 τῷ
1317 905 1439 940 μνήματι
1451 905 1534 932 αὑτοῦ
1548 905 1643 940 νεκρὸς
1653 905 1705 931 ὑπὸ
1716 905 1770 931 τῶν
1783 905 1863 931 ἐκκο-

232 957 318 991 iisqui
336 956 414 983 illum
434 955 583 982 etl'erehant
596 954 735 988 projectus
745 953 850 984 fuisset,
864 952 1023 982 resurrexit,

232 1007 260 1029 et
272 1009 334 1029 cum
347 1002 380 1029 iis
394 1001 440 1035 qui
458 1008 488 1028 se
501 1000 672 1034 projecerant
683 999 811 1027 currebat
824 998 857 1024 ad
872 997 1022 1024 civitatem.

232 1047 411 1075 Festinabant
425 1047 498 1074 enim
512 1053 684 1081 praepropere
710 1045 803 1073 subire
815 1044 966 1076 civitatem,
997 1049 1026 1071 ut

234 1094 370 1121 evitarent
383 1093 502 1120 latrones
519 1090 566 1126 qui
580 1099 628 1118 eos
645 1090 874 1125 insequebantur.

277 1159 356 1188 CAP.
369 1158 514 1186 LXXXIII.
528 1173 562 1180 —-
575 1159 641 1191 Qum
656 1157 819 1193 prophetatu't
840 1155 916 1184 Elia:
937 1157 970 1184 “.

272 1257 339 1292 Regi
353 1255 435 1284 Israel
450 1255 562 1283 Achabo
571 1256 608 1282 ait
623 1255 680 1282 l’ore
697 1261 727 1282 ut
738 1263 792 1282 non
808 1255 912 1290 plueret
939 1263 1028 1290 usque

239 1303 303 1330 dum
316 1303 374 1337 ipse
391 1302 510 1337 pluviam
527 1302 691 1329 advocaret:
721 1305 749 1328 et
768 1301 810 1329 sic
834 1301 941 1328 accidit.
959 1301 1026 1328 Cum

239 1346 371 1374 Oclmsias
394 1345 497 1373 Acbabi
514 1346 586 1373 ﬁlius
600 1349 753 1381 aegrotaret,
781 1345 954 1380 misissetque
979 1346 1026 1381 qui

239 1391 309 1426 apud
327 1392 405 1418 deum
419 1392 542 1418 Accaron
565 1391 774 1418 sciscitarentur
801 1398 931 1418 numnam
956 1396 1029 1418 esset

238 1436 421 1463 valetudinem
446 1440 644 1463 consecuturus
660 1455 668 1468 ,
685 1435 782 1462 obvius
806 1435 896 1463 factus
922 1437 1025 1464 nuntiis

240 1479 313 1509 illius
326 1481 422 1513 edixit,
440 1486 468 1508 ut
485 1482 518 1508 ad
533 1489 595 1509 eum
609 1481 755 1515 referrent,
768 1481 929 1516 quodimpie
946 1489 1029 1517 agens

239 1535 254 1553 a
271 1526 440 1554 diemonibus
458 1527 492 1554 de
507 1527 662 1554 valetudine
687 1534 737 1554 sua
763 1527 876 1554 oracula
902 1528 1027 1562 postulet,

239 1573 367 1607 quodque
382 1576 525 1607 propterea
540 1580 595 1599 non
606 1571 790 1600 convalescet.

263 1639 340 1667 CAP.
370 1638 514 1666 LXXXlV.
545 1639 678 1689 ——m_9t:re
702 1643 765 1666 sunt
791 1638 884 1666 Είὶειεί
912 1639 1004 1666 vatici-

581 1681 625 1700 ma
642 1681 676 1701 ¹¹.

277 1737 396 1765 Veniens
423 1735 586 1765 Damascum
603 1738 704 1765 Azaclo
730 1738 874 1772 praedixit,
891 1731 963 1774 quod
980 1738 1034 1764 Da-

244 1783 328 1810 masci
356 1791 404 1810 rex
426 1784 532 1811 Aderns
543 1785 694 1811 moriturus
711 1789 769 1810 erat
801 1792 808 1810 :
832 1785 934 1811 missus
952 1791 1034 1819 porro

245 1827 334 1854 fuerat
353 1828 387 1855 ab
401 1827 447 1854 illo
459 1820 581 1862 graviter
605 1833 756 1863 mgrotante
768 1848 775 1859 ,
794 1834 837 1855 ut.
850 1829 1035 1856 sciscitaretur

244 1877 338 1899 utrum
369 1873 581 1901 convalesceret.
618 1873 682 1901 Item
711 1874 784 1908 quod
815 1874 873 1908 ipse
900 1875 1036 1909 exciperet

244 1918 322 1945 illum
350 1917 377 1944 in
394 1925 487 1952 regno,
508 1918 682 1954 plurimaque
713 1919 806 1946 lsraeli
825 1919 895 1946 mala
911 1920 1036 1947 illaturus

246 1967 331 1991 esset.
359 1963 487 1990 Praedixit
516 1963 610 1996 etiam,
623 1965 696 1999 quod
721 1964 771 1992 qu
787 1965 820 1992 ad
840 1970 965 2000 quartam
978 1965 1037 1999 ejus

247 2009 449 2045 generationem
463 2008 555 2036 lsraeli
572 2009 754 2044 imperaturus
770 2015 852 2043 esset,
869 2015 980 2038 evectus
1003 2011 1036 2038 ad

248 2062 362 2089 regnum
378 2058 408 2081 ut
419 2055 573 2083 destrueret
591 2057 692 2091 regiam
704 2057 807 2084 Aehabi
818 2057 940 2084 domum.
967 2057 1036 2084 Cum

247 2099 297 2127 Jeu
310 2099 344 2126 ad
363 2099 440 2127 illum
454 2100 627 2133 accessisset,
644 2102 779 2136 praedixit,
796 2102 868 2136 quod
884 2105 928 2128 ter
941 2101 1038 2128 conﬂi-

247 2150 291 2180 get
305 2153 368 2173 cum
383 2153 468 2181 regno
484 2143 622 2178 Damasci,
637 2150 665 2174 et
678 2147 766 2174 vietor
779 2147 833 2174 erit
849 2147 876 2174 in
893 2147 964 2174 bello
989 2147 1037 2173 ad-

248 2197 344 2216 versus
377 2197 450 2216 eam.
468 2188 501 2216 Et
516 2190 580 2223 quia
607 2197 669 2217 cum
694 2190 822 2224 iussisset
842 2194 871 2216 ut
885 2189 1035 2216 contentio-

1077 950 1209 984 μιζόντων
1226 951 1308 977 αὐτὸν
1318 950 1485 985 ὲπιρῥιφεὶς,
1500 951 1636 981 ἀνίστατο,
1655 952 1700 976 καὶ
1725 950 1796 985 μετὰ
1809 949 1864 976 τῶν

1075 995 1279 1030 ὲπιρριψάντων
1301 995 1382 1021 αὑτὸν
1400 994 1474 1021 ἑοεεν
1499 995 1546 1021 ἐπὶ
1570 995 1618 1030 τὴν
1633 995 1709 1022 πόλιν
1725 1003 1730 1009 ν
1749 995 1797 1021 καὶ
1811 995 1865 1030 γὰρ

1075 1038 1146 1075 ἦσαν
1158 1040 1297 1075 ὁρμῶντες
1310 1041 1376 1066 εἴσω
1390 1041 1440 1075 τῆς
1455 1040 1570 1072 πόλεως,
1589 1041 1690 1076 λῃστὰς
1706 1040 1866 1067 ἐπιδιώκον-

1076 1093 1125 1117 τας
1142 1086 1240 1116 αὐτοὺς
1253 1085 1507 1120 ἀποδιδράσκοντες.

1077 1152 1203 1179 ΚΕΦΔΛ.
1224 1151 1287 1179 ΠΓ¹.
1322 1168 1355 1172 -
1387 1153 1567 1213 Τίρὲιλιὲστὶν
1592 1152 1611 1180 d
1637 1153 1866 1188 προεφήτευσεν

1470 1195 1527 1213 mc.

1470 1195 1527 1220 ιας.

1116 1254 1224 1280 Βασιλεῖ
1237 1254 1283 1280 τοῦ
1304 1253 1410 1289 Ἰσραὴλ
1438 1254 1477 1289 τῷ
1494 1254 1597 1289 Ἀχαὰὸ
1618 1252 1705 1287 εἶπεν,
1723 1255 1760 1286 ὡς
1775 1255 1806 1282 οὗ
1827 1254 1865 1290 μὴ

1080 1298 1169 1333 βρέξει
1182 1299 1234 1329 ἕως
1244 1296 1330 1335 οὗπερ
1342 1300 1422 1331 αὐτὸς
1437 1301 1483 1326 τὸν
1496 1300 1598 1335 ὃμϐρον
1609 1301 1809 1330 ὲπικαλέσοιτο.
1819 1301 1867 1327 καὶ

1079 1343 1164 1375 οὕτως
1198 1344 1313 1377 ἐγίνετο.
1346 1344 1456 1379 Ὀχοζία
1490 1344 1529 1379 τῷ
1564 1345 1611 1371 τοῦ
1644 1345 1746 1379 ’Λχιιὰό
1763 1345 1868 1379 υίῷνο-

1081 1389 1182 1422 σοῦντι,
1199 1391 1246 1415 καὶ
1258 1390 1452 1416 ἀποστείλαντι
1466 1390 1542 1425 παρὰ
1565 1390 1605 1424 τῷ
1620 1391 1648 1416 ἐν
1665 1392 1698 1425 τῇ
1723 1390 1866 1425 ’Δκκαρῶν

1080 1433 1134 1468 θεῷ
1150 1435 1291 1469 ἐπερωτᾷν
1314 1435 1338 1460 εἰ
1352 1434 1474 1469 ζήσεται,
1499 1435 1555 1465 τοῖς
1571 1435 1696 1468 ἀγγέλοις
1720 1434 1803 1461 αὐτοῦ
1819 1443 1868 1460 πε-

1081 1481 1208 1516 ριτυχὼν,
1219 1482 1332 1516 προεῖπε
1343 1481 1433 1514 λέγειν
1441 1481 1516 1516 αὑτῷ
1528 1481 1569 1507 ὅτι
1585 1482 1632 1508 καὶ
1639 1481 1778 1508 δυσσεϐὦν
1793 1481 1868 1516 παρὰ

1080 1526 1217 1560 δαιμόνων
1232 1527 1296 1561 περὶ
1310 1526 1357 1552 τοῦ
1367 1526 1499 1561 ζήσεσθαι
1518 1527 1566 1558 τὰς
1584 1527 1713 1562 μαντείας
1729 1528 1810 1559 αἰτεῖ,
1822 1527 1869 1553 καὶ

1043 1570 1066 1601 C
1080 1571 1124 1597 διὰ
1137 1571 1214 1598 τοῦτο
1231 1572 1261 1598 οὐ
1277 1571 1398 1607 ζήσεται.

1083 1638 1209 1666 ΚΕΦΔΛ.
1231 1638 1291 1666 ΠΔ¹.
1311 1653 1345 1659 -
1364 1640 1434 1666 Τίνα
1451 1640 1548 1678 ’ἐστὶν
1568 1640 1588 1667 ἅ
1606 1641 1780 1676 Ἐλισσαῖος
1798 1650 1870 1678 προ-

1402 1674 1580 1708 εφήτευσεν.

1127 1737 1226 1764 Ἐλθὼν
1237 1739 1275 1769 εἱς
1285 1738 1336 1774 τὴν
1351 1739 1498 1774 Δαμασκδν
1518 1741 1641 1776 ’Δζαήλω
1665 1743 1807 1776 προετπεν,
1833 1743 1872 1775 ὡς

1085 1782 1099 1808 ὁ
1116 1783 1166 1817 μὲν
1177 1784 1225 1817 τῆς
1244 1783 1391 1818 Δαμασκοῦ
1415 1784 1540 1818 βασιλεὺς
1568 1786 1582 1811 ὁ
1609 1786 1691 1821 ’Ἄδερ
1701 1787 1872 1822 τεθνήξεται.

1093 1827 1239 1862 Ἐτὺγχανε
1254 1828 1276 1854 δ’
1294 1828 1501 1863 ἀπεσταλμένος
1523 1830 1568 1856 ὑπ’
1589 1830 1672 1856 αὑτοῦ
1690 1831 1872 1865 κακουμένου,

1087 1872 1253 1906 πευσόμενος
1268 1872 1348 1899 αὑτὸν
1356 1873 1380 1899 εί
1391 1873 1513 1907 ζήσεται.
1524 1874 1608 1906 Αὐτὸς
1620 1874 1648 1901 δὲ
1662 1875 1782 1909 διάδοχος
1792 1875 1874 1902 αὑτοῦ

1087 1916 1137 1950 τῆς
1154 1916 1293 1950 βασιλείας
1309 1917 1398 1950 ἔσται,
1412 1918 1459 1944 καὶ
1470 1918 1619 1952 πάμπολλα
1631 1919 1677 1945 τοῦ
1689 1920 1744 1954 (99)
1766 1921 1875 1956 Ἰσραὴλ

1087 1961 1233 1995 ἐνδείξεται
1247 1963 1333 1990 δεινά,
1346 1963 1400 1989 Καὶ
1412 1963 1458 1990 τδν
1481 1963 1551 1998 Ἰηοῦ
1567 1966 1680 1998 προεῖπε
1697 1965 1745 1991 τοῦ
1766 1966 1874 2001 Ἰσραὴλ

1088 2008 1135 2034 ἐπὶ
1146 2008 1281 2043 τετάρτην
1299 2009 1382 2036 αὐτοῦ
1404 2010 1502 2043 γενεὰν
1516 2009 1697 2044 βασιλεύσειν,
1714 2011 1762 2038 επὶ
1779 2012 1875 2038 καθαι-

1089 2053 1164 2088 ρέσει
1175 2053 1222 2081 τοῦ
1236 2055 1312 2081 οῐκου
1334 2055 1385 2090 τῆς
1396 2055 1444 2082 τοῦ
1476 2055 1579 2089 ’Δχαάὃ
1606 2055 1755 2090 βασιλείας,
1778 2057 1878 2092 προσε-

1088 2099 1223 2134 ϐλημινον
1243 2101 1283 2131 είς
1311 2100 1362 2135 τήν
1389 2099 1544 2135 βασιλειαν·
1570 2101 1787 2136 παραγενομένῳ
1809 2103 1876 2137 πρὸς

1089 2144 1170 2170 αὐτὸν
1183 2144 1222 2179 τῷ
1244 2144 1314 2179 Ἰηοῦ
1339 2146 1479 2179 προεῖπεν,
1508 2145 1547 2176 ὡς
1573 2145 1664 2178 τρίτον
1681 2146 1828 2181 προσσαλεί
1843 2149 1876 2181 τῇ

1091 2188 1214 2223 βασιλεία
1239 2190 1397 2223 Δαμασκοῦ,
1413 2190 1461 2216 καὶ
1477 2191 1586 2225 νικήσει
1598 2191 1642 2217 τὸν
1656 2191 1716 2217 κατ’
1727 2192 1812 2226 αὐτῆς
1827 2193 1878 2218 πό-

249 2233 357 2260 sissime
369 2234 482 2267 sagittas
492 2235 638 2264 emitteret.
651 2239 692 2260 ter
703 2234 812 2261 emissis
828 2234 945 2268 sagittis,
955 2233 1030 2259 absti-

1093 2231 1186 2266 λεμον.
1210 2233 1263 2259 Καὶ
1278 2234 1371 2268 ἐπειδὴ
1393 2235 1519 2261 ἐκέλευσε
1538 2235 1659 2267 τοξεύειν
1678 2236 1877 2268 συντονώτατα,

250 2278 310 2303 nuit
325 2285 342 2304 a
357 2278 445 2310 jactu,
464 2278 564 2305 idcirco
582 2285 653 2312 aegre
676 2278 704 2304 id
730 2278 823 2305 ferens
836 2277 982 2312 propheta.
1000 2278 1038 2304 ait

251 2327 292 2349 ter
303 2323 432 2350 victorem
445 2322 581 2350 futurum.
598 2323 627 2350 Si
641 2324 713 2350 enim
731 2324 878 2358 quinquies
891 2323 1042 2357 eiaculatus

252 2368 367 2400 luisset,
401 2368 537 2403 integrum
574 2368 807 2396 Damascenorum
836 2376 949 2404 regnum
983 2374 1043 2396 crat

251 2421 408 2441 υνδεξιμ-υς.

281 2469 356 2496 CAP.
374 2469 507 2497 LXXXV.
522 2485 557 2491 ——
572 2470 700 2503 Quantam
714 2471 878 2506 prophetam
893 2471 952 2498 ϐοά
969 2472 1005 2498 ’⁸.

290 2557 359 2585 Cum
377 2562 568 2586 enumerasset
586 2557 680 2590 David,
710 2563 804 2585 contra
822 2563 904 2593 atque
920 2559 974 2586 Deo
1002 2559 1044 2586 vi-

253 2603 378 2635 debatur,
393 2605 523 2637 populum
538 2623 547 2636 ,
572 2603 599 2630 id
621 2603 713 2638 inique
732 2603 801 2631 ferre
821 2605 860 2632 ait
885 2604 969 2632 Deum
998 2606 1046 2633 ad-

253 2656 349 2676 versus
376 2649 464 2681 illum,
483 2653 564 2682 atque
580 2656 614 2676 ex
638 2649 724 2676 tribus
753 2650 959 2677 imminentibus
985 2651 1046 2677 ani-

1094 2278 1184 2313 τρίτον
1200 2279 1346 2310 ἀκοντίσας
1360 2279 1390 2305 τὸ
1405 2279 1481 2314 βέλος
1491 2300 1499 2312 ,
1517 2281 1619 2315 ἐπέσχε
1633 2281 1684 2315 τὴν
1702 2281 1784 2316 βολήν
1802 2289 1809 2296 ο
1837 2282 1880 2307 λυ·

1093 2323 1191 2357 πηθεὶς
1217 2324 1245 2350 δὲ
1274 2325 1288 2351 ὁ
1305 2325 1448 2360 προφήτης
1472 2325 1524 2360 ἔφη
1543 2326 1574 2352 τὸ
1592 2326 1684 2360 τρίτον
1705 2327 1828 2362 ἑκνικᾷν.
1849 2327 1880 2353 El

1092 2369 1148 2403 γὰρ
1163 2368 1289 2403 πέμπτον
1307 2370 1450 2404 ἡκόντισεν
1470 2370 1513 2402 ἂν,
1538 2370 1645 2406 πλήρης
1659 2371 1697 2406 (1)
1720 2372 1770 2406 τὴν
1791 2373 1881 2406 Δαμα-

1094 2413 1201 2447 σκηνῶν
1218 2414 1319 2448 ἦμελλε
1336 2415 1476 2451 καθαίρειν
1490 2415 1640 2450 βασιλείαν.

1093 2470 1218 2496 ΚΕΦΛΛ.
1235 2469 1296 2496 ΠΕ¹.
1312 2486 1347 2491 -
1370 2472 1440 2498 Τίνα
1463 2472 1551 2498 ἐστὶν
1569 2471 1588 2498 ἆ
1609 2472 1673 2499 Γὰδ
1698 2472 1883 2507 προεφήτευ-

1454 2514 1521 2533 σεν.

1137 2560 1377 2597 Ἀπαριθμήσαντι
1401 2562 1440 2597 τῷ
1468 2563 1552 2589 Δασὶδ
1580 2563 1658 2599 παρὰ
1675 2563 1708 2589 τὺ
1726 2563 1821 2590 δοκοῦν
1844 2563 1884 2598 τῷ

1096 2606 1156 2641 Θεῷ
1175 2607 1220 2633 τὸν
1228 2607 1302 2639 λαὸν,
1319 2608 1484 2641 ἀγανακτεῖν
1499 2608 1551 2643 ἔφη
1569 2609 1615 2635 τὸν
1628 2608 1695 2635 Θεὸν
1709 2609 1769 2635 κατ’
1788 2608 1882 2640 αὐτοῦ,

1097 2651 1145 2678 καὶ
1159 2651 1191 2678 ὲκ
1202 2651 1286 2685 τριῶν
1303 2653 1484 2687 ἐπικειμένων
1497 2653 1648 2688 τιμωριῶν,
1664 2653 1765 2689 δηλαδὴ
1785 2652 1823 2688 ('2)
1836 2653 1884 2680 10-3

290 2726 312 2741 ²⁶
325 2724 357 2751 Ill
370 2725 436 2761 Reg.
461 2735 528 2759 xvu,
544 2735 618 2754 xvtn.
657 2729 678 2744 ²⁷
693 2727 726 2754 IV
736 2727 802 2762 Reg.
814 2735 874 2761 vm,
889 2736 915 2760 ε,
936 2736 995 2755 xm.
1034 2727 1086 2755 “ll
1103 2728 1168 2763 Reg.
1187 2736 1262 2761 xxtv,
1276 2729 1319 2756 ll.

290 2803 345 2835 (99)
353 2803 439 2838 forte
455 2805 503 2838 τῷ.

292 2838 331 2871 (ι)
352 2836 432 2864 Forte
449 2836 550 2874 πλήρη.

1135 2807 1172 2843 (<2)
1190 2808 1230 2834 Al.
1246 2808 1290 2835 διὰ
1304 2808 1346 2842 δή.
