2073 3161
255 194 305 226 133

1010 191 1162 223 JOSEPPI

1827 187 1878 220 104

252 257 332 277 suum
360 249 445 276 altare
472 248 624 278 dedicabat,
651 246 814 274 vaticinatus
843 250 885 273 est
910 245 968 272 fore
992 246 1041 272 ali-

1098 245 1144 271 τοῦ
1167 244 1309 280 Ἰεροὸοὰμ
1334 245 1364 270 τὸ
1389 243 1582 278 θυσιαστήριον
1599 242 1811 276 ἑγκαινίζοντος,
1832 241 1880 270 καὶ

254 295 373 329 quando,
388 299 417 321 ut
431 293 520 321 .Iosias
538 296 672 327 regnaret,
696 291 742 326 qui
761 291 956 318 combuslurus
983 296 1041 318 crat

253 341 481 368 sacrificantesin
499 347 531 366 eo
558 339 647 368 altari,
675 338 796 365 exhibito
823 337 914 365 statim
951 337 1039 371 signo,

255 387 314 420 ipsa
333 386 426 412 altaris
441 385 603 418 diruptione,
625 383 699 418 quod
725 383 853 417 praedicta
879 387 971 409 essent
994 383 1041 410 obs

255 435 377 458 ventura.

323 484 400 511 CAP.
415 483 471 510 XC.
488 498 523 502 —
540 483 610 515 Quid
631 483 795 517 prophetavlt
818 482 906 509 Baasa
924 483 956 508 ".

235 547 236 550 ‘
288 540 354 575 Regi
370 540 464 572 Israel,
488 541 534 574 qui
550 545 576 566 et
601 540 656 574 ipse
686 539 771 566 Baaza
797 540 948 571 dicebatur,
972 546 1041 573 prm-

254 585 332 617 dixit,
358 593 419 612 eum
442 585 496 611 cito
519 585 693 616 moriturum,
722 589 832 618 propter
857 590 921 610 suas
947 582 1041 617 impie-

255 636 334 658 tates.

283 684 364 719 _CAP.
378 684 447 711 XCI.
462 698 496 703 —
514 684 584 716 Quid
603 684 761 710 vaticinatus
776 688 812 710 est
826 683 950 710 Hic/imas
963 683 995 709 ⁸³.

288 740 536 775 Pseudoprophetis
547 740 742 767 seduceutibus
757 739 908 771 Achabum,
925 739 970 774 qui
984 743 1042 766 eral.

255 795 302 814 rex
322 786 414 816 Israel.
429 786 500 820 quod
517 786 539 813 si
551 790 683 820 pugnaret
699 792 761 811 cum
782 785 854 812 Ader
868 792 928 820 rege
946 784 1040 819 Syrite,

255 832 376 858 auferret
404 832 439 859 ab
472 832 518 858 illo
547 831 686 865 regionem
718 830 927 861 Galaaditidem.
959 837 1040 864 quam

256 878 316 912 Syri
331 877 385 911 jam
401 876 504 911 pridem
523 876 556 903 ab
573 875 701 903 Israelilis
720 875 890 902 abstulerant
905 884 912 901 :
929 880 1041 902 vocatus

1093 291 1233 325 προειπὼν
1259 289 1433 316 τὸν-Ἰωσίαν
1459 289 1639 323 βασιλεύσειν,
1666 289 1694 319 ὃς
1719 288 1880 315 κατακαίειν

1092 335 1193 370 ἤμελλε
1208 335 1272 365 τοὺς
1293 335 1458 368 ἰερωμένους
1486 335 1515 359 ὲν
1545 333 1583 367 τῷ
1606 333 1803 367 θυσιαστηρίῳ,
1831 341 1880 365 ση-

1094 381 1170 414 μεῖον
1183 379 1341 412 παραυτίκα
1358 379 1420 410 δοὺς
1430 378 1476 404 τοῦ
1491 378 1684 413 θυσιαστηρίου
1701 378 1749 412 τὴν
1766 378 1880 413 διάῤῥη-

1093 424 1145 457 ξιν,
1160 432 1208 450 του
1222 424 1252 450 τὸ
1268 423 1425 459 προρρηθὲν
1439 422 1614 457 γενήσεσθαι.

1164 480 1291 507 ΚΕΦΑΛ.
1315 482 1350 513 ιιν.
1372 495 1407 500 -
1425 479 1455 506 Τί
1472 478 1678 513 προεφήτευσε
1695 477 1809 505 Βαασά.

1127 535 1173 570 Τῷ
1190 534 1296 569 βασιλεῖ
1308 533 1355 560 τοῦ
1377 533 1502 569 Ἰσραὴλ,
1519 533 1614 559 Βαασᾶ
1634 533 1682 559 καὶ
1704 532 1778 567 αὐτῷ
1804 532 1881 566 λεγο-

1094 579 1177 614 μένῳ,
1195 580 1338 614 προεῖπεν,
1370 579 1407 610 ὡς
1428 578 1586 613 τεθνήξεται
1602 578 1651 613 τὴν
1668 577 1809 613 ταχίστην,
1835 577 1880 604 διὰ

1091 623 1142 655 τὰς
1153 624 1323 656 δυσσεϐείας.

1146 679 1273 706 ΚΕΦΑΛ.
1287 678 1345 713 ὶιΛἏ
1359 694 1394 699 --
1413 679 1443 706 Τί
1460 678 1668 712 προεφήτευσε
1681 677 1826 711 ξΜιχαίας.

1128 735 1188 763 Τῶν
1199 735 1431 771 ψευδοπροφητῶν
1445 735 1613 762 ἁπατώντων
1628 735 1675 760 τὸν
1705 734 1823 768 Ἀχαὰ6,
1850 732 1881 765 ὃς

1092 779 1126 816 ἦν
1139 780 1185 807 τοῦ
1208 781 1316 816 Ἰσραὴλ
1337 781 1475 815 βασιλεὺς,
1490 780 1528 810 ὡς
1548 781 1705 815 πολεμήσας
1724 780 1770 805 τὸν
1796 779 1881 814 Σύρον

1095 827 1208 862 βασιλέα
1224 828 1270 854 τὸν
1300 829 1397 862 Ἀδερ,
1424 826 1611 861 ἀφαιρήσεται
1643 825 1709 860 παρ’
1724 824 1808 851 αὑτοῦ
1831 825 1880 859 τὴν

1095 872 1253 898 Γαλααδῖτιν
1270 872 1378 907 χώραν,
1405 872 1438 906 ἢν
1463 872 1487 897 οἱ
1506 870 1586 906 Σύροι
1605 870 1690 897 πάλαι
1718 870 1794 906 παρὰ
1825 870 1880 896 τῶν

256 911 283 949 et
305 923 362 957 ipse
383 927 412 949 ut
441 922 554 953 diceret,
582 921 646 956 quid
670 921 824 948 faciendum
859 925 941 952 esset,
971 928 1041 947 anne

1099 917 1273 952 Ἰσραηλιτῶν
1289 918 1440 952 ἀφείλοντο,
1457 917 1567 952 κληθεὶς
1581 916 1628 943 καὶ
1643 916 1724 946 αὐτὸς
1739 916 1837 945 εἰπεῖν,
1854 915 1881 941 τί

256 971 350 994 contra
369 966 454 1001 Syros
476 965 631 992 bellandum
645 985 651 997 ,
670 965 804 999 praedixit,
820 964 891 999 quod
905 962 927 992 si
946 964 1041 991 confii-

255 1017 340 1047 geret,
376 1011 574 1039 interimendus
602 1015 684 1040 esset,
723 1010 778 1037 Deo
817 1009 932 1037 dedente
964 1010 1040 1036 illum

257 1058 352 1084 fraude
369 1057 500 1084 daanmnis
517 1061 627 1091 propter
637 1055 721 1084 falsos
733 1055 888 1090 prophetas,
902 1059 931 1082 ut.
947 1055 981 1082 ob
992 1056 1042 1082 itu-

255 1103 370 1136 pietates
389 1102 499 1137 periret.

258 1201 333 1229 CAP.
347 1200 424 1228 XCII.
442 1215 477 1221 -—
500 1200 629 1232 Quwnam
643 1198 807 1233 prophetavit
826 1199 940 1225 Azarias
969 1198 1041 1232 [ilius

571 1233 658 1261 Sudor:
681 1234 714 1260 “.

290 1292 424 1327 Populum
439 1291 633 1319 derelictuium
651 1296 711 1317 esse
738 1289 881 1316 Dominum
895 1309 902 1321 ,
923 1289 1042 1323 itemque

257 1337 502 1372 derelinquendum
529 1336 562 1362 ad
598 1335 698 1362 multos
725 1335 783 1362 dies
808 1343 822 1361 a
851 1334 915 1361 Deo.
945 1334 1043 1362 Multas

256 1391 321 1410 vero
330 1391 440 1418 passum
451 1380 702 1408 animadversiones
711 1385 822 1415 propter
829 1380 1041 1412 derelictionem,

258 1429 285 1455 in
308 1429 393 1456 filium
416 1427 523 1455 tandem
541 1427 736 1454 assumendum
753 1426 820 1458 f'orc,
834 1426 1043 1460 agniturumque

256 1474 445 1507 castigatorem
458 1479 489 1499 ac
502 1472 664 1498 salvatorem
681 1478 772 1503 suum,
788 1475 814 1497 et
831 1471 1042 1505 promissionum

257 1519 472 1553 adimpletorem.

1094 963 1148 989 δέοι
1172 963 1236 998 περὶ
1264 963 1328 994 τοὺς
1355 962 1422 997 πρὸς
1449 962 1552 997 Σύρους
1572 961 1706 995 πολέμους
1733 961 1880 996 πράττειν,

1095 1010 1224 1043 προεῖπεν
1236 1029 1244 1042 ,
1261 1009 1299 1040 ὡς
1326 1008 1473 1043 συμϐαλὼν
1493 1008 1703 1042 ἀναιρεθήσεται
1713 1007 1784 1039 ,·τοῦ
1813 1007 1881 1033 Θεοῦ

1094 1056 1127 1089 τῇ
1156 1054 1279 1081 διαΰόλου
1308 1054 1400 1090 ἀπάτῃ
1426 1054 1605 1084 ἐκδεδωκότος
1641 1052 1734 1085 αὐτὸν,
1759 1053 1802 1079 διὰ
1827 1053 1882 1079 τῶν

1093 1098 1326 1134 ψευδοπροφητῶν
1337 1119 1344 1132 ,
1363 1099 1438 1130 ὅπως
1454 1099 1499 1125 διὰ
1515 1098 1564 1129 τὰς
1582 1097 1742 1129 δυσσεϐείας
1768 1098 1880 1133 ἀναιρε-

1095 1143 1219 1179 θήσεται.
1795 1173 1797 1175 η

1095 1201 1220 1228 ΚΕΦΛΛ.
1237 1199 1293 1233 ιβ’.
1306 1215 1339 1220 -
1352 1199 1424 1227 Τίνα
1433 1201 1659 1262 σξριὲεξοήτευσεν
1674 1200 1806 1235 Ἀζαρίας
1818 1199 1883 1232 υίὸς

1462 1244 1480 1262 α
1500 1245 1551 1262 um.

1462 1244 1551 1262 αοωκ.

1137 1293 1181 1324 Ὧς
1197 1293 1211 1318 ὁ
1226 1292 1289 1324 λαὸς
1301 1292 1495 1327 ἐγκαταλείψει
1507 1293 1553 1319 τὸν
1570 1291 1688 1326 Κύριον,
1704 1291 1751 1318 καὶ
1765 1291 1884 1324 ἔγκατα-

1096 1338 1269 1373 λειφθήσεται
1300 1339 1346 1365 ἐπὶ
1376 1338 1476 1369 πολλὰς
1502 1338 1608 1372 ἡμέρας
1640 1338 1692 1363 ὑπὸ
1716 1336 1803 1363 Θεοῦ·
1836 1335 1884 1362 καὶ

1097 1383 1180 1410 πολλὰ
1205 1383 1249 1410 διὰ
1274 1383 1324 1418 τῆς
1350 1383 1534 1417 καταλείψεως
1559 1382 1738 1417 τιμωρηθεὶς,
1761 1381 1801 1413 εἰς
1826 1381 1883 1407 υίὺν

1097 1428 1346 1464 προσληφθήσεται,
1362 1429 1444 1462 γνοὺς
1461 1429 1507 1454 τὸν
1525 1427 1669 1462 παιδευτὴν
1691 1427 1738 1454 καὶ
1757 1426 1882 1461 σωτῆρα,

1096 1475 1143 1501 καὶ
1157 1474 1210 1501 τῶν
1225 1474 1392 1508 ἐπαγγελιῶν
1409 1474 1564 1509 πληρωτὴν.

257 1575 331 1602 CAP.
349 1573 440 1602 XCIII.
457 1589 491 1594 —
507 1575 636 1612 Quianam
648 1574 808 1612 uaticinatus
826 1579 863 1600 est
878 1572 957 1600 Jesus
971 1572 1043 1607 ﬁlius

1098 1573 1224 1600 ΚΕΦΑΛ.
1238 1573 1287 1606 ιιΓσ
1300 1588 1334 1594 -
1352 1573 1420 1600 Τίνα
1431 1572 1657 1612 ξφοερῄτευσεν
1676 1573 1791 1606 Ἰησοῦς
1805 1573 1822 1599 ὁ
1831 1571 1884 1600 τοῦ

575 1609 662 1635 Αηαιιὶ
677 1609 710 1635 ³⁵.

292 1665 424 1700 Josaphat
441 1666 496 1700 rcgi
524 1665 614 1699 populi
639 1664 707 1691 .Iuda
720 1664 821 1691 bellum
852 1665 954 1699 gerenti
983 1672 1044 1691 cum

258 1711 351 1736 Achab
364 1711 391 1737 in
405 1711 587 1744 'expeditione
610 1709 740 1736 adversus
770 1708 852 1744 Syros
877 1716 926 1743 pro
946 1709 1046 1735 Rhem-

260 1756 332 1782 moth
345 1755 456 1787 Galaad,
470 1754 637 1790 fugientique
650 1754 684 1781 ab
698 1754 884 1781 internecione
908 1761 961 1780 una
983 1761 1045 1780 eum

259 1800 363 1832 Achab,
376 1801 474 1827 obvius
488 1801 575 1827 factus
592 1799 629 1826 ait
644 1808 650 1826 :
677 1799 753 1826 illum
783 1807 924 1834 perperam
947 1799 1046 1833 egisse.

260 1847 306 1881 qui
322 1854 384 1874 cum
408 1851 479 1873 esset
498 1846 544 1872 Dei
565 1846 682 1878 amicus,
707 1846 864 1873 societatem
879 1845 941 1872 belli
956 1845 1048 1880 junxit

259 1900 322 1920 cum
349 1891 444 1926 impio.
466 1891 575 1925 Deoque
601 1891 689 1918 inviso
710 1891 838 1923 homine;
856 1898 888 1917 ac
916 1890 969 1917 nisi
991 1890 1048 1925 ipse

260 1938 323 1971 pius
334 1937 409 1963 visus
425 1936 532 1968 fuisset,
554 1937 680 1970 idolaque
695 1936 764 1964 Juda
789 1937 982 1969 destruxisset,
999 1943 1047 1963 ex-

262 1985 354 2015 pertus
370 1981 463 2014 utique
473 1980 570 2007 fuisset
589 1980 656 2006 iram
675 1979 733 2012 Dei,
750 1985 859 2015 propter
876 1981 968 2007 irritant
984 1987 1046 2007 cum

262 2027 372 2053 Aehabo
386 2026 553 2061 societatem.

261 2082 337 2109 CAP.
353 2081 446 2109 XCIV.
474 2097 508 2102 ——
530 2083 663 2152 ραῗῖιέῗὲ
673 2084 856 2133 ³⁸ριόρΙιριαυὶι
883 2082 959 2111 Oziel
987 2091 1049 2117 pra-

295 2184 425 2219 .Iosaphat
452 2184 550 2211 bellum
576 2185 679 2219 gerenti
710 2185 841 2213 adversus
868 2174 1063 2218 Ammanitas;

1431 1607 1541 1634 Ἀνανί.

1139 1666 1272 1700 Ἰωσαφὰτ
1295 1665 1396 1701 τῷτοῦ
1425 1665 1491 1692 λαοῦ
1525 1665 1610 1692 ’ἰούδα
1639 1664 1745 1700 βασιλεῖ
1773 1672 1884 1698 συμμα-

1097 1712 1234 1747 χοῦντιτῷ
1254 1712 1367 1747 ’Λχαά6,
1382 1712 1412 1737 ὲν
1426 1713 1459 1746 τῇ
1479 1711 1548 1746 πρὸς
1564 1711 1627 1742 τοὺς
1643 1711 1747 1746 Σύρους
1760 1711 1823 1745 περί
1836 1711 1884 1744 τῆς

1104 1756 1231 1792 Ῥεμμὼθ
1252 1756 1357 1783 Γαλαὰδ
1379 1756 1469 1791 μάχῃ,
1483 1756 1641 1791 ἐκφυγόντι.
1655 1756 1686 1782 ὲκ
1702 1756 1751 1789 τῆς
1771 1756 1830 1790 ἄρα.
1846 1755 1885 1789 τῷ

1105 1793 1207 1836 Ἀχαᾶὃ
1227 1802 1410 1836 ἀναιρέσεως,
1427 1802 1585 1836 ὑπαντήσας
1599 1801 1650 1835 ἔφη
1666 1801 1759 1833 κακῶς
1776 1810 1886 1836 πεπρα-

1099 1847 1185 1882 χέναι,
1203 1848 1415 1882 συμμαχήσαντι
1425 1847 1463 1881 τῷ
1483 1847 1609 1874 δυσσεϐεῖ
1621 1847 1668 1873 καὶ
1684 1847 1736 1873 ὑπὸ
1755 1846 1823 1873 Θεοῦ
1842 1855 1887 1881 μι-

1099 1891 1223 1926 σουμένῳ
1243 1891 1318 1925 φίλον
1333 1892 1464 1924 γεγονότα
1476 1911 1484 1923 ,
1500 1891 1549 1917 καὶ
1578 1892 1602 1917 εί
1628 1891 1665 1925 μὴ
1680 1891 1760 1922 αὐτὸς
1773 1891 1887 1925 εὐσεϐὴς

1099 1936 1204 1970 φανεὶς,
1228 1936 1263 1962 τὰ
1277 1935 1374 1962 εἴδωλα
1391 1937 1438 1962 τοῦ
1463 1934 1548 1963 Ἰούδα
1574 1936 1719 1965 καθεῖλεν,
1744 1936 1830 1970 ὀργῆς
1853 1935 1887 1962 ἂν

1099 1980 1228 2014 ἐπειρᾶτο
1240 1979 1319 2012 Θεοῦ,
1333 1979 1377 2006 διὰ
1390 1980 1439 2014 τὴν
1453 1979 1500 2006 τοῦ
1525 1980 1626 2014 Ἀχαὰὸ
1647 1979 1815 2019 σύμπραξιν.

1103 2087 1230 2114 ΚΕΦΑΛ.
1255 2087 1310 2120 ιιΔι
1334 2103 1368 2108 ~-
1396 2088 1466 2114 Τίνα
1490 2088 1718 2122 προεφήτευσεν
1748 2089 1846 2123 Ὀζὶὴλ
1870 2091 1887 2117 d

1405 2123 1571 2156 προφήτης.

1137 2186 1182 2219 Τῷ
1205 2186 1340 2219 Ἰωσαφὰτ
1367 2186 1405 2220 (8)
1438 2187 1600 2221 πολεμοῦντι
1621 2189 1688 2222 πρὸς
1717 2188 1886 2223 Ἀμμανίτας

262 2234 290 2256 et
303 2230 434 2256 Moabitas
454 2234 635 2263 posterosque
655 2231 738 2262 Esau,
755 2231 801 2264 qui
817 2230 914 2257 Iudam
927 2232 1044 2266 aggressi

1101 2230 1149 2256 καὶ
1163 2230 1318 2262 Μωαϐίτας,
1335 2232 1380 2258 καὶ
1406 2232 1467 2263 τοὺς
1484 2233 1536 2258 ἀπὸ
1567 2232 1653 2258 Ἡσαῦ
1672 2232 1833 2264 ἐπελθόντας
1849 2234 1888 2268 τῷ

265 2273 383 2303 fuerant,
398 2273 523 2306 praedixit.
553 2273 610 2300 fore
635 2278 664 2300 ut
682 2282 730 2307 per
750 2282 843 2308 preces
868 2280 895 2302 et
922 2276 1047 2303 tubarum

264 2317 418 2352 clangorem
435 2318 508 2351 ipsos
521 2318 663 2351 perderet;
675 2323 756 2353 atque
767 2319 807 2346 sic
821 2321 943 2355 contigit.

263 2383 339 2411 CAP.
354 2383 434 2412 XCV.
449 2398 483 2403 —-
499 2384 801 2453 Qua’nan/tueaticinatus
814 2392 853 2413 est
868 2386 948 2414 Elim!
961 2387 1053 2415 Obdiw

647 2429 696 2446 tus.

647 2429 696 2446 tus.

300 2473 432 2508 Josaphat
462 2474 508 2509 qui
536 2482 598 2501 cum
627 2474 745 2503 Ochozia
774 2477 922 2504 amicitiam
941 2478 1049 2511 inierat,

264 2520 369 2547 Achabi
387 2520 453 2552 lilio,
474 2527 591 2554 eumque
607 2521 710 2547 socium
726 2522 822 2549 classis
840 2523 975 2556 effecerat,
992 2533 1053 2559 qua:

264 2566 290 2592 in
307 2565 473 2600 A‘Ilhiopiam
494 2566 637 2600 navigabat
660 2567 829 2594 mercimonii
862 2576 960 2601 causa,
982 2577 1051 2604 prte-

264 2612 344 2643 dixit,
362 2612 434 2646 quod
454 2611 536 2638 etiam
556 2612 690 2639 molestiis
707 2612 841 2648 naufragii
865 2614 921 2648 ipse
939 2623 1049 2650 quoque

264 2657 374 2685 eiii-ctus
391 2658 482 2685 minus
495 2658 605 2692 placens
618 2658 672 2686 Deo
689 2658 790 2687 idcirco
803 2665 876 2688 esset
886 2661 1045 2690 moriturus.

1109 2275 1204 2309 Ἰούδᾳ,
1219 2278 1366 2310 προεῖπεν,
1381 2277 1418 2308 ὡς
1444 2277 1477 2303 δι’
1491 2278 1573 2312 εὐχῆς
1594 2279 1640 2303 καὶ
1656 2278 1814 2313 σαλπίγγων
1837 2279 1887 2305 αὺ-

1099 2321 1162 2352 τοὺς
1176 2322 1341 2358 καθαιρήσῃ.
1359 2323 1413 2349 Καὶ
1426 2323 1511 2353 οὓτως
1528 2323 1635 2356 ἐγένετο

1101 2389 1226 2416 ΚΕΦΑΛ.
1243 2388 1299 2422 ιιΕι
1311 2405 1345 2410 -
1363 2390 1432 2416 Τίνα
1448 2390 1675 2424 προεφήτευσεν
1692 2390 1793 2418 Ἐλιὰδ
1805 2392 1822 2418 ὁ
1835 2391 1888 2418 τοῦ

1419 2424 1517 2451 Ὀϐδία
1533 2426 1582 2460 (9).

1137 2477 1182 2512 Τῷ
1204 2478 1338 2512 Ἰωσαφὰτ
1354 2479 1446 2512 φιλίαν
1462 2479 1651 2514 ἁσπασαμένῳ
1666 2479 1735 2515 πρός
1754 2479 1887 2514 Ὀχοζίαν,

1102 2524 1149 2549 τὸν
1172 2523 1219 2549 τοῦ
1247 2523 1360 2558 Ἀχαὰϐ,
1388 2524 1436 2550 καὶ
1460 2524 1513 2550 τῶν
1533 2524 1635 2550 πλοίων
1659 2525 1785 2550 κοινωνὸν
1808 2525 1889 2552 αὑτὸν

1104 2569 1291 2604 ποιησαμένῳ.
1317 2569 1371 2595 τῶν
1396 2570 1436 2601 είς
1457 2569 1601 2596 Αἰθιοπίαν
1631 2569 1823 2597 ἀποπλεόντων
1845 2569 1890 2596 ἔπ’

1104 2612 1234 2647 ἐμπορίᾳ,
1257 2614 1397 2649 προεῖπεν,
1414 2614 1452 2645 ὡς
1471 2615 1517 2641 καὶ
1539 2614 1626 2646 ἀνίαις
1641 2615 1828 2649 ναυαγήσεως,
1842 2615 1890 2640 καὶ

1104 2658 1184 2688 αὐτὸς
1215 2659 1265 2684 οὐκ
1292 2659 1440 2694 εὐάρεστος
1471 2660 1530 2696 Θεῷ
1549 2660 1710 2696 γενόμενοῇ
1741 2659 1891 2696 διὰεοῦτο

1105 2702 1272 2735 τεθνήξεται.

299 2785 322 2800 ³¹
335 2785 366 2812 ill
382 2787 448 2821 Reg.
465 2795 520 2819 xvi,
539 2789 565 2814 I.
601 2787 624 2803 ³³
638 2788 670 2814 Ill
683 2788 748 2824 Reg.
763 2797 828 2816 xxn.
864 2790 885 2806 “
902 2789 922 2816 Il
936 2790 1044 2817 Paralu

1128 2792 1150 2807 ³⁸⁵
1166 2791 1197 2818 llI
1214 2793 1277 2828 Reg.
1297 2801 1351 2825 xw,
1371 2795 1396 2822 ί,
1435 2795 1457 2810 ³⁸
1482 2794 1502 2822 Il
1525 2795 1611 2823 Paral.
1628 2805 1674 2829 xx,
1690 2797 1735 2824 Μ.
1784 2806 1786 2809 ·

307 2863 346 2900 (8)
362 2863 428 2892 Vide
441 2873 522 2900 supra
535 2873 595 2900 cap.
611 2866 654 2893 93.

1154 2872 1191 2907 45)
1208 2871 1245 2898 Ε).
1264 2872 1283 2898 ΙΙ
1303 2873 1390 2900 Parn-l.
1408 2881 1452 2906 xx,
1470 2873 1513 2906 57,
1539 2873 1661 2910 Ἐλιέζερ
1682 2876 1753 2903 ὁτοῦ
1767 2876 1865 2903 Δωδία.
