2073 3161
205 207 255 241 ll'l

788 207 974 237 LIBELLUS
994 207 1245 239 MEMORIALIS.

1783 213 1836 245 118

203 264 275 293 κατὰ
290 264 339 300 τὴν
351 263 405 290 τῶν
423 264 506 299 τριῶν
527 264 581 291 τῶν
610 264 698 291 ἄλλων
714 264 839 300 πλευρῶν
865 266 997 301 ἐργασίαν

1052 273 1126 302 parte
1152 268 1273 303 qualibet
1302 268 1389 297 tribus
1416 269 1485 305 palis
1501 274 1642 305 compacta
1669 278 1702 298 ac
1719 271 1837 306 ﬁrmata,

202 312 250 338 καὶ
261 309 436 346 περίφραξιν.
455 310 493 336 To
515 310 544 337 δὲ
561 310 643 345 μέσον
655 310 706 345 τῆς
721 311 824 338 εἰσόδου
842 312 997 339 κατεπεπέ-

201 366 285 384 ταστο
306 356 345 391 τῷ
359 356 412 382 τῶν
442 359 464 383 κ’
486 355 581 391 πηχῶν
605 357 852 392 καταπετάσματι,
880 357 919 393 τῷ
941 358 997 385 τῶν

203 403 347 437 τεσσάρων
360 401 473 436 βαθμῶν
490 401 705 437 καθυφασμένῳ.
734 402 807 429 Είσω
832 403 860 430 δὲ
874 404 924 439 τῆς
940 405 997 431 είσ-

201 449 272 481 ὁδου,
285 449 385 484 λουτὴρ
399 449 514 484 χάλκεος
529 446 573 485 ἦν,
595 449 645 485 τὴν
677 449 756 485 βάσιν
782 450 887 485 χαλκῆν
915 451 995 487 ἔχων,

203 495 234 529 ἐξ
247 493 278 522 οὗ
291 496 316 522 οἱ
331 496 413 531 ἱερεῖς
433 496 484 527 τὰς
498 497 593 532 χεῖρας
606 496 785 529 ἀποπλύνειν,
814 497 861 526 καὶ
874 497 929 523 τῶν
947 506 996 524 πο-

202 542 255 569 δῶν
270 542 326 577 (22)
341 543 487 577 κατασχεῖν
504 542 549 569 τοῦ
565 542 660 573 ὓδατος
674 542 735 570 ὃτου
757 543 786 571 ὲν
806 543 881 577 αὺτῷ
894 543 994 578 παρῆν.

203 588 260 616 Καὶ
274 589 288 614 ὁ
299 588 350 623 μὲν
365 588 510 623 περίϐολος
529 587 616 620 οὕτως
628 586 673 627 ἦν,
690 588 760 616 ὀτοῦ
776 589 894 624 αίορίου.

203 646 329 675 ΚΕΦΔΛ.
348 644 422 672 PlA’.
432 660 468 664 —
481 643 652 680 'Onoi‘orﬁr
666 645 699 671 τὸ
721 645 862 680 Ἀγίιισμα
875 645 928 673 τοῦ
945 654 996 672 πε-

319 681 455 714 ριϐόλου,
473 680 488 706 ὃ
503 679 636 713 Μωῦσῆς
652 679 870 707 κατεσκεύασε,

239 737 277 764 Τὸ
297 737 325 763 δὲ
342 736 482 771 ’Δγίασμα
499 736 582 771 μέσον
595 736 643 763 τοῦ
663 736 817 772 περιϐόλου,
834 738 921 772 μῆκος
935 738 996 773 ἕχον

203 785 251 812 ἐπὶ
265 785 363 819 πήχεις
379 783 412 815 λ’,
421 783 540 815 πλάτους
555 784 653 819 πήχεις
660 783 684 818 γλ
697 784 842 820 (ian-rgo;
862 785 996 817 ἀνατολὰς

205 830 314 865 βλέπον.
325 830 362 857 Τὸ
376 829 405 856 δὲ
419 830 507 864 μῆκος
525 829 579 855 τῶν
591 830 741 864 τριάκοντα
754 830 850 864 πηχῶν
865 831 894 856 ὲν
908 830 996 857 κίοσιν

204 877 296 911 ἵδρυτο
307 875 342 909 κ’,
357 876 552 911 τετραγώνοις,
573 874 699 908 ξυλίνοις,
715 876 908 911 καταχρύσοις,
927 877 995 904 ἐκά-

205 931 273 956 στης
297 922 420 957 πλευρᾶς
440 921 500 953 ἑνὸς
524 921 647 956 ἡμίσεως
672 921 775 957 πήχεος
785 921 918 956 ιάλλήλων
943 923 995 957 ἀφι
1013 933 1034 960 Β

204 968 359 1003 ιστηκόσιν.
375 968 406 994 '0
427 967 456 994 δὲ
473 967 542 993 κατὰ
567 967 644 994 δύσιν
659 969 748 1002 τοῖχος
764 967 859 1002 πηχῶν
870 968 954 1003 τριῶν
967 968 996 994 ἐν

203 1014 234 1047 ἐξ
252 1015 323 1041 κίοσι
339 1014 499 1048 συνέστηκε.
518 1013 643 1048 Συνῆσαν
668 1013 695 1039 δὲ
712 1013 837 1048 ἀλλήλοις
852 1014 996 1049 ᾑρμοσμέ-

204 1069 255 1093 νοι,
272 1060 343 1087 ὥστε
358 1060 447 1086 δοκεῖν
464 1059 512 1086 ἕνα
524 1061 614 1094 τοῖχον
622 1060 671 1094 τὴν
682 1059 837 1086 συντέλεσιν
851 1060 996 1095 ὁλόχρυσον

203 1105 283 1139 εἶναι,
301 1106 462 1142 μεμυκότων
478 1106 532 1132 τῶν
552 1105 648 1141 ἁρμῶν
675 1105 777 1132 ἔσωθεν
803 1106 852 1132 καλ⁸
883 1106 994 1138 ἔξωθεν.

204 1151 269 1188 Εἶχε
281 1152 337 1188 γὰρ
351 1152 468 1184 ἕκαστος
493 1151 560 1178 κίων
571 1153 645 1187 τρεῖς
669 1151 818 1187 σπιθαμὰς,
843 1151 914 1179 ὥστε
929 1161 997 1187 συμ.

203 1197 376 1233 πληροῦσθαι
390 1198 421 1224 τὸ
439 1197 527 1232 μῆκος
540 1197 595 1224 τῶν
605 1197 753 1232 τριάκοντα
767 1198 863 1232 πηχῶν
879 1198 932 1226 ὑπὸ
943 1197 997 1225 τῶν

203 1244 292 1271 εἴκοσι
307 1243 415 1276 κιόνων,
432 1243 481 1269 καὶ
498 1242 553 1269 τῶν
566 1243 633 1270 δέκα
659 1243 712 1269 ὑπὸ
726 1244 781 1269 τῶν
794 1243 833 1276 ἓξ.
854 1245 997 1278 Ἐγγώνιοι

204 1289 233 1315 δὲ
247 1288 295 1316 δύο
307 1288 395 1319 κίονες
408 1286 477 1323 ἦσαν
485 1287 583 1320 ὀπίσω,
597 1288 651 1314 ἀπὸ
665 1289 767 1324 πήχους
782 1289 841 1321 ἐνὸς
854 1290 997 1317 συνάπτον-

205 1344 250 1367 τες
262 1335 300 1370 τῷ
318 1335 416 1362 πλάτει
427 1335 458 1361 τὸ
482 1335 579 1369 μῆκος.
595 1334 645 1365 Διὰ
660 1335 688 1362 δὲ
703 1335 812 1362 πάντων
831 1336 885 1364 τῶν
898 1337 997 1363 κιόνων

204 1382 332 1409 ἐπέκειτο
345 1381 526 1416 διατρέχουσα
540 1381 590 1416 μία
601 1381 816 1416 συμπλεκομένη
831 1383 918 1414 σανὶς,
935 1391 997 1417 γιγ-

204 1428 321 1462 γλυμοῖς
334 1427 390 1462 (24)
404 1426 497 1462 θήλεσι
514 1426 562 1452 καὶ
579 1426 676 1461 ἄρρεσι
686 1427 868 1463 κατεχομένη,
886 1428 954 1464 πρὸς
967 1429 997 1454 τὸ

206 1473 272 1509 μήθ’
289 1473 337 1500 ὑπ’
348 1472 458 1508 ἀνέμων
478 1472 673 1507 κραδαίνεσθαι
694 1472 743 1507 τὴν
763 1474 876 1508 σκηνὴν,
889 1474 947 1500 ἀλλ’
969 1475 997 1500 ἐν

205 1519 309 1554 ἠρεμίᾳ
322 1518 406 1554 πολλῇ
420 1518 661 1552 διαφυλάττεσθαι.
679 1519 716 1544 Τὸ
733 1519 760 1546 δὲ
775 1519 849 1546 ἔνδον
865 1520 914 1554 τῆς
931 1529 997 1554 σκη-

205 1566 254 1600 νῆς
271 1566 310 1596 εἰς
327 1565 392 1600 τρία
408 1565 521 1600 διῄρητο
537 1564 608 1591 κατΞι
632 1564 728 1599 πηχῶν
749 1563 776 1596 ι’,
792 1567 839 1591 καὶ
852 1563 886 1600 ἦν
897 1566 927 1592 τὸ
949 1565 997 1599 μὲν

1045 312 1122 348 juxta
1146 314 1292 342 artiiicium
1317 319 1345 342 et
1359 315 1538 343 munitionem
1568 316 1650 344 trium
1669 317 1837 353 reliquorum

1047 360 1174 387 laterum.
1202 359 1320 388 Medium
1337 361 1465 389 introitus
1483 361 1601 390 velatum
1632 367 1690 390 erat
1715 363 1775 392 velo
1804 372 1838 391 xx

1047 406 1215 438 cubitorum,
1225 411 1356 434 contexto
1368 413 1485 442 quatuor
1501 408 1621 436 colorum
1635 409 1789 443 generibus.
1799 409 1840 438 ln-

1049 455 1089 478 tra
1102 451 1242 478 introitum
1272 455 1331 479 erat
1358 451 1464 480 labrum
1487 460 1589 480 tereum
1617 453 1720 481 habens
1740 461 1839 482 aeream

1049 497 1146 526 basim.
1156 504 1187 524 cx
1203 504 1258 532 quo
1269 498 1424 525 sacerdotes
1437 506 1535 526 manus
1549 498 1687 532 lavabant,
1704 499 1841 535 pedesque

1047 542 1158 569 abluero
1173 547 1299 578 poterant
1314 550 1396 578 aqua,
1416 551 1478 578 qua:
1506 544 1531 571 in
1551 551 1583 571 eo
1596 549 1664 572 erat.
1689 545 1778 580 Atque
1795 545 1840 573 blc

1047 589 1157 623 quidem
1172 589 1365 617 ambitus-erat
1380 590 1448 624 septi
1464 590 1609 618 subdialis.

1047 645 1123 673 CAP.
1139 644 1207 673 CXI.
1221 659 1252 665 -—
1265 645 1423 682 Cujnsntodi
1435 650 1493 673 erat
1514 648 1700 674 :uncluarium
1712 647 1840 682 ambitu,

1257 681 1326 715 quod
1342 680 1445 716 Moyses
1461 681 1561 715 fecerat
1578 682 1612 709 ".

1083 736 1276 764 Sanctuarium
1295 737 1320 764 in
1343 738 1432 765 medio
1451 743 1510 765 erat
1527 743 1615 773 septo.
1641 739 1840 774 longitudinem

1048 782 1152 809 habens
1165 782 1200 809 ad
1217 783 1325 810 cubitos
1352 791 1417 815 xxx,
1440 784 1610 812 latitudinem
1636 786 1792 813 cubitorum
1811 794 1840 819 ι,

1047 827 1265 863 respiciebatqne
1290 829 1324 857 ad
1339 829 1484 857 orientem.
1510 830 1664 866 Longitudo
1690 839 1770 866 porro
1796 831 1842 859 illa

1048 874 1157 908 triginta
1173 875 1328 902 cubitorum
1346 876 1536 904 sustinebatur
1561 877 1698 905 columnis
1711 885 1755 910 xx,
1771 885 1841 913 qua-

1049 919 1144 952 dratis,
1159 920 1266 956 ligneis,
1282 921 1429 954 deauratis,
1444 929 1476 949 ex
1489 922 1611 957 quolibet
1625 923 1709 950 latere
1726 922 1842 950 dimidio

1051 964 1142 992 cubito
1154 965 1269 993 invicem
1283 967 1459 994 distantibus.
1482 966 1576 994 Parias
1590 967 1636 1001 qui
1652 971 1711 995 erat
1724 967 1757 994 ad
1769 967 1843 995 orci-

1049 1009 1158 1038 dcntcm
1171 1011 1253 1038 trium
1280 1012 1446 1043 cubitorum,
1465 1013 1607 1041 constabat
1631 1020 1677 1040 sex
1693 1012 1842 1040 columnis.

1050 1054 1253 1090 Coaptabantur
1266 1064 1347 1091 porro
1364 1057 1492 1090 invicem,
1511 1063 1541 1084 ut
1558 1058 1696 1086 videretur
1705 1058 1800 1085 conﬁci
1809 1065 1843 1085 ex

1050 1100 1104 1128 illis
1119 1109 1189 1129 unus
1204 1109 1299 1129 murus
1317 1107 1390 1130 totus
1401 1111 1514 1136 anretts,
1529 1104 1691 1131 coeuntibus
1705 1103 1843 1138 juncturis

1051 1145 1166 1174 interius
1180 1151 1261 1182 atque
1282 1149 1413 1179 exterius.
1433 1148 1554 1176 Habebat
1569 1150 1641 1177 enim
1652 1150 1780 1183 quwlibet
1796 1157 1843 1176 co-

1050 1192 1143 1219 lumna
1158 1198 1213 1220 lrcs
1229 1193 1391 1228 spithamas,
1409 1194 1446 1221 ita
1461 1198 1490 1221 ut
1506 1195 1687 1229 complerctur
1703 1194 1842 1229 longitudo

1051 1237 1160 1272 triginta
1175 1238 1330 1266 cubitorum
1349 1247 1365 1266 a
1389 1239 1485 1274 viginti
1502 1239 1648 1271 columnis,
1675 1244 1703 1266 et
1717 1240 1810 1267 decem
1827 1248 1842 1266 a

1051 1291 1109 1311 sex.
1125 1284 1275 1319 Angulares
1293 1289 1383 1312 autem
1395 1284 1456 1312 duae
1466 1285 1603 1312 columnae
1614 1290 1692 1314 erant
1710 1289 1795 1318 retro,
1810 1293 1845 1313 cx

1052 1336 1106 1356 uno
1122 1329 1214 1356 cubito
1238 1333 1397 1364 coaptantes
1418 1329 1554 1357 latitudini
1570 1330 1778 1365 longitudinem.
1793 1329 1846 1358 Per

1052 1381 1147 1401 omnes
1167 1381 1229 1401 vero
1255 1375 1398 1402 columnas
1427 1375 1570 1403 insistebat
1595 1376 1687 1404 tabula
1704 1383 1769 1408 una,
1783 1383 1845 1411 qua:

1051 1423 1126 1446 arcte
1138 1419 1279 1454 complexa
1295 1419 1477 1453 discurrebat,
1501 1421 1661 1449 cardinibus
1686 1422 1796 1450 feminis
1818 1426 1846 1450 et

1052 1466 1181 1494 masculis
1206 1467 1324 1499 tirtnata,
1351 1472 1380 1494 ut
1399 1475 1433 1495 ne
1446 1476 1461 1495 a
1480 1468 1567 1497 ventis
1584 1469 1694 1504 quidem
1713 1474 1844 1497 concute-

1053 1516 1126 1538 rctur
1140 1512 1358 1545 tabernaculum,
1374 1514 1421 1540 sed
1452 1514 1538 1540 multa
1561 1515 1653 1549 quiete
1669 1515 1842 1545 consisteret.

1053 1556 1176 1591 Spatium
1207 1558 1279 1585 intra
1309 1558 1516 1587 tabernaculum
1544 1559 1786 1589 disterminabatur
1817 1559 1845 1587 in

206 1610 343 1636 ὲσὼτατον
354 1610 451 1637 ἄδυτον
464 1609 559 1644 πηχῶν
574 1608 599 1642 ι’,
614 1611 670 1641 τοῖς
682 1610 800 1645 ίερεῦσιν
813 1610 924 1638 ἄϐατον.
935 1611 999 1637 Τέσ-

1053 1603 1115 1634 tria,
1132 1603 1166 1630 ad
1183 1611 1337 1631 mensuram
1355 1604 1511 1632 cubit0rum
1539 1613 1565 1636 χ,
1583 1610 1697 1640 eratque
1725 1605 1845 1632 maxime

206 1663 292 1690 σαρες
306 1656 333 1682 δὲ
351 1656 440 1687 κίονες
456 1657 507 1682 ἴσοι
531 1657 586 1687 τοῖς
603 1655 694 1686 ἄλλοις
717 1655 834 1690 διεῖργον
851 1655 880 1682 τὸ
905 1656 1001 1684 ἄδυτον

206 1701 254 1727 τοῦ
267 1701 410 1732 ὲξωτάτου.
425 1702 456 1727 Οἱ
469 1702 497 1728 δὲ
512 1701 602 1727 λοιποὶ
615 1702 712 1736 πήχεις
733 1701 831 1734 εἴκοσι,
844 1702 867 1728 οἱ
886 1702 938 1736 πρὸ
952 1702 1000 1728 τοῦ

206 1748 315 1781 ἀδύτου,
340 1750 397 1780 τοῖς
430 1749 533 1783 ἱερεῦσι
563 1749 656 1783 μονοις
681 1748 875 1780 ὲξέκειντο.Τὸ
889 1749 918 1775 δὲ
935 1748 1000 1784 μέτ-

205 1803 292 1828 ωπον,
323 1795 353 1828 ἐξ
382 1791 467 1830 οὗπερ
489 1796 505 1830 ἡ
524 1795 623 1826 εἴσοδος
637 1792 682 1830 ἦν,
699 1795 780 1821 πέντε
803 1796 873 1821 κίοσι
890 1794 1001 1830 διαχρύ-

208 1848 276 1872 σοις,
291 1841 358 1872 (eos;
379 1843 434 1872 τοῖς
457 1841 558 1873 ἄλλοις,
576 1842 728 1872 συνίστατο,
758 1841 872 1876 χαλκαῖς
891 1840 1001 1875 βάσεσιν

207 1887 369 1920 ἐφεστῶσιν.
386 1886 448 1921 Εἶχε
462 1888 490 1914 δὲ
507 1887 706 1921 καταπέτασμα
718 1888 750 1913 ἐκ
763 1887 864 1922 βύσσου
877 1887 923 1914 καὶ
936 1895 1001 1922 πορ-

208 1932 298 1967 φύρας
310 1933 354 1958 καὶ
366 1933 494 1959 ὑακίνθου
518 1933 564 1958 καὶ
580 1933 708 1958 κοκκίνου
726 1932 816 1967 βαφῆς
833 1932 956 1968 ἔμπηχον
975 1931 1001 1965 ι’,

210 1978 257 2003 καὶ
274 1977 403 2013 διῄρηντο
418 1979 442 2004 oi
457 1977 525 2004 δέκα
553 1978 650 2012 πήχεις
675 1977 721 2003 τοῦ
744 1977 841 2003 ἀδύτου
855 1977 941 2012 τούτῳ
965 1977 1002 2011 τῷ

209 2026 449 2059 καταπετάσματι.

245 2110 301 2137 Καὶ
323 2111 337 2136 ὁ
364 2111 415 2146 μὲν
442 2111 505 2142 ναὸς
532 2112 635 2145 ’Ἄγιος
657 2111 792 2143 ἐκαλεῖτο,
816 2112 830 2136 ὁ
858 2110 1001 2143 ὲξώτατος.

210 2156 315 2192 Ἀτιον
328 2157 356 2183 δὲ
373 2158 475 2191 ἁγίων,
493 2157 524 2184 τὸ
544 2157 651 2185 ἄδυτον.
680 2157 716 2183 Τὸ
733 2157 761 2184 δὲ
788 2156 897 2192 πρῶτον
911 2156 965 2183 τῶν
979 2160 1003 2183 κ’

210 2202 306 2237 πηχῶν
320 2203 402 2238 μέρος
418 2203 537 2239 ἱερεῦσιν
551 2205 642 2230 ἀνεῖτο
654 2203 859 2238 ὑποδυομένοις.
874 2203 912 2229 Τὸ
926 2203 982 2229 τῶν
989 2203 1004 2230 -.’

210 2248 239 2274 δὲ
250 2249 346 2284 πηχῶν
360 2250 528 2284 προεισόδιον
552 2250 599 2276 καὶ
613 2252 666 2284 προ
678 2250 723 2276 τοῦ
739 2249 880 2284 μετώπου,
899 2250 1004 2285 φάρσος

211 2294 395 2330 ἐφελκόμενος
417 2296 473 2322 ἀπὸ
495 2295 596 2328 κάλων,
618 2296 664 2322 ἐπὶ
691 2296 792 2331 θάτερα
814 2296 920 2331 κρίκοις
944 2297 1003 2322 ἑπι-

213 2342 397 2376 συναγόμενος
429 2342 497 2377 πρός
525 2351 554 2369 τε
572 2342 601 2369 τὸ
631 2342 849 2369 ἐκπετάννυσθαι
866 2343 913 2368 καὶ
942 2351 1004 2368 συν-

212 2387 377 2422 εῖέλκεσοαι
402 2388 473 2414 κατὰ
489 2388 602 2421 γωνίαν.
628 2389 682 2414 Καὶ
703 2388 757 2424 γὰρ
774 2389 803 2414 ὲν
829 2389 889 2420 ταῖς
905 2388 1005 2423 ἐπισή-

215 2441 275 2467 μοις
291 2433 408 2467 ἡμέραις
429 2433 610 2469 ὲπισυνήγετο
641 2434 708 2468 πρὸς
732 2434 762 2460 τδ
776 2434 1004 2460 κατοπτεύεσθαι.

213 2477 304 2507 ἾΙσαν
321 2480 348 2506 δὲ
363 2481 410 2507 καὶ
426 2480 543 2507 σινδόναι
561 2480 768 2515 περιτιθέμεναι
783 2479 822 2516 τῷ
843 2480 1005 2515 ἁγιάσματι.

215 2527 269 2553 Καὶ
289 2528 337 2554 ἐπὶ
350 2529 408 2559 ταῖς
427 2527 538 2561 σινδόσι,
555 2527 716 2562 βεϐαμμένα
745 2526 881 2557 ποικίλαις
905 2525 1005 2560 βαφαῖς

213 2573 297 2608 ἕτερα
316 2572 494 2608 καλύμματα,
511 2573 579 2608 πρὸς
598 2572 629 2598 τὸ
642 2572 706 2603 τοὺς
721 2571 860 2607 χειμῶνας
882 2571 1001 2606 ἐπέχειν.

214 2618 271 2644 Καὶ
283 2618 375 2645 ἐπάνω
390 2618 493 2645 τούτων
509 2618 587 2645 ἄλλαι
602 2618 727 2653 διφθέραι
744 2618 938 2652 πεποιημέναι,
956 2625 1005 2644 κιο

215 2663 366 2690 λύπτουσαι
376 2664 409 2690 τὰ
424 2664 645 2699 σκεπάσματαὲν
659 2665 715 2695 τοῖς
733 2663 830 2694 ὑετοῖς.

949 2743 962 2757 /

250 2795 272 2810 ⁸⁷
291 2794 376 2822 Exod.
393 2803 466 2822 xxVI.

255 2874 312 2910 (E22)
326 2873 418 2910 Lucus
438 2874 559 2910 vitiatus.

254 2908 310 2945 (‘25)
323 2909 452 2937 llestrtbe
473 2908 498 2935 ι’.

1053 1649 1190 1676 internum
1218 1649 1336 1685 Adytum
1363 1651 1517 1677 cubitorum
1533 1659 1561 1682 χ.
1579 1651 1769 1678 sacerdotibus
1785 1650 1844 1678 ina-

1053 1701 1172 1721 cessum.
1190 1694 1313 1726 Quatuor
1328 1700 1418 1722 antetn
1436 1696 1571 1722 columnae
1588 1696 1706 1729 mquales
1724 1695 1786 1722 aliis
1801 1703 1846 1723 se-

1053 1740 1186 1774 parabant
1203 1741 1318 1776 Adytum
1347 1749 1362 1768 a
1381 1746 1456 1776 parte
1489 1743 1601 1768 extima.
1626 1742 1731 1776 ltcliqui
1752 1741 1844 1776 viginti

1054 1786 1148 1819 cubiti,
1162 1786 1209 1821 qui
1225 1791 1302 1814 erant
1317 1791 1381 1814 ante
1397 1788 1529 1822 Adytutn,
1560 1788 1689 1823 patebant
1706 1788 1772 1816 solis
1799 1795 1844 1814 sa-

1053 1833 1221 1860 cerdotibus.
1238 1832 1335 1865 Frons,
1353 1834 1425 1861 unde
1441 1839 1500 1861 erat
1519 1834 1658 1869 ingressus
1671 1853 1678 1866 ,
1703 1833 1848 1862 constabat

1054 1879 1175 1914 quinque
1187 1879 1323 1908 columnis
1331 1880 1593 1913 deauratis,c:eteris
1604 1881 1754 1915 mqualibus
1765 1880 1848 1908 :cneis

1055 1924 1167 1952 basibus
1184 1925 1384 1952 insistentibus.
1411 1925 1534 1953 llabebat
1559 1926 1648 1954 velum
1664 1933 1696 1953 ex
1719 1926 1800 1961 bysso
1815 1933 1848 1953 ac

1055 1979 1185 2005 purpura,
1198 1971 1384 2006 ethyaeintho
1400 1977 1482 2007 atque
1507 1973 1613 2000 eoccini
1630 1973 1749 2002 tinctura
1769 1972 1849 2003 cubi-

1055 2023 1143 2044 torum
1160 2025 1186 2049 κ,
1212 2018 1465 2053 separabanturque
1481 2019 1574 2046 decem
1593 2019 1678 2047 cubiti
1697 2020 1777 2055 Atlyti
1789 2017 1848 2046 velo

1056 2064 1119 2091 isto.

1091 2111 1129 2137 Ac
1143 2111 1272 2145 templum
1286 2111 1395 2145 quidem
1415 2111 1602 2145 appellabatur
1620 2111 1760 2143 Sanctum,
1773 2110 1846 2148 quod

1055 2155 1186 2183 extimum
1215 2161 1284 2183 erat.
1311 2155 1439 2183 Sanctum
1462 2161 1615 2182 sanctorum
1642 2163 1706 2182 vero
1719 2156 1848 2183 audiebat

1055 2203 1173 2238 Adytum
1191 2203 1289 2237 ipsum.
1305 2201 1396 2228 Pritra
1420 2209 1483 2236 pars
1499 2210 1532 2228 xx
1561 2202 1713 2229 cubitorum
1731 2202 1846 2239 permit-

1057 2249 1164 2276 tebatur
1181 2248 1366 2276 sacerdotibus
1393 2247 1615 2283 ingredientibus.
1631 2247 1666 2274 At
1679 2248 1846 2276 vestibulum

1056 2299 1118 2321 ante
1133 2295 1275 2321 introitum
1291 2294 1447 2321 cubitorum
1473 2301 1500 2326 x,
1516 2294 1588 2329 quod
1607 2299 1666 2321 erat
1682 2299 1744 2322 ante
1767 2294 1846 2322 fron~

1056 2345 1121 2373 tem,
1141 2341 1281 2375 separabat
1311 2340 1398 2367 velum
1425 2347 1589 2374 suspensum
1616 2339 1739 2373 funibus,
1773 2342 1848 2377 qttod

1058 2386 1186 2422 utrinque
1200 2387 1309 2414 annnlis
1323 2386 1483 2422 cogebatur,
1512 2391 1541 2413 ut
1554 2391 1581 2414 et
1596 2388 1705 2414 extendi
1729 2393 1756 2415 et
1782 2396 1848 2415 con-

1058 2433 1128 2460 trahi
1143 2438 1236 2467 posset
1256 2432 1288 2459 atl
1303 2432 1444 2467 angulum.
1454 2432 1608 2466 Insignibus
1622 2441 1740 2468 namque
1752 2433 1849 2461 diebus

1058 2479 1216 2514 cogebatur,
1231 2483 1261 2505 ut
1276 2482 1434 2512 prospectus
1446 2482 1558 2513 pateret.
1581 2479 1666 2506 Erant
1679 2479 1760 2506 etiam
1773 2487 1848 2514 quaa—

1058 2524 1120 2550 dam
1149 2523 1278 2550 sindoncs
1304 2523 1505 2557 circumpositae
1525 2524 1694 2555 sanctuario,
1719 2528 1745 2549 ct
1767 2530 1848 2556 super

1059 2569 1222 2596 sintlonibus
1236 2568 1403 2602 operimenta
1423 2569 1475 2594 alia
1493 2569 1578 2596 tincta
1599 2568 1681 2595 variis
1696 2568 1846 2599 coloribus.

1060 2614 1093 2641 ad
1109 2605 1291 2641 resistendum
1321 2614 1538 2648 tempestatibus.
1565 2615 1603 2641 Ac
1621 2620 1702 2647 supra
1729 2612 1772 2640 his
1788 2613 1848 2640 alia:

1061 2661 1143 2696 pelles
1160 2660 1303 2688 elaboratae
1320 2661 1508 2696 cooperientes
1525 2661 1583 2694 ipsa
1607 2662 1762 2693 tegumenta
1778 2662 1848 2686 tem-

1061 2712 1127 2741 pore
1142 2706 1306 2740 pluviarum.

1099 2870 1153 2906 (2i)
1170 2872 1221 2900 Ms.
1238 2872 1417 2907 γιγγλίσκοις.
1680 2870 1684 2875 ”
1737 2891 1742 2899 -
1836 2875 1838 2879 ’
