2073 3161
196 151 208 182 1
214 152 248 182 .33

786 151 974 183 LIBELLUS
995 153 1250 186 MEMORIALIS.

1776 160 1829 194 13-5

195 207 252 240 γεὶς
267 206 319 237 ἕως
332 205 425 241 τρίτου
446 205 561 240 οὐρανοῦ
588 206 650 240 ἔφη.
673 206 740 232 Οὐδὲ
754 206 842 234 ταῦτα
855 207 916 233 τίνα
929 209 982 234 ὲστῖ

1041 213 1137 243 raptus
1151 216 1239 243 usque
1255 209 1288 236 ad
1308 209 1417 236 tertium
1432 211 1543 238 caelum.
1561 211 1616 240 Nec
1631 213 1681 241 ista
1703 222 1828 250 quzenam

193 252 247 286 χρὴ
262 251 365 287 ζητεῖν.
384 251 417 277 "A
434 252 488 286 γὰρ
510 252 565 277 οὐκ
591 251 662 283 ἐξὸν
682 252 827 286 ἀνθρώπῳ
842 253 985 287 λαλῆσαι,

194 297 241 322 καὶ
249 297 331 327 αὐτὸς
343 298 357 323 ὁ
374 296 536 327 Ἀπόστολος
551 296 614 331 ἐφη.

234 343 362 376 Ἰωάννης
389 339 491 368 εἶπεντ
516 343 546 369 Ἃ
573 342 727 377 ὀφθαλμὸς
751 344 807 370 οὐκ
837 343 908 375 εἷδε,
937 344 987 371 καὶ

193 384 248 418 οὖς
263 387 319 413 οὐκ
338 386 465 420 ἤκουσε,
482 387 532 413 καὶ
546 387 595 414 ἐπὶ
610 387 739 421 καρδίαν
753 388 910 422 ἀνθρώπου
931 390 987 416 οὐκ

193 433 297 466 ἀνέϐη,
314 432 333 459 ἆ
350 432 517 466 ἡτοίμασεν
534 434 550 459 d
561 433 633 466 Θεὸς
643 433 705 466 τοῖς
714 434 872 468 ἀγαπῶσιν
883 436 985 462 αὐτόν.

195 478 256 510 Πῶς
271 479 318 505 καὶ
332 478 420 505 ταῦτα
435 478 532 513 νοῆσαί
547 487 587 510 τις
600 477 655 511 οἷός
668 488 698 506 τε
709 481 763 515 εἰη,
777 479 796 507 ἃ
812 481 880 516 μήτε
894 481 984 516 alaeq-

195 532 246 556 σει,
265 524 334 559 μήτε
352 526 443 558 νοήσει
465 524 630 552 ὑποπίπτειν
645 526 775 559 δυνατόνς

229 571 265 596 Th
288 570 434 604 διάστημα,
449 570 479 596 τὸ
502 570 555 605 πρὸ
579 571 630 605 τῆς
657 571 704 598 τοῦ
725 572 813 606 φωτὸς
840 573 986 606 γενέσεως,

193 615 248 641 τῶν
262 615 358 650 χρόνου
372 616 474 650 μορίων
489 615 538 641 οὐκ
551 616 647 649 ὄντων,
665 617 695 643 οὺ
709 618 896 652 καταληπτὸν,
913 618 986 653 μόνῳ

193 660 252 695 Θεῷ
264 660 448 694 ἐγνωσμένον.

228 706 341 732 Τοιοῦτο
354 707 401 732 καὶ
423 706 454 732 τὸ
471 707 543 733 κατὰ
571 707 628 743 (58)
656 709 706 743 τὴν
718 708 851 744 ἐσομένην
865 707 913 735 τοῦ
938 709 984 735 κό-

193 759 265 784 πμου
283 751 450 786 συναίρεσιν,
465 752 519 785 ἕως
545 753 706 786 ἀναδείξεως
731 753 780 788 τῆς
807 753 903 788 καινῆς
926 754 986 780 κτί-

194 803 275 829 σεως,
287 797 443 831 ἐννοοῦμεν.

228 842 262 868 Al
280 842 374 876 νοεραὶ
402 843 492 870 οὐσίαι
518 845 552 871 τὰ
565 845 684 880 αἰσθητὰ
703 845 750 872 καὶ
767 844 912 880 σωματικὰ
925 844 985 876 πῶς

191 888 286 923 ὁρῶσι,
305 889 448 924 κρείττους
464 890 616 924 αἰσθήσεως
633 890 711 916 οὖσαι
725 899 732 923 ;

227 933 282 959 Τοῦ
304 933 372 960 Θεοῦ
395 934 444 968 τὴν
472 933 671 969 ὀφθαλμοφανῆ
689 934 763 966 θέαν,
792 933 908 968 ἀοράτου
934 932 982 967 τὴν

193 978 274 1012 φύσιν
289 978 376 1010 ὃντος.
394 978 469 1005 Θεὸν
483 979 548 1013 γὰρ,
573 980 665 1014 φησὶν,
683 979 783 1010 οὐδεὶς
801 978 912 1012 ἑιὶξριικε
925 976 982 1003 πώ-

192 1032 274 1051 ποτε.
290 1024 325 1050 Τὸ
357 1024 410 1059 γὰρ
432 1024 500 1060 μόνῃ
524 1025 634 1059 καθ]ρᾷ
656 1024 755 1059 καρδίᾳ
778 1024 922 1058 θεώμενον,
942 1024 985 1049 αίά

193 1070 302 1105 σθητοίς
314 1070 465 1105 ὀφθαλμοῖς
481 1070 596 1097 θεᾶσθαι
612 1070 670 1101 πῶς
686 1068 742 1096 οἷόν
759 1078 805 1103 τε;

226 1160 457 1194 Δυσκατᾱιληπτος
475 1159 524 1185 καὶ
541 1160 558 1194 ὴ
572 1159 618 1185 τοῦ
645 1159 754 1194 Ἰσραὴλ
772 1160 914 1195 σωματικὴ
935 1161 981 1187 εὐ-

191 1205 279 1240 λογία,
295 1207 324 1231 ἐν
337 1209 372 1231 oe’
394 1205 495 1240 ψυχαῖς
509 1205 557 1232 τοῦ
576 1203 674 1231 Ἰακὼὸ
687 1205 863 1236 κατελθόντος
883 1207 922 1237 εἰς
934 1206 983 1232 Ατ-

189 1259 303 1286 γυπτον,
316 1251 448 1278 καὶκατὰ
467 1251 515 1286 τὴν
533 1251 667 1286 τετάρτην
678 1251 775 1284 γενεὰν
801 1253 829 1278 ὲν
849 1250 870 1284 ξ’
886 1252 982 1287 μυριά-

191 1304 233 1322 σιν
250 1296 355 1330 ἀνδρῶν
373 1295 576 1330 ἐξεληλυθότος.

227 1341 294 1376 Περὶ
308 1341 362 1375 γὰρ
377 1340 428 1374 τῆς
442 1340 548 1375 ἡμέρας
560 1340 611 1373 τῆς
625 1338 778 1374 παρουσίας
803 1340 850 1366 τοῦ
879 1340 981 1374 Κυρίου

190 1387 237 1412 καὶ
250 1386 330 1417 αὐτὸς
347 1387 361 1412 ὁ
373 1386 476 1421 Κύριος
493 1385 635 1418 ἀπέδειξεν
653 1393 660 1399 ·
676 1387 738 1420 οὐχ
748 1385 830 1420 ὑμῶν
840 1385 895 1420 γάρ
906 1387 983 1417 ἐστι,

189 1432 319 1465 χρόνους
334 1431 352 1465 ἣ
366 1431 490 1465 καιροὺς
504 1431 625 1463 ειδέναι,
640 1432 709 1465 πρὸς
729 1432 792 1462 τοὺς
819 1431 983 1462 ἀποστόλους

189 1477 254 1511 ἔψη,
269 1475 323 1509 οὒς
336 1477 352 1503 ὀ
370 1476 470 1510 Πατὴρ
481 1477 564 1503 ἔθετο
581 1477 616 1504 ἐν
630 1477 668 1511 τῇ
683 1477 742 1510 ἰδίῃ
758 1477 895 1509 ἐξουσίᾳ.

1041 254 1094 280 sint
1110 254 1172 280 licet
1184 254 1406 288 inquirere.Qu(e
1419 256 1490 282 enim
1507 256 1583 284 homo
1593 257 1665 292 loqui
1672 267 1723 286 non
1733 265 1828 294 potest,

1040 299 1081 325 vel
1094 299 1208 333 ipsemet
1227 299 1375 334 Apostolus
1388 301 1436 328 ait.

1073 343 1191 372 Joannes
1208 345 1229 361 “
1240 345 1308 372 dixit
1319 353 1328 373 :
1338 346 1403 378 ρυω
1414 348 1505 375 oculus
1516 357 1565 376 non
1578 350 1652 383 uidit,
1661 355 1686 377 et
1695 352 1768 378 auris
1777 360 1829 378 non

1038 390 1152 422 audivit,
1170 395 1194 416 et
1209 391 1236 417 in
1256 399 1301 417 cor
1314 392 1428 419 hominis
1441 402 1493 420 non
1505 395 1634 427 ascendit,
1651 404 1709 431 qua:
1722 405 1828 431 priapo-

1039 436 1105 462 ravit
1121 436 1190 463 Deus
1202 437 1371 471 diligentibus
1387 439 1473 466 illum.
1499 441 1641 473 Quomodo
1653 448 1679 469 et
1696 443 1746 470 ista
1761 451 1827 470 con-

1038 482 1129 516 cipere
1142 482 1235 509 animo
1246 482 1309 516 quis
1324 483 1424 516 valeat,
1444 492 1504 519 quae
1519 494 1607 520 neque
1631 488 1683 514 sub
1701 495 1822 521 sensum.

1039 533 1127 560 neque
1139 525 1191 553 sub
1209 526 1344 553 rationem
1359 528 1457 554 cadere
1475 530 1613 563 possunt?

1075 571 1247 598 Intervallum
1273 572 1347 607 quod
1365 572 1416 599 fuit
1432 579 1577 608 antequam
1605 575 1649 602 lux
1675 583 1826 610 crearetur,

1038 622 1099 642 cum
1115 617 1244 651 temporis
1264 618 1404 651 particula:
1421 619 1504 646 nulla:
1516 625 1620 653 essent,
1633 622 1826 656 comprehendi

1039 669 1092 687 non
1107 666 1205 697 potest.
1217 663 1274 689 Soli
1289 663 1343 690 Deo
1363 671 1457 691 notum
1470 669 1522 692 est.

1074 707 1214 741 Ejusmodi
1236 710 1282 743 ,‘est
1309 715 1336 736 et
1353 710 1430 743 illud,
1446 711 1518 745 quod
1537 711 1627 740 llucta
1651 713 1744 741 futura
1760 721 1826 742 con-

1038 754 1221 781 summatione
1235 755 1330 782 mundi
1351 763 1438 791 usque
1455 757 1488 783 ad
1509 758 1758 787 manifestationem
1774 768 1824 788 no-

1038 806 1076 825 ναξ
1093 804 1235 827 creatum.

1070 843 1270 872 Intellectuales
1293 847 1420 874 essentia:
1436 847 1575 875 sensibilia
1600 853 1680 883 atque
1694 855 1824 883 corporea

1033 896 1151 923 quanam
1167 890 1272 917 ratione
1288 891 1390 924 vident,
1408 900 1469 919 cum
1487 894 1541 920 sint
1553 901 1634 920 sensu
1649 894 1825 929 superiores?

1068 933 1233 969 lnvestigare
1250 943 1303 962 non
1324 936 1386 963 licot
1412 938 1445 964 de
1477 939 1576 966 intuitu
1597 940 1642 966 Dei
1667 947 1715 974 per
1731 940 1821 966 visum

1035 980 1189 1012 oculorum,
1206 988 1269 1008 cum
1289 981 1347 1015 ipse
1370 983 1405 1009 sit
1434 983 1578 1011 invisibilis
1608 989 1717 1011 natura.
1739 984 1823 1013 Deum

1034 1026 1119 1058 enim,
1132 1026 1234 1061 inquit,
1249 1034 1324 1054 nemo
1351 1028 1415 1054 vidit
1430 1036 1555 1062 unquam.
1569 1029 1648 1061 Quod
1672 1030 1746 1057 enim
1765 1031 1824 1060 solo

1033 1072 1137 1099 mundo
1159 1073 1242 1100 corde
1267 1074 1383 1106 videtur,
1416 1074 1592 1102 sensibilibus
1618 1076 1705 1103 oculis
1733 1076 1824 1104 videre

1034 1118 1171 1152 quomodo
1188 1120 1318 1153 possibile
1333 1119 1436 1148 fuerit?

1069 1163 1180 1191 Dimcile
1213 1166 1294 1192 etiam
1321 1169 1412 1191 mente
1434 1165 1541 1200 concipi
1571 1171 1660 1200 potest
1689 1174 1822 1202 corporea

1033 1209 1140 1237 lsraelis
1166 1210 1329 1243 benedictio,
1343 1218 1404 1237 cum
1422 1211 1449 1237 in
1471 1219 1541 1238 Lxxv
1569 1211 1713 1239 animabus
1737 1211 1822 1240 Jacob

1033 1255 1219 1284 descendisset
1236 1257 1261 1284 in
1273 1257 1431 1293 lEgyptum,
1445 1261 1472 1284 et.
1486 1262 1582 1292 quarta
1600 1258 1777 1292 generatione
1792 1259 1821 1287 in

1034 1303 1171 1329 sexcentis
1191 1303 1312 1330 millibus
1329 1304 1471 1331 hominum
1490 1303 1598 1330 exierit.

1070 1347 1206 1374 Caeterum
1228 1349 1261 1376 de
1281 1348 1325 1376 die
1345 1349 1478 1376 adventus
1500 1349 1605 1376 Domini
1625 1349 1685 1383 ipse
1712 1357 1822 1384 quoque

1035 1391 1168 1421 Dominus
1206 1394 1369 1428 signilicavit
1394 1403 1402 1421 :
1429 1394 1519 1428 Neque
1548 1394 1619 1421 enim
1643 1398 1757 1421 uestrum
1784 1399 1822 1420 ut

1036 1443 1152 1473 ttmpora
1167 1439 1205 1466 vcl
1224 1445 1355 1467 momenta
1369 1449 1455 1473 nasse,
1471 1441 1504 1468 ad
1531 1440 1670 1475 apostolos
1696 1441 1746 1472 ait,
1763 1447 1822 1475 quc

1036 1484 1119 1510 Pater
1132 1485 1220 1518 posuit
1235 1487 1262 1510 in
1277 1486 1384 1519 propria
1399 1491 1538 1520 potestate.

190 1532 317 1560 ΚΕΦΛΔ.
331 1531 418 1559 ΡΚΘ’.
432 1547 466 1552 —
489 1532 564 1575 Ὅσα
578 1532 616 1559 δι’
628 1533 781 1559 ἐνυπνίων
794 1532 874 1558 τισὶν
893 1532 980 1566 ἐμπε-

1035 1539 1111 1567 CAP.
1137 1539 1306 1577 ΟΧΧΙΧτ-
1325 1541 1453 1573 ριιίειιαηι
1484 1550 1530 1576 per
1555 1541 1687 1569 somnium
1711 1541 1822 1577 quibus-

509 1567 663 1601 φάνισται.

230 1625 258 1651 '0
277 1625 382 1652 Ἰακὼϐ
401 1624 522 1659 κλίμακα
545 1625 595 1660 ὁρᾷ
622 1625 662 1656 εἰς
690 1624 822 1660 οὐρανοὺς
848 1625 901 1650 ἀπὸ
930 1624 983 1658 γῆς

190 1672 348 1705 διήκουσαν.
370 1670 481 1704 Ἰωσὴφ
494 1670 545 1702 τὰς
569 1670 624 1696 τῶν
639 1670 761 1705 ἀδελφῶν
784 1670 918 1706 δραγμὰς,
933 1671 982 1705 τὴν

190 1718 274 1744 αὑτοῦ
291 1717 500 1752 προσκυνούσας
512 1716 650 1751 δραγμὴν,
664 1717 711 1742 καὶ
727 1716 790 1746 τοὺς
803 1716 920 1750 ἀστέρας
929 1716 981 1741 πάο

189 1763 243 1796 λιν,
257 1763 359 1789 καὶτὸν
370 1763 446 1797 ἥλιον
460 1763 507 1789 καὶ
518 1762 567 1797 τὴν
582 1762 696 1796 σελήνην
708 1761 851 1792 ποιοῦντας
863 1761 893 1787 τὸ
906 1761 981 1788 αὐτό.

190 1811 222 1835 ΟΞ
241 1810 270 1834 ἐν
284 1808 414 1842 Αἰγύπτῳ
431 1807 500 1842 μετὰ
514 1807 561 1834 τοῦ
584 1807 682 1842 Ἰωσὴφ
709 1807 902 1841 καθειγμένος
915 1806 980 1842 (59),

190 1856 204 1881 ὁ
228 1855 279 1889 μὲν
298 1854 481 1889 ἁπολυόμενο;
509 1854 572 1885 τοὺς
597 1855 672 1887 τρεῖς
695 1853 811 1888 βότρυας
837 1852 981 1884 ἑκθλίόων,

191 1900 296 1927 καὶτὸν
308 1898 379 1926 οἶνον
396 1899 531 1930 ἐπιδιδοὺς
557 1898 597 1933 τῷ
620 1898 735 1932 βασιλεῖ,
753 1899 766 1924 ὁ
789 1898 818 1924 δὲ
834 1897 983 1933 κολαζόμε-

190 1954 236 1977 νος
252 1946 314 1976 τοὺς
329 1945 376 1971 ἐπὶ
390 1944 437 1970 τοῦ
458 1944 541 1970 κανοῦ
560 1945 635 1979 τρεῖς
657 1944 747 1979 φέρων
770 1943 824 1970 ὑπὸ
847 1944 902 1969 τῶν
934 1944 982 1978 ὁρ-

190 1992 261 2018 νέων
276 1990 448 2025 ἐσθιομένους
473 1990 583 2024 ἄρτους.
605 1989 637 2015 '0
659 1989 764 2023 Φαραὼ
782 1989 846 2020 τοὺς
861 1988 930 2015 ἑπτὰ
944 1988 984 2014 λι-

193 2038 298 2073 παροὺς
319 2036 395 2072 βόας,
408 2036 456 2062 καὶ
472 2036 591 2070 στάχυας
608 2035 756 2070 εὐτραφεῖς
771 2035 852 2066 ἑπτὰ,
871 2035 918 2060 καὶ
931 2035 982 2061 πά-

191 2083 234 2109 λιν
265 2081 532 2116 καταισχυνομένους
557 2081 621 2115 βόας
647 2081 736 2113 ἑπτὰ,
766 2081 812 2106 καὶ
840 2079 982 2111 τοσούτους

193 2129 323 2164 στάχυας.
345 2127 374 2153 '0
390 2127 440 2162 τὴν
455 2127 620 2162 κυλιομένην
644 2126 770 2162 κριθίνην
788 2126 890 2161 μαγίδοι
917 2125 983 2152 θεώ-

193 2183 273 2209 μενος
285 2175 470 2207 Μαδιανίτης
489 2173 535 2199 ἐπὶ
555 2173 602 2199 τοῦ
619 2172 733 2204 Γεδεὼν,
749 2173 795 2198 καὶ
817 2172 867 2206 τὴν
881 2171 983 2205 σκηνὴν

192 2219 433 2254 καταστρέψασαν,
446 2218 495 2253 τὴν
517 2217 566 2244 τοῦ
580 2216 701 2252 Μαδιάμ.
715 2216 982 2250 Ναϐουχοδονόσορ

192 2266 238 2293 τιν
253 2265 401 2301 ἀνδριάντα
416 2264 554 2300 θεώμενος
571 2263 616 2290 τὸν
640 2263 783 2294 πολύυλον,
797 2262 849 2288 ὑπὸ
874 2261 921 2288 τοῦ
942 2262 983 2287 λί-

193 2312 240 2337 θου
267 2310 489 2347 συντριϐόμενον,
511 2309 558 2336 τοῦ
585 2310 650 2336 ἄνευ
672 2309 763 2344 χειρὸς
788 2309 832 2335 ἐπ’
855 2309 936 2335 αὑτὸν
953 2308 984 2340 ἐξ

193 2357 274 2392 ὃρους
299 2356 479 2388 καταϐάντος.
496 2356 550 2382 Καὶ
576 2355 656 2381 πάλιν
672 2355 702 2381 τὸ
729 2355 896 2389 ὑψηλότατον
924 2354 983 2381 δέν-

193 2403 267 2438 δρον,
296 2402 326 2429 τὸ
349 2402 536 2437 ἐκτέμνεσθαι,
556 2400 746 2435 κελευόμενον,
763 2400 809 2427 καὶ
834 2399 891 2434 μεθ’
913 2399 984 2425 ἑπτὰ

197 2449 348 2483 βλαστάνον
365 2447 515 2479 ἐνιαυτούς.
534 2447 562 2473 'U
580 2447 693 2481 Δανιὴλ
717 2447 780 2482 περὶ
796 2447 850 2472 τῶν
872 2447 981 2473 ἀνιστα-

195 2496 285 2529 μένων
303 2496 335 2526 δ’,
357 2495 404 2521 καὶ
434 2494 659 2529 καθαιρουμένων
677 2494 706 2519 ἐν
729 2494 846 2528 μορφαῖς
868 2492 981 2528 θηρίων¹

193 2540 351 2575 βασιλειῶν,
369 2541 417 2566 καὶ
442 2541 507 2574 περὶ
520 2540 569 2575 τῆς
585 2540 743 2570 τελευταίας
773 2539 921 2574 βασιλείας,
933 2539 983 2573 τῆς

194 2585 417 2620 καθαιρονμένης
433 2585 479 2611 τοῦ
500 2585 695 2620 ’Λντιχρίστου,
711 2586 824 2619 κέρατος
846 2584 983 2620 βραχυτά-

192 2639 241 2657 του
254 2631 384 2665 φανέντος
399 2630 484 2665 αὐτῷ.
502 2631 557 2657 Καὶ
571 2631 634 2665 περὶ
647 2631 696 2666 τῆς
720 2630 751 2663 ἐξ
763 2631 887 2666 οὐρανῶν
899 2631 983 2666 ἣκου-

195 2685 242 2703 σεν
261 2677 373 2703 αἰωνίου
394 2676 547 2712 βασιλείας·
569 2678 585 2703 ό
604 2677 793 2709 ’Λπόστολος.
814 2675 859 2703 τοῦ
880 2676 982 2712 Κυρίου

231 2765 254 2781 ⁵⁸
270 2765 327 2792 lmo
352 2764 450 2792 Paulus
469 2765 477 2791 l
497 2765 559 2793 Cor.
587 2773 617 2798 ll,
630 2765 656 2792 9.

230 2842 288 2877 (5)8)
303 2841 385 2870 Forte
410 2843 489 2878 μετὰ.

1245 1576 1308 1601 dam
1329 1576 1500 1610 manifestata
1516 1581 1588 1604 sunt.

1068 1631 1183 1658 Iacobus
1210 1631 1312 1658 scalam
1335 1632 1435 1660 videta
1465 1637 1535 1660 terra
1551 1634 1585 1661 ad
1611 1634 1695 1662 caelos
1716 1633 1823 1669 pertin-

1034 1677 1261 1712 gentcm.Josep/t
1288 1677 1403 1704 fratrum
1429 1686 1541 1705 suorum
1559 1679 1713 1713 manipulos
1740 1686 1821 1706 suum

1033 1723 1178 1749 adorantes
1205 1722 1370 1756 manipulum
1387 1731 1394 1749 :
1411 1723 1504 1750 stellas
1520 1723 1595 1756 item,
1625 1727 1651 1750 et
1685 1723 1770 1750 solem
1794 1727 1823 1750 et

1034 1768 1125 1794 lunam
1139 1766 1210 1794 idem
1226 1767 1366 1794 facientes.
1385 1768 1436 1800 Qui
1456 1769 1482 1794 in
1502 1769 1618 1804 [Egypto
1641 1776 1702 1796 cum
1720 1768 1820 1803 Joseplt

1033 1813 1133 1839 carceri
1150 1813 1296 1846 mancipati
1306 1818 1384 1840 erant
1399 1822 1405 1839 :
1418 1813 1503 1840 aeille
1516 1814 1626 1848 quidem
1641 1813 1686 1849 qui
1703 1814 1822 1841 liberan-

1033 1858 1084 1885 dus
1097 1857 1335 1892 absolvendusque
1350 1863 1418 1890 erat,
1431 1853 1600 1892 exprimebat
1615 1862 1670 1885 tres
1685 1865 1820 1891 racemos,

1033 1907 1060 1929 et
1071 1902 1164 1929 vinum
1182 1903 1237 1937 regi
1246 1903 1402 1938 porrigebat
1417 1903 1482 1937 :qui
1497 1910 1561 1930 vero
1574 1903 1739 1938 puniendus,
1757 1911 1820 1938 por-

1034 1948 1108 1975 tabat
1128 1952 1183 1975 tres
1201 1955 1286 1982 panes
1317 1947 1346 1974 in
1374 1949 1495 1976 canistro
1510 1955 1526 1975 a
1556 1948 1714 1976 volucribus
1729 1956 1822 1976 come-

1033 1994 1146 2021 dt‘tldOS.
1157 1992 1264 2020 Pharao
1279 1994 1347 2020 vidit
1360 1998 1462 2028 septem
1475 1993 1589 2028 pingues
1600 1995 1693 2026 boves,
1710 2002 1742 2022 ac
1753 1995 1821 2023 bene

1032 2041 1168 2068 euutrilas
1183 2041 1273 2075 spicas
1293 2046 1414 2075 septem;
1432 2049 1597 2075 rursumque
1624 2042 1712 2070 foedos
1737 2043 1821 2070 boves

1033 2091 1148 2120 septem,
1176 2094 1208 2112 ac
1231 2085 1342 2112 totidem
1370 2086 1472 2119 spicas.
1491 2085 1652 2114 Modiuniles
1675 2087 1722 2122 qui
1755 2087 1822 2114 vidit

1033 2131 1188 2157 devolutam
1204 2130 1384 2157 hordeaceam
1406 2130 1487 2157 oﬂ‘am
1503 2132 1553 2157 sub
1576 2132 1714 2165 Gedeone,
1728 2137 1755 2159 et
1780 2137 1821 2159 ta-

1035 2176 1212 2202 bernaculum
1228 2183 1353 2202 eversum
1365 2174 1484 2203 Madian.
1505 2176 1758 2209 Nabuchodonosor,
1772 2178 1818 2211 qui

1035 2221 1176 2255 conspexit
1201 2225 1319 2248 statuam
1348 2228 1380 2248 ex
1403 2221 1520 2249 diversis
1542 2221 1662 2248 materiis
1690 2225 1819 2248 constan-

1034 2271 1100 2298 tem,
1119 2273 1134 2292 a
1162 2265 1251 2300 lapide
1274 2265 1432 2297 contritam.
1449 2266 1495 2300 qui
1519 2265 1762 2299 sinemanibuaiu
1778 2265 1822 2300 ip-

1034 2319 1091 2338 sam
1108 2311 1142 2337 de
1156 2314 1249 2338 monte
1265 2310 1455 2337 descenderat.
1471 2312 1562 2345 Atque
1587 2311 1687 2337 iterum
1719 2310 1822 2337 altissi-

1035 2364 1106 2383 mam
1125 2357 1332 2391 arboremgqum
1348 2356 1452 2384 succidi
1466 2356 1542 2390 jussa
1571 2360 1622 2388 est,
1638 2360 1666 2383 et
1680 2359 1742 2391 post
1764 2356 1823 2384 ela-

1034 2408 1099 2437 psos
1112 2406 1213 2435 septem
1226 2409 1313 2428 annos
1324 2409 1432 2429 rursum
1447 2401 1619 2436 germinavit.
1633 2401 1729 2428 Daniel
1742 2401 1823 2428 audi-

1035 2447 1112 2473 vitde
1125 2454 1150 2473 ιν
1171 2446 1341 2481 regnis,qua:
1351 2451 1509 2474 surrectura
1529 2451 1648 2474 erantac
1657 2445 1822 2474 destruenda

1032 2493 1060 2520 iu
1089 2493 1182 2527 liguris
1213 2492 1390 2525 animalium;
1417 2492 1500 2520 etde
1535 2493 1632 2519 ultimo
1662 2499 1746 2526 regno
1773 2491 1823 2518 de-

1033 2538 1163 2566 struendo
1172 2538 1344 2570 Antichristi,
1355 2546 1439 2565 cornu
1453 2537 1615 2565 brevissimo
1631 2537 1655 2564 ei
1665 2540 1823 2570 pppareute.

1033 2586 1072 2612 Ac
1085 2584 1117 2612 de
1133 2590 1234 2612 aeterno
1248 2585 1349 2612 Christi
1377 2592 1460 2619 regno
1478 2585 1593 2611 cmlcsti.
1611 2581 1761 2617 Apostolus,
1775 2580 1822 2615 qui

1034 2629 1120 2657 audiit
1147 2629 1254 2656 dicente
1283 2629 1322 2657 illi
1350 2629 1465 2657 Domino
1497 2629 1612 2657 :Macte
1624 2632 1691 2659 esto,
1722 2625 1824 2656 Paule;

1034 2676 1177 2704 stculenim
1197 2676 1375 2703 testimonium
1395 2676 1553 2710 perhibuisti
1567 2675 1598 2701 de
1617 2681 1656 2700 me
1669 2673 1696 2699 iu
1708 2671 1822 2699 Jerusa-

1071 2840 1128 2877 (59)
1143 2840 1346 2877 καθειργμένοι.
