2073 3161
295 205 344 238 143

1043 206 1194 237 JOSEPPI

1860 205 1910 237 lit

291 262 324 288 de
340 261 508 292 Bethlehem,
535 260 597 288 illia:
622 259 744 287 Matthan
773 260 923 288 sacerdotis
938 265 965 288 et
984 260 1075 288 Mariae

1129 269 1179 296 νεν,
1204 260 1302 295 ἀνεψιὰ
1318 260 1346 287 δὲ
1364 259 1433 295 αὕτη
1460 259 1591 295 ἐτύγχανε
1614 260 1665 294 τῆς
1688 260 1838 292 Ἑλισᾶιόετ,
1864 263 1912 288 καὶ

292 307 387 334 uxoris
403 307 482 341 ejus,
506 307 577 333 circa
602 313 715 341 regnum
740 305 906 341 Cleopatrae,
930 311 1074 341 antequam

292 358 418 386 regnaret
435 352 554 379 llerodcs
570 351 642 379 ﬁlius
656 352 802 387 Antipatri.
824 353 914 380 Prima
935 353 1076 380 dicebatur

291 396 388 427 Maria,
411 396 529 423 secunda
555 396 742 431 appellabatur
765 396 849 430 Sube,
864 398 944 425 tertia
959 398 1076 425 vocaba-

292 446 335 469 tur
354 443 443 469 Anna.
466 442 543 469 Prior
570 442 663 477 nupsit
679 442 706 468 in
727 442 896 475 Betblchcm,
918 447 946 471 et
970 443 1073 478 peperit

291 487 418 515 Salomon
433 488 620 515 obstetricem.
638 487 736 522 Nupsit
750 489 830 516 etiam
846 489 965 516 secunda
983 489 1075 517 itidem

291 533 318 560 in
345 534 513 567 Bethlehem,
536 539 564 561 et
588 535 691 569 peperit
715 533 864 561 Elisabeth.
894 533 986 561 Tertia
1011 541 1076 561 vero

291 579 384 613 nupsit
399 579 426 606 in
441 583 511 606 terra
526 579 729 614 promissionis,
744 584 771 606 et
786 580 890 615 peperit
900 579 1013 606 Mariam
1028 579 1075 607 Dei

292 629 403 652 matrem
419 625 445 652 in
461 624 630 652 Bethlehem.
656 625 750 660 Itaque
776 630 840 652 sunt
863 625 973 652 Salome
986 625 1076 653 obste-

293 671 357 703 trix,
379 676 406 698 et
430 675 523 698 sancta
550 671 646 703 Anna,
671 678 733 705 quae
756 671 849 705 genuit
875 670 1075 698 sanctissimam

291 715 403 742 Mariam
428 716 579 749 Deiparam,
598 719 625 742 et
641 720 734 743 sancta
750 714 899 747 Elisabeth,
913 722 973 749 quae
984 715 1078 750 genuit

290 761 501 792 Prmcursorem,
519 761 580 787 lilia:
605 760 686 788 trium
712 760 855 788 mulierum
874 768 1075 795 germanarum.

292 806 360 833 llinc
391 806 474 841 igitur
501 805 622 833 Joannes
646 805 767 840 Baptista
786 810 814 833 et
829 805 960 834 Dominus
984 811 1078 833 noster

289 851 370 880 Jcsus
393 852 521 879 Christus
536 851 694 879 consobrini
715 859 776 879 esse
793 852 932 879 dicuntur.
952 850 984 878 At
1005 851 1077 879 illius

289 896 388 931 .Ioseph
407 905 470 926 esse,
491 897 648 931 putabatur,
672 900 814 931 propterea
831 896 902 930 quod
919 896 1076 931 fputabatur

1125 307 1174 340 τῆς
1189 307 1268 340 ἁγίας
1286 305 1424 342 Παρθένου
1439 306 1559 341 Μαρίας.
1574 306 1655 341 Τρεῖς
1672 306 1726 341 γὰρ
1740 304 1810 342 ἦσαν
1826 308 1907 334 ἁδελ-

1125 353 1176 386 φαὶ
1201 351 1256 378 ἀπὸ
1275 351 1417 386 Βηθλεὲμ,
1443 351 1592 387 θυγατέρες
1612 351 1728 378 Ματθὰν
1747 351 1794 378 τοῦ
1815 353 1912 387 ἱερέως

1126 397 1174 425 καὶ
1187 398 1296 434 Μαρίας
1310 397 1361 432 τῆς
1376 397 1460 424 αὑτοῦ
1474 397 1613 431 γυναικὸς,
1630 397 1694 431 περὶ
1705 397 1755 431 τῆς
1773 397 1912 432 βασιλείας

1126 443 1314 478 Κλεοπάτρας,
1341 443 1394 479 πρὸ
1415 443 1465 479 τῆς
1484 443 1623 478 βασιλείας
1654 443 1772 479 Ἡρώδου
1788 443 1836 470 τοῦ
1854 443 1912 471 υἱοῦ

1132 488 1322 524 Ἀντιπάτρου.
1336 490 1441 524 Ὀνομα
1456 491 1489 524 τῇ
1504 492 1527 515 α’
1548 489 1653 525 Μαρία,
1670 489 1716 515 καὶ
1742 490 1829 524 ὄνομα
1843 490 1876 524 τῇ
1890 489 1912 524 β’

1126 535 1224 570 2006i),
1241 536 1288 562 καὶ
1304 535 1388 571 ὖνομα
1410 537 1441 570 τῇ
1456 539 1481 569 γ’
1498 536 1591 563 Ἅννα.
1607 535 1730 570 Ἐγημὲν
1742 544 1772 562 τε
1787 536 1802 570 ὴ
1817 535 1912 571 πρώτη

1126 581 1156 608 ὲν
1168 582 1301 617 Βηθλεέμ,
1330 582 1377 609 καὶ
1393 581 1486 608 ἔτεκεν
1501 581 1635 616 Σαλώμην
1653 581 1702 616 τὴν
1719 581 1812 615 μαίαν.
1829 582 1913 616 Ἔγη-

1128 626 1179 661 μέν
1195 635 1224 654 τε
1246 627 1294 653 καὶ
1308 627 1324 662 ἡ
1339 627 1455 662 δευτέρα
1471 628 1500 653 ἐν
1522 626 1646 661 Βηθλεὲμ
1657 646 1665 659 ,
1685 627 1734 653 καὶ
1759 626 1837 653 ἔτεκε
1862 627 1914 661 τὴν

1133 673 1283 701 Ἐλισάὃετ.
1298 673 1421 708 ’Έγημέν
1435 681 1463 699 τε
1478 673 1525 699 καὶ
1537 673 1553 708 ὴ
1567 672 1646 708 τρίτη
1664 672 1704 704 εἰς
1723 673 1773 708 τὴν
1787 672 1840 706 γῆν
1863 671 1914 706 τῆς

1127 718 1307 752 ἐπαγγελίας,
1321 719 1369 745 καὶ
1394 719 1524 754 ἐγέννησε
1538 718 1647 753 Μαρίαν
1671 718 1721 753 τὴν
1737 719 1870 745 Θεοτόκον
1885 720 1915 744 ἐν

1127 763 1261 798 Βηθλεὲμ.
1286 764 1329 795 Ὠς
1352 762 1422 791 εἶναι
1446 764 1580 799 Σαλώμην
1603 764 1654 797 τὴν
1682 764 1776 799 μαίαν,
1795 765 1843 790 καὶ
1865 765 1914 799 τὴν

1128 807 1209 841 ἁγίαν
1235 808 1344 840 Ἅνναν,
1371 809 1421 843 τὴν
1446 809 1619 843 γεννήσασαν
1634 808 1744 842 Μαρίαν
1771 808 1820 842 τὴν
1848 817 1916 834 παν-

1128 853 1208 886 αγίαν
1221 853 1363 884 Θεοτόκον,
1379 853 1426 880 καὶ
1447 854 1496 888 τὴν
1515 853 1596 887 ἁγίαν
1616 853 1768 885 Ἐλισάϐετ,
1784 853 1834 888 τὴν
1852 861 1916 887 γεν-

1128 897 1250 931 νήσασαν
1274 896 1321 923 τὸν
1339 897 1505 932 Πρόδρομον,
1522 897 1674 933 θυγατέρας
1690 897 1810 931 ἀδελφῶν
1831 897 1915 932 τριῶν

289 941 371 970 rtiam
387 941 472 969 frater
487 942 570 969 trimn
593 942 709 969 ﬁliorum
725 941 797 976 ejus,
813 948 882 976 quos
902 941 1032 968 habuerat
1044 949 1076 968 ex

1130 942 1256 977 θηλειῶν,
1286 943 1428 970 Ἐντεῦθεν
1444 943 1490 970 οὖν
1506 944 1520 969 6
1535 943 1690 978 Βαπτιστὴς
1715 942 1851 977 Ἰωάννης,
1867 943 1916 969 καὶ

290 987 374 1023 priori
392 995 487 1015 uxore.

1127 990 1142 1016 6
1158 989 1260 1025 Κύριος
1276 991 1354 1026 ἡμῶν
1373 991 1476 1025 Ἰησοῦς
1500 990 1630 1026 Χριστὸς,
1657 990 1766 1025 ἀνεψιοὶ
1789 989 1915 1024 λέγονται

290 1032 370 1061 εἶναι.
385 1033 450 1065 Υἱὸς
462 1033 490 1059 δὲ
501 1032 547 1059 τοῦ
581 1032 671 1067 ίωσὴφ
687 1032 839 1067 ἐνομίζετο,
854 1031 949 1067 ἐπειδὴ
961 1033 1007 1059 καὶ
1023 1033 1078 1059 τῶν
1098 1034 1163 1060 υἱῶν
1179 1035 1271 1067 αὑτοῦ,
1291 1036 1345 1062 τῶν
1378 1037 1409 1061 ὲκ
1423 1037 1470 1071 τῆς
1501 1035 1614 1071 πρώτης
1639 1036 1780 1070 γυναικὸς,
1795 1035 1910 1071 ἀδελφὸς

287 1078 441 1113 ινομίζετο.

325 1126 474 1154 Zacharias
490 1131 565 1161 pater
579 1125 693 1153 Joannis
701 1125 797 1152 habuit
809 1124 920 1152 fratrem
932 1132 1075 1152 consacer-

289 1173 380 1199 tlotem
407 1171 540 1198 vocabulo
554 1171 694 1206 Aggeum,
710 1170 757 1205 qui
771 1169 826 1197 l‘ato
844 1177 905 1196 cum
922 1169 1075 1196 antevertit.

291 1218 376 1253 llujus
391 1218 482 1254 Aggazi
498 1218 580 1244 tiliam
599 1217 675 1244 duxit
692 1225 806 1244 uxorem
823 1215 923 1252 Joseph
940 1215 1025 1248 faber,
1043 1224 1076 1243 ex

291 1274 344 1301 qua
356 1266 477 1300 suscepit
491 1273 517 1292 Iv
533 1265 644 1297 liberos,
659 1269 687 1292 et
700 1272 729 1292 Ill
760 1264 839 1296 tilias,
859 1271 976 1299 quorum
1006 1271 1077 1290 unus

290 1317 348 1340 crat
364 1312 484 1340 Jacobus
504 1311 667 1346 cognomine
682 1311 768 1338 frater
795 1311 913 1342 Domini,
933 1314 960 1337 et
974 1310 1078 1345 primus

292 1357 543 1393 Hierosolymorum
569 1357 725 1391 episcopus.
749 1356 780 1383 Et
796 1363 893 1384 nomen
911 1356 1005 1383 uxoris
1030 1354 1077 1382 Jo-

291 1404 356 1439 scph
387 1403 511 1435 Salome,
533 1410 587 1430 non
611 1403 655 1429 illa
688 1402 834 1434 obstetrix,
855 1402 901 1428 scd
931 1402 994 1428 alia.
1015 1400 1078 1428 Pest

292 1456 406 1478 mortem
423 1450 506 1481 illius,
529 1449 676 1484 despondit
696 1449 747 1476 sibi
763 1448 861 1483 Joseph
880 1447 991 1475 Mariam
1015 1446 1078 1474 Dei-

290 1504 395 1532 param,
416 1503 477 1531 qua:
498 1503 530 1522 ex
557 1495 682 1522 muliebri
709 1494 835 1529 prosapia
854 1493 1036 1522 descendebat
1061 1501 1076 1520 a

291 1543 412 1570 Matthan
441 1542 594 1573 sacerdote,
611 1541 677 1576 quin
696 1545 723 1568 et
745 1540 780 1567 ab
798 1540 915 1574 ipsemet
932 1539 1077 1567 Salomone

1165 1127 1303 1162 Ζαχαρίας
1314 1128 1327 1153 6
1339 1127 1430 1162 πατὴρ
1446 1127 1568 1154 Ἰωάννου
1584 1127 1697 1162 ἀδελφὸν
1712 1127 1773 1162 ἔσχε
1790 1127 1916 1163 συνιερέα

1129 1172 1296 1207 καλούμενον
1331 1173 1475 1207 ’Δγγαϊον,
1502 1174 1556 1208 πρὸ
1584 1173 1667 1200 αὐτοῦ
1692 1174 1914 1209 τετελευτηκότα.

1129 1219 1231 1244 Τούτου
1247 1218 1293 1245 τοῦ
1313 1219 1440 1253 ’Λγγαίου
1453 1219 1591 1255 θυγατέρα
1605 1219 1725 1255 ἠγάγετο
1742 1219 1810 1255 πρὸς
1827 1220 1916 1254 γάμον

1136 1265 1233 1299 Ἰωσὴφ
1248 1264 1262 1290 ὁ
1274 1264 1378 1291 τέκτων
1395 1285 1403 1296 ,
1420 1264 1450 1297 ἐξ
1463 1262 1497 1300 ἦς
1517 1266 1645 1300 ἐγέννησε
1673 1265 1694 1292 δ’
1721 1265 1795 1297 υἱοὺς
1819 1265 1866 1292 καὶ
1891 1268 1916 1298 γ’

1129 1308 1293 1344 θυγατέρας,
1310 1306 1347 1336 ὧν
1362 1307 1404 1341 εἷς
1419 1307 1454 1345 ἦν
1477 1309 1614 1341 Ἰάκωόος,
1631 1311 1645 1337 6
1658 1309 1817 1345 ἐπικληθεὶς
1834 1310 1915 1336 ἀδελ-

1129 1355 1177 1389 φὸς
1193 1355 1238 1381 τοῦ
1255 1355 1369 1391 Κυρίου,
1392 1356 1439 1382 καὶ
1456 1356 1563 1389 πρῶτος
1591 1357 1741 1387 ἐπίσκοπος
1767 1355 1916 1391 Ἱεροσολύ-

1130 1410 1198 1436 μων.
1214 1403 1266 1428 Kal
1284 1402 1315 1428 τὸ
1330 1401 1416 1437 ὄνομα
1438 1401 1489 1436 τῆς
1513 1402 1642 1436 γυναικὸς
1669 1402 1768 1437 Ἰωσὴφ
1787 1401 1916 1437 Σαλώμη.

1128 1447 1178 1482 οὐχ
1197 1447 1213 1481 ἡ
1232 1447 1314 1481 μαία,
1342 1447 1400 1474 ἀλλ’
1423 1447 1514 1482 ἑτέρα.
1535 1447 1614 1474 Μετὰ
1636 1447 1664 1474 δὲ
1690 1447 1804 1474 θάνατον
1831 1447 1916 1483 αὐτῆς

1132 1493 1313 1527 μνηστεύεται
1335 1492 1432 1528 Ἰωσὴφ
1450 1492 1500 1528 τὴν
1520 1493 1650 1520 Θεοτόκον
1663 1493 1780 1528 Μαρίαν,
1796 1493 1868 1520 κατὰ
1886 1494 1917 1520 τδ

1132 1537 1265 1574 μητρικὺν
1284 1538 1362 1572 γένος
1378 1538 1570 1574 καταγομένην
1593 1539 1648 1565 ἀπὸ
1672 1538 1718 1565 τοῦ
1741 1539 1855 1566 Ματθὰν
1868 1538 1916 1566 τοῦ

290 1589 345 1616 lilio
361 1587 470 1615 Davidis
495 1594 581 1623 genus
600 1587 727 1618 ducebat,
759 1590 788 1612 ut
806 1585 872 1612 dicit
899 1584 1074 1620 Evangelium

1134 1585 1238 1619 ἱερέως,
1264 1585 1311 1611 καὶ
1327 1584 1409 1611 αὑτοῦ
1435 1585 1488 1611 ἀπὸ
1512 1585 1686 1620 Σολομῶντος
1699 1585 1746 1611 τοῦ
1762 1585 1820 1612 υἱοῦ
1834 1585 1917 1614 Δαὸὶδ

290 1634 440 1662 secundum
456 1632 559 1660 Lucam
584 1632 611 1658 in
629 1631 788 1658 recensione
799 1630 972 1665 genealogiaa.
988 1629 1078 1664 Siqui-

291 1681 352 1707 dem
383 1680 434 1706 iste
449 1678 570 1705 Matthan
591 1677 686 1704 habuit
702 1676 770 1703 lilias
782 1684 815 1703 ex
830 1675 913 1702 Maria
923 1682 1007 1703 uxore
1015 1682 1076 1708 sua,

291 1733 353 1761 qua:
368 1724 537 1760 vocabaptur
552 1721 647 1754 Maria,
666 1722 750 1753 Subc,
765 1722 854 1748 Anna.
878 1720 962 1748 Maria
986 1720 1078 1756 itaque

291 1771 385 1806 genuit
402 1769 539 1798 Elisabeth
554 1773 669 1796 matrem
692 1767 807 1796 Joannis
826 1767 955 1802 Baptistae
970 1775 977 1794 :
999 1767 1077 1794 Anna

290 1824 355 1844 vero
375 1817 445 1851 parit
460 1819 582 1843 sanctam
596 1814 643 1842 Dei
663 1818 776 1841 matrem
798 1814 824 1841 in
840 1813 1008 1845 Bethlehem,
1018 1821 1079 1848 qua:

291 1864 325 1891 de
341 1861 450 1890 nomine
464 1861 532 1888 aviae
547 1865 574 1887 et
595 1864 749 1886 matertera:
763 1859 958 1886 nominabatur
980 1858 1077 1886 Maria.

288 1909 384 1944 itaque
400 1907 538 1935 Elisabeth
554 1909 596 1933 est
605 1905 772 1934 consobrina
784 1905 894 1940 quidem
911 1905 1008 1936 Annaz,
1021 1912 1079 1932 ma-

292 1955 388 1982 truelis
407 1960 473 1981 vero
492 1951 625 1987 Deiparaa.
645 1951 703 1979 Duo
720 1951 777 1978 haec
790 1955 895 1978 asserta
915 1951 1077 1985 Evangelica

292 2000 505 2031 conﬁrmantur,
521 2001 663 2032 propterea
675 1996 748 2032 quod
763 2000 922 2023 recensctur
934 2000 1078 2030 paternum

291 2054 378 2081 geuus
396 2050 423 2073 et
439 2043 550 2072 carnale
570 2043 684 2071 Christi.
700 2041 767 2068 Erat
781 2042 865 2074 enim,
882 2041 982 2076 inquit,
1001 2040 1078 2068 Iesus

290 2091 396 2128 quando
412 2091 521 2125 incepit,
543 2089 624 2117 veluti
641 2096 771 2116 annorum
789 2095 855 2119 xxx,
870 2087 916 2122 qui
935 2086 1079 2120 putabatur

289 2139 408 2175 Josephi,
421 2142 558 2165 cantuset
575 2136 646 2169 Heli,
663 2135 812 2162 Matt/iani;
826 2134 860 2161 ⁸⁷.

1128 1630 1329 1664 καταγομένην,
1348 1629 1384 1660 ὥς
1400 1638 1467 1664 φησι
1481 1630 1511 1656 τὸ
1528 1630 1599 1656 κατὰ
1613 1631 1721 1657 Δουκᾶν
1749 1630 1916 1664 Εὐαγγέλιον

1129 1675 1318 1710 γενεαλογοῦν.
1346 1673 1430 1708 Οὗτος
1447 1676 1502 1711 γὰρ
1515 1676 1529 1702 6
1542 1676 1658 1702 Ματοάν
1677 1676 1740 1712 ἔσχε
1764 1676 1917 1712 θυγατέρας

1128 1722 1161 1748 ὲκ
1177 1721 1286 1756 Μαρίας
1302 1723 1352 1756 τῆς
1368 1721 1497 1755 γυναικὸς
1514 1722 1608 1754 αὑτοῦ,
1625 1721 1663 1748 ὧν
1676 1723 1710 1748 τὰ
1724 1723 1843 1757 ὀνόματι
1855 1723 1916 1748 Μα-

1131 1767 1187 1803 ρία,
1203 1767 1303 1802 Σουδὴ,
1333 1767 1427 1794 Ἀννα.
1452 1767 1483 1793 'H
1501 1767 1547 1794 οὖν
1561 1767 1656 1803 Μαρία
1679 1768 1761 1803 γεννᾷ
1773 1767 1824 1802 τὴν
1845 1767 1917 1794 Ἐλι-

1131 1813 1226 1846 σάσετ,
1251 1812 1301 1848 τὴν
1318 1813 1424 1848 μητέρα
1446 1813 1570 1840 Ἰωάννου
1585 1812 1632 1839 τοῦ
1647 1812 1814 1840 Βαπτιστοῦ.
1838 1813 1870 1839 Ἡ
1884 1813 1913 1840 δὲ

1131 1860 1215 1886 Ἄννα
1232 1860 1316 1894 γεννᾷ
1339 1859 1390 1895 τὴν
1416 1860 1495 1893 ἁγίαν
1522 1858 1653 1886 Θεοτόκον
1669 1859 1698 1885 ἑν
1712 1859 1845 1894 Βηθλεὲμ,
1869 1858 1916 1893 τὴν

1129 1903 1202 1930 κατὰ
1214 1904 1245 1931 τὸ
1259 1904 1345 1940 ὄνομα
1361 1904 1411 1939 τῆς
1429 1905 1543 1940 μάμμης
1557 1906 1604 1932 καὶ
1619 1904 1706 1938 θείας,
1723 1904 1916 1938 ἐπικληθεῖσαν

1129 1950 1249 1985 Μαρίαν.
1274 1950 1317 1981 Ὠς
1332 1948 1466 1984 εἶναιτὴν
1489 1950 1642 1983 Ἐλισάσετ,
1661 1949 1775 1984 ἀνεψιὰν
1797 1950 1848 1985 μὲν
1867 1948 1916 1983 τῆ,

1131 1996 1243 2031 Ἂννης,
1269 1995 1415 2031 ὲξάδελφον
1430 1996 1459 2022 δὲ
1472 1995 1523 2031 τῆς
1539 1996 1685 2023 Θεοτόκου.
1707 1994 1863 2032 Κυροῦνται
1883 1995 1917 2022 τὰ

1130 2041 1250 2076 ἑκά-τερα
1264 2041 1312 2067 τοῦ
1330 2041 1509 2075 Εὑαγγελίου,
1524 2041 1570 2067 διὰ
1585 2040 1631 2067 τοῦ
1651 2039 1804 2075 διηγεῖσθαι
1818 2039 1848 2065 τὸ
1862 2047 1903 2066 πα

1129 2087 1218 2122 τρῷον
1244 2087 1323 2120 γένος
1343 2087 1389 2113 καὶ
1415 2087 1546 2122 σαρκικδν
1560 2086 1607 2112 τοῦ
1626 2085 1756 2121 Χριστοῦ.
1773 2083 1832 2113 Ἦν
1852 2085 1918 2120 γὰρ,

1130 2133 1224 2167 φησιν,
1242 2133 1259 2158 ό
1286 2132 1406 2165 Ἰησοῦς
1438 2133 1605 2166 ἀρχόμενος
1626 2132 1702 2167 (68),
1725 2132 1765 2164 ὠς
1784 2131 1853 2158 ἐτῶν
1879 2133 1919 2162 .1',

1130 2179 1165 2211 ὂς
1190 2178 1337 2213 ἐνομίζετο
1368 2179 1421 2205 τοῦ
1446 2179 1566 2213 Ἰωσὴφ,
1587 2179 1641 2206 τοῦ
1664 2178 1756 2211 Ἠλεί,
1782 2178 1835 2205 τοῦ
1854 2179 1919 2205 Μα-

1132 2223 1217 2252 τθᾶν.

292 2288 369 2316 CAP.
381 2286 537 2316 CXXXVII.
549 2302 584 2307 ——
593 2287 646 2319 Qui
657 2291 717 2313 sunt
729 2287 773 2319 qui
791 2286 954 2312 innotescunt
968 2285 999 2312 de
1026 2293 1076 2312 nx

1132 2280 1256 2308 ΚΕΦΑΑ.
1269 2281 1351 2307 PAZ’.
1366 2297 1400 2302 -—
1415 2282 1495 2319 Iit-ec
1505 2281 1584 2319 εἰσίν
1597 2282 1624 2308 οί
1637 2281 1695 2309 ἀπὸ
1711 2279 1770 2308 τῶν
1779 2281 1917 2316 μαθητῶν

611 2322 761 2356 discipulis.

326 2380 478 2412 Barnabas,
495 2380 540 2414 qui
552 2387 613 2406 cum
627 2378 712 2405 Paulo
724 2377 898 2412 Evangelinm
913 2377 1078 2412 prtedicarit.

292 2427 394 2462 quique
408 2426 539 2461 apostolis
554 2433 583 2452 se
599 2424 761 2459 discipulum
778 2431 838 2451 esse
863 2423 999 2458 Evangelii
1014 2422 1079 2450 llic-

293 2472 439 2508 rosolymis
456 2471 584 2500 ostendit.

328 2561 480 2594 Sest/tenes,
499 2560 545 2595 qui
566 2561 592 2587 in
607 2559 695 2587 locum
706 2558 782 2586 Judae
798 2558 953 2586 accensitus
965 2564 1006 2586 est
1017 2566 1080 2587 eum

296 2608 440 2644 apostolis,
461 2611 577 2634 vocalus
594 2605 815 2640 perorationem.

327 2654 432 2687 Justus,
449 2654 496 2687 qui
517 2658 543 2680 et
559 2653 617 2687 ipse
630 2651 703 2678 clero
718 2651 901 2686 apostolorum
914 2651 1078 2687 subiunctus

291 2706 344 2730 est.

331 2746 491 2778 Tharldteus,
514 2745 559 2780 qui
584 2744 610 2771 in
629 2743 853 2779 Mcsupolamiam
883 2744 911 2771 in
942 2743 1078 2772 civitatem

341 2833 362 2850 ⁸⁷
383 2833 447 2860 Luc.
467 2841 506 2866 ιιι,
526 2833 572 2860 25.

330 2912 386 2947 (68)
402 2911 429 2938 ld
443 2916 495 2945 cst,
515 2912 619 2947 quando
636 2911 728 2945 inrepit
744 2909 899 2945 pretlicure.

1391 2316 1451 2343 τῶν
1463 2319 1486 2343 o'
1509 2317 1656 2350 γνώριμοι.

1167 2373 1330 2407 Βαρνάϐας,
1349 2374 1363 2399 ὁ
1378 2373 1426 2399 σὺν
1440 2372 1477 2408 τῷ
1495 2372 1593 2407 Παύλῳ
1615 2372 1734 2408 κηρύξας
1748 2373 1779 2398 τὺ
1796 2373 1920 2407 Εὐαγγέ-

1131 2419 1199 2452 hev,
1224 2419 1271 2446 καὶ
1295 2421 1352 2451 τοῖς
1379 2419 1538 2450 ἀποστόλοις
1563 2419 1661 2445 ἑαυτὸν
1685 2417 1810 2453 μαθητὴν
1838 2425 1920 2451 γεγο-

1131 2465 1195 2491 νότα
1219 2465 1265 2491 τοῦ
1292 2465 1475 2500 Εὑαγγελίου,
1494 2465 1535 2496 είς
1557 2465 1606 2500 τὴν
1627 2463 1805 2499 Ἰερουσαλὴμ
1831 2464 1921 2498 ἐμφα-

1132 2512 1217 2542 νίσας.

1169 2557 1338 2591 Σωσθένης,
1356 2557 1385 2589 ὃς
1400 2558 1460 2584 ἀντὶ
1482 2556 1528 2584 τοῦ
1559 2556 1646 2585 Ἰούδα
1669 2555 1915 2591 συγκατεςηφίσθη

1135 2603 1205 2638 μετὰ
1220 2603 1274 2629 τῶν
1288 2603 1456 2634 ἀποστόλων,
1469 2603 1503 2629 ου
1518 2602 1601 2638 εὐχῆς
1618 2603 1667 2636 κλη
1675 2602 1742 2633 θείς.

1175 2650 1321 2683 Ἰοῦστος,
1333 2650 1364 2683 ὃς
1379 2649 1460 2681 αὐτὸς
1469 2649 1508 2685 τῷ
1521 2649 1615 2684 κλήρῳ
1623 2649 1678 2675 τῶν
1700 2648 1859 2676 ἀποστόλων
1869 2647 1922 2674 ὐπ-

1134 2697 1247 2733 εὸλήθη.

1171 2743 1323 2776 Θαδδαῖος,
1342 2742 1372 2774 ὃς
1394 2744 1423 2770 ὲν
1440 2743 1472 2778 τῇ
1488 2742 1686 2778 Μεσοποταμία
1708 2742 1737 2767 ἐν
1751 2742 1783 2776 τῇ
1815 2739 1922 2776 Εόέσσῃ
