2073 3161
293 199 343 231 147

1049 197 1138 228 JOSE
1143 197 1201 227 PPI

1859 192 1909 224 143

291 253 408 288 Carpus,
425 252 554 287 l‘apulus,
567 251 724 287 ngatonice,
737 251 844 286 aliaque
855 251 1001 279 multitudo
1012 259 1068 279 san-

1126 252 1249 287 Κάρπος,
1268 251 1406 284 Πάπυλος,
1429 250 1613 285 Ἀγαθωνίκη,
1631 249 1678 276 καὶ
1689 248 1785 283 ἕτερον
1806 248 1908 284 πλῆθος

293 304 398 326 ciorum
413 306 458 333 per
473 298 605 325 divinium
618 297 778 333 martyrium
794 302 983 325 consummata
998 303 1051 325 est.

329 344 355 371 5.
372 343 428 371 Sub
452 343 545 370 Severo
562 342 693 371 adversus
718 342 868 370 Ecclesium
885 343 980 378 ingens
999 343 1074 371 exci-

292 394 347 419 tata
369 395 409 417 est
436 389 597 424 persecutio,
623 389 649 415 in
680 396 734 424 qua
765 388 889 416 Justinus
914 389 1072 423 martyrium

291 435 383 466 subiit,
411 439 438 461 el.
456 433 590 462 Leonides
619 433 745 468 Origenis
769 438 855 468 pater,
871 439 894 461 et
909 433 1073 461 Potamiaeua

289 485 382 508 sancta
404 481 490 515 virgo,
511 484 538 508 et
552 479 694 512 Basilides,
709 484 735 508 et
757 480 903 507 multitudo
919 479 1072 507 divinorum

290 530 440 560 martyrum
457 525 569 552 coaluit.

321 571 348 597 6.
365 570 526 597 Maximinus
549 577 644 598 omnes
669 570 820 605 praecipuos
849 569 1005 604 ubicunque
1027 576 1072 596 es-

288 621 359 649 sent,
375 620 438 650 puta
454 616 584 649 clericos,
600 623 616 644 e
630 616 719 643 medio
734 615 790 643 tolli
811 615 903 650 jussit,
915 621 942 642 et
961 614 1071 649 quidem

286 669 345 694 eos,
365 661 412 696 qui
428 669 458 689 se
471 669 533 689 esse
543 661 713 689 Christianos
724 661 856 689 dicerent.

322 707 349 733 7.
382 706 479 733 Decius
505 706 722 735 crudelissimam
750 706 966 741 persecutionem
993 705 1073 733 adhi-

287 752 355 779 buit.
384 752 434 779 llie
459 751 520 778 ﬁdei
554 751 740 779 testimonium
771 751 907 785 perhibuit
926 751 1072 778 Flavianus

286 799 431 832 cpiscopus
453 796 604 829 Romanus,
623 796 775 824 Alexander
785 796 931 831 episcopus
947 797 1072 823 Hieroso-

287 844 448 878 lymitauus.
462 843 577 877 Babylas
588 842 734 877 episcopus
745 842 943 874 Antiochenus,
956 841 1071 876 Sarapio

286 889 433 924 cpiscopus
446 889 656 921 Alexandrinus,
669 888 812 922 Apollonia
829 889 905 922 virgo
922 893 949 915 et
961 889 1072 915 Ammo-

287 935 384 962 narion
409 943 471 961 cum
498 935 559 961 aliis
587 937 704 968 quatuor
734 933 889 968 virginibus
924 933 1071 960 crudeliter
1087 923 1107 950 Β

287 981 366 1007 tortis
383 990 389 1007 :
408 979 544 1012 Julianus,
562 979 608 1014 qui
633 979 752 1015 podagra
774 980 901 1006 laborans
920 979 946 1006 in
963 978 1072 1006 fornace

285 1024 530 1054 cireumferebatur
541 1029 569 1052 et
585 1024 645 1052 viva
661 1024 736 1052 calce
751 1024 879 1060 perfusus
893 1029 944 1051 est.
960 1024 1073 1059 Cypria-

286 1079 338 1099 nus
357 1071 500 1105 episcopus
525 1070 767 1105 Carthagenensis.
796 1070 928 1097 Mercuria
957 1069 1020 1096 item
1045 1074 1072 1097 et

285 1115 413 1151 Dionysia
440 1123 500 1150 qua:
517 1115 616 1143 mullos
641 1115 758 1142 habebat
782 1115 894 1146 liberos.
912 1122 1002 1143 coram
1026 1114 1070 1142 illa

286 1161 460 1188 adstantibus
473 1160 535 1187 iiliis
546 1160 620 1193 suis;
639 1168 688 1188 nec
705 1164 795 1187 tamen
815 1161 877 1187 dum
901 1164 1072 1195 torqueretur

285 1214 405 1236 amorem
416 1214 569 1234 numerosas
579 1206 663 1241 prolis
677 1207 763 1233 amori
781 1206 897 1240 praetulit
912 1205 1024 1233 Christi.
1042 1205 1070 1233 In

284 1254 336 1279 hac
364 1253 554 1287 persecutione
579 1252 689 1287 plurimi
706 1256 840 1287 martyres
868 1259 915 1287 per
938 1252 1020 1280 urbes
1042 1256 1070 1279 et

282 1298 361 1325 villas
381 1297 538 1325 coelestibus
560 1297 650 1324 choris
668 1297 762 1324 inserti
784 1301 857 1324 sunt.
882 1297 916 1323 At
938 1297 1069 1331 Origenes

283 1342 330 1376 qui
347 1350 394 1376 per
408 1342 460 1369 hoc
474 1346 582 1376 tempus
599 1341 717 1373 vivebat,
735 1349 788 1368 non
800 1345 842 1369 est
852 1341 978 1376 dignatus
994 1349 1068 1368 mar-

284 1387 354 1423 tyrio
371 1397 378 1415 ;
394 1387 441 1415 sed
455 1388 556 1420 victus,
567 1387 593 1414 in
610 1387 771 1423 poenitentia
785 1387 921 1422 reliquum
936 1387 998 1414 vita
1012 1394 1069 1414 sua:

283 1437 392 1465 tempus
407 1432 571 1459 transmisit.

320 1478 347 1505 8.
369 1477 526 1505 Valerianus
540 1477 705 1505 Christianis
714 1477 814 1505 bellum
824 1477 918 1509 movit,
933 1476 1067 1512 multique

282 1523 364 1551 etiam
379 1524 430 1550 sub
446 1523 491 1550 illo
508 1527 640 1559 martyres
667 1522 776 1550 fuerunt
794 1532 802 1550 :
829 1523 899 1550 inter
918 1529 987 1557 quos
1003 1526 1067 1549 sunt

283 1574 340 1596 tres
355 1574 487 1605 martyres
501 1568 632 1596 Caesareae
646 1567 807 1601 Palaestinae,
823 1567 945 1599 Priscus,
957 1566 1066 1595 Marcus

282 1620 309 1641 c-t
325 1615 486 1642 Alexander.

320 1661 348 1688 9.
368 1661 531 1687 Aurelianus
557 1659 641 1686 movit
660 1659 889 1694 persecutionem.
912 1665 967 1685 non
980 1665 1067 1693 usque

283 1706 351 1733 adeo
365 1705 502 1733 crudelem
519 1710 546 1732 et
567 1704 750 1732 manifestam.
775 1704 869 1731 Solum
887 1703 959 1731 enim
982 1702 1067 1738 magi-

281 1751 417 1779 stratibus
439 1759 473 1778 ex
496 1750 694 1778 consuetudine
718 1754 839 1777 veterum
859 1749 947 1784 legum
972 1751 1066 1776 contra

281 1797 454 1824 Christianos
469 1796 535 1831 quid
550 1795 684 1830 agendum
696 1800 767 1823 esset
777 1794 950 1830 signiﬁcavit.

322 1838 365 1868 10.
395 1841 417 1867 A
442 1840 608 1868 Diocletiano
637 1847 734 1875 magna
750 1839 894 1867 adversus
917 1838 1066 1867 Ecclesiam

281 1888 400 1916 excitata
433 1888 588 1923 persecutio
606 1892 664 1919 est,
691 1888 719 1915 in
744 1895 798 1922 qua
824 1892 852 1915 et
872 1886 1066 1922 quamplurimi

281 1939 431 1969 martyres,
454 1934 503 1960 viri
520 1934 674 1968 conspicui,
698 1934 725 1960 in
746 1933 904 1961 testimonio
918 1932 979 1960 ﬁdei
1004 1940 1067 1967 per-

282 1980 400 2007 bibendo
419 1979 589 2007 etfulserunt.
610 1979 756 2007 Anthimus
780 1980 926 2014 episcopus
941 1978 1066 2006 Nicome-

281 2024 394 2052 diensis.
415 2024 531 2052 Pbilaeas
555 2026 701 2060 episcopus
724 2025 900 2053 Thmuensis.
928 2024 1066 2052 Adauctus

280 2071 415 2099 Catholici
431 2070 562 2106 dignitate
574 2071 729 2102 decoratus.
744 2071 771 2098 in
786 2079 839 2106 qua
856 2072 941 2098 etiam
956 2070 1065 2104 conspi-

280 2125 349 2145 cuus
367 2116 430 2144 fuit.
448 2115 556 2152 Pelagia
572 2116 647 2151 virgo
659 2116 843 2149 Antiochena,
858 2117 952 2151 junior
965 2116 1065 2151 puella,

279 2170 341 2196 qum
361 2170 421 2189 sese
436 2162 470 2189 de
494 2162 573 2189 tertia
592 2162 797 2196 contignatione
810 2162 908 2190 domus
929 2169 987 2188 sua).
1004 2169 1066 2195 pruc

277 2208 353 2241 jecit.
370 2207 508 2242 Tyrannio
519 2208 666 2242 episcopus
681 2208 756 2242 Tyri.
772 2207 910 2234 Zenobius
925 2207 1067 2241 presbyter

1125 298 1212 332 ἁγίων
1225 297 1269 324 διὰ
1285 297 1332 324 τοῦ
1350 297 1423 324 θείου
1438 296 1588 323 τελειοῦται
1605 295 1767 331 μαρτυρίου.

1159 347 1189 371 ε’.
1198 343 1267 370 Ὑπὸ
1277 344 1422 377 Σευῆρον,
1434 342 1503 369 κατὰ
1513 342 1562 377 τῆς
1570 341 1733 376 Ἐκκλησίας
1747 340 1835 375 μέγας
1846 349 1909 374 συγ-

1124 390 1239 416 κινεῖται
1252 389 1373 424 διωγμὸς
1383 408 1390 421 ,
1403 388 1447 423 ἐφ’
1459 385 1490 415 οὗ
1502 387 1641 418 ’1ουστῖνος
1655 386 1842 421 ἐμαρτύρησε,
1862 386 1909 413 καὶ

1127 435 1264 470 Λεωνίδης
1283 435 1298 461 ὸ
1319 434 1489 470 Ὠρειγένους
1507 433 1610 468 πατὴρ,
1633 432 1681 459 καὶ
1703 431 1875 467 Ποταμίαινα
1890 432 1907 466 ἡ

1123 479 1189 514 ἁγία
1213 480 1358 515 παρθένος,
1374 480 1422 507 καὶ
1440 478 1611 514 Βασιλείδης,
1636 478 1683 505 καὶ
1700 477 1803 512 πλῆθος
1827 476 1908 504 θείων

1124 525 1273 552 τελειοῦται
1289 525 1447 561 μαρτύρων.

1158 574 1195 602 ς’.
1211 570 1377 604 Μαξιμῖνος
1402 569 1528 605 πρώτους
1551 569 1657 600 πάντας
1673 568 1737 600 τοὺς
1752 568 1815 595 ὅποι
1825 568 1848 594 δ’
1863 568 1906 601 ἂν,

1122 616 1159 648 ὡς
1173 616 1333 651 κληρικοὺς,
1349 615 1521 650 ἀναιρεῖσθαι
1533 614 1700 650 προστάξας,
1712 614 1759 640 καὶ
1773 614 1833 641 τότε
1843 615 1907 646 τοὺς

1122 662 1251 696 λέγοντας
1266 662 1380 693 ἑαυτοὺς
1392 659 1463 688 εἶναι
1479 656 1672 696 Χριστιανούς.

1157 708 1189 740 ζ’.
1205 707 1307 740 Δέκιος
1329 707 1452 742 σφοδρῶς
1475 707 1610 741 ἐχρήσατο
1636 705 1674 740 τῷ
1698 705 1829 740 διωγμῷ,
1855 706 1904 732 καὶ

1123 754 1257 789 μαρτυρεί
1269 752 1416 783 Φλαὸιανὸς
1427 753 1574 783 ἐπίσκοπος
1597 751 1717 785 Ῥώμης.
1734 750 1907 785 Ἀλέξανδρος

1121 799 1269 830 ἐπίσκοπος
1285 797 1489 833 Ἰεροσολύμων,
1505 798 1628 829 Βαϐύλας
1639 798 1787 829 ἐπίσκοπος
1807 797 1907 823 Ἀντιο-

1120 843 1361 881 χείας,Σαρ;ιπίων
1376 843 1525 875 ἐπίσκοπος
1537 843 1755 878 Ἀλεξανδρείας,
1771 842 1906 869 Ἀπολλω-

1120 891 1165 918 νία
1179 890 1313 925 παρθένος
1326 890 1374 916 καὶ
1384 888 1586 924 Ἀμμωναρίων
1606 889 1655 915 σὺν
1669 888 1764 920 ἄλλαις
1775 888 1907 924 τέσσαρσι

1123 936 1268 972 παρθένοις
1289 935 1384 967 δεινῶς
1410 935 1647 970 βασανισθείσαις,
1675 934 1818 965 Ἰουλιανὸς
1831 935 1845 960 ὁ
1859 943 1907 961 1co-

1123 982 1220 1016 δαλγὸς
1233 982 1279 1008 ἐπὶ
1293 981 1408 1015 καμίνου
1430 980 1658 1015 περιφερόμενος,
1674 980 1720 1006 καὶ
1732 981 1765 1015 τῇ
1781 979 1906 1014 ἀσϐέστῳ

1123 1027 1359 1063 περιραινόμενος.
1382 1026 1411 1053 '0
1423 1026 1573 1056 ἐπίσκοπος
1588 1025 1768 1060 Καρθαγινης
1783 1025 1908 1059 Κυπρια-

1122 1074 1177 1105 νός.
1195 1073 1354 1108 Μερκουρία
1367 1080 1396 1099 τε
1413 1071 1461 1099 καὶ
1490 1071 1615 1098 Διονυσία
1630 1072 1647 1106 ἡ
1662 1070 1807 1104 πολύπαις,
1821 1079 1907 1105 παρε-

1122 1107 1262 1151 στηκότών
1283 1115 1352 1151 αὐτῇ
1374 1115 1429 1141 τῶν
1452 1114 1556 1142 παίδων
1575 1115 1671 1149 αὐτῆς.
1690 1115 1744 1141 Καὶ
1752 1107 1905 1149 ᾙασανιζο-

1123 1161 1190 1196 μένη
1210 1161 1261 1188 οὐκ
1275 1160 1364 1193 ἔστιξε
1378 1160 1435 1196 (⁵12)
1451 1160 1501 1194 τῆς
1521 1160 1640 1196 Χριστοῦ
1654 1159 1747 1195 φιλίας
1759 1159 1809 1195 τὴν
1824 1160 1906 1186 πολυ-

1120 1207 1242 1234 παιδίαν.
1267 1207 1330 1233 Ἐπὶ
1351 1206 1380 1233 δέ
1400 1206 1497 1233 τούτου
1523 1206 1646 1232 πλεῖστοι
1675 1206 1815 1241 μάρτυρες
1836 1205 1906 1232 κατὰ

1120 1253 1212 1285 πόλεις
1246 1253 1294 1279 καὶ
1331 1252 1403 1280 κατὰ
1441 1252 1538 1287 κώμας
1570 1253 1628 1283 τοῖς
1655 1252 1791 1288 οὐρανίοις
1815 1253 1905 1288 χοροῖς

1121 1299 1389 1335 συγκατελέχθησαν.
1414 1299 1574 1334 Ὠρειγένης
1595 1298 1626 1326 δέ
1649 1299 1701 1326 οὐκ
1729 1297 1833 1333 ἠξιώθη
1855 1299 1905 1333 τῆς

1121 1345 1278 1381 μαρτυρίας
1301 1345 1331 1372 ὲν
1352 1344 1441 1380 τούτῳ
1470 1345 1614 1380 συσχεθεὶς
1642 1345 1682 1379 τῷ
1706 1344 1816 1380 χρόνῳ,
1847 1343 1904 1370 ἀλλ’

1118 1392 1264 1428 ἡττηθεὶς,
1291 1393 1330 1424 εἰς
1364 1392 1510 1426 μετάνοιαν
1534 1389 1601 1417 ἐσίω
1632 1391 1678 1417 τὸν
1708 1389 1802 1417 λοιπὸν
1820 1389 1904 1416 αὐτοῦ

1119 1437 1225 1473 χρόνον.

1154 1482 1190 1519 η’.
1204 1483 1405 1518 οῠαλεριαγὸς
1413 1482 1592 1518 Χριστιανοὺς
1605 1482 1771 1516 ἐπολέμησε,
1781 1481 1828 1508 καὶ
1837 1480 1903 1507 πολ-

1118 1530 1159 1557 λοὶ
1171 1530 1219 1557 καὶ
1234 1530 1278 1556 ἐπ’
1292 1529 1375 1557 αὐτοῦ
1390 1529 1648 1565 μεμαρτυρήκασιν,
1663 1528 1693 1560 ἐξ
1705 1525 1742 1554 ὧν
1754 1528 1806 1554 εἰσι
1821 1527 1869 1553 καὶ
1878 1525 1904 1553 οι

1119 1575 1148 1602 ἐν
1172 1575 1325 1611 Καισαρείᾳ
1348 1575 1398 1609 τῆς
1423 1573 1608 1609 Παλαιστίνης
1637 1573 1775 1608 μάρτυρες
1807 1571 1902 1607 τρεῖς,

1079 1597 1101 1626 (⁵
1117 1597 1644 1656 ξίριέτῖξξῇἕρκιζῗκᾷἱῖλᾷὲὲέᾁὲὲοςῖ

1151 1664 1184 1692 θ’.
1202 1666 1392 1699 Αὑρηλιανὸς
1405 1666 1477 1692 κινεῖ
1489 1664 1620 1699 διωγμὸν,
1642 1664 1692 1699 οὐχ
1705 1664 1791 1696 οὕτως
1806 1664 1904 1699 ἄγριον

1117 1717 1165 1737 και
1174 1710 1296 1745 ἐμφανῆ.
1312 1710 1400 1737 Μόνον
1409 1710 1464 1745 γὰρ
1476 1710 1529 1736 τῶν
1543 1708 1682 1744 ἀρχόντων
1693 1709 1744 1744 τῆς
1760 1708 1903 1744 συνηθείας

1116 1756 1171 1783 τῶν
1187 1756 1311 1784 παλαιῶν
1334 1756 1424 1792 νόμων
1447 1756 1517 1783 κατὰ
1530 1755 1703 1791 Χριστιανῶν
1723 1756 1750 1782 τί
1777 1755 1904 1790 γίνεσθαι

1121 1801 1160 1836 μὴ
1177 1801 1254 1838 [χρὴ]
1273 1800 1331 1837 (75)
1346 1801 1487 1833 διατάξας.

1155 1846 1181 1874 ι’.
1203 1846 1232 1874 ’0
1247 1847 1333 1882 μέγας
1347 1846 1420 1886 κατὰ
1432 1847 1481 1881 τῆς
1489 1845 1654 1882 Ἑκκλησίας
1667 1846 1719 1873 ὑπὸ
1727 1847 1903 1880 Amantia-

1117 1893 1173 1920 νοῦ
1185 1892 1306 1928 διωγμὸς
1321 1892 1471 1928 ἐγείρεται,
1486 1892 1529 1927 ἐφ’
1542 1890 1574 1920 οὗ
1587 1893 1634 1919 καὶ
1646 1893 1739 1920 πολλοὶ
1752 1893 1903 1928 μάρτυρες,

1117 1939 1213 1975 ἄνδρες
1230 1939 1382 1973 ἐπιφανεῖς,
1397 1938 1548 1974 διέπρεψαν
1559 1938 1588 1965 ὲν
1596 1937 1635 1974 τῷ
1646 1937 1802 1973 μαρτυρίῳ.
1815 1938 1906 1964 ’Δνθι-

1119 1992 1168 2018 μος
1194 1983 1344 2015 ἐπίσκοπος
1377 1983 1575 2019 Νικομηδείας.
1604 1984 1718 2015 Φιλαίας
1753 1983 1905 2014 ἐπίσκοπος

1117 2029 1244 2064 Θμούιος.
1264 2028 1425 2061 ’Δδαυκτος,
1444 2029 1607 2062 καθολικὺς,
1633 2029 1680 2056 καὶ
1700 2029 1729 2054 ἐν
1748 2029 1823 2063 αὐτῷ
1845 2028 1905 2055 δια-

1117 2075 1231 2110 πρέπων
1243 2075 1283 2110 τῷ
1298 2074 1446 2110 ἀξιώματι.
1462 2074 1583 2109 Πελάγία
1597 2075 1613 2109 ή
1627 2075 1655 2101 ἐν
1669 2074 1821 2109 Ἀντιοχείᾳ
1835 2081 1902 2108 παρ-

1117 2120 1204 2152 θένος,
1217 2120 1264 2146 νέα.
1279 2119 1358 2154 κόρη,
1376 2119 1478 2154 ῥίψασα
1495 2119 1596 2155 ἑαυτὴν
1620 2119 1675 2146 ἀπὸ
1695 2118 1838 2154 τριστέγου
1853 2118 1905 2152 τῆς

1119 2166 1187 2197 ιδίας
1201 2165 1303 2196 οἰκίας.
1319 2164 1479 2200 Τυραννίων
1494 2164 1644 2195 ἐπίσκοπος
1661 2163 1762 2198 Τύρου.
1774 2162 1906 2198 Ζηνόσιος

1117 2210 1302 2244 πρεσϐύτερος
1314 2210 1438 2242 Σιδῶνος.
1454 2209 1584 2241 Σιλὸανὸς
1596 2209 1747 2241 ἐπίσκοπος
1768 2208 1904 2243 Ὴμισῶν.

279 2254 461 2282 Sidoniensis.
492 2254 620 2281 Silvanus
661 2254 805 2288 episcopus
841 2254 1062 2282 liemisenorum.

1123 2255 1261 2289 Ῥωμανδς
1283 2255 1431 2286 ἐπίσκοπος
1458 2255 1632 2291 Ἀντιοχείας.
1649 2255 1778 2290 Ζηνόὸιος
1803 2254 1904 2289 ἀρχία-

279 2297 423 2326 Rullianus
442 2299 589 2333 episcopus
602 2297 762 2325 Antiochize.
783 2298 921 2327 Zenobius
937 2299 1062 2333 princeps

279 2345 378 2372 ibidem
406 2345 583 2374 medicorum.
615 2344 742 2372 Silvanus
762 2345 908 2380 episcopus
933 2345 1063 2373 Gazensis

279 2399 341 2419 cum
357 2391 419 2418 aliis
434 2399 478 2419 XL.
512 2391 609 2420 Peleus
636 2396 664 2419 et
689 2391 767 2419 Nilus
791 2391 912 2426 episcopi
932 2391 1062 2427 Egyptii.

278 2438 438 2474 Pamphilus
448 2439 592 2475 presbyter
604 2439 798 2466 Cmsareensis.
811 2437 907 2466 Petrus
920 2438 1065 2473 episcopus

276 2484 490 2516 Alexandrinus,
509 2489 536 2511 et
552 2492 614 2512 cum
631 2484 691 2518 ipso
706 2483 834 2516 Faustus,
850 2483 926 2515 Dius.
951 2484 1064 2511 Ammo-

277 2536 342 2556 ntus
356 2529 507 2564 presbyteri
519 2538 525 2556 :
538 2529 657 2564 episcopi
672 2536 737 2556 vero
752 2527 884 2563 Phyla-as.
900 2528 1063 2564 Hesychius,

276 2575 454 2606 Pachumius.
471 2575 642 2602 'lheodorus.
659 2575 744 2602 Gaius
763 2582 873 2610 quoque
892 2574 1032 2602 Laodiceae
1045 2583 1060 2601 ι

276 2622 403 2656 plebibus
413 2626 536 2656 raptatus
549 2621 710 2655 martyrium
720 2621 794 2649 fecit.
806 2622 872 2648 ltent
884 2620 1061 2654 Sabinianus,

277 2668 323 2702 qui
346 2675 408 2695 cum
437 2668 516 2695 miles
531 2671 604 2695 esset
618 2667 709 2702 gravis
729 2672 888 2698 armatum,
916 2666 1062 2694 cenl'essus

278 2712 349 2746 quod
373 2712 548 2739 Christianus
572 2717 660 2743 esset,
684 2711 774 2738 securi
792 2710 955 2745 percutitur.
978 2709 1063 2742 Quin-

279 2757 334 2783 imo
351 2758 453 2785 classes
471 2759 584 2792 illngl‘iB
604 2757 718 2784 militum
737 2764 798 2783 eum
825 2756 942 2783 tribunis
957 2760 984 2783 et
999 2762 1064 2783 cen-

281 2802 447 2834 lurionibusI
464 2803 572 2838 spoliati
589 2803 674 2830 armis
688 2803 849 2837 martyriqu
865 2801 1018 2828 subierunt.

312 2858 367 2895 ea
386 2859 466 2895 ιρι-μα
478 2859 599 2895 ἔστερξε-

1117 2302 1181 2336 τρὸς
1209 2301 1387 2336 Ἀντιοχείας.
1422 2301 1550 2332 Σιλὸανδς
1582 2301 1732 2332 ἐπίσκοπος
1760 2299 1907 2333 Γαζαίων,

1120 2347 1188 2382 μετὰ
1216 2347 1263 2373 καὶ
1277 2347 1365 2373 ἄλλων
1383 2346 1420 2381 μ’.
1444 2347 1549 2382 Πηλεὺς
1573 2346 1622 2373 καὶ
1639 2346 1734 2377 Νεῖλος
1759 2346 1908 2372 ἐπίσκοποι

1118 2392 1272 2428 Αἰγύπτιοι.
1290 2392 1431 2427 Πάμφιλος
1452 2393 1637 2428 πρεσσύτερος
1656 2392 1836 2426 Καισαρείας.
1854 2391 1908 2418 Πέ-

1119 2447 1184 2473 τρος
1200 2438 1349 2468 ἐπίσκοπος
1372 2437 1587 2473 ’Δλεξανδρείας,
1602 2437 1650 2464 καὶ
1667 2437 1716 2464 σὺν
1733 2437 1810 2472 αὐτῷ
1822 2445 1908 2472 πρεσ-

1115 2483 1225 2518 ϐύτεροι
1241 2483 1372 2515 Φαῦστος,
1398 2484 1469 2515 Δῖος,
1498 2481 1674 2518 Ἀμμώνιος·
1700 2482 1846 2508 ἐπίσκοποι
1864 2481 1906 2513 δὲ,

1115 2530 1245 2561 Φυλαίας,
1265 2529 1403 2564 Ἡσύχιος,
1422 2530 1589 2565 Παχούμιος,
1616 2529 1765 2563 Θεόδωρος.
1778 2528 1858 2559 Γάϊός
1873 2536 1906 2554 τε

1115 2576 1144 2602 ἐν
1162 2575 1306 2610 Λαοδικείᾳ
1334 2575 1386 2602 ὑπὸ
1415 2575 1469 2601 τῶν
1497 2576 1590 2610 δήμων
1628 2574 1722 2609 συρεὶς
1759 2574 1906 2609 μαρτυρεῖ.

1117 2620 1170 2646 Καὶ
1185 2620 1352 2653 Σαὸινιανὸς,
1377 2620 1549 2656 στρατιώτης
1563 2620 1601 2646 ὢν
1617 2620 1673 2647 τῶν
1689 2618 1817 2651 ὁπλιτῶν,
1840 2619 1908 2652 ὁμο-

1115 2665 1234 2698 λογήσας
1254 2665 1416 2700 Χριστιανδς
1431 2664 1510 2697 εἶναι,
1524 2665 1707 2696 πελεκίζεται,
1723 2664 1778 2691 Καὶ
1790 2663 1908 2698 ἀριθμοὶ

1116 2711 1145 2737 δὲ
1160 2710 1301 2746 ὁλόκληροι
1326 2711 1512 2748 στρατιωτῶν,
1529 2711 1598 2747 μετὰ
1612 2711 1667 2738 τῶν
1684 2710 1834 2745 χιλιάρχῳν
1856 2708 1908 2735 καὶ

1117 2757 1342 2792 ἑκατοντάρχων,
1370 2757 1566 2794 ἀφαιρεθέντες
1583 2757 1638 2784 τῶν
1661 2756 1753 2783 ὃπλων
1783 2753 1908 2790 ἐμαρτύ-

1120 2810 1216 2836 pnas-1.

314 2893 369 2928 (73)
395 2893 461 2922 Vide
476 2893 575 2924 Euseb.
591 2903 644 2930 vn,
663 2895 716 2928 30;
739 2894 864 2924 Lactant.
888 2894 924 2921 De
948 2893 1051 2921 mortib.
1069 2901 1166 2929 pet-sec.
1183 2902 1241 2928 cap.
1262 2894 1289 2921 6.
