2073 3161
177 179 229 213 ηε)

747 181 935 212 LIBELLUS
954 181 1205 212 MEMORIALIS.

1753 184 1805 217 150

209 235 287 263 Μετὰ
296 233 399 262 τούτων
409 234 574 270 Μαειμῖνος
586 235 747 270 ια’διωγμδν
759 236 920 270 διαδέχεται,
933 236 959 262 ὃν

1052 237 1094 263 ll.
1113 236 1275 264 Maximinus
1294 241 1354 272 post
1383 237 1432 265 hos
1456 237 1629 266 undecimam
1648 240 1804 274 aggreditur

173 282 254 314 αὐτὸς
267 281 349 309 πάλιν
364 281 467 308 ἔπαυσε
482 282 759 318 διατάγματι.Ἐνοεν
776 284 792 318 ἡ
816 283 965 317 Ἐκκλησία

172 328 228 355 τῶν
241 328 373 362 διωγμῶν
388 328 514 355 ἀνεθεῖσα
531 329 586 356 τῶν
601 329 631 362 ἐξ
652 329 787 364 Ἐλλήνων
797 350 805 362 ,
818 330 864 356 ἐπὶ
884 330 963 356 Κων-

172 373 313 400 σταντίνου
336 373 384 400 καὶ
400 373 607 406 Κωνσταντίου,
629 374 677 401 καὶ
692 374 870 405 Κώνσταντος
887 374 964 410 βασι-

172 419 306 446 λευόντων
322 418 424 455 πολλὴν
438 419 570 455 ὑπέμεινε
591 420 714 455 ταραχὴν
726 420 780 447 ὑπὸ
802 420 962 456 Ἀρειανῶν.

206 508 283 535 Μετὰ
293 507 406 540 τούτους
417 527 425 541 ,
442 508 610 536 Ἰουλιανοῦ
627 508 838 543 βασιλεύσαντος
852 510 888 537 τὰ
904 510 964 537 Ἐλ-

170 554 259 589 λήνων
275 554 415 588 ἑλομένου,
435 554 467 580 οὐ
484 553 630 586 διώξαντος
646 555 675 581 δὲ
687 556 749 587 τοὺς
770 556 962 591 Χριστιανοὺς,

169 599 239 626 ἀλλὰ
254 599 452 634 βδελυξαμένου
469 599 517 626 καὶ¹
540 600 769 635 συγγραφομένου
787 602 846 627 κατ’
861 601 961 629 αὐτῶν.

169 644 232 672 Τῶν
245 645 274 671 δὲ
290 645 385 680 δήμων
401 645 472 672 κατά
486 653 516 671 τε
535 645 627 678 πόλεις
651 647 699 673 καὶ
726 646 832 681 κώμας,
847 648 896 682 τῆς
915 647 963 674 τοῦ

168 691 303 726 βασιλέως
327 691 441 726 γνώμης
463 693 713 728 συγχρησαμένων,
729 693 804 720 δεινὰ
827 695 881 726 τοῖς
897 695 963 729 Χρι-

167 738 290 769 πιανοίς
311 737 490 773 δειχθέντων,
508 738 586 765 ἐνθεν
604 739 652 766 καὶ
676 740 796 774 αἱρέσεις
820 741 890 767 κατὰ
913 740 962 775 τῆς

173 782 338 818 Ἐκκλησίας
351 783 549 819 ἐπανέστησαν,
567 785 621 812 τῶν
636 794 665 811 τε
690 785 834 821 ’Δρεισνῶν
851 786 898 813 καὶ
909 786 963 813 τῶν

173 828 435 863 Ἆνθρωπολατρῶν.

166 885 291 912 ΚΕΦΔΛ.
309 885 377 912 PM’.
401 885 555 922 —_H60fm
580 886 710 920 αἱρέσεις
731 887 807 914 κατὰ
831 888 887 922 τῆς
910 889 959 917 ἐκ·

252 920 477 954 κλησιαστικῆς
490 921 620 954 πΙστεως
632 921 859 956 ἐπανέστησαν.

202 977 314 1011 Πρῶτον
331 976 378 1003 ἐπὶ
400 978 434 1012 τῇ
452 977 579 1013 ὲνσάρκῳ
607 978 656 1004 τοῦ
679 978 781 1013 Κυρίου
804 980 959 1016 παρουσίᾳ,

164 1022 295 1056 γεγόνασί
313 1031 383 1055 τινες
410 1023 605 1058 Ἦρωδιανοὶ,
628 1024 746 1059 Χριστὸν
766 1025 812 1052 τὺν
836 1025 960 1061 Ἡρώδην

163 1065 237 1095 εἶναι
253 1068 391 1103 λέγοντες.

199 1113 234 1149 β’.
250 1115 406 1143 Θευδιανοὶ
419 1116 608 1151 άπατηθέντες
619 1116 686 1152 (74).
702 1116 805 1144 Τούτου
820 1118 960 1153 μέμνηται

163 1161 212 1187 καὶ
238 1161 410 1196 Γαμαλιῆλος
438 1162 453 1188 ὁ
487 1162 734 1197 νομοδιδάσκαλος,
762 1163 876 1198 γνώμην
902 1166 959 1195 τοῖς

162 1206 340 1242 ἀρχιερεῦσιν
363 1207 572 1243 εἰσηγούμενος,
601 1208 809 1244 βουλευομένοις
838 1218 865 1236 τι
893 1209 960 1244 δρᾷν

163 1252 234 1278 κατὰ
258 1252 311 1278 τῶν
325 1253 483 1280 ἀποστόλων
495 1273 503 1285 ,
518 1254 586 1289 πρὸς
599 1254 630 1280 τὺ
651 1254 736 1289 μηδέν
751 1262 778 1281 τι
792 1255 854 1281 κατ’
869 1255 960 1282 αὐτῶν

162 1297 287 1331 ἐνεργεῖν
310 1298 411 1332 λέγων·
440 1299 501 1332 Πρὸ
528 1299 584 1334 γὰρ
611 1300 726 1326 τούτων
752 1299 812 1327 τῶν
840 1300 959 1335 ἡμερῶν

161 1341 277 1376 ἀνέστη
295 1342 419 1376 Θευδᾶς,
433 1343 530 1378 λέγων
546 1342 624 1371 εἶναι
636 1353 703 1371 τινα
716 1345 835 1373 ἑαυτόν.

198 1388 235 1420 γ’.
251 1387 313 1413 Ἐπὶ
325 1387 380 1414 τῶν
392 1387 554 1415 ἀποστόλων
564 1388 631 1424 άλλη
645 1389 751 1424 αἵρεσις
763 1390 793 1416 ἐν
806 1391 839 1425 τῇ
859 1388 956 1425 Ἰερου·

163 1430 255 1466 σαλὴμ
267 1432 430 1466 Αιγυπτίου
443 1433 542 1468 μάγου
557 1434 630 1465 τινὸς
647 1434 762 1470 συνέστη
776 1454 784 1467 ,
800 1435 849 1461 καὶ
861 1435 956 1462 τούτου

163 1478 258 1514 μνήμη
269 1487 311 1510 τις
323 1479 352 1505 ἐν
366 1480 428 1511 ταῖς
441 1480 637 1512 ἁποστολικαίς
650 1481 770 1516 Πράξεσι
784 1481 900 1516 γίνεται,
911 1482 957 1508 ὅτε

163 1523 245 1556 φησὶν
271 1523 286 1549 ό
310 1523 450 1558 χιλίαρχος
470 1523 510 1558 τῷ
533 1524 646 1559 Παύλῳ·
678 1524 853 1559 Ἑλληνιστὶ
872 1525 956 1560 γινώ-

161 1575 264 1601 σκεις;
276 1570 338 1595 Οὐκ
352 1565 410 1603 ἄρα
424 1568 466 1595 σὺ
481 1567 509 1596 εἶ
522 1570 539 1596 ὀ
552 1570 724 1604 Αἰγύπτιος,
739 1571 756 1597 ὁ
769 1570 827 1604 πρὸ
841 1571 956 1598 τούτων
968 1585 990 1615 c

160 1613 222 1640 τῶν
235 1613 355 1649 ἡμερῶν·
365 1614 592 1648 ἀναστατώσας,
608 1615 657 1642 καὶ
673 1616 829 1651 ἐξαγαγὼν
842 1617 886 1650 εὶς
898 1616 956 1652 τὴν

161 1658 275 1694 ἔρημον
289 1659 359 1693 τοὺς
378 1661 638 1695 τετρακισχιλίους
655 1660 768 1696 ἄνδρας
786 1661 847 1689 τῶν
870 1669 957 1689 (rma-

159 1705 234 1739 ρτων
243 1714 254 1739 ;

194 1751 228 1779 δ’.
243 1753 429 1785 Σιμωνιανοί.
445 1754 536 1790 Σίμων
551 1754 599 1782 καὶ
612 1753 694 1785 αὐτὸς
710 1753 756 1780 ἐπὶ
772 1753 827 1780 τῶν
841 1754 956 1786 ἀποστό-

159 1798 216 1825 λων
229 1799 315 1834 μάγος
329 1801 475 1835 γενόμενος
486 1820 493 1831 ,
514 1800 620 1836 αἵρεσιν
633 1800 678 1826 διὰ
699 1800 749 1836 τῆς
763 1800 818 1826 τῶν
834 1801 956 1835 σημείων

159 1846 190 1872 ὲν
207 1846 301 1881 τέρασι
312 1846 427 1881 ψευδοῦς
448 1847 588 1880 ἐνδείξεως
602 1847 744 1882 εἰσήγαγε,
760 1847 848 1881 λέγων
861 1847 956 1874 ἑαυτὸν

158 1889 231 1918 εἶναι
258 1892 305 1918 τοῦ
332 1893 401 1919 Θεοῦ
416 1892 466 1927 τὴν
490 1893 613 1928 μεγάλην
634 1892 761 1927 δύναμιν.
782 1892 837 1918 Καὶ
858 1892 955 1919 τούτου

159 1938 257 1973 μνήμη
273 1947 315 1969 τις
329 1939 359 1965 ἐν
372 1940 432 1970 ταῖς
447 1939 569 1974 Πράξεσι
582 1938 636 1965 τῶν
654 1938 812 1964 ἀποστόλων
827 1938 954 1973 φέρεται.

195 1987 227 2010 ε’.
251 1983 427 2015 ’ἰδίων-αἷσι,
443 1984 491 2011 καὶ
512 1982 586 2012 οὗτοι
601 1985 674 2012 κατὰ
689 1985 754 2016 τοὺς
770 1984 824 2011 τῶν
840 1985 956 2011 ἀποστό-

157 2029 214 2055 λων
227 2029 341 2064 χρόνους
353 2029 492 2064 γεγόνασι,
504 2029 616 2065 πτωχοὶ
629 2030 854 2065 ἑρμηνευόμενοι,
869 2030 913 2057 διὰ
925 2030 956 2057 τὸ

157 2074 227 2109 περὶ
238 2075 287 2109 τὴν
297 2074 389 2102 πίστιν
402 2076 565 2110 πτωχεύειν.
578 2076 618 2102 Τὰ
629 2076 684 2111 γὰρ
696 2075 841 2111 σωματικὰ
852 2075 957 2111 νόμιμα

156 2121 300 2153 Μωῦσέως
318 2121 452 2148 ἐπιτελεῖν
468 2121 508 2148 ἔτι
526 2121 667 2156 βούλονται
683 2121 747 2153 τοὺς
764 2121 888 2153 πιστούς.

195 2169 233 2198 ς’.
252 2167 312 2193 Εἰσὶ
327 2167 374 2193 καὶ
393 2167 468 2194 ἄλλοι
490 2166 666 2198 Ἐὄιωναῖοι,
682 2167 706 2193 οἱ
725 2167 772 2193 καὶ
792 2166 955 2201 Ναζωραῖοι

157 2211 336 2246 καλούμενοι,
354 2211 390 2238 τὰ
406 2211 476 2238 αὐτὰ
492 2211 543 2246 μὲν
562 2211 675 2246 περὶτὰ
695 2211 836 2243 Μωῡσέως
850 2212 954 2247 νόμιμα

1016 283 1234 317 persecutionem
1248 293 1255 311 :
1270 290 1352 318 quam
1368 283 1483 318 ipsemet
1499 289 1593 318 postea
1608 284 1719 312 decreto
1731 293 1802 312 com.

1017 329 1134 362 pescnit.
1152 328 1285 364 Deinceps
1300 328 1421 357 Ecclesia
1433 337 1448 356 a
1461 330 1698 364 pcrsecmionibns
1711 331 1805 359 intide-

1017 374 1082 400 lium
1111 374 1260 406 immunis,
1293 375 1345 402 sub
1379 375 1587 409 imperatoribus
1615 375 1805 410 Constantino,

1015 418 1177 446 Constantio
1191 424 1273 454 atque
1286 419 1435 448 Constante
1448 421 1548 449 multas
1565 421 1695 449 sustinuit
1710 422 1806 451 turbas

1015 465 1050 492 ab
1065 465 1186 494 Arianis.

1051 511 1094 538 12.
1107 511 1218 538 Iuliano
1236 515 1331 546 postea
1348 511 1531 546 imperitante.
1545 512 1592 547 qui
1607 512 1715 540 ethnica
1729 513 1806 540 insti-

1015 561 1072 583 tuta
1087 557 1231 592 amplexus
1249 561 1303 589 est,
1321 563 1372 585 nec
1386 562 1549 592 persecutus
1563 562 1606 584 est
1620 562 1722 590 tamen.
1739 558 1804 585 abo-

1014 602 1134 630 minatus
1150 602 1338 635 Christianos.
1350 606 1446 630 contra
1465 610 1537 638 quos
1551 603 1634 630 etiam
1651 603 1736 630 libros
1748 604 1804 631 edi-

1013 647 1069 680 dit;
1089 656 1150 675 cum
1165 648 1257 683 populi
1271 656 1318 683 per
1330 647 1412 675 urbes
1427 652 1510 683 atque
1524 649 1600 676 vicos
1617 649 1644 676 in
1658 649 1804 684 perniciem

1013 699 1134 721 uestram
1152 694 1283 729 imperiali
1300 698 1441 721 uterentur
1459 701 1540 722 sensu
1552 715 1560 727 ,
1580 694 1805 729 Christianosque

1012 739 1157 766 crudeliter
1172 738 1346 773 exciperent;
1366 738 1428 765 hinc
1440 739 1521 765 etiam
1535 738 1652 766 haereses
1668 738 1801 766 adversus

1013 784 1161 812 Ecclesium
1177 789 1244 812 ortae
1258 790 1332 816 sunt,
1351 784 1408 812 sive
1420 783 1586 811 Arianorum
1603 784 1660 812 sire
1678 783 1803 812 Homini-

1017 830 1151 857 celarunt.

1011 887 1088 915 CAP.
1104 886 1183 914 CXL.
1205 901 1238 907 —
1259 886 1329 919 Quot
1351 887 1459 947 I‘Itfrt'se‘s
1480 885 1604 914 Ecclesia
1622 886 1703 921 ﬁdem
1724 894 1804 922 appe-

1365 929 1372 947 ι
1391 929 1439 947 run
1455 939 1463 947 .

1365 929 1463 947 terunt.

1047 978 1169 1005 Primum
1181 977 1240 1012 ipso
1247 976 1366 1004 adventu
1379 975 1485 1002 Dotnint
1498 975 1523 1002 in
1535 983 1626 1008 carne,
1639 977 1803 1004 exstiterum

1011 1023 1122 1058 quidam
1156 1021 1317 1053 llerodiani,
1347 1019 1394 1055 qui
1428 1019 1551 1048 dicerem
1582 1020 1715 1048 Herodem
1743 1029 1804 1049 che
1859 1027 1863 1030 ’

1010 1069 1161 1096 Christum.

1045 1115 1071 1142 2.
1093 1114 1240 1142 Theudiani
1251 1123 1265 1143 a
1281 1116 1393 1144 Tbeuda
1407 1116 1525 1152 decepti,
1540 1115 1617 1150 cujus
1631 1116 1796 1143 mentionem

1011 1161 1076 1189 facit
1101 1161 1182 1188 etiam
1204 1162 1371 1189 Gamalielus
1391 1162 1459 1197 legis
1482 1162 1587 1194 doctor,
1605 1161 1669 1188 dum
1691 1165 1803 1188 senten-

1010 1207 1074 1234 tiam
1089 1214 1167 1233 sttam
1187 1207 1361 1241 pontiﬁcibus
1377 1208 1493 1235 suadere
1508 1207 1646 1234 nitebatur
1657 1228 1664 1239 ,
1688 1206 1735 1240 qui
1754 1213 1803 1233 ne-

1010 1249 1068 1276 scio
1084 1249 1148 1283 quid
1166 1257 1246 1284 agere
1262 1250 1387 1278 volebant
1406 1251 1537 1278 adversus
1556 1251 1702 1285 apostolos.
1721 1253 1750 1277 ut
1770 1257 1803 1276 ne

1011 1295 1075 1329 quid
1089 1295 1221 1323 adversus
1235 1296 1296 1324 illos
1311 1301 1489 1329 conarentur,
1506 1296 1634 1331 inquiens
1650 1305 1656 1323 :
1676 1296 1741 1322 Ante
1755 1296 1802 1322 ltus

1009 1341 1078 1367 enim
1099 1341 1155 1368 dies
1171 1343 1287 1368 surrexit
1304 1341 1442 1373 Theudns,
1460 1342 1548 1369 dicens
1564 1349 1591 1368 se
1606 1341 1718 1376 aliquem
1736 1349 1801 1368 esse.

1044 1387 1072 1414 3.
1088 1387 1280 1422 Apostolorum
1297 1393 1420 1423 tempore
1432 1388 1484 1415 alia
1500 1388 1610 1415 Incrcsis
1624 1387 1740 1415 conﬂata
1757 1390 1799 1413 est

1009 1432 1206 1468 llicrosolymis
1223 1434 1367 1468 cujusdam
1385 1434 1456 1468 magi
1475 1433 1597 1469 (Egyplit'
1613 1441 1623 1461 :
1640 1433 1719 1467 enjus
1731 1441 1802 1467 qun-

1007 1485 1061 1513 que
1079 1478 1206 1505 nonnulla
1230 1479 1334 1506 mentio
1349 1479 1375 1506 in
1396 1478 1557 1513 apostolicis
1575 1479 1687 1506 Actibus
1705 1485 1802 1505 occur-

1007 1524 1054 1556 rit,
1071 1523 1181 1558 quando
1199 1523 1237 1550 ait
1254 1524 1380 1551 tribunus
1402 1524 1489 1551 Paulo
1511 1533 1519 1552 :
1543 1523 1663 1551 Grmcam
1683 1523 1800 1559 linguam

1007 1569 1110 1597 calles?
1122 1568 1163 1595 Αιι
1178 1576 1229 1596 non
1243 1577 1304 1604 ergo
1312 1577 1338 1597 es
1349 1574 1377 1596 tu
1389 1569 1533 1604 Egyptius
1549 1569 1604 1602 ille,
1618 1570 1664 1604 qui
1675 1573 1737 1596 ante
1752 1571 1800 1596 st

1007 1615 1064 1642 dies
1089 1615 1231 1643 seditiones
1255 1615 1395 1642 concitavit
1410 1634 1418 1647 ,
1448 1615 1588 1650 eduxilque
1612 1615 1639 1642 in
1666 1615 1798 1643 desertum

1006 1666 1121 1697 quatuor
1137 1661 1224 1689 millia
1235 1661 1369 1689 hominum
1383 1662 1560 1690 sicariorum?

1042 1751 1069 1778 4.
1081 1750 1241 1778 Simaninni.
1257 1750 1352 1778 Simon
1365 1755 1392 1778 et
1410 1750 1468 1786 ipse
1482 1757 1577 1785 magus
1598 1754 1719 1784 tempore
1733 1757 1799 1784 apo-

1006 1796 1138 1824 stolorum
1158 1796 1218 1828 luit,
1237 1796 1416 1831 lueresimque
1435 1796 1541 1824 induxit
1552 1803 1599 1831 per
1613 1795 1753 1831 signorum
1769 1803 1801 1822 ac

1007 1841 1194 1876 prodigiorum
1223 1842 1380 1869 mendacem
1408 1841 1612 1873 ustensionem.
1643 1841 1738 1869 dicens
1771 1848 1801 1868 se

1006 1895 1068 1915 esse
1081 1887 1127 1914 Dei
1149 1895 1274 1922 magnam
1294 1888 1454 1922 potentiam.
1471 1887 1503 1914 Et
1521 1887 1602 1922 hujus
1616 1891 1707 1915 exstat
1721 1895 1800 1914 men-

1006 1933 1045 1961 tio
1060 1933 1152 1968 aliqua
1169 1933 1196 1960 in
1209 1933 1321 1961 Actibus
1336 1933 1535 1968 apostolorum.

1042 1979 1070 2006 5.
1090 1979 1226 2013 Ebianwi,
1247 1980 1298 2014 ipsi
1316 1987 1425 2014 quoque
1443 1979 1552 2007 fuerunt
1570 1979 1642 2007 circa
1659 1979 1800 2014 apostolo-

1007 2031 1066 2051 rum
1084 2025 1272 2058 tempor:t,qui
1288 2024 1419 2058 Pauperes
1436 2025 1659 2060 interpretantur,
1673 2027 1800 2060 propter-

1008 2073 1040 2093 ea
1074 2067 1146 2100 quod
1163 2067 1254 2102 inopia
1270 2067 1331 2095 ﬁdei
1347 2067 1474 2096 laborant
1488 2077 1495 2096 :
1512 2069 1665 2104 corporalia
1682 2076 1812 2104 namque-

1007 2117 1109 2140 statuta
1122 2113 1223 2149 Moysis
1239 2113 1408 2141 contendunt
1421 2113 1514 2142 ﬁdeles
1529 2113 1628 2141 debere
1641 2114 1799 2141 observare.

1044 2159 1070 2186 6.
1091 2158 1161 2186 Sunt
1181 2164 1208 2186 ct
1225 2159 1270 2186 alii
1289 2158 1420 2192 Ebiomz-i,
1444 2160 1491 2194 qui
1509 2160 1589 2187 etiam
1608 2159 1737 2187 Nummi
1752 2167 1799 2186 vo-

1005 2211 1114 2233 cantur.
1133 2205 1163 2232 lli
1180 2205 1251 2232 circa
1266 2205 1362 2240 lcgalia
1382 2205 1484 2242 Moysis
1500 2206 1613 2241 perinde
1633 2206 1743 2240 quidem
1759 2209 1799 2232 at-

157 2258 216 2289 τοῖς
235 2256 326 2289 ἄλλοις
346 2257 531 2292 διακείμενοι,
546 2257 578 2283 ού
602 2256 655 2292 μὴν
678 2256 724 2283 τὸν
748 2256 849 2291 Κύριον
872 2257 952 2292 ἡμῶν

1010 2260 1058 2286 quo
1079 2251 1271 2279 antecedentes
1289 2251 1377 2279 allecti
1405 2257 1485 2282 sunt:
1503 2250 1686 2279 nihilominus
1707 2256 1807 2278 tamen.

163 2302 270 2337 Ἰησοῦν
290 2303 408 2338 Χριστὸν
422 2322 430 2335 ,
445 2302 512 2329 Θεοῦ
528 2303 625 2337 Λόγον,
648 2303 861 2338 προϋπάρχοντα
883 2301 952 2330 εῐναι

157 2348 226 2375 Θεὸν
239 2348 288 2374 καὶ
298 2347 367 2374 Θεοῦ
378 2348 443 2375 Υῐὺν
455 2347 624 2380 δοξάζοντες,
639 2347 697 2375 ἀλλ’
711 2347 856 2383 ἄνθρωπον
868 2349 953 2384 τιμῆς

156 2394 219 2422 υιοῦ
231 2394 299 2421 Θεοῦ
312 2394 475 2429 ἠξιωμένον.

194 2439 227 2471 ζ’.
247 2440 475 2473 Μενανδριαγοί.
505 2439 661 2475 Μένανδρός
685 2448 728 2471 τις
751 2439 806 2466 ἀπὸ
829 2439 953 2474 Σίμωνος

155 2486 326 2521 ἀποσχίσας,
339 2486 442 2513 ἄνωθεν
464 2486 559 2513 ἑαυτὸν
577 2486 670 2520 ἔλεγεν
683 2485 880 2519 καταπεμφθαι
896 2484 952 2520 (75)

156 2531 198 2562 είς
222 2530 396 2557 διδασκαλίαν
413 2530 469 2565 (76)
496 2530 574 2557 τοῦδε
593 2530 641 2557 τοῦ
666 2530 781 2565 κόσμου.
804 2530 953 2565 Ἀγγέλους

156 2575 300 2610 γεγονέναι
315 2575 431 2608 πολλούς
446 2584 522 2608 τινας
536 2576 584 2603 καὶ
595 2576 810 2612 ἀναριθμήτους.

193 2625 229 2656 η’.
246 2623 493 2655 Σατορνηλιανοί.
520 2622 550 2649 '0
566 2622 732 2657 Zatopvﬁlo;
746 2619 823 2653 οὗτος
836 2622 891 2648 άπὸ
904 2621 952 2649 τοῦ

156 2667 316 2702 Μενάνδρου
331 2668 436 2702 διέστη,
449 2668 483 2694 δι’
495 2667 567 2694 ἑπτὰ
579 2668 660 2702 μόνον
673 2667 799 2702 ἀγγέλων
811 2668 955 2702 γεγονέναι

156 2713 324 2748 παραδιδοὺς
347 2715 394 2740 τὸν
415 2714 613 2750 κόσμον,-ἀλλ⁹
638 2714 669 2741 οὐ
685 2713 730 2741 διὰ
747 2714 899 2747 πλειόνων,
917 2714 956 2745 ὡς

155 2759 315 2795 Μένανδρος
325 2759 494 2788 ύπετόπασε.

193 2838 250 2873 (Ἠ)
266 2838 346 2866 Deest
363 2840 417 2866 ἀπὸ
429 2839 526 2866 Θευδᾶ.

194 2875 249 2905 (τε)
266 2874 508 2909 Κατατιεπέμφθαι
525 2875 566 2903 vel
579 2873 820 2910 καταπεμφθῆναι.

1008 2306 1062 2325 non
1074 2299 1242 2325 arbitrantur
1250 2299 1392 2326 Dominum
1406 2304 1529 2326 nostrum
1541 2298 1634 2326 Jesttm
1647 2298 1797 2331 Christum,

1009 2345 1054 2372 Dci
1071 2344 1188 2371 Verbum
1203 2365 1211 2377 ,
1233 2345 1466 2379 praaexsistcntcm
1493 2345 1577 2372 fuisse
1598 2345 1680 2371 Deum
1700 2343 1798 2378 Deique

1007 2389 1117 2421 Filium,
1132 2390 1180 2417 sed
1195 2390 1333 2417 hominem
1349 2390 1453 2417 honore
1468 2390 1608 2424 dignatttm
1626 2389 1674 2416 lilii
1692 2389 1751 2416 Dei.

1041 2437 1067 2463 7.
1086 2436 1286 2463 Menamlriam'.
1311 2435 1426 2469 Quidam
1448 2436 1595 2463 Menander
1613 2435 1761 2463 schismate
1783 2443 1797 2461 a

1007 2482 1119 2510 Simone
1150 2482 1310 2519 seiunctus,
1334 2481 1442 2509 coalitus
1474 2481 1564 2509 aiebat
1589 2489 1619 2509 se
1646 2480 1795 2508 demissum

1007 2529 1090 2556 luisse
1101 2528 1134 2555 ad
1143 2529 1322 2556 erudiendum
1335 2528 1409 2556 hunc
1423 2528 1554 2556 mundum
1569 2537 1576 2555 :
1590 2527 1699 2563 angelos
1714 2526 1794 2553 exsti-

1006 2575 1073 2602 tisse
1091 2575 1309 2610 quamplurimos
1321 2579 1347 2601 et
1361 2575 1586 2602 innumerabich

1041 2621 1067 2648 8.
1083 2620 1278 2648 Saluruelt'ani.
1297 2620 1461 2649 Satnrnelus
1477 2629 1492 2648 a
1506 2619 1658 2648 Menandro
1670 2617 1794 2650 dissidet,

1008 2666 1112 2694 docens
1122 2675 1169 2702 per
1178 2671 1280 2702 septem
1295 2667 1377 2694 modo
1387 2667 1497 2703 angelos
1509 2666 1608 2694 factum
1625 2665 1708 2692 fuisse
1716 2671 1793 2690 mun-

1008 2713 1088 2746 dum,
1116 2713 1162 2740 sed
1185 2721 1239 2740 non
1257 2720 1304 2747 per
1321 2713 1432 2747 plures,
1457 2718 1485 2740 ut
1512 2710 1656 2739 Menander
1678 2709 1795 2736 absurde

1008 2764 1180 2787 commentus
1193 2764 1245 2787 cst.

1042 2837 1097 2872 (76)
1128 2836 1235 2864 Fabric.
1268 2840 1345 2872 putat
1370 2833 1512 2872 lcgcttdttttl
1533 2832 1573 2863 είς
1599 2831 1791 2860 διδασκαλίαι·
1845 2823 1847 2828 ’

1006 2868 1116 2904 κτίστας
1130 2872 1207 2899 τοῦδε,
1223 2868 1274 2898 τοῦ
1287 2871 1388 2905 κόσμου
1402 2868 1544 2903 ἀγγέλουςό
1564 2873 1617 2896 etc.
