2073 3161
269 179 318 210 ιει

1032 185 1182 216 JOSEPPI

1846 186 1897 220 152

298 238 324 263 υ.
345 236 510 264 Basilidiani.
528 236 660 264 Basilides
676 237 702 264 in
719 236 836 272 Egypto
852 237 948 264 fuerat.
964 237 1053 273 lnquit

1140 241 1172 268 θ’.
1186 242 1417 270 Βασιλειδιανοί.
1435 242 1464 269 '0
1477 242 1635 278 Βασιλείδης
1650 242 1678 269 ὲν
1691 243 1820 278 Αἰγύπτῳ
1835 244 1896 278 ἔγε-

263 289 323 310 esse
341 282 393 309 365
409 284 507 316 caelos,
527 290 642 317 quorum
663 283 744 310 etiam
763 283 873 310 nomina
894 284 999 310 reeitat.
1020 284 1049 311 In

263 327 349 361 pretio
365 327 445 355 habet
465 328 626 355 vocabulum
644 322 780 359 Abrazas,
798 328 897 363 quippe
910 328 982 363 quod
999 336 1050 355 nn-

263 382 368 402 merum
390 374 523 402 cwlorum
541 374 679 401 contineat
700 379 726 401 et
742 374 847 401 dierum
865 375 929 402 anni
948 385 954 402 :
981 374 1052 402 valet

262 420 334 447 enim
352 424 487 447 trecentos
510 424 537 446 et
553 420 694 454 sexaginta
717 421 857 454 quinque,
875 421 896 447 si
915 421 1050 448 calculum

262 465 415 493 litterarum
434 466 522 492 ineas.

297 510 342 538 10.
359 510 512 539 Nicolailw.
527 511 656 539 Nicolaus
670 514 703 539 de
717 517 819 546 septem
829 511 953 538 diaconis
970 519 1052 543 unus,

262 558 310 592 qui
330 565 392 585 cum
409 558 542 592 apostolis
558 557 679 585 fuerunt.
700 558 768 585 Cum
789 557 944 584 communia
961 561 1054 584 essent

262 603 390 632 omnibus
403 604 510 637 omnia,
528 605 609 631 etiam
627 612 743 631 uxorum
763 603 985 630 communionem
1009 603 1054 630 in-

262 650 352 682 duxit.
368 654 395 677 et
410 650 540 677 inusitata
554 650 678 684 quaedam
696 650 806 676 nomina
822 647 982 676 honoranda
998 651 1054 675 tra-

263 696 344 723 didit.

299 741 345 769 Η.
356 741 476 769 ϐηοειίεἱ
486 742 513 769 in
526 741 643 776 [Ευμιο
654 745 797 776 coeperunt
808 740 951 768 haereticos
963 747 1053 775 agere.

263 786 369 814 Alieubi
380 787 461 814 etiam
475 786 642 818 Borboriani,
657 787 684 814 h.
699 793 724 813 e.
740 786 875 818 lutulenti,
891 785 1053 812 vocitantur.

263 832 427 867 Turpissimi
445 833 489 860 isti
506 832 632 860 homines
647 831 800 859 Barbiloten
816 836 843 859 ct
858 831 975 858 Barbara
991 839 1055 866 pro-

264 879 394 906 nuntiant
410 879 436 905 in
455 879 513 906 suis
530 878 668 914 precibus.

300 925 345 951 12.
364 924 470 959 ΟρΙιὶιαι
486 912 544 951 sive
566 923 742 958 Serpentarii.
761 922 807 949 lsti
835 927 987 957 serpentem
1008 929 1054 949 ου-
1071 912 1093 942 Β

263 976 324 999 .unt
337 975 363 998 et
389 971 497 1005 plurimi
519 970 640 997 omnium
657 969 777 1000 fariunt;
795 968 894 1003 quippe
912 967 958 1002 qui
975 967 1057 994 fuerit

263 1024 346 1044 causa
358 1015 522 1051 cognitionis
538 1014 707 1042 hominibus.

301 1061 346 1088 13.
361 1060 457 1088 Caiam‘
471 1060 587 1088 Cainnm
605 1065 732 1094 reputant
747 1058 964 1094 glurilicandum,
978 1060 1057 1094 quasi

264 1107 310 1143 qui
327 1115 423 1141 magna
439 1106 563 1141 quaedam
579 1107 665 1133 virtus
678 1105 769 1133 fuerit.

304 1153 346 1180 14.
365 1152 474 1180 Set/tim
495 1152 606 1179 Setinum
619 1171 627 1182 ,
646 1156 773 1186 tanquam
802 1159 816 1178 a
838 1159 954 1186 superna
973 1155 1059 1179 matre

265 1200 418 1228 venientem
443 1199 477 1225 ad
504 1198 645 1225 coaditnm
677 1198 739 1225 novi
767 1198 882 1227 mundi.
911 1198 1055 1224 honorant.

241 1258 252 1268 -
265 1245 440 1279 Principatus
456 1252 487 1272 ac
502 1248 648 1278 potestates
669 1252 718 1279 pro
735 1244 894 1271 numinibus
909 1243 1020 1270 habent.

303 1291 347 1319 15.
367 1290 569 1325 Carpocratiaui
585 1290 612 1317 in
629 1291 693 1317 Asia
716 1289 837 1317 fuerunt.
856 1289 990 1324 Imagines
1006 1290 1054 1315 lio-

267 1338 372 1365 minum
383 1357 392 1370 ,
409 1337 455 1372 qui
471 1337 513 1363 vel
527 1336 597 1370 apud
612 1337 727 1371 gentiles
740 1335 914 1362 admirationi
945 1335 1055 1368 fuerint,

267 1385 408 1418 pingentes
421 1384 567 1410 honorant.
580 1381 643 1410 Jesu
660 1390 770 1417 quoque
782 1383 901 1409 animam
917 1383 943 1409 in
956 1381 1056 1409 ctelum

268 1438 405 1458 reversam
421 1430 509 1462 aiunt,
526 1434 556 1456 ut
572 1436 634 1464 quae
647 1428 702 1455 Deo
717 1429 845 1463 placeret.

304 1519 348 1547 16.
364 1518 540 1547 Cerintltiani.
551 1517 698 1545 Cerintlms
712 1517 746 1544 ab
761 1517 856 1552 angelo
869 1516 954 1551 legem
966 1516 1056 1543 datam

267 1566 354 1595 fuisse
366 1565 479 1596 Judazis.
497 1572 552 1592 non
567 1564 594 1591 in
611 1563 713 1591 bonum
726 1563 780 1590 illis
800 1570 939 1590 cessuram
957 1562 1055 1588 uit-bat.

305 1654 350 1681 17.
363 1653 514 1680 ναίεηιὶαηί
528 1652 757 1680 resurrectionem
769 1659 829 1679 esse
841 1655 941 1686 negant
955 1660 961 1679 :
979 1651 1061 1679 Vetus

270 1699 415 1734 repudiant
427 1698 632 1726 Testamentum
656 1706 662 1724 :
679 1697 816 1724 Clu-istum
831 1697 864 1724 de
878 1697 946 1724 caelo
961 1705 1061 1732 corpus

271 1745 396 1773 attulisse
408 1744 513 1772 volunt.

309 1791 353 1817 18.
373 1789 521 1828 Ptolemaei.
545 1788 568 1816 Α
593 1788 736 1815 Valentino
761 1788 923 1816 l‘tolemmus
951 1789 1060 1823 quidam

272 1836 420 1866 dissidens.
442 1834 569 1870 conjugia
582 1842 687 1863 monum
704 1834 738 1862 30
755 1834 850 1862 haeresi
867 1833 1062 1862 Valentinianum

273 1881 468 1918 superaddidit.

310 1929 354 1956 19.
369 1927 541 1956 Secundiam'.
556 1925 671 1959 Quidam
694 1925 837 1953 Secundus
852 1925 902 1953 fuit
917 1932 979 1953 cum
992 1933 1062 1960 quo-

273 1975 336 2003 dam
350 1974 455 2002 Isidoro
466 1978 493 2001 et
505 1973 653 2008 Epipliane.
669 1973 701 2000 Ili
713 1979 790 2000 careat:
804 1971 983 1999 Valentiniani
999 1979 1062 1999 sen—

274 2021 365 2049 lentim
379 2021 460 2048 etiam
475 2024 567 2054 turpes
580 2019 703 2046 actiones
720 2018 892 2046 addiderunt.
922 2010 926 2014 ”

309 2066 355 2094 20.
371 2065 564 2093 Ileracleouita:
580 2065 615 2092 ab
631 2064 744 2091 lleracla
760 2064 891 2099 quodam,
904 2065 1062 2094 octonarios

273 2112 406 2147 quosdam
425 2109 599 2138 honorandos
617 2109 839 2142 introduxerunt,
853 2118 972 2145 suosque
987 2119 1061 2138 mor-

272 2164 335 2187 tuos
359 2156 500 2192 Hebraicis
524 2156 756 2188 invocationibus,
781 2161 862 2190 atque
876 2156 989 2184 balsami
1009 2165 1061 2185 uu-

273 2205 355 2240 guine
371 2203 467 2230 redimi
484 2207 659 2237 putaverunt.

1101 286 1185 320 γόνει.
1203 287 1253 319 τξε’
1267 285 1337 315 εἶναι
1350 287 1424 322 λέγει
1447 289 1588 323 οὐρανοὺς,
1601 290 1648 315 καὶ
1659 289 1780 323 ὀνόματα
1791 289 1896 321 τούτοις

1102 333 1276 368 ἑπιφημίζει,
1294 335 1339 360 καὶ
1353 334 1384 360 τὸ
1401 333 1533 368 ὰόραξᾶς
1553 335 1640 369 ὄνομα
1655 336 1734 370 τιμᾷ,
1752 336 1896 371 ἰσάριθμον

1102 377 1132 404 ὃν
1147 378 1200 405 τῶν
1216 379 1338 414 οὐρανῶν
1357 381 1405 407 καὶ
1426 380 1538 416 ἡμερῶν
1553 380 1601 406 τοῦ
1620 381 1754 407 ἐνιαυτοῦ.
1776 381 1895 416 Τριακο-

1103 424 1178 455 σίιυς
1194 424 1248 460 γὰρ
1263 425 1310 451 καὶ
1325 426 1456 461 ἐξήκοντα
1473 427 1554 453 πέντε
1574 426 1679 462 ψήφους
1700 427 1788 461 φέρει.

1140 512 1166 540 ι’.
1181 514 1364 542 Νικολαῗτιιι.
1379 515 1512 547 Νικόλαος
1528 515 1582 543 ἀπὸ
1594 517 1648 543 τῶν
1660 515 1731 543 ἑπτὰ
1744 516 1892 550 διακόνων,

1103 559 1158 585 τῶν
1177 560 1207 586 ὲν
1226 561 1283 592 τοῖς
1306 562 1465 594 ἀποστόλοις
1477 583 1484 596 ,
1500 560 1540 594 εἷς
1556 563 1675 597 ἐγένετο,
1699 561 1744 590 Ἐν
1758 563 1797 598 τῷ
1817 564 1895 590 κοινὰ

1105 604 1174 633 εἷναι
1189 606 1225 633 τὰ
1239 608 1328 634 πάντα
1343 610 1399 640 τοῖς
1413 610 1491 641 πᾶσι,
1505 610 1552 636 καὶ
1565 610 1614 641 τὰς
1629 611 1763 644 γυναῖκας
1780 611 1895 645 εὶσηγη·

1106 653 1233 688 σάμενος,
1249 655 1297 681 καὶ
1311 654 1375 688 ξένα
1387 655 1447 682 τινὰ
1462 656 1584 691 ὀνόματα
1598 657 1729 692 τιμᾶσθαι
1747 657 1894 692 παραδούς.

1142 743 1186 771 ια’.
1205 745 1371 771 Γνωστικοὶ
1389 745 1418 771 ὲν
1433 744 1564 780 Αἰγύπτῳ
1580 745 1698 781 ἤρξαντο
1719 745 1896 780 αἰρεσιάζειν,

1105 789 1221 825 ἀλλαχοῦ
1236 790 1265 817 δὲ
1280 790 1468 824 Βορϐοριανοὶ
1488 791 1693 825 κικλήσκονται.
1718 791 1895 826 Αἰσχροποιοὶ

1105 834 1177 863 οὗτοι
1193 836 1242 871 τὴν
1257 836 1449 870 Βαρΰιλώτην
1463 836 1511 863 καὶ
1522 837 1659 872 Βαρόερὼ
1671 837 1727 873 (77)
1743 836 1897 873 προφέρου-

1107 890 1149 908 σιν
1164 883 1193 908 ὲν
1209 883 1269 913 ταῖς
1283 883 1374 908 αὐτῶν
1389 883 1490 917 εὐχαῖς.

1149 925 1190 961 ιβ’.
1210 927 1333 960 ’οφῗται.
1350 925 1430 954 Οὗτοι
1454 929 1500 955 τὸν
1512 928 1573 962 ὅφιν
1586 929 1688 963 τιμῶσι
1701 928 1750 954 καὶ⁵
1759 927 1899 964 προτίθεν-

1111 981 1166 1005 ται,
1179 972 1217 1004 ὡς
1232 973 1278 999 καὶ
1293 973 1378 1000 αἴτιον
1393 974 1520 1008 γνώσεως
1537 974 1691 1010 ἀνθρώποις
1708 975 1863 1009 γενόμενον.

1148 1064 1193 1095 ιγ’.
1209 1061 1331 1088 Κατανοι
1353 1061 1399 1088 τὸν
1416 1061 1485 1088 Καῖν
1499 1062 1537 1093 ὡς
1555 1061 1678 1096 μεγάλην
1701 1060 1762 1088 τινὰ
1784 1060 1900 1096 δύναμιν

1111 1107 1242 1141 γεγονότα
1257 1107 1408 1139 δοξάζουσι.

1148 1152 1177 1178 ιδ’
1181 1172 1187 1178 .
1203 1152 1324 1185 suarm;
1338 1152 1383 1179 τὸν
1402 1152 1468 1187 Σὴθ,
1481 1151 1519 1184 ὡς
1533 1152 1587 1179 ἀπὸ
1601 1152 1650 1187 τῆς
1666 1152 1721 1178 ἅνω
1742 1151 1843 1187 μητρὸς
1858 1151 1902 1177 ἑλ-

1112 1198 1191 1224 οόντιι
1205 1197 1245 1228 εἰς
1257 1197 1316 1224 νέου
1332 1197 1434 1232 κόσμου
1461 1197 1655 1233 δημιουργίαν,
1669 1197 1800 1232 τιμῶσιν,
1815 1197 1902 1232 ἀρχὰς

1112 1244 1158 1270 καὶ
1172 1243 1295 1276 ἐξουσίας
1312 1243 1509 1275 θεοποιοῦντες.

1148 1292 1187 1316 ιε’.
1208 1290 1474 1324 Καρποκρατιανοὶ,
1489 1290 1517 1316 ὲν
1534 1291 1567 1324 τῇ
1590 1289 1667 1325 Ἀσίᾳ
1682 1290 1826 1324 γεγόνασιν
1839 1309 1846 1320 ,
1862 1289 1901 1314 εί-

1112 1336 1192 1367 κόνας
1206 1335 1260 1362 τῶν
1282 1335 1494 1370 θαυμασθέντων
1510 1335 1663 1371 ἀνθρώπων
1685 1336 1733 1362 καὶ
1755 1334 1832 1370 παρὰ.
1846 1335 1903 1365 τοῖς

1112 1381 1242 1415 Ἕλλησι,
1258 1380 1413 1416 γράψαντες
1426 1381 1537 1416 τιμῶσι.
1552 1381 1608 1407 Καὶ
1629 1380 1678 1416 τὴν
1699 1380 1786 1415 Ἰησοῦ
1812 1379 1903 1415 ψυχὴν

1111 1429 1152 1459 εις
1164 1427 1277 1462 οὐρανὸν
1290 1427 1493 1462 ἀνεληλυθέναι,
1511 1427 1548 1458 ὡς
1568 1427 1715 1462 εὐάρεστον
1731 1424 1771 1461 τῷ
1783 1424 1843 1459 Θεῷ
1855 1432 1904 1458 γε-

1111 1476 1231 1509 γονυῖαν,
1248 1474 1342 1509 φασίν.

1149 1520 1197 1553 ις’.
1216 1519 1417 1554 ΚηριγθιαιὊί.
1437 1518 1574 1554 Κήρινθος
1591 1518 1643 1545 ὑπὸ
1661 1517 1778 1552 ἀγγέλου
1796 1517 1842 1544 τὸν
1857 1515 1903 1543 νό-

1113 1574 1162 1601 μον
1175 1565 1297 1592 δεδόσθαι
1319 1563 1470 1596 Ἰουδαίοις,
1487 1564 1537 1590 οὑκ
1553 1564 1593 1595 εἰς
1608 1562 1710 1598 ἀγαθὸν
1728 1562 1820 1594 αὐτοῖς
1834 1569 1903 1597 προ·

1113 1611 1264 1647 ὃησόμενον
1280 1610 1342 1645 ἔφη.

1149 1657 1191 1690 ιζ’.
1210 1656 1422 1684 οὺαλεντιανοὶ
1436 1654 1492 1691 (78)
1508 1655 1657 1683 ἀνάστασιν
1672 1653 1703 1681 οὗ
1717 1662 1799 1690 φασιν
1813 1651 1884 1680 εἶναι
1894 1673 1902 1684 .

1112 1703 1236 1730 Παλαιὰν
1249 1702 1376 1730 ἀθετοῦσι
1388 1701 1589 1737 Διαθήκην,τὺν
1600 1700 1719 1736 Χριστὸν
1731 1699 1778 1727 ἀπ’
1788 1698 1904 1734 οὐρανοῦ

1113 1750 1193 1785 σῶμα
1209 1749 1370 1785 ἐνηνοχέναι
1387 1748 1538 1784 βούλονται.

1149 1795 1193 1830 ιη’.
1207 1795 1394 1829 Πτολεμαῖοι.
1415 1793 1483 1821 Ἀπὸ
1493 1792 1670 1820 Οὐαλεντίνου
1682 1789 1851 1826 Πτολεμαῖός
1862 1798 1904 1819 τις

1112 1841 1239 1874 διαστὰς,
1257 1832 1387 1874 συζυγίας
1402 1839 1507 1866 αἰώνων
1522 1838 1604 1865 τινῶν
1621 1837 1657 1871 λ’,
1676 1839 1709 1873 τῇ
1727 1835 1904 1864 Οὐαλεντίνου

1113 1886 1219 1921 αἱρέσει
1235 1887 1406 1921 προσήγαγε.

1149 1929 1192 1957 ιϐ’.
1218 1929 1442 1957 Xenoni-(Staret.
1464 1928 1610 1960 Σεκοῦνδός
1633 1937 1675 1960 τις
1699 1927 1809 1962 ἐγένετο
1835 1925 1906 1961 μετὰ

1119 1974 1254 2010 Ἰσιδώρου
1269 1974 1343 2006 τινός
1364 1974 1412 2001 καὶ
1432 1973 1609 2008 Ἐπιφανοῦς.
1630 1971 1711 2000 Οὗτοι
1731 1974 1764 2008 τῇ
1785 1971 1906 1998 υὺαλεν-

1112 2021 1186 2048 τινου
1199 2021 1286 2056 τυφλῇ
1301 2020 1398 2056 γνώμῃ
1419 2020 1466 2047 καὶ
1480 2019 1676 2054 αἰσχρουργίας
1691 2017 1904 2053 προστέθεικαν.

1147 2066 1183 2094 κ’.
1206 2065 1399 2100 Ἡρακλέονες
1415 2065 1470 2091 ἀπὸ
1488 2064 1613 2099 Ἠρακλᾶ
1624 2071 1707 2095 τινος,
1721 2061 1850 2096 ὀγδοάδας
1863 2070 1907 2088 τι-

1112 2113 1160 2144 νὰς
1178 2113 1261 2148 τιμᾷν
1275 2110 1452 2146 εἰσήχθησαν,
1472 2111 1520 2136 καὶ
1535 2109 1598 2141 τοὺς
1616 2108 1800 2139 ἀποθανόντας
1814 2106 1905 2133 αὐτῶν

1112 2159 1140 2185 ὲν
1159 2157 1314 2193 Ἑϐραϊκαῖς
1326 2157 1497 2191 ἐπικλήσεσι,
1513 2156 1562 2182 καὶ
1575 2154 1614 2190 τῷ
1629 2154 1676 2181 τοῦ
1697 2154 1750 2181 ἀπὸ
1766 2152 1906 2188 βαλσάμου

1115 2203 1193 2239 μύρῳ
1204 2202 1369 2238 λυτροῦσθαι
1381 2201 1534 2236 νομίζουσι.

310 2251 355 2277 21.
370 2249 506 2276 Mai-costi.
521 2247 636 2281 Quidam
659 2247 764 2274 Marcus
779 2247 829 2275 l'uit
843 2248 982 2275 Colobarsi
996 2257 1057 2276 roll-

1151 2252 1203 2276 κα’.
1219 2248 1394 2283 Μαρκόσιοι.
1414 2247 1527 2282 Μάρκος
1539 2255 1581 2277 τις
1599 2245 1744 2280 γεγένηται
1757 2244 1906 2277 Κολωὸαρ-

275 2296 441 2330 discipulus,
457 2295 503 2330 qui
525 2295 579 2321 duo
604 2293 736 2328 principia
752 2293 872 2325 invexit.
892 2299 1060 2322 mortuorum

276 2349 378 2376 negans
396 2341 637 2368 resurrectionem.

312 2386 357 2414 9.2.
380 2386 537 2414 Colobarsii.
561 2386 726 2414 Colobarsns
750 2385 844 2413 eadem
871 2387 1004 2414 sentiebat
1019 2392 1061 2414 at—

276 2440 329 2467 que
339 2431 456 2464 Marcus,
472 2437 501 2459 at
511 2432 622 2467 insuper
639 2430 772 2466 quosdam
785 2431 940 2458 octonarios
954 2432 1062 2466 adjecit.

311 2477 358 2504 25.
374 2477 544 2504 Cerdom‘ani.
562 2477 675 2510 Quidam
692 2476 781 2504 Cerdo
801 2475 922 2504 Heraclea
941 2484 1062 2503 errorem

277 2523 425 2558 adoptavit,
452 2527 479 2550 et
501 2523 555 2550 duo
584 2522 721 2550 contraria
747 2521 878 2557 principia
905 2521 1062 2553 constituit,

276 2569 470 2605 Christumque
486 2577 537 2596 nec
556 2577 588 2596 ex
612 2569 666 2596 Deo
690 2572 793 2603 natum;
803 2568 902 2600 aiebat,
922 2575 1010 2603 neque
1031 2575 1063 2594 ex

278 2613 361 2642 Maria
382 2622 451 2642 esse.
472 2613 708 2642 Resurrcctionem
727 2619 816 2649 negat,
827 2619 854 2641 et
869 2613 953 2641 Vetus
966 2612 1063 2641 Testa-

278 2665 400 2688 mentum
417 2668 470 2688 non
484 2660 613 2688 admittit.

313 2706 358 2733 Ἡ.
375 2707 564 2735 Mardonium.
580 2707 682 2736 Marcio
693 2707 823 2737 Ponticus
839 2708 899 2735 fuit.
912 2706 975 2734 Tria
988 2706 1064 2742 prin-

280 2751 348 2786 cipia
364 2761 424 2780 esse
441 2754 605 2787 somniabat,
620 2754 855 2789 bonum.justum,
870 2753 981 2780 malum.
994 2753 1061 2780 Eum

315 2850 378 2887 (77),
388 2851 471 2883 Quas:
486 2852 560 2880 dicas
572 2852 715 2887 barbclllto,
730 2853 812 2880 (illum
828 2853 952 2887 dominii,
967 2857 994 2881 et
1005 2853 1065 2879 bur-

282 2886 351 2913 bero.
366 2886 452 2914 ﬁlium
467 2889 606 2916 creatoris.

1117 2294 1164 2321 σοῦ
1179 2293 1375 2329 συμφοιτητὴς,
1384 2293 1430 2320 δύο
1441 2293 1528 2328 ἀρχὰς
1536 2292 1665 2326 εἰσάγων,
1677 2290 1780 2326 νεκρῶν
1790 2289 1907 2316 ἀνάστα-

1116 2348 1158 2366 σιν
1173 2339 1286 2367 ἀθετῶν.

1152 2385 1202 2421 κβ’.
1220 2384 1436 2418 Κολωϐαρσίοι.
1464 2384 1494 2409 '0
1521 2381 1702 2416 Κολωὸαρσὸς
1721 2380 1827 2415 Μάρκῳ
1857 2378 1907 2414 μὲν

1115 2433 1150 2460 τὰ
1162 2433 1230 2459 αὑτὰ
1245 2431 1360 2466 ερρονῶν,
1379 2429 1506 2465 προσθεὶς
1518 2429 1547 2455 δὲ
1560 2430 1608 2455 καὶ
1621 2428 1750 2462 ὁγδοάδας
1764 2426 1852 2457 τινάς.

1153 2477 1205 2513 κγ’.
1219 2477 1427 2512 Κερδωνιανοί.
1443 2475 1555 2510 Κέρδων
1566 2483 1607 2507 τις
1624 2474 1745 2509 Ἠρακλᾶ
1755 2472 1908 2507 διαδέχεται

1118 2525 1167 2559 τὴν
1180 2524 1295 2558 πλάνην,
1313 2523 1359 2549 δύο
1369 2522 1399 2548 δὲ
1411 2521 1497 2557 ἀρχὰς
1511 2520 1634 2552 ἐναντίας
1647 2519 1776 2553 ἀλλήλαις
1788 2517 1908 2551 ὑπεστή-

1118 2578 1193 2601 σατο,
1218 2569 1263 2595 τὸν
1289 2568 1318 2594 δὲ
1334 2567 1452 2602 Χριστὸν
1475 2566 1544 2601 μήτε
1560 2566 1592 2591 ὲκ
1611 2564 1658 2590 τοῦ
1678 2562 1746 2589 Θεοῦ
1767 2561 1907 2596 γεννητὸν,

1119 2616 1187 2650 μήτε
1207 2616 1239 2640 ἐκ
1261 2613 1370 2648 Μαρίας
1384 2611 1465 2639 εἷναι.
1491 2611 1653 2639 Ἀνάστασιν
1669 2610 1778 2640 ἀθετεῖ,
1793 2609 1840 2635 καὶ
1856 2606 1908 2642 τὴν

1117 2659 1238 2688 Παλαιὰν
1255 2659 1392 2695 Διαθήκην
1404 2659 1433 2685 οὐ
1448 2658 1641 2693 παραδέχεται.

1152 2705 1200 2733 κδ’.
1227 2705 1460 2740 Μαρκιωνισταί.
1482 2703 1615 2739 Μαρκίων
1641 2700 1771 2732 Ποντικὸς
1800 2699 1907 2733 γέγονε.

1115 2753 1137 2780 Τ
1139 2753 1196 2789 psi;
1210 2753 1296 2788 ἀρχὰς
1310 2749 1378 2778 εἶναι
1391 2752 1526 2784 ἐδόξασεν,
1540 2749 1654 2784 ἀγαθὸν,
1668 2748 1781 2780 δίκαιον,
1794 2744 1907 2781 φαῦλον.

1156 2851 1212 2888 (78)
1230 2851 1310 2880 Forte
1324 2847 1552 2879 οὺαλεντινιανοί.
