2073 3161
188 168 239 199 153

772 171 958 201 LIBELLUS
978 171 1233 203 MEMORIALIS.

1768 172 1820 205 151

189 224 240 250 Τὸν
250 223 279 251 δὲ
290 223 342 259 τὴν
354 223 476 251 Παλαιὰν
485 225 524 259 τῷ
541 225 648 261 Ἰσραὴλ
661 225 890 261 νομοθετήσαντα,
903 228 977 253 ἐναν-

1037 235 1109 256 ,1οΓΓο
1120 228 1165 262 qui
1177 227 1261 255 Vetus
1272 227 1475 254 Testamentum
1488 226 1578 254 lsraeli
1591 225 1648 260 lege
1659 226 1749 253 sanxit
1757 226 1830 254 Novo

187 270 248 296 τίαν
266 268 350 297 οὖσαν
365 272 398 306 τῇ
413 271 500 306 Καινῇ
512 291 520 302 ,
535 271 629 306 ἕτερον
644 272 695 306 ἔφη
712 272 779 298 Θεὸν
802 271 882 300 εἶναι.
901 274 982 299 Ἀνά-

190 324 284 342 στασιν
318 317 429 348 ἀθετεῖ,
460 317 602 352 βάπτισμα
643 318 774 349 πολλάκις
803 320 859 349 τοῖς
892 320 984 351 αὐτοῖς

187 362 295 389 δίδωσιν
317 363 364 389 hci.
395 364 539 399 ἁμαρτιῶν
564 364 650 390 λύσει.
687 363 777 399 ’Υπὲρ
802 366 984 400 κοιμωμένων

189 407 363 443 βαπτίζουσι.

224 452 274 480 κε’.
292 455 519 480 Λουκιανισταί.
533 455 647 486 Λούκιός
660 464 713 486 τις.
725 456 786 490 οὐχὶ
799 457 814 482 ὸ
831 456 980 489 Ἀρειανὸς.

189 499 285 532 γέγονε
296 500 366 533 μετὰ
379 500 542 534 Μαρκίωνα,
555 501 589 526 τά
600 501 764 534 Μαρκίωνος
775 501 979 536 διαδεξάμενος,

189 545 236 570 καὶ
251 544 333 579 ἕτερα
348 545 441 576 αὐτοῖς
456 545 632 579 ὲπιπροσθεὶς
652 546 821 582 ἀτοπώτερα.

225 589 283 622 ις’.
300 591 496 617 Ἅπελλιανοῐ.
520 591 587 617 Ἀπὸ
602 592 752 618 Ἀπελλάου
763 592 836 623 τινὸς
853 593 982 628 ἤρξαντο,

190 635 309 666 Κακίζει
329 636 358 661 δὲ
374 636 423 670 τὴν
448 637 558 671 ποίησιν
575 638 676 668 πᾶσαν,
693 638 731 669 ὡς
745 640 793 665 καὶ
808 640 821 665 ό
837 639 980 673 Μαρκίων.

195 682 234 708 Οὐ
248 683 324 716 τρεῖς
337 681 365 708 δὲ
385 682 472 717 ἀρχὰς
486 681 573 715 εἶπεν,
588 683 625 715 ὡς
638 685 742 716 ἐκεῖνος
753 704 760 716 ,
777 685 835 711 ἀλλ’
850 685 898 711 ἕνα
917 684 984 711 Θεὸν

190 726 361 762 πεποιηκότα
371 727 436 753 Θεὸν
449 728 553 761 ἕτερον,
562 729 608 754 τὸν
618 729 668 763 τῆς
680 729 796 760 κτίσεως
805 729 983 765 δημιουργόν.

224 816 276 848 κζ’.
293 817 437 844 Τατιανοι.
457 817 590 849 Τατιανδς
610 819 639 844 ὲν
654 820 686 853 τῇ
719 819 917 854 Μεσοποταμίᾳ
934 828 983 854 γι-

189 862 274 896 γὸνει,
287 862 337 897 τὴν
362 862 557 897 Ἐγκρατητῶν
573 863 680 899 αἰρεσιν
704 866 912 900 συστησάμενος
923 887 930 898 ,
950 865 984 900 ἢν

190 907 279 933 ἴσασιν
288 907 313 934 οι
331 907 432 934 πολλοι.

224 956 278 988 κη’.
297 954 421 988 Φρύγες.
446 955 594 986 Μωντανός
618 964 660 986 τις
690 956 737 982 καὶ
764 956 914 990 Πρισκίλ).α
932 956 983 991 τὴν

190 1000 298 1035 αἳρεσιν
311 1000 340 1026 ἓν
354 1001 388 1035 τῇ
409 1000 515 1035 Φρυγίᾳ
535 1002 737 1036 συνεστήσαντο
747 1023 754 1034 ,
770 1001 914 1033 ῐιιπουζᾶν
935 1001 984 1028 Ἰε-

191 1045 333 1081 ρουσαλὴμ
346 1047 438 1077 αὐτοῖς
453 1046 531 1073 πόλιν
545 1047 596 1081 τῆς
607 1046 728 1080 Φρυγίας
743 1048 935 1082 ποιησάμενοι.

225 1092 277 1118 κθ’.
292 1091 486 1122 ﬂutat-(raro!
497 1093 551 1119 ἀπὸ
563 1092 706 1127 Πεπούζης
716 1093 766 1127 τῆς
779 1093 900 1128 Φρυγίας
914 1093 985 1119 οὓτω

189 1139 478 1173 προσαγορευόμενοι,
509 1138 653 1164 κοινωνίαν
679 1138 799 1173 ἄθεσμον
825 1138 984 1174 ποιούμενοι

190 1183 263 1209 κατὰ
278 1183 333 1209 τῶν
349 1183 566 1220 δυσσεὸούντωνι

225 1227 257 1254 λ’.
275 1229 641 1262 Τεσσαρεσκαιδεκατῖται,
649 1229 680 1255 τὸ
688 1229 784 1264 Πάσχα
796 1229 826 1256 tv
836 1237 919 1256 τεσσα
924 1238 952 1265 ρε
957 1239 986 1256 σο

191 1275 343 1310 καιδεκάτῃ
362 1275 412 1309 τῆς
433 1275 549 1309 σελήνης
576 1274 646 1309 μετὰ
672 1274 807 1301 Ἰουδαίων
831 1275 984 1306 τελοῦντες.

226 1320 277 1346 λα’.
293 1320 416 1354 Ἀλίη-οι
430 1329 503 1352 τινες
519 1320 675 1354 κληθέντες,
690 1319 734 1346 διὰ
747 1320 777 1345 τὸ
800 1319 837 1354 μὴ
859 1319 984 1354 δέχεσθαι

189 1366 237 1391 τὸν
248 1365 333 1399 Λόγον
347 1366 376 1391 ὲν
390 1366 462 1400 ἀρχῇ
485 1365 552 1391 Θεὸν
565 1365 629 1391 ὄντα
647 1364 716 1399 πρὸς
731 1364 777 1390 τὸν
792 1365 903 1398 ῐίατὲρα
913 1383 920 1393 .
938 1365 985 1390 καὶ

190 1411 235 1438 δια
248 1411 328 1437 τοῦτο
345 1411 413 1445 μήτε
439 1411 563 1437 Ἰωάννου
583 1410 748 1444 Εὐαγγέλιον
763 1410 898 1445 δέχεσθαι,
917 1411 985 1445 μήτε

191 1455 241 1488 τὴν
264 1453 448 1488 Ἀποκάλυψιν
465 1454 560 1481 αὑτοῦ.

227 1499 277 1534 λβ’.
303 1499 501 1526 Θεοδοτιανοί.
524 1500 653 1531 Θεόδοτὰῖ
671 1507 714 1531 τις
733 1499 762 1526 ὲν
787 1499 827 1534 τῷ
843 1500 986 1535 Βυζαντίῳ

191 1545 359 1580 γενόμενος,
386 1545 530 1580 ἄνθρωπον
555 1543 633 1572 εἶπεν
664 1543 734 1572 εἶναι
757 1545 874 1580 Χριστὸν
897 1545 983 1579 ψιλὸν,

194 1592 311 1626 μετοχῆς
323 1591 391 1617 Θεοῦ
402 1591 565 1626 ἠξιωμένον.

229 1638 280 1669 λγ¹.
311 1636 504 1670 Ἀρτεμιανοί.
537 1635 682 1670 ’Δρτεμίας
710 1635 806 1670 γέγονὲ
830 1645 873 1668 τις
898 1638 926 1663 ἐν
948 1638 982 1672 τῇ

199 1682 288 1717 Ἀσίᾳ,
306 1681 357 1716 τὴν
383 1681 513 1708 Θεοδότου
543 1681 650 1717 αἰρεσιν
664 1683 794 1717 τιμήσας.
824 1681 984 1717 Ἄνθρωπον

192 1726 246 1760 γὰρ
262 1723 338 1752 εἶπεν
356 1725 436 1760 ψιλὸν
451 1726 497 1752 τὸν
512 1726 642 1760 Χριστὸν,
656 1727 685 1752 ὲν
701 1727 776 1762 αὑτῷ
791 1726 837 1753 τὸν
852 1727 919 1753 Θεὸν
933 1727 983 1753 Δός

193 1780 242 1806 γον
259 1773 393 1798 κατοικεῖν
409 1771 608 1806 εὐδοκήσαντα.

229 1815 276 1843 λδ’.
290 1815 569 1851 Μελχισεδεκιανοι,
584 1816 702 1852 δύναμιν
714 1816 782 1843 Θεοῦ
793 1817 838 1843 τὸν
849 1817 983 1851 Μελχισε-

192 1861 241 1888 δὲκ
257 1859 326 1887 εἶναι
346 1861 487 1895 νομίζουσι
499 1881 506 1891 .
523 1862 571 1888 καὶ
585 1862 625 1893 εἰς
645 1862 725 1888 αὑτὸν
740 1862 830 1893 πάσας
845 1862 895 1893 τὰς
910 1861 983 1896 Γρα-

193 1908 247 1941 cpi;
261 1908 444 1942 ἀναφέρουσιν
453 1927 461 1939 ,
477 1906 558 1934 αὐτὸν
571 1905 641 1934 εἷναι
652 1908 778 1942 λέγοντες
792 1908 838 1934 τὸν
852 1907 981 1942 Χριστόν.

229 1953 277 1979 λε’.
293 1950 434 1979 Ναυᾶτσι.
450 1951 575 1984 Ναυᾶτος
586 1952 731 1986 μετανοίας
745 1953 846 1987 τρόπον
858 1951 914 1985 (79)
927 1953 983 1983 τοῖς

194 1999 397 2035 ἁμαρτάνουσιν
408 1997 438 2025 οὐ
449 1998 567 2025 δίδωσιν.
581 1995 660 2024 Οὗτοι
671 1998 701 2025 δέ
712 1999 779 2026 εἰσιν
794 1998 819 2024 οί
832 1997 985 2031 Καθαροὺς

194 2046 309 2076 ἑαυτοὺς
325 2044 607 2080 προσαγορεύσαντες.

230 2090 286 2122 λς’.
298 2089 485 2123 Σευηριανοί.
496 2089 516 2114 Γ
517 2090 631 2120 υναῖκας
643 2090 657 2115 6
665 2089 785 2124 Σευῆρος
797 2090 983 2125 παραιτεῖται,

194 2136 310 2172 δύναμιν
325 2135 472 2170 ἀριστερὰν
488 2134 573 2169 αὐτὴν
589 2134 690 2161 καλῶν.
708 2135 760 2161 Τὸν
774 2133 846 2161 οἶνον
861 2134 984 2161 ἁποΰάλ-

195 2182 272 2208 λεται
282 2202 288 2213 ,
307 2181 360 2207 ἀπὸ
376 2181 475 2215 μίξεως
490 2180 637 2214 δράκοντος
652 2181 699 2207 καὶ
711 2181 760 2215 τῆς
773 2180 824 2215 γῆς
840 2180 922 2215 φῦναι
935 2180 984 2216 τὴν

195 2226 319 2262 ἄμπελον
330 2226 454 2260 φάσκων.

231 2272 279 2304 λζ’.
301 2270 522 2305 Βαρόισανῖται.
548 2271 614 2297 Ἀπὸ
632 2271 797 2305 Βαρδιεάνου
812 2271 886 2302 τινὸς
903 2271 932 2297 ὲν
951 2273 984 2306 τῇ

196 2317 395 2351 Μεσοποταμία
411 2316 554 2350 γεγονότος
564 2336 572 2348 ,
585 2313 658 2342 οὗτοι
673 2316 701 2343 δὲ
720 2316 888 2351 ἁνεφύησαν.
909 2317 987 2344 Ἀνά-

197 2371 296 2389 στασιν
311 2361 439 2388 ἀθετοῦσι
460 2361 604 2397 σώματος,
631 2363 679 2389 καὶ
702 2362 751 2397 τὴν
774 2362 913 2397 σάρκωσιν
938 2362 985 2388 τοῦ

195 2409 216 2435 Σ
227 2409 323 2443 υτῆρος
345 2409 415 2435 κατὰ
430 2408 583 2443 φαντασίαν
599 2407 765 2442 γεγενῆσθαι
782 2407 914 2434 τίθενται.

231 2456 282 2489 λη’.
301 2453 489 2481 Ἑλκεσιανοι
503 2454 532 2479 ἐν
548 2454 581 2488 τῇ
600 2453 716 2489 Ἀραὸἱᾳ
732 2453 888 2487 γεγόνασιν.
905 2450 986 2480 οὗτοι

197 2501 251 2528 ἀπό
266 2509 337 2531 τινος
365 2499 483 2526 Ἐλκασᾶ
497 2499 749 2535 ψευδοπροφητείας
767 2500 910 2536 φέροντες
928 2499 987 2526 ἐλέ-

196 2553 277 2579 γοντο
295 2546 323 2572 δὲ
339 2545 386 2572 καὶ
402 2545 562 2580 Zama-aiat.

231 2590 282 2619 λυ.
298 2592 503 2626 Βυριλλιανοί.
518 2592 646 2627 Βύριλλός
661 2600 702 2623 τις
716 2593 744 2618 ὲν
755 2593 788 2626 τῇ
810 2591 925 2627 ’Δραὸίᾳ
940 2591 987 2617 καὶ

197 2635 276 2669 οὗτος
291 2638 428 2672 γεγονὼς,
448 2638 592 2672 ἄνθρωπον
612 2639 658 2665 τὸν
673 2638 790 2673 Χριστὸν
804 2638 940 2672 ἐνόμισεν,
957 2637 988 2663 οὐ

199 2684 331 2719 πρότερον
346 2683 429 2710 αὐτὸν
443 2683 507 2710 οντα
531 2683 577 2710 τὸν
593 2684 710 2719 Χριστὸν
729 2683 815 2717 Λόγον
836 2681 990 2718 παραδεξά-

199 2736 294 2764 μενος.

236 2775 272 2810 μ’.
287 2775 458 2802 οῠαλέσιοι.
476 2775 593 2811 οὔάλης,
604 2777 618 2802 ό
628 2776 657 2802 ἐν
669 2776 702 2810 τῇ
722 2774 837 2811 Ἀραϐίᾳ
852 2773 901 2800 καὶ
911 2770 989 2805 οὗτος

235 2862 291 2894 (⁵19)
303 2863 385 2892 Forte
398 2864 488 2892 τόπον.

1036 275 1215 305 contrarium.
1233 274 1316 300 alium
1330 273 1438 300 dicebat
1450 280 1510 299 esse
1527 272 1620 299 Deum.
1640 271 1827 298 Resurrcctio-

1036 328 1097 346 nem
1113 320 1226 353 respuit.
1243 319 1384 353 Baptisma
1400 318 1540 345 multoties
1555 317 1657 344 eisdem
1670 316 1830 344 conferebat

1036 367 1062 391 tu
1082 365 1270 392 remissionem
1284 370 1472 399 peccatorum.
1488 363 1631 398 Baptizaut
1642 370 1690 397 pro
1703 363 1827 389 mortuis.

1070 452 1115 480 ΞΒ.
1135 452 1303 479 ιιιεὶιιηίειω.
1325 451 1440 484 Quidam
1463 450 1565 478 Lucius
1577 472 1583 482 ,
1602 457 1655 476 non
1671 450 1764 484 utique
1780 450 1829 477 ille

1036 499 1154 526 Arianus
1168 519 1174 529 .
1196 503 1258 533 post
1280 499 1447 525 Marciouem
1473 496 1541 528 fuit,
1559 497 1658 530 placita
1681 495 1831 523 Marcionis

1036 546 1169 580 adoptans
1182 564 1189 576 ,
1213 545 1320 578 aliaque
1343 544 1422 578 longe
1436 543 1596 570 absurdiora
1612 542 1664 569 illis
1681 541 1825 575 adjicieus.

1070 591 1115 618 26.
1130 589 1271 624 Apelliam’.
1285 589 1306 615 A
1323 589 1442 623 quodam
1462 587 1573 622 Apellae
1596 591 1747 620 coeperunt.
1768 586 1827 613 Ma-

1035 636 1088 663 lam
1105 644 1166 664 esse
1183 636 1221 662 ait
1241 635 1396 662 universam
1416 638 1587 664 creaturam,
1613 637 1643 658 ut
1667 636 1695 659 et
1714 631 1828 659 Marcio.

1036 682 1095 709 Non
1125 686 1216 709 tamen
1238 686 1266 708 ut
1291 681 1336 708 ille
1362 678 1412 707 tria
1435 679 1568 714 principia
1593 678 1755 706 allirmahat.
1779 677 1827 704 sed

1037 736 1121 757 unum
1137 735 1198 756 esse
1214 728 1309 759 Deum,
1326 726 1373 762 qui
1389 725 1472 753 alium
1488 724 1572 751 Deum
1591 723 1686 750 fecerit
1701 722 1826 757 opiﬁcem

1035 779 1179 802 creaturm.
1651 793 1655 796 .

1070 820 1115 847 97.
1141 819 1261 846 Tatiam’.
1292 817 1424 845 Tatianus
1448 816 1474 842 in
1502 813 1697 850 Mesopotamia
1721 812 1827 842 fuerat.

1036 866 1244 893 Encratetarum
1261 864 1385 891 haeresim
1398 862 1538 894 conﬁnxit,
1553 867 1634 895 quam
1648 858 1759 894 plurimi
1776 865 1827 884 no-

1001 901 1021 928 η
1038 917 1112 939 runt.

999 1569 1021 1598 C

1069 957 1115 984 28.
1134 956 1260 990 Phryges.
1273 953 1391 987 Quidam
1405 953 1550 980 Montanus
1565 959 1598 978 ac
1614 949 1737 978 Priscilla
1757 949 1828 975 hanc

1037 1002 1159 1030 haeresim
1172 1002 1198 1028 in
1210 1000 1325 1035 Phrygia
1339 999 1529 1028 condiderunt.
1540 998 1665 1031 Pepuzan
1682 994 1826 1029 Phrygiam

1035 1049 1172 1077 civitatem
1192 1047 1408 1081 Hierosolymam
1425 1050 1503 1071 suam
1521 1046 1690 1077 reputantes.

1070 1094 1116 1122 29.
1135 1093 1290 1127 Pepuziani,
1307 1099 1321 1118 a
1339 1091 1445 1126 Pepuza
1461 1089 1571 1116 civitate
1586 1087 1708 1122 Phrygia:
1724 1086 1760 1113 ita
1782 1092 1828 1112 co-

1036 1138 1203 1175 gnominati;
1223 1137 1334 1172 impiam
1348 1136 1507 1164 societatem
1523 1135 1655 1161 adversus
1667 1139 1715 1159 eos
1730 1131 1776 1166 qui
1790 1131 1828 1158 ir-

1037 1185 1161 1219 religiose
1172 1183 1301 1218 egissent,
1315 1182 1444 1209 inierunt.

1070 1231 1114 1258 3t).
1142 1228 1389 1262 Quartudecimam‘,
1413 1226 1461 1261 qui
1487 1224 1626 1252 celebrant
1640 1223 1744 1250 Pascha
1764 1228 1826 1249 cum

1035 1275 1138 1303 Judais
1154 1275 1197 1301 die
1212 1274 1316 1301 decima
1330 1275 1429 1308 quarta
1445 1272 1526 1298 lunae.

1071 1322 1116 1349 3t.
1136 1320 1212 1355 Alogi
1230 1319 1342 1354 quidam
1360 1317 1400 1346 sic
1417 1316 1493 1346 dicti.
1515 1319 1654 1350 propterea
1677 1313 1749 1348 quod
1774 1319 1827 1339 non

1036 1367 1218 1395 admittebant
1247 1365 1373 1400 Logum,
1399 1362 1608 1394 sive‘Verbum,
1637 1361 1664 1388 in
1696 1359 1829 1395 principio

1036 1413 1122 1440 Deum
1137 1415 1289 1439 exstantem
1306 1410 1376 1446 apud
1390 1409 1511 1439 Patrem.
1525 1408 1640 1442 ideoque
1651 1413 1701 1433 nec
1712 1404 1826 1432 Joannis

1037 1458 1212 1493 Evangelium
1227 1456 1403 1491 recipiebant,
1420 1462 1508 1488 neque
1523 1453 1581 1488 ejus
1596 1450 1788 1487 Apocalypsin.

1072 1505 1117 1532 32.
1151 1502 1335 1530 Theodotiani.
1365 1501 1523 1527 Theodotus
1551 1499 1635 1526 homo
1663 1497 1829 1532 Byzantinus

1040 1550 1131 1577 aiebat
1149 1547 1288 1576 Christum
1314 1554 1375 1574 esse
1391 1553 1488 1580 purum
1513 1544 1667 1575 hominem.
1683 1542 1828 1578 participa-

1038 1596 1110 1622 tione
1124 1594 1275 1621 divinitatis
1292 1593 1442 1626 (lignatum.

1072 1641 1116 1668 '53.
1132 1638 1291 1666 Artemiani.
1306 1637 1368 1664 Fuit
1382 1637 1493 1671 quidam
1513 1634 1648 1662 Artemias
1661 1633 1688 1659 in
1705 1632 1768 1660 Asia
1781 1632 1827 1667 qui

1037 1685 1169 1713 Theodoti
1199 1684 1322 1711 hau-etim
1349 1683 1375 1710 in
1402 1683 1489 1718 pretio
1514 1679 1630 1707 habebat
1662 1687 1670 1704 :
1701 1685 1828 1705 asserens

1037 1731 1175 1758 Christum
1190 1737 1251 1757 esse
1267 1729 1369 1756 uudtun
1385 1727 1522 1754 hominem
1534 1745 1542 1758 ,
1555 1725 1581 1752 in
1596 1730 1652 1758 quo
1670 1722 1740 1749 Deus
1759 1720 1827 1748 Ver-

1038 1777 1101 1804 bum
1115 1776 1237 1803 habitare
1247 1775 1362 1802 libenter
1374 1772 1476 1800 tulerit.

1073 1822 1118 1850 54.
1142 1821 1384 1848 Melchisedechiani
1412 1819 1540 1846 virtutem
1572 1815 1619 1842 Dei
1645 1821 1706 1842 esse
1731 1817 1828 1848 putant

1037 1866 1328 1896 Melchisedechum.et
1345 1865 1372 1891 in
1390 1871 1453 1891 eum
1469 1870 1563 1890 omnes
1580 1861 1735 1897 Scripturas
1757 1859 1828 1887 refc—

1037 1918 1112 1946 runt,
1127 1913 1250 1940 dicentes
1265 1919 1326 1938 eum
1341 1919 1403 1938 esse
1413 1909 1562 1937 Christum.

1071 1960 1115 1987 35.
1133 1958 1242 1986 Navali.
1255 1956 1377 1984 Navatus
1390 1955 1557 1991 poenitentiae
1578 1953 1686 1980 modum
1702 1955 1826 1987 peccato-

1037 2006 1114 2034 ribus
1129 2012 1182 2032 uon
1198 2003 1328 2036 indulget.
1341 2002 1374 2029 lii
1390 2006 1478 2029 autem
1490 2004 1564 2032 sunt,
1580 1999 1627 2034 qui
1643 2006 1671 2026 se
1684 1997 1824 2029 Catltaros,

1038 2052 1064 2079 id
1083 2056 1124 2078 est
1140 2057 1234 2084 puros.
1252 2048 1406 2075 noatiuant.

1073 2094 1118 2122 56.
1136 2093 1281 2120 Seueriani.
1297 2091 1423 2118 Mulieres
1445 2091 1564 2117 Severus
1586 2095 1639 2115 non
1653 2088 1764 2122 patitur.
1780 2093 1828 2113 eas

1037 2141 1091 2167 vim
1113 2139 1254 2167 sinistram
1268 2137 1439 2171 appellitans.
1458 2135 1557 2161 Vinum
1581 2133 1720 2168 repudiat.
1734 2132 1827 2161 dicens

1038 2193 1071 2213 ex
1085 2185 1159 2213 coitu
1177 2183 1307 2211 draconis
1322 2187 1349 2208 ct
1363 2181 1469 2208 telluris
1487 2184 1576 2207 ortam
1592 2180 1686 2207 vitem.

1074 2274 1119 2300 57.
1151 2272 1342 2303 Bardimuita‘,
1369 2279 1384 2297 a
1413 2269 1564 2297 Bardlsano
1588 2266 1706 2302 quodam
1729 2265 1775 2300 qui
1798 2265 1826 2293 in

1039 2319 1232 2353 Mesopotamia
1245 2317 1305 2347 fuit,
1321 2317 1373 2343 orti
1387 2319 1461 2342 sunt.
1475 2312 1711 2340 Besurrectionem
1725 2315 1826 2346 negant

1038 2363 1170 2398 corporis,
1184 2361 1451 2394 iucarnationemque
1466 2356 1616 2385 Salvatoris
1629 2355 1826 2390 phantasticam

1040 2409 1125 2435 fuisse
1138 2409 1245 2435 docent.

1074 2454 1119 2481 58.
1141 2453 1290 2480 Helcesiani
1314 2452 1341 2478 in
1361 2450 1460 2478 Arabia
1476 2449 1598 2477 fuerunt.
1616 2447 1662 2475 Isti
1678 2454 1694 2474 a
1707 2446 1826 2479 quodam

1041 2499 1156 2527 Helcasa
1170 2499 1253 2526 falsas
1272 2496 1428 2532 prophetiae
1444 2494 1560 2522 mutuati
1571 2497 1645 2522 sunt.
1663 2492 1825 2519 Dicebantur

1040 2547 1121 2575 etiam
1143 2545 1282 2580 Sampmi.

1075 2591 1119 2618 59.
1139 2590 1292 2626 Byrilliani.
1308 2589 1426 2624 Byrillus
1440 2587 1551 2623 quidam
1566 2585 1593 2612 in
1608 2583 1707 2611 Arabia
1723 2580 1826 2615 pariter

1041 2639 1101 2666 fuit.
1124 2637 1265 2664 Hominem
1284 2635 1420 2663 Christum
1448 2634 1569 2669 putabat.
1591 2638 1642 2658 nec
1667 2627 1825 2658 admittebat

1041 2686 1166 2714 eumdem
1178 2685 1254 2720 prius
1265 2684 1404 2712 exstitisse
1419 2682 1537 2710 Verbqu
1548 2679 1700 2707 Christum.

1076 2772 1121 2800 tt).
1141 2771 1247 2800 ναίσεὶἰ.
1260 2771 1369 2804 Valens,
1384 2769 1430 2807 qui
1445 2773 1472 2796 ct
1489 2768 1548 2805 ipse
1566 2765 1594 2796 iu
1611 2764 1710 2794 Arabia
1725 2762 1824 2796 fuerat,
