2075 3157
233 153 283 186 155

986 151 1138 182 JOSEPPI

1808 148 1858 182 ιὸῦ

231 209 352 239 evirabat
378 216 426 237 eos
444 208 489 244 qui
513 208 547 236 ad
568 216 597 236 se
608 208 784 242 accedebant,
802 208 1013 244 excidebatque,

1071 209 1226 243 γενόμενος,
1255 205 1395 242 εὖνούχιζε
1417 204 1481 236 τοὺς
1507 203 1670 239 προσιόντας
1698 203 1784 239 αὐτῷ,
1811 204 1860 231 κα).

231 264 282 284 nec
301 255 383 282 Vetus
397 255 600 282 Testamentum
618 254 788 283 admittebat.

265 301 310 328 41.
328 300 487 328 Sabcltiam‘.
506 300 621 333 Quidam
638 299 774 328 Sabellius
795 299 1019 335 Pentapolitanus

231 351 288 373 tres
307 352 438 380 personas
460 345 541 372 unius
562 343 717 371 Divinitatis
736 351 908 379 nequaquam
923 343 1021 370 admit-

232 397 301 423 lens,
315 383 487 417 Divinitatem
494 390 600 417 Patrem
611 397 672 417 esse
681 397 713 417 ac
721 389 832 422 Filium,
841 388 1020 424 eamdemque

231 436 410 470 compositam
428 435 527 463 stolide
542 435 705 463 sustinebat.

266 482 311 510 ﬂ.
329 481 458 516 Origenii.
471 481 656 516 'l‘urpissimas
667 481 787 508 actiones
798 480 952 515 patrabant,
969 487 1020 508 nec

231 527 408 555 sobrietatem
435 526 530 554 colunt
548 527 690 554 abutentes
713 534 806 554 carne.
828 526 863 554 At
879 533 934 553 non
955 531 1020 554 sunt

231 572 276 600 isti
287 580 321 599 ex
336 572 452 607 Origene
464 571 658 604 Alexandrino,
670 571 728 600 sive
738 571 913 599 Adamantio.

266 662 311 689 ιδ.
330 661 516 697 Origeniastm.
533 660 582 688 Hic
597 666 639 689 est
655 661 844 692 Adamantius,
860 661 907 697 qui
923 669 1020 696 corpo-

232 715 293 733 rum
311 707 536 734 resurrectionem
550 707 667 735 nolebat.
684 707 712 734 In
729 708 872 742 allegorias
887 708 1020 735 absurdas

233 752 390 788 Scripturas
414 752 585 780 deflectebat.
609 752 647 780 De
662 753 754 787 gentili
781 753 951 788 philosophia
970 761 1019 780 ve-

232 798 321 830 niens,
334 806 385 825 nec
397 798 590 826 ethnicismum
604 798 744 833 abjurans,
756 798 885 827 tredecim
901 799 1019 828 haereses

232 842 260 870 in
270 842 419 871 Ecclesiam
431 844 544 871 invexit.

267 889 312 916 Η.
329 888 480 917 Ραιιιίίαηί.
500 891 602 917 Paulus
619 889 830 921 Samosatenus.
851 890 897 925 qui
922 890 1018 918 Antio-

232 934 343 961 chensis
355 935 499 969 cpiscopus
509 935 570 967 fuit,
585 935 717 972 Theodoti
725 939 753 963 et
763 936 880 963 Artema:
893 935 1017 963 heresim

232 979 383 1012 innovatis,
411 980 552 1007 Christum
583 974 674 1008 aiebat
706 981 842 1008 hominem
869 981 1018 1009 divinitatis

232 1025 335 1052 honore
358 1024 528 1056 decoratum.
550 1031 691 1061 propterea
717 1027 789 1062 quod
812 1025 950 1060 Verbum,
970 1026 1017 1054 Dei

233 1069 384 1104 Sapientia,
401 1069 428 1096 in
450 1071 509 1104 ipso
529 1071 703 1099 habitaverit.

266 1115 312 1143 45.
339 1115 486 1142 ΜοηὶσΙιατί.
513 1115 605 1143 Manes
635 1115 718 1144 Persa
749 1122 844 1144 contra
870 1117 1017 1145 Ecclesiam

231 1159 353 1187 emersit.
370 1159 429 1186 Duo
454 1159 546 1187 aiebat
563 1160 696 1195 principia
710 1168 785 1194 esse,
804 1161 905 1188 bonum
922 1168 1020 1196 nempe

231 1210 259 1233 et
276 1206 434 1241 malignum.
463 1206 633 1242 Repudiabat
654 1215 717 1235 eum
739 1207 786 1242 qui
808 1208 947 1242 legislator
968 1207 1020 1235 fuit

231 1249 350 1283 lsraelis,
365 1257 392 1278 et
403 1251 490 1279 factor
504 1253 708 1281 universorum.
721 1252 802 1280 Astra
813 1253 931 1282 colebat.

267 1338 314 1365 46.
330 1338 484 1367 Hieracitce.
497 1338 526 1366 In
540 1338 644 1368 Leonto
654 1340 763 1376 Egypli
776 1341 818 1368 vir
833 1341 943 1375 quidam
957 1341 1020 1369 Hie.

232 1392 282 1412 ru
298 1384 408 1412 nomine
427 1385 532 1417 suasit,
546 1390 575 1412 ut
589 1393 623 1413 ne
644 1391 799 1422 speraretur
816 1388 907 1414 carnis
930 1395 1022 1415 resur-

232 1431 329 1458 rectio.
357 1430 470 1465 Nuptias
495 1432 665 1466 repudiabat.
693 1432 790 1460 Laicos
819 1433 942 1460 homines
964 1441 1019 1460 non

232 1474 409 1508 suscipiebat.
437 1474 541 1503 Pueros
569 1477 682 1504 docebat
700 1477 801 1504 Christi
825 1486 938 1513 regnum
963 1486 1019 1506 non

232 1520 355 1555 ingredi,
371 1528 404 1547 eo
418 1521 490 1556 quod
506 1522 581 1549 nullo
594 1523 744 1550 certamine
757 1524 912 1558 pugnarint.

267 1567 312 1594 47.
328 1567 476 1596 Meletiam'.
496 1568 524 1595 In
545 1569 661 1604 Egypto
681 1569 733 1597 l'nit
741 1570 850 1604 quidam
865 1570 1016 1598 schismati~

232 1619 282 1640 cus
292 1612 425 1641 Meletius.
456 1613 481 1641 ls
504 1614 615 1642 nolebat
635 1622 714 1643 orare
741 1623 802 1642 cum
824 1616 1020 1650 penitentibus

231 1663 343 1693 propter
355 1659 459 1694 lapsura
473 1660 499 1687 in
513 1661 712 1695 persecutione,
725 1661 772 1696 qui
786 1669 800 1688 a
816 1662 921 1697 synodo
931 1662 1020 1690 susci-

233 1704 389 1738 piebantur,
403 1709 485 1739 atque
501 1713 517 1732 a
532 1705 612 1733 Petro
626 1707 755 1742 episcopo
766 1712 794 1734 et
810 1713 939 1744 martyre.

270 1791 314 1819 48.
334 1792 478 1819 Adamiani
505 1793 570 1821 nttdi
596 1798 669 1822 stant
693 1795 719 1822 in
744 1795 914 1825 orationibus
931 1804 1022 1826 mares

233 1843 311 1871 aque
332 1841 414 1872 atque
428 1837 558 1866 mulieres
570 1859 577 1871 .
594 1840 754 1868 inemoriam
774 1841 934 1870 rel‘ricantcs
957 1842 1023 1871 sim-

233 1882 363 1916 plicitatis
379 1882 477 1910 Adami
494 1887 522 1911 et
541 1884 613 1912 Evae.

267 1925 313 1954 49.
336 1925 498 1955 Marianum.
516 1928 627 1956 Mariam
651 1930 685 1957 ad
707 1930 826 1958 divinam
841 1932 961 1959 evehunt
977 1941 1021 1960 es-

233 1971 360 2004 sentiam,
373 1971 559 2008 allirmantque
566 1981 626 2001 eam
638 1980 807 2010 assumptam
821 1977 847 2004 in
862 1978 956 2010 ccelos,
966 1986 1023 2006 me-

234 2016 349 2044 moriam
365 2017 438 2045 illius
450 2017 581 2047 facientes
593 2020 619 2046 in
631 2020 770 2049 oblatione
785 2022 875 2057 panis.

268 2062 314 2089 50.
337 2062 483 2091 Μουσιιίαηί
499 2065 607 2100 operari
624 2066 734 2098 nolunt.
751 2067 798 2095 sed
820 2069 899 2096 aiunt
919 2070 1023 2097 oratio-

235 2107 317 2135 nibus
327 2113 460 2144 perpetno
476 2111 639 2145 vacandum,
650 2112 715 2140 dum
732 2113 853 2142 labarem
868 2115 960 2143 odisse
975 2117 1024 2144 de-

233 2154 380 2182 lcctantur.

269 2199 314 2229 bl.
330 2200 487 2235 Apostoliti.
503 2201 624 2230 Fuerunt
651 2203 677 2231 hi
704 2204 777 2232 circa
798 2205 939 2238 Pisidiam,
966 2207 1019 2234 sibi
1033 2199 1054 2228 ο

232 2247 371 2281 subjectos
385 2247 520 2275 duntaxat
540 2249 685 2283 recipiunt,
700 2257 762 2277 cum
778 2250 853 2278 nullo
862 2252 916 2279 alio
927 2257 1019 2280 orant.

270 2336 313 2364 52.
329 2337 480 2364 Archontici
496 2338 666 2373 principatus
680 2343 707 2366 et
723 2344 870 2374 potestates
886 2343 1021 2376 quasdam

235 2388 392 2415 recensent,
416 2384 512 2419 hisque
531 2385 682 2417 subjiciunt
704 2387 784 2420 hujus
801 2388 885 2416 totius
903 2389 1021 2416 universi

235 2429 521 2464 administrationem,
545 2430 678 2467 aiuntque
702 2431 841 2460 Christum
866 2434 974 2463 venisse
997 2435 1022 2462 in

233 2473 366 2509 judicium
380 2481 477 2502 eorum
493 2476 751 2505 administrationis.

268 2521 314 2549 53.
337 2521 464 2556 Angelici.
492 2522 695 2557 Superbissime
713 2523 855 2558 sapiebant
879 2524 918 2557 hi,
943 2526 1023 2560 quasi

233 2574 311 2594 suam
335 2566 471 2602 propriam
501 2569 651 2602 angelicam
678 2569 793 2597 classem
818 2570 966 2604 habentes,
991 2579 1023 2599 ac

233 2613 414 2640 sectatoribus
426 2621 521 2640 eorum
533 2614 722 2652 promittentes.

269 2658 314 2686 54.
338 2659 467 2686 Audiaui.
492 2660 525 2687 Et
550 2659 577 2687 hi
594 2660 691 2688 scissio
718 2661 842 2695 quzedani
863 2661 924 2689 fuit.
952 2662 1020 2690 Cum

234 2704 311 2732 laicis
329 2713 382 2732 non
398 2706 530 2739 orabant,
546 2707 618 2741 virga
636 2715 651 2733 a
670 2707 768 2742 seipsis
783 2713 943 2742 separantcs
956 2716 1021 2741 eos.

269 2794 325 2835 (80)
341 2794 425 2823 Error
438 2797 545 2826 videtur
561 2802 650 2835 typog.
667 2806 715 2834 pro
730 2799 888 2830 ἐπισκόπου,
905 2799 1018 2827 Alexan-

234 2830 314 2858 drino
330 2838 437 2860 nomne.

1069 254 1207 289 ἀπέτεμνε
1218 272 1227 285 ,
1243 252 1293 288 τὴν
1304 251 1427 279 Παλαιὰν
1437 249 1549 285 Γραφὴν
1565 249 1602 284 μὴ
1615 249 1771 284 δεχόμενος,

1106 299 1161 334 μα’.
1184 299 1351 326 Σαϐέλλιοι.
1370 297 1513 327 Σαϐέλλιός
1530 304 1570 326 τις
1590 295 1618 321 ὲν
1634 296 1668 330 τῇ
1693 294 1859 321 Πενταπόλει

1069 344 1201 378 γεγονὼς.
1223 343 1272 374 τὰς
1293 343 1368 378 τρεῖς
1393 341 1557 371 ὑποστάσεις
1579 339 1630 374 τῆς
1646 339 1712 374 μιᾶς
1727 338 1860 374 Θεότητος

1068 389 1119 415 οὒκ
1126 388 1339 422 ἀποδεξάμενος,
1348 385 1505 420 Υίοπάτορα
1519 384 1569 418 τὴν
1585 383 1719 418 Θεότητα,
1733 383 1783 410 καὶ
1797 383 1860 410 σύν-

1070 433 1132 460 θεον
1149 432 1326 468 παρεφρόνει.

1106 479 1159 514 μβ’.
1181 477 1357 512 Ὠρειγ-ἐνιοι.
1375 475 1599 511 Αίσχροποιοῦσι.
1620 475 1669 502 καὶ
1687 475 1738 510 τὴν
1753 475 1860 511 σώφρομ

1070 524 1154 559 σύνην
1168 523 1198 549 οὒ
1216 522 1343 558 τιμῶσιν,
1359 520 1549 556 ἀποχρώμενοι
1562 522 1596 556 τῇ
1615 520 1707 555 σαρκί.
1725 520 1795 548 Ἀλλ’
1809 520 1860 547 οῦκ

1069 571 1139 597 εἰσιν
1167 565 1241 596 οὗτοι
1281 566 1478 602 Ἀλεξανδρέως
1516 567 1705 602 Ὠρειγένους.
1735 567 1782 594 τοῦ
1812 568 1860 594 καὶ

1075 615 1264 651 ’Λδαμαντῑου.

1106 663 1162 696 μγ’.
1187 659 1427 694 Ὠρειτενιασταί.
1442 656 1527 690 Οὗτός
1541 659 1617 686 ἐστιν
1631 659 1645 685 ό
1658 659 1706 685 καὶ
1725 658 1860 693 Ἀδαμάνο

1068 715 1141 740 τιος,
1170 706 1305 741 σωμάτων
1329 704 1477 732 ἀνάστασιν
1499 704 1601 731 ἀθετεῖ.
1624 704 1669 735 Εἰς
1695 703 1860 738 ἀλληγορίας

1072 753 1192 784 ἀτόπους
1206 752 1255 783 τὰς
1269 751 1382 787 Γραφὰς
1409 750 1533 786 ἔτρεψεν.
1562 750 1631 776 Ἀπὸ
1650 749 1700 783 τῆς
1726 749 1861 784 Ἑλλήνων

1070 798 1228 834 φιλοσοφίας
1237 797 1333 829 ἐλθὼν,
1344 797 1390 823 τδν
1396 797 1424 822 δὲ
1437 795 1616 831 Ἐλληνισμδν
1628 795 1678 822 οὐκ
1687 795 1859 827 ἀποπτύσας,

1069 843 1247 880 τρισκαίδεκα
1261 841 1382 877 αἱρέσεις
1394 842 1428 876 τῇ
1446 840 1595 875 Ἐκκλησία
1610 840 1789 874 ἐπεισήγαγε.

1106 890 1157 924 μδ¹.
1174 888 1350 915 Παυλιανοι.
1373 886 1480 917 Παῦλος
1501 885 1555 912 ἀπὸ
1577 886 1710 920 Σαμοσᾶ,
1728 885 1779 920 τῆς
1800 885 1861 912 Ἀν-

1069 935 1181 968 τιοχέων
1208 933 1353 968 γενόμενος
1379 932 1549 963 ἐπίσκοπος,
1580 930 1630 966 τὴν
1657 931 1785 958 Θεοδότου
1811 932 1860 958 καὶ

1075 979 1196 1015 ’Δρτεμᾶ
1221 978 1327 1014 αἵρεσιν
1354 976 1597 1011 ἀνανεωσάμενος,
1623 975 1767 1009 ἄνθρωπον
1791 975 1860 1003 Θεοῦ

1069 1026 1137 1060 τιμῇ
1158 1024 1340 1060 τετιμημένον
1355 1023 1401 1050 τὸν
1420 1022 1540 1057 Χριστὸν
1552 1041 1560 1054 .
1576 1022 1620 1050 διὰ
1641 1022 1673 1049 τὸ
1692 1022 1738 1049 τὸν
1754 1023 1840 1057 Λόγον
1851 1044 1860 1057 ,

1069 1069 1118 1104 τὴν
1136 1068 1235 1103 Σοφίαν
1247 1067 1294 1093 τοῦ
1310 1066 1390 1098 Θεοῦ,
1403 1066 1546 1101 ἐνοικῆσαι
1560 1066 1600 1097 εἰς
1614 1066 1706 1100 αὐτὸν,
1724 1065 1796 1095 εἶπε.

1107 1113 1158 1148 με’.
1185 1111 1353 1147 Μανιχαῖοι.
1378 1111 1445 1138 Ἀπὸ
1469 1112 1519 1146 τῆς
1540 1111 1671 1145 Περσίδος
1696 1110 1774 1143 οὗτος
1789 1113 1861 1140 κατά

1069 1161 1119 1194 τῆς
1137 1158 1301 1193 Ἐκκλησίας
1311 1158 1444 1192 ἀνεφάνη,
1454 1157 1549 1192 Μάνης
1567 1157 1724 1192 λεγόμενος.
1740 1158 1792 1185 Δύο
1805 1168 1860 1194 φη-

1071 1204 1114 1232 σὶν
1130 1204 1217 1239 ἀρχὰς
1228 1223 1236 1236 ,
1253 1203 1362 1238 ἀγαθήν
1385 1211 1414 1229 τε
1435 1203 1482 1229 καὶ
1499 1202 1588 1237 κακὴν
1608 1201 1690 1230 εἷναι.
1711 1204 1763 1230 Τὸν
1779 1213 1860 1240 νομο-

1070 1250 1150 1285 θέτην
1165 1250 1195 1276 ἐν
1209 1248 1248 1283 τῷ
1275 1247 1385 1283 Ἰσραὴλ
1402 1247 1535 1282 γεγονότα
1555 1248 1602 1275 καὶ
1617 1249 1734 1285 ποιητὴν
1750 1250 1861 1278 πάντων

1070 1294 1172 1322 ἀθετεῖ.
1191 1295 1298 1328 ’Ἄστρα
1310 1294 1430 1321 σέὸεται.

1106 1338 1167 1374 pg’.
1196 1339 1361 1373 'Ispauizat.
1384 1340 1430 1366 Ἐν
1451 1338 1559 1374 Λεοντῷ
1582 1340 1615 1374 τῇ
1634 1340 1695 1366 κατ’
1711 1341 1860 1375 Αἴγυπτον,

1075 1384 1162 1422 Ἰέραξ
1178 1393 1220 1416 τις
1243 1384 1391 1419 λεγόμενος
1415 1383 1508 1411 ἔπειθε
1531 1384 1633 1419 σαρκὸς
1654 1385 1803 1413 ἀνάστασιν
1821 1387 1859 1423 μὴ

1070 1430 1201 1462 ἐλπίζειν.
1216 1430 1307 1465 Γάμον
1322 1429 1425 1463 ἠθέτει.
1442 1430 1599 1464 Κοσμικοῦς
1617 1431 1667 1458 οὐκ
1685 1431 1802 1467 ἐδέχετο.
1818 1433 1860 1459 Τὰ

1070 1476 1167 1503 παιδία
1181 1477 1222 1508 είς
1243 1477 1293 1512 τὴν
1308 1475 1428 1511 Χριστοῦ
1454 1475 1592 1511 βασιλείαν
1614 1476 1652 1512 μὴ
1675 1477 1860 1513 εἰσέρχεσοαι,

1031 1532 1053 1560 c
1069 1522 1130 1549 ἐπεὶ
1147 1522 1216 1557 μηδὲ
1230 1522 1363 1557 ἧϐλησαν.

1109 1568 1162 1604 με’.
1183 1569 1370 1596 Μελετιανοί.
1400 1568 1446 1595 Ἐν
1469 1569 1600 1604 Αἰγύπτῳ
1625 1569 1803 1604 σχισματικός
1818 1577 1861 1598 τις

1071 1615 1167 1650 γέγονε
1187 1615 1302 1641 Μελίτον
1324 1613 1505 1650 [Mals-stoc],
1529 1615 1567 1649 μὴ
1586 1614 1782 1648 συνευξάμενος
1803 1614 1862 1644 τοῖς

1074 1660 1273 1696 μετανοήσασιν
1293 1659 1347 1686 ἀπὺ
1361 1660 1408 1687 τοῦ
1423 1660 1544 1695 διωγμοῦ
1557 1680 1565 1691 ,
1582 1661 1630 1688 καὶ
1647 1660 1764 1694 δεχθεῖσι
1784 1658 1861 1694 παρά

1071 1706 1122 1740 τῆς
1141 1705 1268 1738 συνόδου,
1294 1705 1342 1732 καὶ
1363 1705 1467 1741 Πέτρου
1489 1705 1537 1732 τοῦ
1558 1705 1708 1732 ἀποστόλου
1731 1704 1787 1739 (80)
1812 1705 1860 1732 καὶ

1073 1751 1223 1787 μάρτυρος,

1109 1799 1164 1830 μη’.
1187 1796 1351 1831 Ἀδαμιανοῖ
1366 1796 1466 1831 γυμνοὶ
1483 1797 1512 1822 ἐν
1524 1797 1585 1828 ταῖς
1599 1796 1693 1831 εὐχαῖς
1710 1795 1860 1831 παρίσταν-

1073 1850 1130 1873 ται.
1145 1841 1241 1877 ἄνδρες
1257 1842 1325 1876 ὁμοῦ
1343 1842 1392 1869 καὶ
1413 1845 1554 1877 γυναῖκες,
1574 1842 1623 1869 τοῦ
1646 1841 1732 1877 Ἀδὰμ
1745 1842 1793 1869 καὶ
1809 1841 1861 1876 τῆς

1074 1886 1147 1917 Εὔας
1164 1887 1214 1920 τῆς
1231 1886 1382 1921 ἁπλότητος
1399 1886 1628 1922 μνημονεύοντες.

1112 1932 1166 1966 μίν.
1179 1932 1355 1966 Μαριανῖται
1373 1933 1424 1966 τὴν
1447 1932 1556 1968 Μαρίαν
1569 1933 1608 1964 εἰς
1624 1931 1700 1958 θείαν
1709 1931 1803 1958 οὐσίαν
1815 1932 1862 1958 ἀν-

1074 1976 1199 2011 άγουσιν.
1224 1977 1271 2003 καί
1287 1985 1369 2012 φασιν
1385 1977 1470 2012 αὐτὴν
1492 1978 1532 2009 εἰς
1547 1977 1661 2012 οὐρανὸν
1678 1976 1860 2011 ἀνειλῆφθαι,

1075 2022 1187 2058 μνήμην
1201 2022 1287 2056 αὐτῆς
1300 2023 1329 2049 ἐν
1345 2022 1428 2058 ἄρτου
1444 2022 1573 2058 προθέσει
1588 2022 1757 2058 ποιούμενοι.

1109 2070 1142 2095 ν’.
1163 2069 1373 2095 Μασαλλιανοὶ
1396 2068 1563 2103 ἐργάζεσθαι
1576 2068 1606 2095 οὐ
1629 2068 1780 2103 βούλονται,
1793 2067 1862 2096 ἀλλά

1076 2123 1159 2149 φασιν
1177 2114 1272 2150 εὐχαῖς
1289 2115 1330 2146 εἰς
1350 2114 1395 2141 ἀεὶ
1416 2114 1568 2147 διατελεῖν,
1587 2116 1729 2150 μισεργείν
1754 2114 1863 2149 ἀγαπή-

1076 2168 1182 2191 σαντες.

1105 2204 1154 2232 να¹.
1177 2205 1384 2233 Ἀποστολυιοὶ
1399 2226 1406 2237 ,
1432 2206 1497 2242 περὶ
1511 2206 1560 2239 τὴν
1576 2205 1700 2233 Πισιδίαν
1722 2201 1797 2232 οὗτοι
1817 2213 1863 2239 γε-

1071 2249 1192 2283 γόνασιν,
1209 2250 1409 2283 ὐποτακτικοὺς
1428 2252 1507 2286 μόνον
1521 2252 1655 2286 δέχονται.
1672 2251 1739 2278 Μετ’
1754 2251 1862 2282 οὐδενὸς

1066 2290 1166 2330 ’ἑτέρου
1180 2295 1319 2331 εὔχονται.

1107 2340 1157 2376 νβ’.
1178 2341 1357 2376 Ἄρχοντικοῖ
1381 2343 1470 2378 ἀρχὰς
1485 2343 1534 2370 καὶ
1556 2341 1682 2375 ἐξουσίας
1700 2341 1777 2373 τινὰς
1792 2342 1863 2367 ἀπα-

1074 2386 1221 2422 ριθμοῦσι,
1252 2387 1299 2414 καὶ
1328 2387 1380 2414 ὑπὸ
1407 2388 1509 2420 ταύτας
1538 2387 1644 2414 τιθέασι
1668 2386 1718 2422 τὴν
1747 2386 1863 2413 καθόλου

1072 2432 1214 2468 διοίκησιν,
1231 2432 1347 2468 Χριστὸν
1363 2433 1392 2460 δὲ
1408 2434 1448 2465 εἰς
1462 2434 1512 2468 τὴν
1522 2433 1626 2460 τούτων
1639 2433 1691 2467 τῆς
1703 2432 1863 2466 διοικήσεως

1073 2478 1165 2514 κρίσιν
1178 2478 1258 2506 ἰέναι.

1109 2523 1159 2558 νγ’.
1189 2524 1362 2559 Ἄγγελικοί.
1386 2524 1466 2558 Μέγα
1489 2524 1697 2559 πεφρονήκασιν
1720 2521 1811 2555 οὗτοι,
1826 2523 1863 2555 ὡς

1073 2569 1221 2605 ἀγγελικὴν
1235 2570 1303 2597 ἰδίαν
1324 2570 1400 2603 τάξιν
1413 2570 1534 2606 ἔχοντες,
1549 2572 1596 2598 καὶ
1608 2573 1664 2603 τοῖς
1680 2570 1863 2606 συντεταγμέ-

1075 2625 1131 2648 νοις
1149 2617 1216 2652 (8|).

1110 2661 1157 2690 νϐ’.
1169 2663 1321 2690 Λὺδιανοί.
1336 2663 1442 2699 Σχίσμα
1457 2663 1587 2697 γεγόνασι
1607 2664 1654 2690 καὶ
1668 2661 1750 2695 οὗτοι,
1766 2671 1863 2697 κοσμι-

1075 2709 1133 2740 κοίς
1145 2708 1177 2734 οὐ
1198 2708 1400 2744 συνευχόμενοι.
1420 2708 1525 2744 Ῥάὸδῳ
1543 2708 1716 2744 διορύξαντες
1731 2708 1777 2743 ἀφ’
1798 2708 1863 2735 δαυ-

1108 2798 1163 2834 (81)
1178 2797 1259 2827 Deest
1272 2797 1493 2835 ὑπισχνοῦμενοι,
1509 2798 1549 2827 vel
1564 2797 1630 2833 quid
1645 2796 1711 2825 tale.
