2075 3157
181 180 232 213 15⁵1

772 180 961 212 LIBELLUS
978 182 1230 213 MEMORIALIS.

1765 185 1816 219 158

180 239 235 265 τῶν
246 238 305 269 ταῖς
322 237 416 272 εὐχαῖς
434 237 496 269 τοὺς
515 236 552 272 μὴ
568 236 744 268 κοινωνικοὺς
767 237 822 263 ἀπὸ
838 238 900 268 ταῖς
917 237 971 272 (89.)

1026 239 1071 272 qui
1084 238 1110 264 in
1121 238 1292 265 orationibus
1304 245 1357 265 non
1371 237 1612 265 communicabant
1626 245 1729 266 secum.
1744 241 1816 276 Apo-

179 284 352 320 ἀποχρύφοις
364 283 478 318 meum;
489 283 650 318 κέχρηνται,
661 283 709 309 καὶ
722 282 891 318 παραδόσεσι
900 283 975 315 ξέναι

180 330 237 357 τισὶ
249 329 298 356 τοῦ
316 329 432 364 ἐξάρχου
448 329 548 356 αὐτῶν.

215 379 263 402 νε’.
286 375 520 409 Μαρκελλιανοι.
540 374 714 410 Μαρκέλλιός
736 382 779 406 τις
801 374 830 400 ἓν
853 373 975 408 ’Δγκύρᾳ

180 421 289 456 γεγόνει
302 421 353 456 τὴν
376 420 522 447 Σαϐελλίου
544 419 624 452 δόξαν
648 419 771 454 φρονῶν,
788 419 976 446 ἀνυπόστατον

180 469 227 496 τὸν
238 468 285 495 τοῦ
298 467 366 494 Θεοῦ
375 468 474 502 Λόγον,
484 469 532 494 καὶ
542 467 573 494 τὸ
586 467 682 501 ’Δγιον
691 466 803 501 Πνεῦμα
812 466 938 501 νομίσας.

216 513 270 546 νς¹.
300 513 456 547 Ἀρειανοι.
475 513 581 548 ’Ᾱρειὸς
598 521 641 544 τις
663 512 776 546 γέγονεν
795 512 824 538 ἐν
846 511 974 544 Ἀλεξανο

178 559 268 594 δρείᾳ,
285 558 333 586 τὸν
348 558 414 585 Υιὺν
434 558 482 584 τοῦ
502 558 570 585 Θεοῦ
593 557 702 585 κτιστδν
717 556 764 583 καὶ
782 555 812 589 ἐξ
826 556 875 583 οὐκ
890 556 974 583 ὄντων

179 605 321 640 γεγονέναι
338 604 463 637 δοξάσας.

215 650 264 683 ντ-
284 649 452 685 Ἡμιάρειοι.
478 649 524 681 Ἐξ
543 649 691 684 Ἀρειανῶν
706 646 781 676 οὗτοι
801 649 973 683 ἀπέσχισαν,

179 697 356 731 ὀμοιούσιον
366 695 406 730 τῷ
420 694 481 730 Θεῷ
492 695 643 728 φάσκοντες
655 694 701 720 τὸν
713 694 787 727 ru»,
799 694 854 720 τῶν
869 694 975 729 ’Δρεια-

178 742 234 770 νῶν
250 741 331 775 μόνον
348 741 382 767 τὸ
396 741 500 775 ὅμοιον
512 737 583 766 εἶναι
599 740 743 773 λεγόντων.

215 790 266 822 νη⁹.
293 786 493 813 Φωτεινιανοι.
520 785 654 817 summa;
680 793 723 816 τις
748 785 860 819 γέγονεν
883 785 912 811 ἐν
938 785 972 820 τῇ

179 832 311 867 Σειρμίῳ.
328 832 369 858 Τὰ
383 831 490 857 Παύλου
505 831 552 857 τοῦ
575 830 765 865 Σαμωσατέως
781 831 900 864 δοξάζει,
924 830 973 858 ἄν-

179 878 290 914 θρωπον
310 877 439 912 θεοφόρον
454 877 542 910 λέγων
556 874 627 902 εἶναι
641 876 688 903 τὸν
702 876 831 911 Χριστὸν.

215 921 265 950 νϐ’.
286 922 436 950 Ἀετιονοι.
460 921 563 953 Ἀέτιός
583 930 624 953 τις
650 921 731 954 Κίλιξ
754 922 785 948 τὸ
805 923 894 955 γένος,
918 921 973 949 τῶν

185 969 335 1005 ’Δρειανῶν
351 968 496 1004 χωρισθεὶς
515 969 609 1002 ὅμοιον
621 967 755 1001 λεγόντων
769 968 807 1003 τῷ
826 967 913 1003 [lath
926 969 972 995 τὸν

179 1016 256 1048 Υἱδν,
268 1015 395 1049 ἀνόμοιον
407 1015 482 1050 αὐτῷ
495 1013 566 1041 εἶναι
576 1012 650 1042 εἷπε.
666 1015 798 1050 sommo;
811 1015 839 1041 δὲ
851 1015 971 1050 προέστη

181 1061 242 1097 μετ’
253 1061 337 1088 αὐτοῦ
352 1061 455 1096 ταύτης
470 1060 519 1094 τῆς
530 1061 676 1096 αἱρέσεως,
692 1061 754 1088 ὅθεν
770 1061 818 1088 καὶ
832 1062 974 1096 Εὐνομία-

179 1107 226 1135 νοὶ
237 1107 261 1133 ot
281 1107 423 1141 ’Λνομῐται
441 1105 600 1140 κέκληνται.

214 1153 248 1186 ξ’.
277 1152 430 1187 Ἆεριανοι.
462 1152 568 1186 ’Δὲριὸς
584 1160 628 1183 τις
645 1151 741 1186 γέγονε
765 1152 906 1185 Ποντικὸς,
922 1153 971 1187 τῆς

185 1199 330 1235 Ἀρειανῆς
355 1198 486 1234 αἱρέσεως
509 1197 558 1231 ὢν,
583 1198 728 1230 ἀνεδόξασε
748 1198 777 1225 δὲ
800 1199 902 1231 αὐτοῖς,
925 1199 972 1226 καὶ

177 1244 316 1279 ἐχωρίσθη
333 1244 381 1270 ἀπ’
396 1243 488 1270 αὐτῶν
505 1242 550 1269 διὰ
569 1242 685 1269 τοιαῦτα
696 1250 703 1258 ·
722 1243 872 1269 ἐπίσκοπον
887 1243 971 1278 μηδὲν

177 1290 319 1324 διαφέρειν
338 1288 525 1324 πρεσϐυτέρου
541 1287 638 1322 λέγων.
654 1288 794 1323 Τετράδας
813 1288 861 1314 καὶ
879 1297 972 1324 παρα-

178 1335 282 1365 σκευὰς
317 1335 355 1369 μὴ
375 1335 514 1370 προτιμᾷν
539 1333 594 1360 τῶν
616 1334 646 1360 ὲν
670 1333 763 1366 ἄλλαις
789 1334 907 1370 ἡμέραις
925 1343 972 1370 νη-

180 1378 296 1412 στεύων,
309 1378 370 1405 τινὰ
385 1378 488 1414 σκηνὴν
504 1378 560 1413 (85)
574 1378 709 1412 ὑπερεῖδε.

216 1422 264 1456 ξα¹.
280 1423 507 1451 Μακεδονιανοί.
532 1424 696 1455 Μακεδόνιός
718 1433 758 1456 τις
779 1425 809 1451 ὲν
826 1425 972 1452 Κωνστανς

177 1469 335 1496 τινουπόλει
351 1469 467 1502 γίνεται,
483 1469 512 1495 τὸ
536 1468 650 1501 Πνεῦμα
661 1469 692 1495 τὸ
711 1470 790 1503 ἅγιον
805 1470 909 1497 ἀθετῶν
922 1471 971 1506 τῆς

177 1514 225 1542 τοῦ
237 1514 305 1541 Θεοῦ
318 1514 424 1550 Πατρὺς
445 1514 493 1541 καὶ
503 1514 568 1540 Tim)
576 1514 681 1546 οὐσίας.
694 1514 740 1541 Διδ
750 1515 796 1541 καὶ
805 1517 972 1550 Πνευματο-

177 1560 269 1596 μὰχοι
283 1561 432 1595 κέκληνται
445 1560 470 1587 οἱ
485 1560 608 1586 κοινωνοὶ
620 1559 715 1587 αὐτοῦ.

215 1605 265 1640 εβ’.
282 1605 578 1640 Ἄνθρωπομυρφῖται.
596 1603 676 1632 Οὗτοι
689 1606 729 1637 είς
741 1605 791 1641 τὴν
811 1605 969 1642 Ἐλευθερο-

179 1652 284 1683 «dum;
307 1650 497 1686 ἀναπεφῄνασι
515 1651 618 1686 χώραν,
634 1651 664 1677 ὲν
679 1648 701 1685 ᾦ
715 1652 898 1679 ἐστιν.........
917 1660 969 1679 σω-

180 1697 295 1731 ματικὸν
305 1698 468 1732 χαρακτῆρα
481 1696 528 1722 καὶ
542 1696 649 1731 μορφὴν
660 1696 834 1731 ἀνθρωπίνην
845 1696 891 1722 τὸν
902 1696 969 1723 Θεὸν

179 1743 252 1778 ἔχειν
275 1741 346 1769 κατὰ
366 1742 417 1776 τὴν
440 1741 558 1776 ὓπαρξιν
580 1740 663 1768 αὐτοῦ
685 1742 735 1776 τὴν
758 1742 843 1768 ἀΐδιον
861 1741 969 1776 λογιζό-

181 1797 269 1824 μενοι,
283 1789 320 1821 ὡς
335 1788 382 1815 καὶ
402 1788 535 1815 Ἰουδαίων
551 1789 576 1814 οἱ
588 1788 644 1814 τῶν
658 1788 774 1824 Γραφῶν
790 1788 908 1824 ἀμύητοι
923 1797 968 1816 νε-

180 1835 322 1869 νοήκεισιν.

215 1877 302 1907 Δῦται
315 1880 364 1915 μὲν
378 1878 426 1907 οὖν
442 1881 470 1907 αἱ
484 1880 555 1907 κατὰ
573 1881 624 1916 τῆς
647 1880 902 1916 ἁγίαςἘκκλησὶας
921 1881 970 1907 ἐπ-

179 1928 332 1954 αναστᾶσαι
349 1927 492 1961 γεγόνασιν
507 1926 638 1961 αίρέσεις⁷
653 1928 701 1962 τῆς
719 1926 765 1952 τὸν
779 1926 880 1962 Κύριον
891 1926 969 1961 ἡμῶν

186 1972 292 2008 Ἰησοῦν
309 1972 436 2008 Χριστὸν,
457 1972 503 1999 τὸν
520 1972 552 1998 δι’
566 1969 597 1999 οὗ
620 1971 656 1998 τὰ
674 1972 762 1999 πάντα
785 1972 903 2006 ἐγένετο,
923 1973 969 1999 καὶ

180 2018 346 2052 γεννηθέντα
366 2018 399 2044 ἑκ
418 2017 529 2052 Μαρίας
553 2017 603 2051 τῆς
621 2017 762 2052 Παρθένου
776 2017 847 2043 κατὰ
868 2017 968 2052 σάρκα,

181 2063 230 2091 καὶ
240 2064 448 2098 ἐπιδημήσαντα
457 2064 491 2098 τῇ
507 2062 605 2089 ἑαυτοῦ
622 2063 722 2095 κτίσει,
738 2062 821 2088 αὑτὸν
844 2061 913 2089 εἶναι
924 2063 971 2089 τὸν

180 2109 236 2144 πρὸ
249 2109 304 2135 τῶν
319 2109 425 2136 αἰώνων
442 2110 556 2136 συνόντα
566 2108 605 2143 τῷ
619 2107 678 2143 Θεῷ
694 2108 742 2134 καὶ
761 2108 857 2143 (lupi,
873 2116 971 2142 γεννη-

181 2155 262 2181 θέντα
277 2156 309 2181 ὲκ
317 2155 367 2189 τῆς
376 2155 471 2187 οὐσίας
484 2154 532 2181 τοῦ
554 2153 671 2189 Πατρδς,
691 2153 739 2180 καὶ
751 2153 816 2180 ὄντα
828 2153 971 2188 ὁμοούσιον

181 2202 220 2236 τῷ
231 2201 292 2236 Θεῷ
308 2201 395 2236 Πατρὶ
410 2201 612 2236 παρειληφυίας
630 2201 678 2227 καὶ
693 2199 904 2235 παραδιδούσης,
922 2200 971 2226 σὺν

181 2247 220 2282 τῷ
241 2247 325 2282 ’Δγίῳ
339 2246 488 2282 Πνεύματι.

181 2304 307 2330 ΚΕΦᾹΛ.
325 2302 415 2330 PMA’.
427 2309 464 2323 '—-
477 2302 561 2330 Ποῖαι
575 2303 706 2338 αΙρέσεις
719 2304 799 2338 παρὰ
818 2304 969 2337 Ἰουδαίοις

502 2339 654 2373 γεγόνασι.

218 2392 382 2427 Φαρισαῖοι,
404 2393 618 2429 ἐρμηνευόμενοι
635 2394 849 2429 κεχωρισμένοι
861 2394 878 2430 ἡ
889 2394 970 2428 ἀφω-

180 2438 329 2473 ρισμένοι.
352 2439 421 2473 Περὶ
437 2438 471 2465 τὰ
481 2439 666 2474 φυλακτήρια,
682 2439 730 2466 καὶ
745 2439 905 2475 καθαρμοὺς
917 2448 972 2466 σω-

185 2485 328 2519 ματικοὺς,
358 2485 405 2512 καὶ
437 2485 609 2521 βαπτισμοὺς
640 2485 742 2519 ξεστῶν
768 2487 816 2512 καὶ
845 2485 969 2513 πινάκων

183 2531 376 2565 ὴσχολημένοι.

220 2576 252 2610 β’.
263 2575 470 2608 Σαδδουκαῖοι,
495 2577 707 2612 ἑρμηνευόμενοι
722 2576 842 2610 δίκαιοι,
866 2577 972 2612 νεκρῶν

183 2623 331 2649 ἀνάστασιν
356 2622 512 2658 ἀρνοῦνται,
540 2623 672 2657 ἀγγέλους
690 2621 762 2650 εἶναι
776 2623 807 2649 οὒ
835 2623 971 2657 λέγουσιν,

183 2669 244 2696 οὐδὲ
259 2669 372 2705 Πνεῦμα
398 2670 488 2704 ἅγιον,
503 2670 534 2696 οὐ
559 2669 668 2705 πνεῦμα
688 2669 784 2703 ἁγίων,
799 2669 816 2705 ἢ
831 2669 900 2701 ὅλως
924 2670 972 2696 ἁν-

185 2715 312 2750 ορώπων,
328 2715 398 2750 μετὰ
412 2715 462 2751 τὴν
475 2715 529 2742 ἀπὸ
542 2715 588 2742 τοῦ
604 2715 729 2751 σώματος
743 2715 842 2749 ἔξοδον,
860 2715 890 2742 οὺ
910 2715 972 2750 κρί-

185 2769 228 2786 σιν
241 2760 296 2786 τῶν
310 2761 515 2796 πεπραγμένων
525 2760 693 2796 ἀνθρώποις.

220 2809 256 2840 γ’.
279 2806 436 2840 Ἐσσηνοὶ,
461 2807 586 2842 ἀκριϐεῖς
604 2807 667 2843 περὶ
690 2807 724 2835 τὰ
745 2807 857 2843 νόμιμα¹
884 2806 973 2843 γάμου

220 2885 277 2920 (82)
293 2885 382 2915 Locus
398 2885 518 2913 vitiatus.

1027 284 1138 318 eryphis
1153 288 1268 310 utuntur
1280 283 1368 315 libris,
1378 286 1406 310 et
1418 283 1557 311 inusitatis
1569 284 1637 312 doeu
1643 285 1743 312 tuentis
1753 287 1817 320 qui-

1026 331 1140 358 busdam
1155 331 1278 358 auctoris
1289 331 1342 358 sui.

1062 375 1107 403 55.
1127 375 1303 402 Marcelliani.
1321 375 1439 408 Quidam
1465 375 1619 404 Marcellius
1638 377 1664 404 in
1679 377 1745 405 urbe
1760 377 1818 405 An-

1025 429 1097 456 cyra
1109 421 1161 448 fuit
1170 429 1232 448 cum
1247 421 1367 448 Sabellio
1377 421 1510 453 sentiens,
1524 422 1689 458 imaginatus
1701 431 1816 458 persona

1025 474 1120 494 carere
1140 467 1185 494 Dei
1203 467 1321 494 Verbum
1346 471 1429 502 atque
1447 467 1578 502 Spiritum
1593 474 1728 496 sanctum.

1059 513 1104 541 56.
1119 513 1222 540 Ariani.
1247 513 1363 546 Quidam
1386 513 1468 540 Arius
1496 513 1546 541 fuit
1568 514 1751 547 Alexandriae,
1768 515 1814 549 qui

1024 559 1190 594 opinabatur
1201 557 1299 585 Filium
1314 557 1360 586 Dei
1372 563 1528 586 creaturam
1539 567 1610 591 esse,
1622 564 1704 595 atque
1715 567 1747 587 ex
1762 568 1817 587 non

1023 605 1195 634 exstantibus
1212 604 1325 632 factum.

1060 651 1105 678 57.
1122 650 1292 678 Semiariam'.
1314 649 1355 676 Ab
1370 649 1480 677 Arianis
1496 649 1541 676 isti
1556 650 1704 677 schismate
1717 650 1817 677 divulsi

1024 701 1097 729 sunt,
1121 695 1234 723 similent
1260 700 1358 722 natura
1380 695 1435 722 Deo
1463 695 1535 722 Patri
1559 695 1680 723 (licentes
1704 695 1817 729 Filium,

1025 751 1108 779 quum
1122 741 1215 769 Ariani
1231 742 1355 769 dicerent
1373 741 1507 769 duntaxat
1520 749 1582 769 esse
1600 741 1726 769 similem.

1061 788 1106 816 58.
1125 787 1292 815 Photim'uni.
1307 788 1423 820 Quidam
1435 787 1570 815 Photinus
1588 787 1640 815 fuit
1652 787 1757 819 Sirmii.
1769 787 1815 822 qui

1024 842 1086 862 eum
1099 834 1185 862 Paulo
1195 834 1376 861 Samosaleno
1390 834 1518 868 opinione
1534 834 1716 862 conveniebat
1728 853 1737 867 ,
1751 833 1816 861 dum

1024 880 1123 907 asserit
1137 879 1275 906 Christum
1292 879 1431 906 hominem
1450 887 1511 907 esse
1528 879 1672 906 deil'erum.

1059 925 1104 952 59.
1119 925 1235 951 Aeliani.
1252 925 1347 951 Aetius
1372 932 1470 959 genere
1485 924 1567 955 Cilix.
1595 925 1628 951 ab
1648 924 1758 952 Arianis
1770 924 1816 951 de-

1025 970 1150 998 sciscens
1174 969 1220 1004 qui
1238 969 1354 996 similem
1370 969 1498 996 (licebant
1522 969 1594 995 I’atri
1619 968 1729 999 Filium.
1753 976 1816 995 eum

1023 1014 1186 1043 dissimilem
1210 1013 1270 1048 ejus
1286 1021 1347 1041 esse
1362 1013 1526 1041 allirmahat.
1546 1013 1611 1041 Post
1628 1014 1704 1041 illum
1724 1013 1818 1040 Euno-

1024 1060 1096 1087 mius
1112 1058 1221 1094 praefuit
1236 1059 1300 1086 huic
1316 1063 1397 1086 ecta:
1412 1068 1419 1086 :
1434 1059 1613 1093 quamobrem
1624 1059 1707 1086 etiam
1725 1058 1817 1086 Euno-

1024 1105 1108 1132 miani
1120 1104 1257 1132 Anomita‘.
1275 1108 1420 1131 vocantur.

1058 1151 1103 1179 60.
1119 1152 1239 1179 Aeriam'.
1258 1150 1322 1178 Fuit
1335 1150 1468 1178 Ponticus
1482 1150 1593 1185 quidam
1616 1150 1715 1178 Acrius
1731 1151 1816 1178 luere-

1022 1197 1093 1225 tieus
1102 1198 1221 1224 Arianus
1232 1206 1239 1224 :
1251 1196 1368 1224 subinde
1378 1197 1515 1224 contraria
1526 1196 1622 1227 sensit.
1634 1200 1661 1222 et
1669 1196 1817 1223 schismate

1027 1243 1063 1269 ab
1087 1243 1128 1270 eis
1158 1242 1257 1270 defecit
1276 1246 1385 1277 propter
1411 1241 1468 1268 haec
1492 1250 1499 1268 :
1520 1241 1632 1269 Dicebat
1658 1242 1816 1276 episcopum

1024 1288 1093 1315 nihil
1112 1296 1128 1315 a
1145 1289 1305 1324 presbytero
1318 1288 1438 1316 dill'erre.
1453 1287 1547 1314 Ferias
1559 1291 1672 1321 quartas
1683 1292 1710 1314 et
1725 1291 1816 1313 sextas

1027 1341 1081 1360 non
1098 1333 1280 1368 pra-.l'erendas
1293 1333 1406 1369 jejuniis
1425 1333 1540 1361 aliarqu
1556 1332 1676 1360 dierum.
1692 1332 1815 1365 Quadra-

1026 1378 1158 1413 gesimam
1173 1379 1375 1406 contemnebat.

1057 1423 1102 1451 bl.
1123 1423 1319 1451 Macedoniam'.
1344 1423 1407 1451 Fuit
1431 1421 1667 1457 Constantinopoli
1704 1421 1815 1456 quidam

1022 1469 1208 1503 Macedonius,
1225 1471 1273 1505 qui
1292 1470 1425 1505 Spiritum
1449 1473 1575 1497 sanctum
1593 1468 1669 1495 nullo
1687 1467 1748 1494 loco
1764 1467 1814 1494 ha-

1021 1515 1113 1548 bebat,
1126 1515 1313 1550 spoliabatque
1329 1514 1375 1542 Dei
1387 1513 1476 1541 Patris
1487 1521 1519 1541 ac
1534 1513 1594 1540 Filii
1608 1512 1737 1540 essentia.
1751 1512 1816 1546 Ejus

984 1573 1005 1602 ρ
1022 1566 1167 1597 propterea
1183 1565 1326 1589 consortes
1344 1559 1579 1587 Pneumatomacln‘
1598 1559 1725 1586 audiunt.

1057 1607 1102 1635 62.
1127 1606 1413 1641 Anthropomorphitw.
1438 1605 1471 1633 lli
1492 1606 1543 1633 orti
1567 1609 1631 1633 sunt
1653 1605 1680 1631 in
1702 1603 1815 1639 regione

1021 1653 1310 1687 Eleutheropolitaua.
1332 1652 1376 1679 ubi
1397 1656 1485 1679 est....
1506 1658 1666 1685 corpoream
1692 1649 1811 1684 speciem

1021 1698 1193 1733 formamque
1210 1699 1357 1725 humanam
1370 1697 1455 1725 Deum
1471 1697 1569 1724 habere
1578 1696 1666 1731 quoad
1680 1700 1812 1723 aeternam

1020 1743 1081 1778 ejus
1103 1743 1285 1771 substantiam
1305 1742 1356 1769 rati
1380 1745 1459 1774 sunt,
1477 1742 1710 1777 quemadmodum
1729 1741 1813 1768 etiam

1020 1793 1185 1824 putaverunt
1209 1797 1241 1816 ex
1271 1788 1372 1815 ludatis
1395 1788 1442 1823 qui
1470 1787 1674 1822 Seripturarum
1702 1786 1815 1814 scientia

1022 1835 1119 1863 imbuti
1135 1843 1188 1862 non
1204 1840 1292 1862 erant.

1055 1880 1117 1908 Ista:
1129 1886 1193 1908 sunt
1211 1889 1275 1916 ergo
1292 1882 1418 1913 h:ere<es,
1434 1889 1494 1914 qua:
1509 1885 1604 1907 contra
1621 1883 1742 1906 sanetam
1765 1878 1809 1904 Ee-

1021 1926 1131 1953 elesiam
1144 1932 1247 1954 exorta:
1261 1931 1334 1958 sunt,
1355 1934 1416 1962 qu:e
1432 1926 1527 1953 didicit
1552 1929 1634 1959 atque
1653 1925 1732 1951 docet.
1761 1922 1814 1949 Do-

1023 1972 1127 2000 minum
1149 1978 1274 2000 nostrum
1299 1973 1392 2000 Jesum
1415 1973 1567 2002 Christum,
1586 1979 1634 2006 per
1654 1978 1734 2002 quem
1753 1977 1813 1995 om-

1022 2019 1066 2046 nia
1091 2019 1161 2047 l‘acta
1186 2024 1262 2053 sunt,
1280 2020 1382 2055 quique
1404 2023 1484 2046 natus
1499 2026 1530 2045 ex
1549 2017 1632 2044 Maria
1651 2015 1761 2050 Virgine
1775 2019 1814 2042 est

1021 2064 1173 2091 secundum
1184 2072 1305 2094 carnem.
1315 2070 1396 2098 atque
1412 2065 1482 2090 inter
1495 2066 1647 2090 creaturam
1664 2069 1741 2088 suam
1755 2060 1813 2086 via.

1024 2115 1110 2138 torem
1128 2111 1199 2145 egit;
1222 2119 1284 2138 eum
1307 2111 1417 2145 inquam
1443 2117 1494 2136 una
1512 2117 1573 2136 eum
1595 2108 1698 2142 Spiritu
1716 2111 1813 2134 sancto

1021 2159 1085 2184 ante
1096 2155 1187 2183 omnia
1201 2156 1300 2183 saecula
1318 2156 1401 2183 Deum
1415 2163 1477 2182 eum
1496 2154 1577 2181 Patre
1595 2154 1689 2185 fuisse,
1708 2157 1808 2180 natum-

1022 2209 1076 2237 que
1091 2209 1124 2229 ex
1139 2207 1252 2236 paterna
1270 2201 1434 2234 substantia,
1452 2207 1568 2235 esseque
1590 2197 1812 2227 consubstantia-

987 2246 1008 2272 D
1023 2249 1074 2275 lem
1088 2247 1144 2275 Deo
1157 2246 1241 2274 Patri.

1018 2303 1096 2332 CAP.
1112 2303 1204 2332 CXLI.
1217 2318 1252 2323 -—
1266 2303 1363 2336 Quales
1384 2309 1459 2330 seum
1476 2310 1552 2338 penes
1571 2300 1680 2328 Judwos
1696 2299 1814 2334 fuerunt.

1058 2394 1198 2425 Plurimi,
1218 2393 1264 2429 qui
1279 2393 1493 2427 interpretantur
1505 2389 1617 2425 tejuncti
1632 2393 1680 2416 aut
1705 2396 1812 2423 separa-

1023 2441 1054 2468 ti.
1070 2441 1280 2476 Occupabanlur
1300 2438 1417 2465 maxime
1435 2438 1507 2463 circa
1532 2435 1698 2471 phylacleria
1714 2439 1742 2461 et
1759 2442 1812 2468 pu-

1021 2486 1188 2514 rificatioues
1208 2491 1366 2520 corporum,
1385 2486 1411 2510 et
1423 2481 1540 2509 lotiones
1560 2487 1707 2507 urceorum
1727 2482 1810 2512 atque

1022 2531 1154 2559 lancium.

1057 2577 1085 2604 2.
1100 2576 1253 2608 Sarlducaei,
1276 2574 1323 2610 qui
1344 2574 1429 2601 latine
1445 2577 1543 2601 sonant
1565 2572 1647 2602 Jttsli,
1675 2567 1812 2602 negabant

1027 2628 1197 2651 mortuorqu
1222 2621 1462 2653 resurrectionem,
1484 2619 1595 2654 angelos
1621 2623 1682 2643 esse
1707 2613 1813 2644 nolunt,

1029 2677 1117 2705 neque
1134 2668 1265 2703 Spiritqu
1286 2672 1422 2699 sanctum,
1442 2672 1530 2700 neque
1555 2662 1681 2697 spiritum
1702 2663 1812 2705 sancto-

1028 2703 1099 2748 rum,
1120 2719 1166 2742 aut
1181 2713 1293 2741 omnino
1313 2712 1466 2743 hominum,
1484 2715 1572 2743 neque
1590 2711 1649 2742 post
1663 2704 1764 2732 exitum
1780 2703 1813 2730 de

1027 2768 1142 2796 corpore
1152 2759 1211 2787 fore
1222 2758 1356 2794 judicium
1373 2758 1406 2784 de
1428 2757 1461 2783 iis
1475 2755 1565 2783 rebus.
1579 2759 1649 2787 quas
1663 2750 1812 2785 egerimus.

1062 2795 1091 2834 ὗε
1106 2805 1209 2838 Eueni,
1221 2803 1374 2840 scrupulosi
1387 2800 1532 2829 admodum
1543 2798 1615 2825 circa
1630 2795 1736 2833 legalia,
1748 2795 1812 2823 abs-

1063 2884 1120 2920 (85)
1137 2883 1216 2912 Forte
1229 2881 1360 2919 νηστειῶν
1369 2901 1377 2915 ,
1391 2877 1623 2914 τεσσαρακοστήν.
