2075 3157
253 156 301 189 171

994 150 1146 183 JOSEPPI

1835 148 1889 182 172

288 211 316 239 9.
333 211 360 238 lu
376 215 469 238 monte
483 210 511 238 in
527 210 649 242 Galilaea.
674 209 720 237 ubi
737 209 865 245 praecepit
880 208 933 236 illis
949 207 1043 235 Domi-

1132 206 1166 234 0'.
1184 206 1232 238 Et;
1248 205 1278 233 τὸ
1292 205 1354 242 ὅρος
1367 205 1396 234 ὲν
1409 207 1442 242 τῇ
1455 204 1597 241 Γαλιλαίᾳ,
1619 201 1650 232 οὗ
1666 205 1781 239 ἐτάξατο
1795 205 1890 237 αὐτοῖς

253 264 316 288 nus,
327 257 405 291 juxta
419 256 574 284 Mattltaeum
585 257 619 283 ".

286 302 329 330 i0.
347 302 375 330 ln
388 307 480 330 monte
491 301 642 335 Olirarum,
654 308 739 335 quum
756 301 782 327 in
797 300 884 328 cce'os
898 299 1034 327 ascendit.

251 402 327 431 CAP.
345 402 433 430 CLIII.
449 417 485 422 —
502 402 609 435 Quoties
632 406 773 437 postquam
790 401 818 428 in
833 401 926 428 caelum
947 400 1044 432 rediit,

392 439 516 473 apparuit
533 437 662 465 Dominus
680 437 817 472 discipulis
829 437 896 464 suis.

286 530 408 558 Primum
432 530 571 565 Stephano
598 527 794 564 prowmartyri
821 527 986 562 interempto
1011 525 1046 553 ab

251 575 362 609 Judmis,
380 583 464 610 quum
482 574 648 610 aperti'Sunt
661 575 734 602 cmli.
1046 610 1049 612 _

289 620 316 648 2.
337 620 423 647 Paulo
444 619 609 655 ingredienti
630 618 806 651 Damascum,
826 622 857 646 ut
873 622 984 647 sanctos
998 625 1047 646 vo-

254 667 326 694 lebat
342 666 479 693 abducere
492 665 611 692 vinctos.

289 712 316 739 5.
331 711 417 738 Paulo
432 711 459 738 in
472 710 635 744 Jerusalem,
651 711 762 746 quando
773 718 907 745 apparens
917 711 942 737 ei
957 710 1024 738 dixit
1038 720 1045 738 :

255 757 297 784 Ne
311 758 439 789 timueris.
458 757 560 790 Paule;
578 758 647 784 sicut
666 758 735 784 enim
761 757 938 784 testimonium
961 757 1048 791 per/ii-

254 803 335 831 buistt’
350 803 382 830 de
396 811 435 829 me
446 803 474 830 in
485 803 643 836 Jerusalem,
660 804 701 830 ita
712 807 814 838 oportet
832 806 861 829 ut
878 801 968 829 Roma
981 809 1047 837 quo-

253 858 304 885 que
317 849 466 884 perlubens.

290 897 316 924 4.
333 895 436 925 Jacobo
449 896 535 931 justo,
552 900 582 923 ut
597 895 768 931 Hegesippus
787 899 815 923 et
838 895 965 922 Clemens
984 902 1046 921 uar-

249 948 327 974 rant,
341 943 450 977 quando
463 941 598 969 adductus
611 946 653 969 est
670 942 704 968 ab
715 940 817 969 Judzis
830 941 856 968 in
870 940 1046 976 pinnaculum

255 988 358 1023 templi,
375 992 403 1014 ut
416 987 529 1020 diceret,
544 995 606 1023 quae
619 992 690 1015 esset
708 991 785 1023 porta
803 986 879 1015 Iesu.

225 1058 231 1062 α
254 1043 330 1071 CAP.
345 1043 435 1071 CLIV.
461 1058 497 1065 --
519 1043 590 1076 Quot
605 1044 679 1072 idola
703 1044 786 1071 coluit
814 1044 939 1079 populus,
956 1045 1048 1072 relicto

539 1080 588 1107 Dei
606 1081 660 1107 veri
681 1082 765 1107 cultu.

293 1145 387 1173 Primo
404 1150 487 1182 caput
500 1146 591 1180 bovis,
610 1147 684 1181 quod
699 1147 725 1174 in
739 1148 848 1175 deserto
866 1148 931 1176 fecit
944 1149 1047 1176 Aaron.

293 1236 320 1262 '2.
333 1236 459 1263 Initiatus
470 1235 531 1264 Beel
541 1235 648 1272 Phegor
662 1237 735 1265 idolo
742 1237 961 1266 Madianitarum.
971 1239 1049 1266 Post-

257 1289 290 1309 ea
311 1281 417 1316 Phegor
434 1282 631 1310 abominationi
650 1282 807 1311 Judmorum
822 1294 828 1312 :
848 1284 956 1312 Baltala’,
967 1289 1050 1319 atque

254 1327 421 1359 Astaltibus,
439 1327 543 1355 deabus
563 1327 739 1357 Siiloniorum
757 1338 763 1356 :
778 1329 883 1364 Dagoni
895 1335 921 1358 et
936 1330 1048 1364 Muscas,

255 1373 307 1400 diis
321 1374 470 1400 Accaron:
495 1373 635 1408 Μοῐουίιο,
659 1380 687 1402 et
712 1375 832 1403 Chamos
849 1375 921 1403 idolo
946 1375 1047 1403 Moab"

255 1418 426 1446 Tliamuzum
438 1427 560 1455 quoque,
577 1422 623 1456 qui
637 1425 680 1449 est.
689 1421 806 1454 Adonis,
819 1421 973 1449 lamentata:
985 1426 1050 1450 sunt

257 1465 385 1493 mulieres
404 1465 431 1492 in
455 1466 568 1501 templo,
589 1471 616 1494 et
633 1467 660 1494 in
677 1467 782 1496 :edihus
803 1469 862 1496 suis
881 1469 1047 1496 coluerunt:

255 1510 374 1545 itemque
387 1510 472 1539 solem
491 1511 519 1538 in
536 1512 651 1539 collibus
667 1516 694 1540 et
706 1513 878 1546 nemoribus,
895 1511 1049 1540 mac’tantes

255 1556 308 1584 eis.

291 1604 318 1630 ὅ.
346 1603 438 1631 Achaz
456 1611 502 1630 rex
518 1603 587 1631 Juda
612 1604 698 1632 coluit
718 1605 801 1633 etiam
823 1605 889 1633 deos
911 1605 1049 1633 Damasci.

256 1648 382 1676 )Ianasse
407 1657 473 1676 vero
493 1649 575 1676 etiam
597 1650 770 1678 diviuaculos
797 1655 824 1678 et
842 1651 1049 1685 ventriloquos,

257 1695 380 1728 seulptas
404 1702 516 1729 quoque
541 1695 673 1728 imagines
693 1700 719 1723 ct
734 1697 831 1724 altaria
854 1697 998 1725 daamuniis
1023 1698 1050 1725 in

259 1738 360 1772 templo
381 1737 629 1774 Hierosolymitauo
651 1741 812 1775 constituit;
833 1746 861 1770 et
886 1750 935 1777 per
958 1744 1049 1778 ignem

259 1784 382 1811 traduxit
402 1783 501 1811 liberos
521 1792 596 1812 suos.
619 1786 653 1813 At
672 1786 789 1821 populus
810 1788 857 1823 qui
873 1788 980 1816 lsraelis
1000 1797 1051 1816 no-

260 1830 333 1857 mine
347 1834 484 1863 censetur,
496 1829 566 1858 facta
582 1832 720 1866 apostasia
736 1831 770 1860 ab
786 1832 952 1868 Jerusalem,
966 1834 1051 1862 coluit

257 1876 400 1911 iuvencas,
418 1884 486 1911 quas
503 1877 591 1905 erexit
601 1877 746 1906 Jeroltoam
761 1879 788 1906 iu
800 1880 891 1908 Betbel
903 1885 930 1908 et
945 1880 1014 1909 Dan.

261 1986 337 2014 CAP.
353 1986 431 2014 CLV.
444 2003 479 2008 —
495 1987 609 2020 Quinam
625 1987 793 2022 ﬁrmissimas
809 1989 943 2017 amicitias
960 1999 1050 2019 serva-

632 2031 661 2049 re
664 2031 700 2050 re.

297 2093 381 2120 David
405 2100 468 2124 rex,
489 2097 516 2120 ct
531 2092 665 2120 Jonatlian
686 2093 758 2121 ﬁlius
784 2093 859 2121 Saul.
877 2094 1049 2129 Altessalom,

261 2144 284 2165 cl
300 2137 395 2165 Jacob.
414 2138 507 2165 Achab
523 2146 569 2166 rex
587 2138 680 2171 Israel,
700 2144 727 2166 et
740 2138 872 2175 Iosophat
888 2149 932 2168 rex
951 2141 1031 2169 Juda.

1095 255 1110 281 ὁ
1121 253 1235 287 Κύριος,
1251 252 1323 279 κατὰ
1337 252 1384 279 τὸν
1394 251 1545 280 Ματθαῑον.

1133 302 1160 325 ι’.
1176 299 1224 330 Εἰς
1237 299 1268 326 τὸ
1277 298 1340 334 ὅρος
1354 299 1409 326 τῶν
1428 298 1554 332 Ἐλαιῶν,
1567 299 1607 330 εἰς
1620 299 1667 326 τὸν
1681 298 1796 334 οὐρανὸν
1811 299 1891 333 ἀνερ-
1918 318 1920 321 .

1096 344 1222 380 χόμενος.

1096 401 1223 428 ΚΕΦΑΛ.
1236 401 1326 436 rPNl".
1343 416 1377 421 —
1393 400 1528 436 Ποσάκιςν
1534 399 1610 434 μετὰ
1633 400 1691 434 τὴν
1703 401 1746 436 είς
1760 401 1892 435 οὐρανὸν

1131 435 1296 477 ἐπείνοδον,
1324 437 1339 463 ό
1356 437 1464 470 Κύριος
1486 435 1549 468 τοῖς
1569 436 1655 468 ἰδίοις
1682 436 1765 470 ὤφθη
1793 439 1891 470 μαθη-

1131 479 1208 505 ταις.

1132 528 1245 563 Πρῶτον
1261 527 1392 563 Στεφάνῳ
1414 527 1454 563 τῷ
1469 527 1686 563 πρωτομάρτυρι
1701 526 1892 562 ἀναιρουμένῳ

1098 573 1150 601 ὑπὸ
1161 573 1215 601 τῶν
1232 573 1379 606 Ἰουδαίων,
1389 573 1443 600 τῶν
1452 573 1583 608 ὀὐρανῶν
1597 571 1790 607 ἀνοιχθέντων.

1135 618 1167 654 β’.
1183 618 1283 654 Παύλῳ
1295 618 1406 645 εἰσιόντι
1419 619 1458 650 είς
1465 618 1622 654 Δαμασκὸν,
1632 618 1662 645 ἑν
1671 617 1710 654 τῷ
1722 617 1786 650 τοὺς
1796 617 1892 652 ἁγίους

1097 664 1226 700 δεσμίους
1240 664 1344 691 ὲθέλειν
1359 664 1447 699 ἄγειν.

1133 710 1168 744 γ“.
1185 710 1234 745 Τῷ
1249 710 1351 746 Παύλῳ
1363 710 1403 742 είς
1413 709 1462 746 τὴν
1484 709 1673 745 Ἰερουσαλὴμ,
1693 709 1736 735 ὅτε
1748 709 1891 743 ἐπιφανεὶς

1098 755 1172 792 αὑτῷ
1185 756 1238 792 ἔφη
1250 764 1258 772 θ
1270 756 1319 791 Μὴ
1336 756 1441 796 φοῷῦ,
1456 756 1567 784 Παῦλε
1585 756 1625 788 ὡς
1637 755 1693 790 γὰρ
1707 755 1892 790 διεμαρτύρω

1098 804 1167 838 ,περὶ
1185 804 1259 839 ἐμοῦ
1270 805 1316 837 εις
1334 803 1541 838 Ἰερουσαλὴμ,
1555 803 1649 836 οὕτως
1665 810 1702 828 σε
1716 801 1764 828 δεῖ
1777 801 1827 829 καὶ
1848 803 1892 835 είς

1054 860 1084 886 ’λ
1106 852 1222 886 Ῥώμην
1231 851 1435 886 μαρτυρῆσαι.

1132 898 1163 924 δ’.
1182 897 1280 924 Ἰακὼὸ
1291 897 1330 932 τῷ
1339 897 1445 932 δικαίῳ,
1458 896 1496 928 ὡς
1517 896 1691 931 Ἡγήσιππος
1707 897 1754 923 καὶ
1773 896 1891 932 Κλήμης

1099 943 1252 979 ἱστοροῦσιν
1267 943 1316 978 (2),
1342 942 1486 978 ἀναχθέντι
1502 942 1555 969 ὑπὸ
1569 942 1624 968 τῶν
1646 942 1791 974 Ἰουδαίων,
1805 943 1844 973 εἰς
1858 942 1889 968 τὸ

1101 988 1251 1023 πτερύγιον
1258 987 1306 1014 τοῦ
1328 986 1413 1023 ἱεροῦ,
1428 986 1472 1014 ῑνα
1486 987 1551 1022 slum
1564 986 1605 1018 τίς
1620 987 1636 1020 ἡ
1651 986 1721 1022 θύρα
1734 985 1781 1012 τοῦ
1790 985 1890 1019 Ἰησοῦ.

1099 1045 1226 1072 ΚΕΦΛΛ.
1235 1044 1319 1071 ΡΝΔ¹.
1331 1044 1458 1071 -Πόσα
1472 1042 1607 1070 εὶδωλεῖα
1614 1042 1765 1077 ἐσεϐάσθη
1778 1044 1796 1070 δ
1804 1042 1890 1076 λαὸς,

1317 1079 1370 1106 τὸν
1385 1079 1459 1106 Θεὸν
1472 1079 1669 1112 καταλείψας.

1134 1147 1247 1182 Πρῶτον
1275 1146 1305 1174 τὸ
1335 1146 1497 1182 βούκρανον,
1522 1145 1536 1172 ὃ
1559 1147 1587 1173 ἐν
1612 1147 1645 1182 τῇ
1661 1146 1758 1182 ἑρήμω
1785 1145 1889 1180 Ἀαρὼν

1099 1192 1238 1226 ἐποίησεν.

1136 1237 1168 1273 β’.
1184 1237 1329 1269 Τελεσοεὶς
1340 1237 1378 1272 τῷ
1394 1237 1460 1264 Βεὲλ
1472 1238 1567 1272 Φεγωρ
1579 1237 1679 1271 εἰδώλῳ
1696 1237 1870 1264 Μαδιανιτῶν
1882 1244 1890 1252 '

1100 1284 1195 1310 ἒπειτα
1220 1283 1259 1319 τῷ
1283 1284 1380 1319 Φεγὼρ
1411 1283 1577 1319 βδελῴγματι
1603 1284 1658 1310 τῶν
1688 1283 1833 1315 Ἰουδαίων,
1856 1284 1890 1318 τῇ

1099 1330 1173 1357 Βαὰλ
1194 1331 1242 1357 καὶ
1256 1331 1315 1362 ταῖς
1333 1330 1508 1364 Ἀστάρταις,
1523 1330 1599 1360 θεαῖς
1614 1329 1750 1357 Σιδωνίων
1761 1338 1768 1345 ·
1786 1329 1823 1365 τῷ
1837 1330 1891 1355 Δα-

1100 1375 1156 1410 γὼν
1168 1375 1216 1402 καὶ
1229 1377 1262 1411 τῇ
1278 1375 1363 1411 Μυίᾳ,
1380 1375 1452 1407 Θεοῖς
1474 1374 1633 1410 ’Λκκαρών·
1649 1374 1689 1410 τῷ
1710 1374 1828 1409 Μωλὼχ,
1852 1374 1891 1409 τῷ

1099 1420 1205 1456 Χαμὼς
1219 1420 1321 1455 εἰδώλῳ
1347 1420 1435 1447 Μωάὸ
1445 1427 1452 1434 ·
1483 1421 1530 1447 καὶ
1545 1421 1589 1447 τὸν
1609 1420 1731 1455 Θαμοῦς,
1746 1420 1775 1452 ὅς
1791 1422 1864 1446 ἐστιν
1875 1421 1890 1446 ὁ

1102 1467 1226 1498 Ἀδωνις,
1254 1465 1386 1501 ἐθρήνουν
1402 1466 1430 1492 αι
1454 1467 1584 1500 γυναῖκες
1596 1466 1625 1492 ὲν
1640 1464 1678 1501 τῷ
1692 1464 1759 1500 ναῷ,
1775 1465 1823 1492 καὶ
1836 1466 1892 1496 τοῖς

1101 1512 1185 1544 οἴκοις
1197 1511 1285 1538 αὐτῶν
1297 1511 1494 1546 ἐσεϐάσθησαν,
1507 1511 1555 1539 καὶ
1569 1511 1614 1538 τὸν
1626 1511 1701 1546 ἥλιον
1716 1512 1745 1538 ὲν
1760 1512 1817 1543 τοῖς
1831 1510 1893 1546 βου-

1062 1554 1085 1585 C
1101 1559 1156 1590 νοῖς
1171 1558 1219 1585 καὶ
1230 1559 1287 1591 τοῖς
1302 1558 1406 1589 δάσεσι,
1425 1557 1536 1590 θύοντες
1557 1558 1660 1590 αὐτοῖς.

1137 1607 1172 1638 γ’.
1193 1604 1277 1639 Ἀχὰζ
1291 1605 1305 1630 ὁ
1322 1603 1450 1639 βασιλεὺς
1466 1603 1514 1630 τοῦ
1536 1604 1632 1635 Ἰούδα,
1664 1601 1781 1634 καὶτοῖς
1800 1603 1893 1637 Δαμα-

1102 1649 1168 1677 σκοῦ
1186 1649 1258 1681 θεοῖς
1283 1649 1441 1684 ἐλάτρευσε.
1469 1649 1605 1684 Μανασσῆ
1628 1649 1656 1676 δὲ
1681 1648 1729 1676 καὶ
1754 1648 1892 1675 κλειξωνι-

1102 1696 1167 1728 στὰς
1186 1696 1223 1731 (5)
1254 1696 1302 1723 καὶ
1319 1695 1567 1731 ἐγγαστριμύθους,
1591 1695 1639 1722 καὶ
1654 1695 1763 1729 γλυπτὰ
1779 1695 1826 1721 καὶ
1839 1695 1892 1730 βω-

1103 1741 1171 1777 μοὺς
1179 1742 1233 1773 τοῖς
1246 1741 1370 1777 δαίμοσιν
1381 1742 1409 1768 ὲν
1424 1742 1464 1778 τῷ
1477 1741 1535 1774 ναῷ
1556 1740 1738 1776 Ἰερουσαλὴμ
1752 1741 1892 1776 ἐνέστησε,

1101 1786 1148 1813 καὶ
1171 1787 1201 1813 ὲν
1228 1787 1294 1822 πυρὶ
1320 1787 1398 1822 διῆγε
1422 1787 1456 1814 τὰ
1482 1787 1566 1814 τέκνα
1592 1786 1694 1814 αὑτοῦ·
1709 1786 1765 1813 ὸδὲ
1785 1786 1894 1822 Ἰσραὴλ

1102 1833 1222 1864 ἀποστὰς
1235 1832 1284 1868 τῆς
1304 1833 1495 1869 Ἰερουσαλὴμ,
1513 1835 1573 1865 ταῖς
1595 1833 1745 1869 δαμάλεσιν
1759 1833 1791 1866 ἃς
1814 1833 1893 1868 ἐστη-

1103 1886 1148 1904 σεν
1163 1879 1177 1905 ὁ
1193 1878 1335 1914 Ὶεροῆοὰμ
1346 1879 1374 1907 ἐν
1385 1881 1418 1914 τῇ
1434 1879 1521 1915 Βεθὴλ
1536 1879 1585 1907 καὶ
1597 1880 1626 1907 ὲν
1639 1881 1673 1914 τῇ
1688 1879 1753 1913 Δὰν,
1763 1878 1893 1915 ὲλάτρειμ

1102 1933 1158 1953 σεν.

1119 1995 1246 2023 ΚΕΦΑΛ.
1265 1996 1351 2024 PNE'.
1365 2011 1400 2018 -—-
1417 1997 1499 2029 Τίνες
1523 1995 1733 2028 βεϐαιοτάταις
1761 1995 1875 2030 φιλίαις

1406 2031 1588 2066 ἐχρήσαντο.

1136 2098 1218 2126 Δασὶδ
1232 2098 1247 2125 ὁ
1262 2098 1400 2134 βασιλεὺς,
1412 2098 1459 2124 καὶ
1479 2097 1616 2130 Ίωνάθαν,
1634 2098 1648 2123 ὁ
1657 2097 1703 2124 τοῦ
1718 2095 1806 2123 Σαοὺλ
1819 2096 1875 2127 υίός
1885 2104 1892 2111 ·

1101 2145 1115 2171 ὁ
1136 2144 1314 2180 ’Δϐεσσαλὼμ
1328 2144 1377 2171 καὶ
1388 2143 1485 2171 Ἰακώὸ
1500 2144 1549 2180 (4).
1569 2143 1682 2179 Ἀχαὰ6,
1693 2143 1707 2170 ό
1720 2142 1767 2170 τοῦ
1785 2141 1894 2178 Ἰσραὴλ

1104 2189 1241 2224 βασιλεὺς,
1258 2190 1306 2216 καὶ
1325 2189 1471 2224 Ἰωσαφὰτ,
1489 2190 1503 2216 ό
1515 2189 1563 2215 τοῦ
1584 2189 1682 2217 Ἰούδα.

261 2236 339 2264 CAP.
363 2237 452 2264 CLVI.
474 2252 509 2258 —
534 2238 599 2270 Quis
617 2239 775 2279 ratioualem
795 2240 824 2267 in
844 2241 916 2268 bruti
933 2243 1048 2268 animum

1104 2244 1228 2271 ΚΕΦΔΔ.
1244 2245 1339 2278 PNG’.
1364 2260 1398 2266 —
1411 2246 1454 2276 Τίς
1473 2244 1639 2279 μετέϐαλεν
1653 2245 1697 2278 είς
1712 2244 1820 2278 θηρίον
1838 2243 1896 2278 τὴν

597 2275 718 2301 mutavit.
1009 2295 1012 2298 .

298 2326 543 2356 Nabuchodonosor
562 2328 747 2365 Babylonius,
765 2331 878 2366 punitus
896 2340 982 2362 annos
1002 2343 1050 2369 ru,

261 2376 373 2406 propter
388 2372 559 2407 jactantiam.

298 2416 376 2450 Saul,
390 2417 437 2452 qui
461 2418 552 2452 justos
575 2426 607 2447 ac
624 2419 712 2448 bonos
727 2429 833 2454 mores,
849 2427 959 2458 propter
982 2425 1051 2452 inri-

261 2464 334 2490 tliam
350 2467 446 2494 contra
459 2464 555 2497 David,
571 2465 598 2492 in
613 2466 732 2500 injustos
754 2472 837 2504 atque
858 2470 945 2498 malos
961 2479 1051 2499 mores

262 2511 387 2538 mulavit.

295 2557 384 2585 Judal
404 2558 437 2586 ad
456 2558 651 2594 diseipulatum
675 2565 806 2595 vocatus,
826 2566 853 2590 et
867 2568 977 2598 propter
988 2572 1053 2592 ava-

262 2603 353 2631 ritiam
372 2603 461 2631 factus
475 2605 609 2639 proditor.

301 2649 427 2677 Nicotaus
441 2651 488 2685 qui
502 2659 573 2679 unus
597 2651 648 2679 fuit
664 2659 696 2679 ex
713 2657 816 2688 septem
832 2654 969 2690 diaconis,
984 2662 1010 2684 et
1026 2657 1052 2685 in

262 2693 386 2722 brresim
406 2695 499 2730 lapsus
515 2701 565 2723 est,

297 2763 320 2779 "
340 2763 434 2805 Mattlt.
453 2772 566 2798 xxxvnt,
587 2764 632 2792 16.

300 2821 339 2860 (ξ.)
354 2822 453 2860 Euseb.
474 2823 510 2850 II.
530 2823 561 2852 E.
578 2824 626 2852 lib.
643 2833 673 2858 Il,
689 2833 747 2860 cap.
765 2827 809 2854 23.

300 2857 339 2892 (ὃ)
357 2857 436 2886 Forte
452 2859 530 2894 κληδ.

1439 2280 1556 2315 ψυχήν·

1138 2336 1420 2371 Ναϐουχοδονόσορ,
1433 2338 1447 2364 ὁ
1459 2335 1639 2369 Βαὸυλώνιος,
1660 2335 1829 2372 τιμωρηθεὶς
1852 2336 1896 2363 ἐπ’

1102 2382 1255 2418 ἀλαζονείᾳ,
1268 2383 1315 2418 ἔτη
1326 2382 1358 2415 ζ’.
1855 2406 1857 2409 ί

1139 2429 1250 2462 Σαοὺλ,
1266 2430 1297 2456 ὲκ
1312 2430 1417 2456 δικαίου
1436 2430 1482 2456 καὶ
1495 2430 1597 2464 ἀγαθοῦ
1609 2431 1720 2466 τρόπον,
1738 2431 1782 2458 διὰ
1798 2430 1897 2464 φθόνον

1105 2474 1150 2501 τὸν
1166 2475 1237 2503 κατὰ
1252 2475 1299 2502 τοῦ
1314 2477 1406 2508 Δαϐὶδ,
1421 2477 1460 2508 είς
1477 2477 1568 2504 ἄδικον
1584 2478 1629 2504 καὶ
1646 2469 1751 2512 φαῦλον
1764 2475 1896 2512 μετέὁαλε

1107 2521 1218 2556 τρόπον.

1149 2567 1276 2600 Ἰούδας,
1293 2567 1403 2602 κληθεὶς
1420 2569 1459 2599 είς
1476 2567 1639 2604 μαθητείαν,
1664 2568 1711 2595 καὶ
1733 2567 1777 2596 διὰ
1802 2566 1898 2603 φιλαρ-

1106 2612 1206 2647 γυρίαν
1221 2612 1355 2648 προδότης
1367 2613 1523 2648 γενόμενος.

1141 2658 1301 2692 Νικόλαος,
1331 2660 1363 2685 ὲκ
1376 2660 1431 2686 τῶν
1455 2660 1526 2686 ἑπτὰ
1543 2660 1675 2687 διακόνων
1696 2659 1827 2695 γεγονὼς,
1850 2664 1898 2685 και

1107 2705 1147 2736 εἰς
1163 2704 1270 2741 αἵρεσιν
1282 2707 1440 2742 ὲκτραπείς.

1146 2833 1184 2869 (4)
1204 2833 1283 2861 Fortc
1303 2834 1373 2861 Ίοὰῦ
1388 2842 1418 2863 ex
1433 2833 1452 2860 II
1469 2834 1531 2870 Reg.
1545 2842 1601 2862 xiv.
