2075 3157
844 301 930 325 ANNO
951 302 1062 325 DOMINI
1086 303 1141 325 CM!

225 393 920 486 NICEPHOBUS
986 332 1761 517 PHILOSorHUs

867 549 1124 596 NOTITIA

671 645 769 677 (Ouum.
789 645 824 672 De
843 644 934 676 Script.
953 644 1039 670 eccles.
1059 648 1118 670 tom.
1131 644 1163 676 Il,
1181 652 1237 677 pag.
1255 645 1322 676 102.)

982 734 1019 741 —

214 794 384 830 Niceplwrus
401 795 581 830 philosophus
602 799 630 823 et
642 799 735 823 orator
745 795 908 830 patriarchae
927 794 1236 830 Couslautinopolitani,
1256 796 1308 824 sub
1327 796 1447 824 Antonio
1466 796 1569 824 Caulea
1585 795 1709 830 ejusdem
1735 798 1810 825 sedis

177 839 385 873 archiepiscopo
405 844 433 865 et
445 839 600 873 patriarcha
615 838 721 871 vivens,
743 839 785 867 his
803 839 899 866 iisdem
927 839 1094 874 tempoi-ibus
1111 840 1252 874 aliquanto
1276 845 1338 874 post
1350 848 1396 868 an.
1420 840 1473 868 8')0
1497 841 1603 874 ﬂoruit,
1638 842 1809 876 scripsit-lue

179 882 335 908 Orationem
351 882 486 916 funebrem
502 889 551 909 seu
564 881 757 909 Narrationem
771 882 988 909 encomiasticam
1009 882 1077 913 Vita:
1087 884 1172 910 sancti
1189 883 1300 910 Antonii
1312 889 1484 919 cognomento
1505 884 1622 916 Caulew,
1649 886 1811 918 patriarchae

177 924 479 960 Constantinopolitani,
496 927 542 961 qui
560 934 633 954 anno
647 926 749 953 Christi
763 926 827 959 891,
842 926 890 953 sub
903 926 1060 960 imperatore
1074 925 1156 952 Leone
1171 924 1331 960 Philosopho
1347 933 1393 952 seu
1405 926 1540 960 Sapientc,
1558 926 1602 953 die
1617 926 1650 953 12
1666 926 1808 953 Februarii

178 974 305 997 mortuus
320 974 370 997 est.
386 969 483 997 Exstat
505 971 563 997 hzcc
587 970 682 998 Oratio
699 978 747 997 seu
767 970 828 997 Vita
849 970 921 1005 apud
941 968 1120 996 Laurentium
1135 968 1256 1002 Surium,
1283 972 1313 996 ut
1335 974 1362 996 et
1386 969 1459 1004 apud
1484 968 1618 997 Joannem
1647 969 1810 997 Bollaudum

178 1018 263 1048 atque
279 1013 494 1045 Henschenium.
514 1014 541 1040 iu
561 1014 635 1041 Actis
656 1013 815 1041 Sanctorum
829 1014 863 1041 ad
879 1014 952 1041 diem
978 1014 1012 1041 12
1025 1014 1181 1046 Februarii,
1208 1015 1256 1042 sed
1277 1014 1424 1049 utrobique
1450 1014 1546 1041 Latine
1573 1019 1690 1042 tantum.
1710 1014 1811 1041 Eadem

178 1061 270 1083 autem
291 1056 386 1084 Oratio
406 1064 455 1084 seu
480 1057 541 1084 Vita
555 1061 646 1085 exstat
660 1057 755 1085 Grazcc
769 1057 969 1092 manuscripta,
997 1059 1024 1085 in
1042 1058 1210 1085 bibliotheca
1232 1057 1359 1086 Caesarea
1383 1058 1602 1091 Vindobouensi,
1624 1059 1696 1086 inter
1712 1067 1812 1086 manu-

178 1101 299 1135 scriptos
315 1101 426 1129 codices
442 1102 589 1130 historicos
605 1102 725 1134 Gnaeos,
742 1102 803 1129 cod.
829 1102 874 1134 Xl,
891 1110 968 1129 num.
981 1102 1027 1133 ‘20,
1051 1107 1078 1129 ct
1095 1102 1205 1137 quidem
1228 1110 1244 1129 a
1260 1102 1326 1129 l'olio
1341 1102 1387 1135 95,
1412 1110 1474 1137 pag.
1499 1102 1526 1134 2,
1544 1102 1597 1129 col.
1618 1103 1646 1134 Ξ,
1671 1110 1759 1137 usque
1778 1104 1810 1129 ad

179 1145 228 1171 [οι.
248 1145 310 1176 109,
329 1153 390 1181 pag.
405 1146 433 1177 2,
448 1146 549 1173 colum.
570 1154 589 1177 I,
607 1150 637 1173 ut
654 1146 735 1173 habet
749 1145 847 1173 Petrus
871 1145 1036 1173 Lambecius
1058 1146 1127 1173 libro
1152 1153 1199 1173 vm
1220 1145 1489 1173 Commentariorum
1515 1146 1598 1180 hujus
1625 1146 1809 1175 bibliothecm.

178 1197 206 1224 p.
222 1189 268 1223 83,
284 1190 364 1224 cujus
377 1190 474 1218 titulus
491 1195 518 1218 et
541 1190 707 1225 principium
727 1199 734 1217 :
762 1190 923 1225 Νικηφόρου
948 1189 996 1216 τοῦ

990 1189 996 1215 i
1015 1189 1227 1224 μακαριωτάτου
1252 1189 1398 1224 φιλοσόφου
1423 1190 1469 1216 ναὶ
1497 1189 1623 1224 ῥήτορος,
1649 1190 1809 1224 Ἐπιτάφιον

178 1234 240 1268 ἦτοι
256 1233 314 1268 βίος
327 1234 459 1269 ἐγκωμίῳ
487 1234 736 1270 συμπεπλεγμένος
751 1234 792 1265 εἰς
805 1234 852 1260 τὸν
876 1234 966 1269 μέγαν
992 1233 1021 1259 ὲν
1039 1233 1214 1268 ἀρχιερεῦσιν
1229 1233 1310 1266 Θεοῦ,
1333 1233 1382 1260 καὶ
1397 1233 1556 1267 θαυμαστὸν
1576 1235 1605 1260 ὲν
1621 1234 1808 1269 πατριάρχιις

185 1278 337 1305 Ἀντώνιον.
357 1279 414 1305 Οὐκ
427 1277 462 1314 ἦν
475 1279 529 1314 ἄρα
541 1279 596 1305 τῶν
609 1279 802 1314 προλαὸόντων
816 1278 906 1305 καλῶν
921 1278 961 1309 εὶς
973 1277 1004 1304 πί

990 1277 1074 1308 :Eonv,
1094 1282 1148 1304 etc.
1167 1276 1193 1304 Id
1209 1281 1252 1304 est
1270 1285 1277 1304 :
1297 1276 1442 1311 Nicephori
1457 1277 1605 1304 beatissimi
1619 1278 1769 1312 philosophi
1785 1283 1809 1306 rt

177 1323 295 1349 oratori:
312 1321 406 1349 Oratio
422 1322 540 1356 funebris
561 1323 614 1349 sive
635 1322 694 1349 Vita
710 1330 770 1349 cum
784 1322 903 1349 ertcomio
918 1321 1071 1356 conjuncta,
1087 1322 1114 1347 in
1130 1328 1255 1355 magnum
1270 1320 1318 1347 Dei
1339 1321 1566 1356 archiepiscopum
1582 1327 1608 1349 et
1623 1322 1810 1349 admirabilem

178 1367 206 1392 in
227 1366 388 1400 patriarchis
405 1367 560 1398 Antoniam,
575 1371 629 1394 etc.
645 1365 757 1393 Minime
772 1370 864 1393 autem
882 1365 1091 1393 contundendus
1105 1370 1146 1392 est
1157 1365 1203 1392 hic
1216 1364 1388 1400 Nicephorus
1404 1366 1584 1400 philosophus
1600 1371 1627 1393 et
1643 1366 1737 1393 rhetor
1747 1374 1810 1393 cum

179 1408 332 1444 Nirephoro
346 1409 483 1445 Gregora.
505 1410 620 1445 integris
632 1410 738 1444 aliquot
753 1409 862 1437 saeculis
876 1408 1041 1441 recentiore,
1055 1409 1102 1442 qui
1116 1408 1265 1436 llistoriam
1283 1417 1363 1436 suam
1379 1409 1570 1445 Byzantiuam,
1588 1418 1677 1445 usque
1700 1411 1734 1437 ad
1750 1411 1812 1437 obi~

179 1459 236 1481 tuin
256 1455 322 1489 imp.
341 1455 491 1482 Andronici
509 1454 643 1487 Juuioris,
660 1455 719 1482 sive
731 1454 764 1482 ad
781 1462 882 1481 annum
903 1453 1007 1481 Christi
1033 1453 1099 1480 1541
1119 1452 1256 1486 perduxit.
1285 1451 1354 1480 Nam
1371 1453 1442 1480 etde
1455 1461 1488 1480 eo
1501 1454 1541 1480 vir
1560 1448 1740 1481 doctissimus
1756 1454 1812 1481 Leo

181 1498 297 1526 Allatius
312 1499 338 1525 in
362 1499 486 1526 Diatriba
502 1499 535 1526 de
548 1499 709 1535 Symconum
731 1499 849 1533 scriptis,
863 1506 925 1532 pag.
950 1497 996 1530 87,
1013 1496 1107 1528 refert,
1125 1495 1198 1531 quod
1220 1495 1307 1522 Vitam
1321 1496 1438 1530 ejusdem
1464 1495 1493 1523 S.
1518 1497 1628 1524 Antonii
1648 1498 1811 1532 patriarcha:

179 1542 334 1577 scripserit,
351 1543 432 1577 cujus
455 1543 563 1570 titulum
581 1547 608 1570 et
624 1543 788 1577 principium
807 1542 844 1570 ibi
865 1543 918 1569 hoc
938 1541 998 1569 mod

992 1541 1018 1568 lo
1040 1540 1152 1567 exhibet
1173 1548 1179 1566 :
1201 1539 1348 1574 Nicephori
1372 1539 1499 1574 (ἔνθεοι-ω
1515 1540 1578 1571 Bia;
1599 1541 1647 1567 τοῦ
1671 1542 1700 1567 ὲν
1723 1542 1811 1575 ἀγίιιις

180 1586 350 1621 πατριάρχου
366 1586 688 1620 Κωνσταντινουπόλεως,
711 1585 856 1613 Ἀντωνιου
885 1585 933 1612 τοῦ
950 1585 999 1619 τὴν
1018 1583 1102 1619 μονὴν
1115 1582 1162 1609 τοῦ
1178 1582 1292 1614 Καλέως
1314 1583 1534 1618 ποιησαμένου.
1552 1585 1583 1611 El
1598 1584 1627 1611 δὲ
1647 1585 1695 1611 καὶ
1710 1585 1812 1620 θνητὴν

178 1628 269 1664 ψυχὴν
278 1630 293 1655 ὁ
306 1629 413 1664 χρόνος,
425 1630 473 1656 καὶ
485 1630 595 1656 πάντων
607 1631 666 1656 ἐστὶ
678 1630 769 1665 πατὴρ
783 1630 870 1656 ὁπόσα.
887 1629 976 1664 φθορὰ
989 1629 1036 1656 καὶ
1051 1628 1159 1661 γένεσις
1182 1627 1288 1662 βόσκει»
1302 1631 1355 1655 θιο·
1378 1627 1456 1661 QUOd
1472 1635 1555 1662 Ροιτο
1567 1629 1601 1656 ad
1622 1627 1809 1664 Nicephorum

180 1671 318 1700 Orationis
340 1681 387 1700 seu
407 1672 473 1700 Vita:
497 1674 577 1701 istius
595 1674 758 1708 scriptorem
776 1674 884 1706 attinet,
905 1674 950 1701 ille
970 1673 1022 1701 sub
1046 1673 1136 1699 Lcoue
1155 1671 1285 1707 Sapiente
1316 1672 1483 1707 imperatore
1511 1673 1589 1706 vixit,
1611 1679 1642 1700 ut
1659 1674 1718 1709 ipse
1733 1674 1807 1701 clare

179 1715 245 1743 satis
260 1716 374 1749 indicat,
391 1716 457 1743 dum
474 1717 576 1745 diserte
593 1718 651 1744 ait:
673 1717 863 1752 Plerarumque
879 1725 966 1744 rerum
981 1716 1013 1743 de
1030 1715 1059 1743 S.
1075 1716 1192 1742 Antonio
1204 1716 1361 1750 patriarcha
1375 1715 1574 1743 narrandarnm
1589 1718 1745 1752 magistram
1762 1718 1813 1745 sibi

180 1767 231 1785 non
243 1759 327 1786 multo
344 1765 405 1787 ante
420 1766 534 1796 tempore
546 1761 627 1796 fuisse
650 1762 738 1796 ipsam
751 1762 939 1796 iiupectionem
961 1765 985 1788 et
1000 1759 1201 1794 experientiam.
1222 1759 1311 1786 Verba
1337 1760 1398 1794 ejus
1417 1760 1512 1787 Gricca
1530 1761 1588 1788 hac
1605 1767 1681 1793 sunt,
1694 1762 1742 1787 καὶ
1756 1761 1811 1788 τῶν

180 1803 229 1836 μὲν
246 1803 395 1830 ἀνελίττειν
410 1805 461 1838 τὴν
477 1805 600 1840 μνήμην,
618 1802 656 1832 ὧν
671 1805 732 1840 ὃψις
756 1814 802 1840 μοι
820 1805 867 1832 καὶ
887 1806 970 1840 πεῖρα
986 1804 1092 1840 χρόνοις
1107 1805 1138 1831 οὺ
1166 1806 1276 1839 συχνοῖς
1295 1804 1456 1837 διδάσκαλος
1473 1803 1517 1841 ἦν,
1536 1811 1590 1833 etc.
1608 1806 1645 1833 De
1660 1806 1814 1841 Niccplioro

180 1847 235 1873 isto
251 1847 417 1882 philosopho
434 1852 462 1875 et.
475 1853 598 1881 oratore,
615 1849 754 1876 Gerardus
768 1848 890 1877 Joannes
903 1849 1017 1876 Vossius
1034 1849 1104 1877 libro
1128 1857 1147 1877 ιι
1161 1849 1200 1876 De
1221 1850 1356 1877 historicis
1373 1850 1484 1883 ercis,
1503 1857 1565 1885 cap.
1586 1851 1633 1883 26,
1652 1851 1697 1878 ubi
1716 1859 1812 1886 perpe-

178 1901 237 1920 ram
253 1893 353 1928 legitur
366 1893 394 1920 S.
413 1895 562 1921 Antonium
574 1894 703 1922 Cauleam
719 1894 822 1922 obiisse
839 1903 885 1922 an.
908 1894 1012 1922 Christi
1025 1893 1087 1927 901,
1101 1901 1151 1928 pro
1165 1893 1226 1921 891.
1242 1893 1403 1921 Guillclmus
1421 1893 1549 1922 Cavusiu
1565 1894 1687 1922 Ilisloria
1701 1896 1813 1929 scripta-

178 1945 236 1963 rum
255 1936 391 1970 Εεειεείιε,
408 1939 442 1965 ad
457 1946 559 1965 annum
571 1938 633 1968 895.
651 1946 712 1973 pag.
725 1938 787 1966 569.
804 1938 902 1966 Petrus
918 1937 1091 1971 Lambecius,
1105 1946 1186 1973 quem
1202 1937 1247 1965 hic
1270 1939 1479 1974 exscripsimus,
1497 1939 1546 1968 lib.
1566 1948 1614 1967 Vlll
1638 1939 1813 1968 Commenta-

178 1981 280 2007 riorum
299 1980 471 2009 bibliotheca:
494 1982 626 2009 Czesareae
642 1981 875 2015 Viudobonensis,
890 1982 972 2017 p.83,
988 1982 1055 2011 etin
1069 1982 1262 2018 indicibus,fp.
1282 1982 1336 2010 562
1351 1987 1378 2011 et
1393 1983 1457 2011 578.

562 2148 954 2205 NlCEPHORl
995 2147 1427 2205 PHILOSOPHI

352 2265 493 2334 VI‘TA
529 2266 576 2310 S.
614 2264 870 2311 ANTONII
910 2263 1326 2312 COGNOMENTO
1363 2266 1630 2312 CAULEJE.

834 2363 1088 2394 PATRIARCHIE
1108 2364 1162 2395 CP.

602 2439 674 2470 (Acta
691 2438 739 2464 SS.
757 2437 881 2470 Bolland.,
898 2437 1029 2464 Februarii
1042 2441 1102 2465 tom.
1117 2440 1147 2471 ll,
1164 2440 1206 2466 die
1219 2440 1260 2472 12,
1277 2448 1308 2473 p.
1319 2441 1387 2473 621.}

586 2596 1062 2645 COMMENTARIUS
1102 2600 1398 2646 PRIEVIUS.

215 2757 243 2786 1.
269 2757 381 2786 Relatus
401 2766 427 2785 in
446 2758 569 2786 caelitum
587 2759 694 2787 tabulas
716 2765 757 2788 est
769 2762 841 2796 apud
855 2761 968 2791 Latinos
1021 2760 1146 2791 Ecclesia
1163 2762 1476 2798 Constantinopolitanae
1489 2763 1625 2798 praesedit.
1639 2763 1676 2791 De
1690 2771 1723 2792 eo
1740 2764 1811 2791 Mar-

177 2812 256 2838 a-que
281 2811 314 2832 ac
329 2804 439 2832 Cra-cos
455 2805 608 2838 Antonius,
627 2812 810 2841 cognomento
839 2809 968 2843 Cauleas,
1023 2813 1103 2844 tyrot.
1122 2808 1279 2837 Romanum
1299 2818 1308 2838 :
1330 2818 1339 2835 ι
1367 2809 1603 2844 Constantinopoli
1636 2809 1666 2838 S.
1699 2810 1810 2838 Antonii

179 2848 228 2884 qui
244 2849 297 2877 sub
319 2850 422 2878 exitum
438 2851 503 2878 noni
519 2858 535 2878 ει
550 2850 653 2880 Christi
669 2852 859 2883 incarnatione
874 2856 967 2884 sazculi
1021 2863 1064 2891 ep.
1083 2859 1207 2891 tempore
1221 2855 1321 2885 Leonis
1339 2854 1373 2883 Vl
1397 2854 1477 2891 imp.,
1502 2864 1512 2882 ι
1540 2856 1600 2892 ejus
1625 2862 1732 2892 nempe,
1759 2856 1809 2892 qui
