2075 3157
239 211 291 245 179

822 206 1033 238 NICEPHORI
1053 205 1283 236 PHILOSOPIH

1816 201 1868 234 180

238 266 339 294 Basilio
348 264 495 292 Macedone
506 264 623 299 genitus,
638 261 761 296 Sapiens,
773 269 819 288 seu
836 260 1024 294 Philosophus,
1040 260 1064 290 Α
1078 260 1176 287 vulnus
1199 260 1279 288 annis
1295 267 1301 285 :
1317 266 1382 295 ergo
1400 259 1427 286 id
1444 259 1482 286 illi
1495 258 1627 286 inﬂictum
1652 262 1712 285 crat
1727 265 1772 285 an.
1790 259 1870 286 ttot.

237 317 278 338 est
294 310 458 345 appellatus.
476 308 585 335 Antonii
613 307 735 341 ejusdem
753 306 913 333 memoriam
935 306 971 332 ita
999 305 1026 331 in

239 358 331 384 Addit.
358 356 390 382 ad
411 354 566 382 Usumdum
584 352 726 379 annotavit
746 351 871 378 Molattus
890 360 896 378 ε
924 359 933 375 ι
962 351 1026 377 item

237 401 475 436 Constantinopoli
494 400 523 427 S.
550 398 672 430 Antonii,
697 398 786 430 magni
807 397 878 423 inter
896 396 941 423 Dei
960 404 1027 430 pon-

238 451 332 478 tiliccs.
347 453 374 475 et
392 446 562 475 admirabilis
587 447 659 472 inter
682 443 866 478 patriarchas.
884 452 892 468 ι
912 442 1028 470 Ρηείειέ

238 495 338 521 Meuma
358 494 401 520 his
430 492 545 519 verbis:
571 501 580 516 ‹
603 490 703 516 Eodem
736 489 778 516 die
803 489 849 524 (1⁵.1
874 487 1028 522 Februarii)

239 539 371 566 memoria
393 536 423 564 S.
441 536 472 564 P.
494 536 527 563 N.
545 535 657 563 Antonii
673 534 872 569 archiepiscopi
894 534 1030 561 Constan-

240 585 407 620 tinopoleos,
426 593 434 609 I
453 583 602 610 adnectunt
618 581 749 617 elogium,
763 581 796 608 de
809 588 863 615 quo
876 579 956 607 infra.

273 631 301 658 (ἐ.
318 630 460 664 Philippus
479 628 622 656 Ferrarius
637 629 664 654 in
683 627 801 661 generali
815 626 944 661 Catalogo
966 633 1030 653 san-

239 683 358 709 ctorum,
381 677 426 711 qui
452 676 551 703 desunt
565 674 759 709 Martyrologio
784 673 919 705 Romano,
947 672 980 699 ad
998 672 1028 698 ll

239 723 382 750 Februarii
410 722 439 748 S.
467 721 617 748 Antonium
644 719 796 754 inscripsit,
820 727 853 746 ex
878 718 1030 753 Menologio

241 767 410 798 Cra-corum,
429 771 458 793 ut
475 766 500 792 in
512 765 707 792 Notationibus
721 764 874 799 proﬁtetur.
891 763 944 790 Sed
960 765 1032 798 quo?

240 813 298 839 Non
320 820 352 840 eo
381 818 455 839 certe
475 812 548 846 quod
579 810 663 838 Henr.
690 810 818 837 Canisius
845 809 956 837 edidit:
975 817 1031 837 non

241 859 337 885 Grarco
353 858 426 893 quod
446 857 569 885 Venetiis
591 863 722 884 excusum
741 865 747 882 :
765 863 819 882 non
840 855 912 890 quod
938 855 1032 882 Basilii

241 904 398 931 Macedonis
412 903 491 938 jussu
512 903 708 930 concinnatum
725 901 861 928 asservari
886 900 978 927 Roma:
992 900 1032 927 fe-

242 955 315 981 tttnt,
334 957 396 976 cum
428 949 460 975 ad
495 948 587 983 plures
612 955 700 974 annos
726 950 866 981 superstes
889 945 1032 973 Macedoni

240 995 376 1022 Antonius
393 994 485 1021 hmrit.
497 994 555 1021 Alia
571 997 666 1028 peccat
683 993 710 1020 in
725 993 823 1020 iisdem
835 991 1032 1021 Notationibus

241 1040 392 1071 Ferrarius.
409 1041 472 1067 dum
498 1047 560 1067 eum
585 1040 623 1066 ait
641 1049 650 1065 ι
684 1038 776 1066 Plotio
800 1039 979 1066 schismatico
1006 1043 1035 1066 et.

243 1087 372 1114 breretico
388 1087 566 1120 subrogatum
585 1086 635 1113 sub
651 1086 741 1113 Leone
755 1084 789 1112 lV
813 1085 880 1120 imp.
900 1095 909 1111 ι
929 1085 1034 1120 Copro-

242 1132 317 1166 nymi
335 1131 407 1157 tilius
429 1131 481 1157 fuit
498 1131 554 1157 Leo
576 1130 609 1157 IV
631 1135 713 1165 atque
736 1130 817 1158 annis
832 1135 942 1158 centum
959 1130 1035 1165 prior

242 1177 373 1209 Antonio,
387 1177 434 1210 qui
447 1177 536 1202 Leone
547 1175 580 1202 Vl
595 1177 820 1210 imperante,non
830 1177 928 1203 Photio
942 1177 1034 1212 (quem

243 1222 372 1249 mendose
395 1219 512 1247 Plotium
529 1222 620 1255 vocat)
644 1221 691 1248 sed
710 1221 740 1248 S.
763 1221 914 1257 Stephano,
936 1222 1035 1250 Leonis

244 1268 420 1302 imperatoris
435 1267 513 1294 fratri
531 1267 674 1295 sulIcctus.

279 1315 306 1342 5.
320 1315 399 1341 Anno
415 1314 513 1341 Lcnnis
538 1314 628 1346 tertio,
647 1314 692 1349 qui
709 1318 768 1341 erat
778 1322 849 1346 serae,
865 1322 947 1349 quam
963 1321 1037 1342 nunc

244 1360 340 1388 Latina
365 1360 485 1387 Ecclesia
507 1364 638 1394 usurpat,
664 1360 740 1391 1588,
762 1359 796 1386 ad
821 1360 1036 1394 patriarchatum

244 1409 355 1432 evectus
377 1403 511 1431 Antonius
532 1409 583 1431 est.
605 1405 642 1431 Ita
657 1404 798 1432 Cedrenus
822 1405 849 1432 in
869 1405 1037 1440 Compendio

246 1452 422 1480 historiarum
442 1460 448 1478 :
473 1461 482 1477 ε
504 1452 582 1478 Auno
609 1452 763 1487 insequenti
788 1454 885 1488 (antea
907 1453 1037 1480 retulerat

246 1505 289 1525 tes
305 1504 397 1533 gestas
418 1497 458 1532 τῷ
482 1498 601 1533 δευτέρῳ
615 1498 669 1524 ἔτει
686 1498 736 1532 τῆς
757 1499 897 1533 βασιλείας
912 1499 1036 1531 Λέοντος,

245 1551 317 1570 anno
339 1544 461 1571 secundo
487 1544 594 1579 imperii
619 1544 740 1579 Leonis)
769 1545 922 1580 insequenti
942 1546 1035 1581 igitur,

245 1590 303 1616 sive
316 1590 396 1616 tertio
408 1590 515 1624 imperii
527 1590 588 1625 ejus
603 1598 687 1622 anno,
699 1590 854 1624 Stephanus
865 1591 1038 1626 itnperatoris
1050 1594 1073 1625 ρ

246 1635 329 1663 frater
344 1643 376 1663 ac
397 1637 553 1670 patriarcha
574 1636 694 1663 exceSsit
713 1644 728 1662 e
743 1636 809 1663 vita.
826 1636 854 1662 lu
873 1637 931 1670 ejus
947 1637 1036 1664 locum

245 1682 389 1709 ordinatus
421 1686 463 1708 est
488 1682 646 1716 patriarcha
677 1682 831 1715 Antonius,
856 1687 1038 1717 cognomento

246 1728 373 1754 Cauleas.
392 1737 402 1753 ›
416 1727 544 1755 Mentlose
557 1728 608 1755 ista
621 1728 647 1754 in
663 1727 827 1762 Curopalate
842 1728 921 1755 vertit
936 1728 1040 1756 Gabius

247 1774 291 1800 bis
308 1774 422 1801 verbis:
442 1783 451 1800 t
471 1774 627 1808 Insequenti
651 1781 724 1801 anno
749 1774 903 1809 Stephanus
920 1774 1038 1809 impera-

248 1819 317 1846 toris
336 1819 430 1851 t‘rater,
455 1823 482 1846 et
503 1819 660 1854 patriarcha
680 1825 856 1847 excesserunt
878 1827 894 1847 e
918 1820 973 1847 vita
991 1827 997 1845 :
1013 1819 1039 1846 in

247 1866 327 1900 cujus
355 1866 446 1893 locum
471 1865 602 1893 suti'ectus
632 1871 673 1892 est
695 1866 831 1893 Antonius
858 1870 1041 1902 cognomento

248 1913 374 1940 Caulcas.
393 1922 403 1938 ‹
420 1912 514 1940 (ἔπεσα
527 1916 554 1939 et
573 1912 619 1939 hic
639 1911 766 1943 Καυλέας
788 1912 940 1946 appellatur
959 1919 974 1938 a
991 1910 1042 1939 Ce-

249 1959 333 1986 drcno
349 1966 381 1985 ac
401 1957 507 1984 Zonara
522 1961 549 1984 et
565 1957 591 1984 in
610 1957 687 1984 Serie
711 1957 901 1991 episcoporum
919 1956 1040 1992 Byzantii

249 2005 288 2031 lib
313 2013 350 2032 1v.
365 2003 440 2032 Juris
451 2003 626 2035 Graecorum;
640 2007 668 2030 et
683 2002 839 2037 Stephanus
854 2001 940 2030 frater
957 2002 1042 2037 impe-

248 2051 367 2082 ratoris,
390 2050 462 2078 idem
487 2055 515 2077 et
536 2049 691 2085 patriarcha
711 2053 787 2081 erat,
804 2048 843 2076 uti
858 2049 917 2084 ipse
933 2056 1042 2084 quoque

248 2097 427 2132 Curopalates
452 2096 534 2131 paulo
554 2100 618 2123 ante
638 2095 787 2128 retulerat;
809 2100 836 2122 et
852 2095 922 2130 apud
940 2095 1041 2123 Cedre-

250 2151 315 2170 num
331 2148 373 2170 est
389 2143 505 2169 ἀπέλιπε
518 2141 663 2179 τὴἏζωῆν,
675 2142 785 2168 excessit
799 2150 813 2168 e
827 2142 899 2174 vita;
915 2148 969 2169 non
991 2149 1042 2169 au-

250 2193 304 2215 tem
334 2192 509 2215 excesserunt.
539 2188 662 2215 Mortuus
686 2188 796 2214 videtur
820 2186 976 2222 Stephanus
999 2187 1042 2214 die

252 2235 286 2261 17
302 2234 377 2266 Maii,
400 2243 454 2269 quo
469 2242 484 2261 a
509 2234 611 2261 Grtecis
632 2234 683 2261 coli
701 2234 796 2261 scribit
816 2233 949 2261 Baronius
973 2233 1040 2260 LX.

251 2279 350 2304 Annal.
367 2279 400 2305 ad
419 2287 463 2306 an.
481 2278 543 2310 888.
562 2287 588 2305 n.
606 2279 632 2306 8.

288 2323 317 2349 4.
338 2323 395 2349 Non
412 2325 479 2350 satis
495 2323 638 2357 perspicue
658 2321 775 2349 traditur
789 2330 844 2357 quo
859 2330 932 2349 anno
949 2322 1044 2350 deces—

253 2367 319 2394 serit
334 2367 362 2394 S.
382 2368 530 2398 Antonius,
556 2373 603 2393 aut
620 2371 724 2401 quanto
745 2370 868 2401 tempore
893 2367 1043 2395 Ecclesiam

254 2413 327 2439 illam
348 2412 557 2440 administrarit.
583 2412 716 2440 ltaronius
741 2413 768 2439 in
792 2413 893 2440 Annot.
917 2413 951 2440 ad
971 2412 1044 2440 Mar-

254 2458 333 2493 tyrol.
364 2462 391 2485 et
416 2457 546 2491 Vossius,
573 2458 620 2485 lib.
646 2465 675 2490 tt,
698 2457 734 2484 De
764 2456 905 2484 Historicis
933 2456 1043 2490 Crwcis,

253 2512 313 2538 cap.
329 2503 375 2534 26,
393 2504 518 2531 scribunt
533 2511 605 2530 anno
620 2503 686 2531 1401
705 2503 819 2530 obiissc.
837 2503 969 2530 Videntur
983 2511 1043 2531 eam

253 2551 412 2585 opinionem
434 2551 560 2578 hausisse
581 2558 612 2578 ex
633 2550 807 2584 Curopalate,
833 2550 880 2585 qui
900 2554 1044 2585 postquam

254 2597 365 2631 scripsit
387 2607 394 2621 ι
416 2597 470 2624 \ita
487 2596 581 2624 functo
603 2596 759 2631 patriarcha
777 2596 907 2627 Antonio.
924 2597 1046 2624 declara-

255 2647 311 2668 tum
334 2641 475 2669 Nicolaum
499 2641 661 2677 Mysticum;
683 2651 691 2667 ι
713 2641 738 2668 in
759 2642 853 2668 eadem
878 2642 974 2676 pagina
990 2641 1045 2676 (uti

255 2693 282 2715 et
297 2688 449 2721 Cedrenus,
464 2697 544 2722 quem
561 2693 692 2723 perpetuo
708 2687 851 2722 sequitur)
868 2693 970 2719 narrat,
995 2688 1046 2714 im-

257 2739 409 2768 peratorem
439 2735 573 2767 Lconcm,
599 2734 643 2761 die
678 2735 856 2762 Pentecostes
888 2735 914 2760 in
944 2735 1046 2768 templo

258 2782 288 2806 S.
301 2781 389 2813 Mocii,
401 2782 511 2809 insteab
524 2782 635 2809 homine
643 2781 842 2808 nciariol'uiSse
855 2781 1046 2815 vulneratum;

258 2831 339 2860 atque
354 2827 378 2853 ei
390 2835 404 2853 a
419 2828 505 2855 Mario
522 2828 656 2855 monacho
668 2827 840 2862 praedictum,
850 2826 942 2853 decem
957 2827 1046 2854 adhuc

258 2881 345 2900 annos
362 2873 509 2902 victurum.
531 2875 567 2901 lta
589 2875 663 2902 enim
680 2873 789 2901 videtur
810 2872 872 2908 quis
890 2873 1045 2900 ratiocinari

260 2928 349 2957 posse.
359 2920 433 2949 Obiit
448 2921 503 2949 Leo
511 2930 556 2949 an.
569 2922 648 2956 1111,
658 2921 750 2949 decem
759 2919 1045 2961 postilludaccoptum

1059 2271 1082 2298 Ι)
1097 2274 1220 2302 Zonaras
1243 2279 1271 2302 et
1300 2274 1441 2302 Cedrenus
1466 2274 1590 2301 scribunt

1079 306 1110 332 31
1127 306 1208 338 Maii;
1225 307 1251 332 in
1277 313 1340 333 eutn
1365 305 1438 332 enim
1457 305 1528 332 diem
1555 305 1717 332 Pentecoste
1732 304 1778 331 illo
1799 312 1872 332 anno

1079 352 1174 379 incidit
1189 361 1195 379 :
1213 360 1266 379 non
1290 352 1375 378 multo
1399 352 1479 386 igitur
1501 356 1564 378 ante
1580 351 1710 383 Antonio,
1728 350 1817 384 pridie
1832 351 1870 378 Id.

1080 398 1220 425 Februarii
1236 399 1383 428 exstincto.
1406 401 1579 425 successerat
1604 396 1743 423 Nicolaus.
1767 395 1870 423 Verum

1079 445 1130 472 ctsi
1146 444 1238 479 paucis
1250 444 1340 472 verbis
1353 444 1497 478 perstricta
1509 448 1586 475 sunt,
1597 451 1658 478 qua).
1670 443 1709 470 illi
1724 443 1872 477 scriptores

1078 491 1265 524 iuterjiciunt,
1288 490 1412 523 pluribus
1426 495 1514 517 tamen
1526 494 1601 524 gesta
1619 493 1684 517 sunt
1701 489 1799 520 annis:
1816 497 1873 523 quo

1080 537 1209 564 nimirum
1223 540 1302 571 pacto
1316 540 1378 571 post
1395 535 1424 562 S.
1440 535 1653 569 Tbeopbanonis
1670 535 1764 569 prima:
1779 531 1874 562 uxo'ris

1081 582 1196 615 obitum,
1210 582 1356 609 secundam
1366 581 1428 608 dein
1441 585 1467 608 et
1480 581 1586 608 tertiam
1601 581 1710 608 duxerit
1720 581 1784 612 Leo,
1794 585 1875 615 atque

1081 627 1259 662 imperatorio
1272 626 1427 654 diademate
1446 626 1545 660 insigni
1562 626 1622 652 erit.

1117 673 1144 700 5.
1167 672 1336 700 Retraetavit
1354 672 1426 706 quod
1442 671 1476 698 ad
1494 670 1715 706 Martyrologium
1731 674 1876 697 aunotarat

1083 718 1217 746 Batonius
1232 722 1251 745 t.
1276 717 1309 746 Χ.
1327 717 1428 744 Annal.
1446 717 1490 744 ubi
1515 716 1549 743 ad
1572 724 1636 743 anu.
1654 716 1717 747 890,
1734 725 1760 742 u.
1779 716 1822 748 15,
1839 717 1876 743 ita

1083 765 1193 800 scripsit
1215 774 1222 792 :
1240 773 1249 790 ‹
1271 763 1329 791 Hoc
1348 771 1420 790 anno
1438 763 1553 790 moritur
1566 762 1701 789 Antonius
1723 762 1876 796 patriarcha

1082 809 1423 844 Constantinopolitanus,
1447 808 1492 835 ubi
1520 812 1624 834 tantum
1643 815 1731 834 annos
1749 808 1818 834 duos
1832 815 1877 834 se-

1083 857 1179 883 disset.
1198 855 1236 882 Ita
1252 855 1278 881 in
1293 854 1370 882 Serie
1392 853 1609 889 patriarcharum
1625 852 1876 887 Constantinopoli-

1086 906 1211 929 tanorum
1233 901 1260 927 in
1281 899 1403 934 Corpore
1419 899 1493 926 Juris
1509 898 1623 925 intexta.
1645 907 1654 922 ι
1670 899 1704 924 At
1725 905 1785 932 qua:
1804 898 1830 924 in
1846 905 1878 924 ca

1086 946 1163 974 Serie
1177 946 1326 973 traduntur
1341 945 1374 972 de
1389 945 1470 972 annis
1487 944 1717 979 patriarcharum,
1744 944 1790 978 qui
1808 947 1878 971 tetu-

1085 999 1151 1027 pore
1179 991 1278 1019 Leonis
1302 999 1361 1018 eam
1388 990 1508 1017 rexeriut
1532 989 1693 1019 Ecclesiaru,
1721 988 1791 1014 haud
1811 988 1879 1014 satis

1084 1041 1147 1072 apte
1161 1037 1277 1064 invicem
1297 1039 1464 1071 congruunt.
1492 1033 1597 1061 Dicitur
1623 1034 1695 1060 enim
1723 1033 1879 1067 Stephanus

1086 1082 1192 1109 sedisse
1220 1088 1308 1108 annos
1323 1081 1350 1108 5.
1386 1089 1394 1105 ε
1423 1079 1560 1106 Antonius
1575 1078 1603 1111 ‘2,
1629 1077 1759 1105 Nicolaus
1786 1077 1880 1112 Mysti<

1086 1134 1134 1154 cus
1149 1126 1192 1158 11,
1208 1134 1241 1153 eo
1266 1125 1352 1160 cjccto
1373 1124 1536 1165 Euthxmius
1560 1131 1648 1151 annos
1673 1123 1700 1154 5,
1728 1130 1836 1149 menses
1851 1122 1878 1152 6,

1086 1172 1254 1206 tandetnque
1270 1175 1378 1197 mortuo
1393 1169 1494 1201 Leone,
1510 1169 1588 1204 pulso
1599 1169 1757 1203 Euthymio.
1769 1168 1880 1194 restitu-

1088 1223 1132 1245 tus
1146 1217 1286 1244 Nicotaus.
1307 1217 1387 1243 Anno
1402 1217 1414 1242 1
1434 1214 1545 1246 Leonis,
1562 1215 1665 1242 Christi
1696 1214 1775 1247 1586,
1792 1214 1818 1240 iu
1834 1221 1881 1240 so-

1086 1261 1153 1288 lium
1169 1261 1351 1296 patriarcbale
1365 1265 1477 1288 evectus
1487 1265 1530 1286 est
1543 1259 1709 1294 Stephanus.
1723 1258 1880 1291 exturbato,

1087 1308 1133 1342 qui
1154 1314 1291 1341 nunquam
1313 1306 1339 1333 id
1363 1306 1482 1341 legitime
1500 1305 1667 1334 obtinuerat.
1694 1304 1792 1331 Photio
1810 1314 1816 1331 ε
1833 1304 1881 1331 de-

1087 1353 1170 1380 cessit
1183 1352 1339 1387 Stephanus
1359 1352 1439 1379 tertio
1453 1356 1515 1387 post
1528 1359 1612 1382 anno.
1628 1351 1706 1378 1588.
1727 1351 1875 1382 Antonius,

1087 1399 1111 1427 si
1126 1399 1195 1426 duos
1208 1399 1342 1425 duntaxat
1364 1397 1435 1425 sedit
1450 1405 1549 1430 annos,
1569 1397 1672 1424 obiisse
1690 1397 1822 1424 dicendus
1838 1400 1881 1424 est

1088 1444 1168 1477 I390,
1187 1444 1225 1471 uti
1242 1443 1376 1471 Batonius
1395 1443 1490 1471 statuit
1508 1453 1514 1469 :
1532 1450 1598 1478 ergo
1619 1442 1685 1469 1401
1714 1443 1817 1477 ejectus
1832 1441 1881 1469 Ni-

1089 1491 1193 1522 colaus,
1215 1497 1278 1518 cum
1301 1490 1416 1517 sedisset
1435 1497 1523 1517 annos
1540 1489 1584 1516 11.
1610 1489 1755 1524 Sequetur,
1779 1487 1881 1524 Euthy-

1089 1537 1175 1564 mium
1190 1536 1234 1564 cui
1250 1536 1267 1564 5
1280 1536 1354 1563 sedis
1364 1535 1441 1567 anui,
1455 1543 1563 1562 menses
1578 1535 1606 1567 6,
1623 1535 1790 1567 tribuuntur,
1807 1542 1882 1562 anno

1089 1583 1142 1610 906
1161 1582 1269 1617 pulsum
1287 1589 1358 1614 esse,
1383 1581 1455 1616 quod
1479 1582 1590 1618 demum
1616 1581 1665 1608 911
1684 1580 1793 1615 accidit,
1819 1589 1880 1609 cum

1091 1629 1183 1656 Leone
1211 1632 1337 1660 mortuo,
1364 1627 1511 1662 imperium
1537 1627 1686 1662 capessivit
1714 1627 1881 1655 Alexander.

1091 1675 1195 1704 Desunt
1209 1676 1290 1711 igitur
1304 1683 1420 1702 numero
1437 1683 1572 1702 annorum
1590 1675 1701 1702 Antonii
1723 1675 1787 1702 anni
1802 1674 1883 1710 quin-

1092 1729 1144 1756 que
1166 1725 1193 1749 et
1207 1729 1315 1749 menses
1331 1721 1436 1755 aliquot
1455 1730 1461 1748 :
1479 1729 1568 1756 neque
1585 1721 1658 1748 enim
1676 1721 1781 1756 uspiam
1796 1721 1882 1747 inter-

1093 1768 1168 1803 regni
1183 1768 1285 1795 mentio
1300 1768 1338 1800 iit.
1353 1768 1419 1802 quin
1432 1775 1540 1802 semper
1555 1774 1608 1795 uno
1622 1772 1731 1794 ntortuo
1744 1772 1790 1794 aut
1804 1766 1884 1802 pulso

1093 1815 1161 1843 alter
1175 1819 1284 1843 creatus
1301 1814 1336 1842 sit
1348 1814 1515 1850 patriarcha.

1129 1861 1155 1889 6.
1179 1861 1265 1888 Aliter
1291 1861 1406 1896 patescit
1429 1868 1517 1894 error,
1541 1860 1562 1888 si
1590 1860 1626 1888 ita
1651 1860 1851 1896 argumenteris
1875 1869 1882 1888 :

1093 1907 1191 1935 Pulsus
1216 1911 1258 1934 est
1288 1906 1452 1941 Eutltymius
1469 1914 1542 1933 attno
1570 1905 1634 1938 911,
1666 1914 1760 1933 mense
1788 1906 1883 1939 Iunio,

1093 1958 1202 1980 morttto
1218 1951 1320 1980 Leone.
1337 1951 1389 1979 Sed
1409 1956 1468 1979 erat
1483 1957 1572 1979 autem
1587 1959 1673 1979 annos
1684 1952 1711 1984 5,
1733 1959 1839 1980 menses
1856 1954 1884 1985 6,

1093 1999 1128 2026 al)
1143 1998 1223 2026 initio
1240 2006 1337 2033 nempe
1357 1997 1422 2025 anui
1445 1997 1508 2026 906.
1528 1997 1600 2033 Ergo
1616 2002 1681 2025 tunc
1695 1999 1813 2033 primum
1829 1997 1885 2033 eje-

1093 2050 1154 2072 ctus
1169 2048 1229 2072 erat
1251 2043 1396 2077 Nicotaus,
1422 2048 1568 2078 postquam
1595 2051 1682 2071 annos
1701 2044 1732 2071 11
1755 2043 1885 2071 Ecclesiae

1094 2090 1258 2126 praefuisset,
1280 2090 1316 2118 ab
1342 2091 1404 2117 anui
1428 2090 1481 2117 895
1499 2089 1663 2122 Februario,
1689 2090 1769 2123 cujus
1793 2090 1837 2117 die
1854 2090 1886 2116 η

1094 2138 1200 2165 obierat
1222 2137 1351 2164 decessor
1374 2136 1434 2171 ejus
1458 2136 1604 2164 Antonius.
1623 2135 1743 2171 Denique
1757 2144 1820 2163 cum
1838 2143 1884 2163 an.

1094 2184 1157 2217 9I‘2,
1171 2183 1324 2211 exstinctus
1338 2187 1380 2210 est
1395 2182 1562 2215 Alexander,
1575 2179 1772 2210 Constantinus
1787 2181 1885 2209 Leanis

1096 2229 1168 2256 ﬁlius
1186 2229 1333 2264 septimum
1356 2229 1413 2263 jam
1439 2236 1542 2255 annum
1569 2228 1658 2255 aetatis
1682 2227 1819 2263 explebat,
1846 2227 1885 2254 uti

1620 2283 1626 2300 :
1654 2281 1735 2308 quem
1773 2273 1887 2308 proinde

1096 2326 1190 2350 aestate
1204 2322 1269 2349 anni
1284 2321 1336 2348 905
1351 2325 1445 2348 natum
1463 2321 1547 2348 fuisse
1569 2324 1686 2355 oportet.
1702 2321 1784 2355 Atqui
1804 2327 1885 2352 eum,

1096 2372 1165 2395 teste
1179 2366 1315 2399 Ccdreno,
1334 2365 1483 2400 baptizaiit
1497 2365 1525 2392 in
1541 2366 1649 2393 Sancta:
1665 2365 1775 2399 Sophia:
1787 2365 1887 2400 templo

1096 2415 1235 2443 Nicolatts.
1253 2414 1318 2442 Dein
1334 2414 1404 2442 idem
1421 2413 1592 2448 imperatori,
1607 2413 1670 2448 quia
1687 2413 1772 2445 Zoen,
1786 2420 1846 2448 qua:
1860 2412 1887 2439 ei

1097 2469 1147 2488 nec
1165 2460 1280 2487 necdum
1306 2459 1386 2486 thoro
1400 2458 1496 2493 juncta
1527 2458 1612 2485 tilium
1628 2458 1703 2486 illum
1726 2462 1886 2493 pepererat,

1097 2507 1148 2534 sibi
1164 2511 1288 2541 quartam
1301 2505 1358 2540 jam
1378 2505 1522 2540 conjugem
1548 2505 1716 2539 copulasset,
1734 2509 1816 2539 atque
1829 2505 1885 2532 Au-

1097 2557 1203 2586 gustam
1216 2555 1384 2584 coronassel,
1398 2551 1483 2578 sacris
1496 2551 1636 2578 interdixit
1650 2550 1887 2582 Nicolaus;‘culn-

1097 2606 1151 2633 quc
1172 2598 1279 2625 exnrari
1304 2605 1344 2628 se.
1370 2602 1400 2625 ut
1421 2604 1484 2624 cum
1501 2597 1527 2623 in
1549 2597 1698 2624 Ecclesium
1720 2597 1887 2628 admitteret.

1098 2644 1180 2671 nullis
1194 2644 1320 2678 precibus
1341 2647 1489 2678 pateretur,
1508 2642 1565 2676 ipse
1577 2649 1592 2669 e
1605 2641 1733 2669 cathedra
1745 2642 1888 2670 submotus

1097 2690 1174 2717 initio
1195 2690 1260 2717 anni
1285 2690 1348 2722 906,
1373 2697 1434 2716 cum
1461 2689 1577 2716 sedisset
1596 2696 1685 2716 annos
1706 2689 1748 2720 11,
1767 2689 1802 2715 ab
1815 2696 1888 2715 anno

1097 2745 1195 2771 nempe
1202 2737 1264 2769 895,
1276 2745 1330 2772 quo
1340 2737 1441 2764 obiisse
1453 2736 1600 2763 Antonium
1612 2739 1729 2770 oportet,
1744 2739 1886 2769 postquam

1097 2783 1246 2811 Ecclesiam
1263 2783 1442 2819 gubernasset
1463 2790 1550 2810 annos
1565 2782 1593 2814 7,
1609 2781 1656 2817 qui
1673 2788 1757 2813 anno,
1774 2785 1802 2808 ut
1814 2781 1888 2808 dixi-

1098 2838 1169 2862 mus.
1186 2829 1238 2858 888
1252 2829 1392 2864 Stephano
1408 2830 1497 2856 fuerat
1512 2828 1654 2856 suffectus.

1135 2876 1159 2901 7.
1181 2875 1322 2903 Cedrenus
1336 2880 1363 2902 et
1378 2875 1556 2909 Curopalatcs
1576 2874 1665 2902 solum
1690 2878 1814 2905 narrant,
1830 2873 1888 2901 An-

1099 2923 1174 2950 tottio
1199 2929 1308 2950 tuortuo
1331 2922 1501 2958 designatum
1527 2921 1712 2957 patriarcham
1742 2919 1886 2950 Nicolaum
