2075 3157
185 195 235 229 131

573 196 661 226 VITA
681 195 712 226 S.
733 194 893 226 ΛΝΤΟΝΠ
911 196 1069 226 CAULE/E
1087 195 1340 226 PATRIARCHE
1359 187 1415 228 CP;

1764 197 1815 229 182

183 252 338 287 Mysticum,
363 255 428 285 quot
447 250 491 278 ille
507 249 609 278 sederit
632 249 713 277 annis
729 257 785 276 non
801 249 970 284 exprimunt.
985 250 1011 280 Α
1057 249 1084 276 8.
1102 249 1180 276 Edita
1204 254 1246 276 est
1265 258 1280 277 a
1304 249 1455 285 Lipomano
1472 255 1539 278 tom.
1555 249 1587 283 V,
1606 250 1644 278 De
1663 250 1730 278 Vitis
1749 250 1814 287 SS.,

184 298 360 333 Expressisse
370 297 395 323 id
408 296 530 323 Zonaras
545 296 661 328 videtur,
673 295 720 323 sed
734 295 841 322 incuria
855 295 970 326 librarii,

184 343 224 369 vel
240 342 342 369 codicis
356 341 464 374 antiqui
486 340 564 370 vitio.
581 339 607 367 id
629 340 656 366 in
674 340 754 367 editis
770 339 973 375 exemplaribus

183 388 328 414 omissum.
355 386 448 413 Graece
476 385 512 412 ita
537 385 664 412 habetur.
680 385 734 411 Τοῦ
752 385 806 421 γὰρ
827 384 972 411 Ἀντωνίου

184 433 272 467 θρόνῳ
293 432 342 466 τῆς
357 430 669 461 Κωνσταντινουπόλεως
684 430 863 465 ἑπιζήσαντος
876 429 971 465 ἐτη....

184 479 231 505 καὶ
252 478 436 513 μεταθεμένου
457 477 507 512 τὴν
536 476 621 512 ζωὴν,
645 477 659 502 ὁ
680 476 817 507 Μυστικὺς
840 475 974 507 Νικόλαος

186 525 357 560 πατριάρχης
370 524 601 558 ἐκεχειροτόνητο.
618 522 735 550 Wolﬁus
750 522 830 549 venit
845 530 852 549 :
875 531 883 547 ε
904 521 971 548 Nam

184 578 247 597 cum
270 569 404 596 Antonius
429 569 500 596 Sede
527 568 831 602 Conslantinopolitana
857 568 971 595 annis...

184 616 333 651 gubernata
346 614 522 647 decessisset,
537 614 802 650 MysticusNicolaus
818 614 973 649 patriarcha

184 666 226 689 est
241 662 409 696 designatus.
429 670 438 686 ι
459 660 537 693 Quod
557 665 650 687 autem
675 660 703 687 in
730 661 812 687 citata
827 659 904 687 Serie
922 667 971 694 pa-

185 707 367 734 triarcharum
378 706 570 733 contendimus
588 707 679 733 inesse
695 706 836 740 mendum,
856 706 891 732 ita
907 713 973 733 con-

183 753 280 786 tigisse
295 752 402 780 videtur
425 752 498 787 quod
517 759 566 787 pro
583 752 605 784 ζ’
623 752 658 779 sit
674 752 696 787 β’
712 752 848 786 positum;
862 752 904 779 vel
923 759 973 787 pro

184 798 243 829 Illi,
259 799 358 831 solum,
375 798 420 825 ti.
436 797 504 825 Cum
523 797 644 831 alioquin
660 803 756 825 auctor
770 798 882 826 forsitan
900 803 973 826 recte

182 844 325 879 scripserit
350 853 356 871 :
380 843 524 875 Ἀντώνιος
550 844 565 870 ὁ
586 843 724 876 Καυλέας,
749 843 796 870 ἐπὶ
818 843 865 870 τοῦ
889 844 972 871 αὑτοῦ

183 890 298 922 Λέοντος
310 890 351 916 ἐτι
362 889 383 921 ζ’
397 890 438 916 vel
451 890 496 924 ἐτη
512 890 566 916 Πιι.
582 889 721 918 Antonius
733 889 860 922 Cauleas,
876 890 971 918 eodem

184 935 276 962 Leone
294 935 454 970 imperante,
470 942 558 962 annos
572 935 599 962 6.

1024 301 1055 322 ac
1068 295 1129 322 dein
1149 302 1165 321 a
1180 295 1271 326 Surio,
1290 304 1300 320 ‹
1317 295 1472 330 Nicephori,
1490 295 1641 324 beatissimi
1655 296 1814 332 philosophi

1023 345 1049 367 et
1061 340 1189 372 oratoris,
1205 341 1299 368 Oratio
1312 340 1445 374 funebris,
1465 349 1512 369 seu
1533 342 1593 369 Vita
1607 342 1732 369 eneomio
1745 350 1810 370 con-

1024 389 1108 417 texta,
1122 385 1212 419 magni
1228 385 1299 412 inter
1315 385 1361 412 Dei
1379 386 1521 420 pontiﬁces
1543 391 1569 413 et
1585 386 1755 414 admirabilis
1769 387 1815 414 in-

1024 435 1063 457 ter
1075 430 1244 465 patriarchas
1264 431 1384 458 Antonii.
1405 431 1492 464 Quam
1508 436 1535 459 et
1555 440 1606 459 nos
1623 432 1687 459 inde
1705 432 1749 459 hic
1763 433 1815 460 da-

1024 483 1094 503 mus.
1111 475 1179 509 Quis
1195 476 1239 503 ille
1262 475 1431 510 Nicephorus
1450 468 1542 509 fuerit,
1565 482 1592 504 et
1608 485 1673 504 num
1689 477 1742 505 alia
1755 478 1814 504 edi-

1023 521 1093 549 derit
1106 529 1203 556 opera,
1228 529 1364 555 nusquam
1380 522 1506 557 legimus.
1529 522 1640 550 Vixisse
1657 523 1708 551 sub
1723 522 1814 550 Leone

1023 567 1151 602 Sapiente
1162 567 1241 603 imp.,
1257 568 1307 596 sub
1320 575 1375 603 quo
1387 572 1414 595 et
1427 569 1571 602 Antonius,
1585 576 1618 597 ex
1633 569 1690 604 ipsa
1705 574 1813 596 constat

1024 615 1158 642 oratione.

1059 660 1086 688 9.
1103 659 1172 687 Vita:
1187 658 1216 687 S.
1234 659 1345 688 Antonii
1359 659 1563 695 compendium,
1580 668 1614 687 ex
1638 660 1734 688 eadem
1747 667 1814 687 con-

1023 707 1164 734 cinnatum
1182 707 1317 739 oratione,
1332 711 1424 734 exstat
1438 707 1465 734 in
1482 706 1604 740 Menaeis,
1620 707 1647 733 in
1661 713 1717 741 quo
1730 706 1816 733 fuisse

1023 752 1083 788 ejus
1096 753 1207 780 nomine
1219 753 1416 780 monasterium
1438 753 1549 788 aliquod
1565 753 1712 784 indicatur.
1729 753 1765 779 ab
1781 759 1815 779 eo

1025 798 1150 826 fortassis
1167 799 1320 832 conditum,
1341 804 1388 826 aut
1413 798 1439 825 in
1459 805 1514 833 quo
1539 799 1599 833 ipse
1622 798 1814 825 monachicum

1024 845 1145 872 habitum
1169 844 1236 871 olim
1258 849 1429 879 susceperat.
1447 843 1485 871 ita
1504 843 1607 871 habent
1620 842 1721 870 Menas
1737 851 1744 869 :
1763 843 1814 869 Τε-

1024 888 1111 915 λεϊται
1127 888 1155 914 δὲ
1166 889 1183 924 ἡ
1195 889 1279 914 αὐτοῦ
1292 888 1420 920 σύνταξις
1439 889 1468 915 tv
1478 889 1512 922 τῇ
1527 887 1609 915 αὐτοῦ
1624 889 1702 924 μονῇ.
1722 896 1731 912 l
1749 887 1816 920 Agi-

989 921 1009 949 Β
1024 940 1069 961 tur
1083 935 1143 970 ejus
1160 935 1385 962 commemoratio
1397 935 1424 962 in
1442 934 1530 970 ipsius
1544 934 1722 962 monasterio.
1742 941 1753 959 ι

444 1126 676 1175 ORATIO
717 1126 780 1171 IN
817 1126 864 1171 S.
902 1124 1225 1170 ANTONIUM
1264 1123 1537 1170 CAULEAM

551 1242 942 1302 NICEPHORI
987 1240 1390 1299 PHILOSOPH
1399 1242 1444 1297 Ι.

336 1424 522 1453 EXOBDIUM
543 1423 587 1452 AC
606 1423 824 1451 PROPOSITIO.

222 1507 248 1532 Ι.
268 1504 338 1532 Fieri
355 1511 420 1540 ergo
435 1511 489 1530 non
515 1507 632 1537 poterat,
656 1506 686 1528 ut
704 1509 799 1529 eorum
816 1501 862 1536 qui
878 1500 904 1528 in
923 1500 974 1529 ﬁde

187 1553 263 1587 prius
289 1550 414 1586 praeclari
437 1549 613 1580 exstiterunt,
643 1555 697 1574 non
726 1555 822 1575 rursus
853 1551 972 1582 tempus,

186 1597 294 1624 etiamsi
315 1596 452 1623 videretur
465 1594 655 1627 consenuisse,
671 1592 754 1620 fmtus
778 1592 880 1620 similes
895 1591 974 1619 affer-

187 1645 244 1672 ret,
259 1645 285 1668 et
300 1647 349 1675 per
363 1643 516 1667 extremum
531 1642 648 1673 partum,
665 1638 747 1665 rebus
761 1637 828 1672 ipsis
844 1642 871 1665 et
883 1637 973 1670 iactis,

187 1686 398 1721 praecedentium
421 1684 560 1712 fructuum
585 1683 778 1718 comprobaret
803 1683 976 1710 admirabili-

187 1736 280 1759 tatem.
295 1732 364 1760 Cum
385 1730 459 1758 enim
480 1730 558 1757 ﬁctor
579 1729 613 1757 ab
628 1729 706 1756 initio
721 1729 868 1757 humanam
892 1728 976 1756 fabri-

187 1783 264 1805 catus
278 1781 352 1805 esset
369 1781 504 1810 naturam,
516 1780 544 1803 et
558 1776 692 1803 bonorum
707 1775 841 1802 seminum
860 1775 885 1802 ei
901 1775 975 1802 indi-

186 1825 272 1852 disset
284 1823 441 1855 materiam,
457 1830 511 1850 non
523 1822 587 1849 sivit
603 1826 633 1848 ut
646 1829 678 1849 ea
695 1829 759 1848 cum
777 1826 897 1856 tempore
909 1829 977 1849 con-

186 1874 354 1902 senesceret,
379 1869 426 1897 sed
439 1873 468 1896 ut
491 1869 517 1896 in
541 1868 601 1896 dies
625 1867 829 1902 repubesceret,
851 1872 879 1894 et
894 1867 977 1894 ferret

187 1916 270 1944 iustus
293 1922 441 1950 germanos
466 1913 694 1950 praecedentibus,
722 1921 848 1948 supernae
873 1921 975 1948 cogna‘

187 1959 269 1986 tionis
285 1958 398 1985 minime
417 1958 595 1985 adulteratam
612 1957 780 1985 nobilitatem
797 1957 824 1984 in
841 1965 870 1985 se
887 1957 978 1985 feren-

172 2008 238 2042 _tes.
255 2004 350 2032 Virtus
361 2004 435 2032 enim
453 2012 507 2032 non
523 2005 624 2040 accipit
650 2004 852 2032 dimensionem
877 2012 911 2032 ex
932 2012 976 2038 eo,

185 2050 259 2085 quod
278 2055 321 2078 est
335 2055 459 2086 tempore
475 2051 613 2086 posterius
628 2054 676 2078 aut
695 2050 782 2086 prius,
801 2051 848 2078 sed
861 2059 895 2078 ex
910 2058 978 2085 pura

186 2100 212 2125 et
225 2096 386 2132 incorrupta
400 2102 490 2124 mente
507 2103 616 2129 eorum,
639 2096 687 2131 qui
709 2103 739 2124 se
755 2099 828 2124 recte
851 2101 951 2131 gerunt
969 2106 976 2124 :

185 2141 322 2177 quomodo
338 2142 372 2173 is,
392 2141 440 2176 qui
462 2149 536 2168 nunc
551 2142 677 2169 Oratione
694 2141 848 2169 laudandus
862 2146 904 2169 est
916 2149 979 2177 pro-

185 2187 303 2223 positus,
317 2187 364 2223 qui
376 2187 544 2222 quotidianis
555 2187 759 2215 accessionibus
771 2187 894 2216 ascendit
907 2193 978 2217 totas

185 2232 274 2260 scalas
290 2233 434 2264 virtutum,
452 2237 478 2260 et
494 2233 618 2267 pervenit
634 2233 668 2260 ad
682 2241 833 2262 summum.

219 2278 247 2305 2.
265 2277 321 2306 Sed
343 2281 462 2311 oportet,
487 2277 562 2310 huic,
586 2278 633 2314 qui
662 2286 710 2314 per
729 2283 815 2307 totam
831 2280 915 2307 vitam
948 2280 974 2307 in

186 2324 288 2352 virtute
307 2331 337 2352 se
351 2325 485 2356 exercuit,
501 2332 549 2352 eos
561 2326 607 2360 qui
627 2332 675 2360 per
692 2330 776 2352 totam
790 2326 875 2353 vitam
891 2326 919 2353 in
935 2327 977 2354 di-

186 2370 264 2397 cendi
276 2369 408 2397 facultate
423 2371 544 2398 studium
561 2375 721 2405 posuerunt,
739 2375 886 2399 contexere
900 2380 977 2400 coro.

186 2422 260 2448 nam,
277 2416 322 2450 qui
343 2415 454 2451 quidem
471 2420 537 2444 sunt
551 2417 645 2451 lingua
660 2417 725 2444 boni
749 2421 776 2444 ct
791 2421 918 2452 potentes
931 2426 938 2451 ;
950 2422 978 2445 et

187 2460 318 2488 admirari
339 2468 384 2488 res
401 2461 534 2496 praeclare
551 2466 579 2489 et
600 2466 675 2489 recte
698 2461 732 2489 ab
750 2468 783 2489 eo
807 2466 915 2497 gestas;
933 2470 977 2490 me

185 2510 276 2533 autem
292 2506 403 2534 silentio
418 2506 498 2543 longo
512 2514 543 2535 os
557 2515 648 2535 meum
664 2507 857 2543 comprimere,
878 2512 905 2535 et
925 2508 978 2536 lin-

187 2558 267 2586 guam
283 2551 395 2579 vinculo
403 2552 545 2580 continere
558 2560 565 2580 :
579 2556 606 2580 et
621 2552 686 2580 dum
702 2552 874 2580 aliioratoris
885 2553 976 2581 olIicio

186 2595 378 2631 ittngerentur,
395 2604 438 2624 me
453 2596 480 2624 in
491 2605 637 2625 numerum
651 2597 747 2625 reierri
761 2598 916 2626 auditorum
929 2608 936 2633 ;
950 2603 977 2627 et

185 2647 280 2668 eorum
305 2642 416 2676 quidem
436 2643 575 2670 revolvere
597 2644 769 2678 memoriam,
797 2652 914 2679 quorum
932 2646 975 2672 in-

187 2688 291 2721 spectio
301 2692 328 2715 et
336 2688 506 2723 experientia
517 2689 566 2724 (l),
578 2696 634 2716 non
645 2690 727 2726 longo
738 2690 839 2718 abhinc
853 2696 977 2726 tempore

187 2737 294 2767 poterat
313 2741 376 2761 esse
401 2735 547 2770 magistra,
574 2740 604 2763 ut
631 2736 738 2764 veritati
755 2744 862 2771 possem
883 2745 975 2766 verum

186 2784 216 2806 et
241 2780 350 2808 ﬁrmum
379 2780 452 2808 ferre
480 2781 684 2814 testimonium;
709 2790 806 2811 eorum
825 2791 888 2812 vero
915 2792 978 2820 quat

1029 1421 1192 1456 ignorantur
1210 1419 1368 1447 narratione
1382 1428 1431 1454 per
1441 1421 1595 1448 orationem
1606 1421 1747 1456 percipere
1769 1430 1817 1450 co-

1028 1468 1179 1503 gnitionem
1193 1475 1200 1493 :
1218 1474 1275 1494 non
1287 1471 1376 1493 autem
1399 1467 1489 1502 lingua
1502 1467 1649 1500 inerudita,
1664 1472 1691 1494 et
1705 1468 1818 1503 aegritu-

1027 1513 1099 1541 dinis
1118 1512 1203 1539 animi
1228 1511 1301 1539 nube
1328 1511 1443 1539 confusa
1471 1517 1572 1544 mente,
1598 1513 1708 1548 aggredi
1737 1518 1819 1542 tantae

1026 1559 1066 1586 rei
1082 1557 1309 1594 magnitudinem,
1330 1557 1471 1584 timentem
1483 1557 1652 1592 periculum,
1671 1559 1743 1593 quod
1766 1560 1818 1586 im-

1027 1606 1112 1633 minet
1128 1605 1173 1637 iis,
1191 1605 1238 1640 qui
1257 1604 1413 1639 suscipiunt
1431 1611 1463 1631 ea
1479 1612 1541 1639 qua:
1553 1609 1619 1632 sunt
1632 1613 1715 1640 supra
1730 1605 1817 1633 vires.

1026 1652 1128 1680 Natura
1140 1652 1214 1679 enim
1232 1651 1267 1678 ita
1283 1655 1326 1678 est
1339 1655 1542 1690 comparatum,
1560 1655 1590 1678 ut
1607 1652 1690 1679 verba
1706 1659 1750 1679 res
1764 1660 1821 1685 non

1026 1699 1130 1734 possint
1149 1697 1275 1732 assequi.
1295 1697 1347 1725 llic
1363 1701 1454 1724 autem
1470 1704 1556 1729 nunc,
1570 1696 1615 1724 ubi
1640 1701 1668 1724 et
1689 1697 1820 1732 longissi-

1027 1752 1101 1772 mum
1120 1748 1227 1778 tempus
1241 1743 1397 1770 dimensum
1418 1746 1461 1770 est
1476 1742 1617 1774 virtutem,
1635 1747 1662 1770 et
1675 1743 1821 1779 ﬂoridissi—

1028 1798 1102 1818 mum
1124 1794 1232 1825 pratum
1261 1789 1406 1817 imitantur
1430 1794 1502 1817 recte
1528 1789 1612 1822 facta,
1633 1797 1696 1817 cum
1726 1789 1820 1817 omnia

1027 1838 1146 1861 tractare
1166 1833 1242 1860 nulla
1267 1831 1374 1868 possint
1398 1833 1524 1866 ratione,
1544 1833 1645 1860 merito
1669 1832 1820 1868 refugiunt.

1027 1878 1121 1914 Neque
1136 1877 1209 1905 enim
1221 1885 1302 1906 suum
1318 1877 1468 1913 ingenium,
1485 1885 1536 1906 nec
1551 1885 1644 1906 rerum
1660 1878 1821 1915 ignorantes

1027 1923 1257 1960 magnitudinem,
1282 1927 1425 1959 sperantes
1449 1928 1540 1951 tamen
1557 1931 1587 1952 se
1606 1924 1698 1959 potius
1717 1920 1821 1959 aliquid

1027 1973 1201 2003 accepturos,
1216 1975 1298 2003 quam
1317 1967 1441 1999 daturos.
1463 1968 1624 1997 existimant
1643 1976 1672 1996 se
1687 1969 1820 1997 virtutum

1028 2014 1305 2049 magnitudinezessc
1319 2021 1398 2040 suam
1417 2014 1556 2041 celaturos
1574 2014 1791 2042 imbecillitatem
1810 2023 1818 2043 :

1029 2061 1166 2087 nemiuem
1183 2060 1256 2087 enim
1269 2060 1395 2094 judicare
1407 2060 1556 2091 orationes,
1578 2061 1762 2095 stupetactum
1779 2068 1822 2088 re-

1029 2113 1091 2133 rum
1107 2105 1303 2133 admiratione.
1317 2105 1501 2138 Quamobrem
1519 2109 1630 2140 sperant
1647 2105 1718 2138 l'ore,
1736 2110 1766 2132 ut
1781 2106 1820 2132 si-

1029 2153 1086 2180 mul
1100 2157 1128 2180 et
1144 2151 1260 2184 lateant,
1271 2156 1298 2178 et
1312 2150 1505 2185 pranlicentur,
1519 2150 1583 2177 dum
1600 2155 1710 2185 propter
1721 2151 1820 2178 horum

1029 2199 1230 2226 connexionem
1253 2198 1390 2225 habentur
1406 2197 1433 2223 in
1457 2195 1650 2223 admiratione.
1672 2195 1726 2223 Sed
1749 2204 1821 2231 quo-

992 2244 1014 2272 ο
1029 2246 1103 2273 niam
1117 2245 1226 2277 mentis,
1242 2244 1385 2280 quaeinter
1400 2251 1496 2270 omnes
1507 2243 1689 2278 principatum
1701 2243 1819 2276 obtinet,

1030 2292 1114 2320 vincit
1142 2290 1288 2322 sententia,
1312 2298 1373 2324 quae
1396 2293 1458 2324 post
1472 2289 1618 2323 exsequias
1635 2293 1729 2316 censet
1744 2289 1821 2323 justa

1030 2336 1103 2364 Patri
1119 2343 1181 2364 esse
1198 2335 1354 2367 tribuenda,
1375 2334 1421 2369 jus
1435 2334 1462 2361 in
1479 2334 1596 2361 dicendo
1606 2333 1700 2368 gratiae
1712 2334 1822 2361 univcr-

1031 2390 1093 2410 sum
1109 2382 1309 2417 permittentes,
1334 2380 1416 2415 (qum,
1439 2380 1491 2408 etsi
1520 2386 1632 2406 necesse
1652 2378 1687 2406 sit
1712 2379 1746 2406 ad
1766 2388 1820 2406 non

1029 2427 1150 2463 assequi,
1172 2427 1286 2454 omnino
1308 2426 1382 2461 quod
1405 2425 1496 2453 deﬁcit
1518 2424 1645 2460 adjiciet,
1666 2424 1707 2451 vel
1730 2425 1820 2459 potius

1028 2473 1147 2501 orationi
1173 2473 1307 2507 integram
1337 2471 1467 2506 prmbebit
1499 2470 1711 2505 correctionem)
1744 2478 1822 2497 accc-

1027 2520 1118 2548 dimus
1135 2518 1168 2546 ad
1189 2517 1389 2550 narrationem,
1407 2516 1489 2544 veluti
1500 2516 1640 2552 quoddam
1659 2515 1822 2543 fundamen-

1029 2571 1087 2593 tum
1098 2564 1213 2600 patriam
1229 2563 1318 2598 primo
1336 2562 1398 2590 loco
1417 2565 1560 2597 ponentes.

1350 2618 1466 2648 CAPUT
1483 2618 1504 2646 Ι.

1049 2680 1142 2709 Sancti
1154 2680 1264 2708 Antonii
1281 2683 1369 2712 ortus,
1384 2677 1530 2709 institutio,
1545 2676 1599 2705 vita
1618 2673 1785 2702 monachica.

1062 2739 1089 2766 5.
1105 2739 1158 2766 Sed
1172 2739 1268 2774 patriae
1282 2744 1310 2766 et
1325 2737 1462 2773 majorum
1476 2735 1576 2763 nollem
1592 2733 1685 2760 facere
1701 2733 1821 2760 mentio-

1033 2793 1096 2813 nem
1113 2794 1119 2812 :
1133 2785 1263 2820 quoniam
1281 2793 1331 2814 nec
1346 2783 1449 2818 aliquid
1462 2788 1569 2812 eorum,
1581 2787 1643 2814 quae
1655 2779 1689 2808 ad
1708 2786 1819 2808 carnem

220 2867 347 2909 (I)liinc
361 2875 446 2909 patet,
461 2878 516 2909 quo
542 2875 666 2907 tempore
694 2872 834 2908 scripserit
863 2872 934 2901 hanc
953 2874 1105 2902 orationem
1129 2872 1319 2909 Nicepltorus;
1340 2880 1402 2902 cum
1419 2879 1517 2909 nempe
1541 2871 1615 2901 haud
1647 2871 1751 2908 pridem
1779 2869 1821 2898 vi-

187 2911 250 2932 vere
266 2904 404 2934 Antonius
417 2906 553 2935 desiisset.
