2075 3157
244 197 296 230 183

829 203 1035 233 NICEPHORI
1058 205 1290 235 PHILOSOPHI

1816 204 1865 236 184

243 253 389 287 pertinent,
402 255 506 283 celesti
518 255 555 282 illi
566 260 593 283 et
601 257 693 284 carnis
703 257 901 292 propemodum
914 259 1029 293 experti,
1046 263 1068 290 Α
1082 260 1144 287 dam
1159 260 1344 294 possessione,
1371 267 1431 294 qua:
1447 266 1500 286 non
1519 260 1635 286 multum
1653 260 1747 288 aberat
1765 268 1780 287 a
1800 262 1868 288 civi-

243 303 271 326 et
284 299 331 334 qui
344 299 430 328 solam
450 306 563 328 noverat
579 301 694 336 patriam
710 309 858 337 supernam
878 303 1028 336 civitatem,

244 343 272 370 in
286 352 367 378 quam
385 345 457 372 cives
473 345 677 378 adsciscuntur,
693 348 739 382 qu'i
759 352 825 375 sunt
839 348 949 376 virtutis
964 356 1031 383 ope-

244 394 360 423 ratores,
390 391 493 418 scimus
523 391 609 419 fuisse
637 393 791 427 proprium.
813 394 865 421 Sed
898 395 1029 429 quoniam

243 443 317 466 eum.
331 435 378 470 qui
392 440 503 471 propter
531 444 580 464 nos
597 446 696 465 massae
720 444 820 466 nostra:
845 441 1031 475 assumptione

244 480 331 508 factus
348 486 391 508 est
408 482 480 509 sicut
497 490 558 515 uos,
575 476 697 511 universi
716 484 842 519 opificem
865 485 990 512 videmus
1005 491 1033 512 et

243 526 401 559 Dominum,
413 527 558 555 admisisse
570 529 685 563 patriam
699 534 725 556 et
740 529 867 564 majores,
879 535 906 558 et
922 530 1031 558 humilis

246 571 403 600 Bethlehem
424 573 641 609 magnitudinem
657 575 732 602 omni
757 575 849 609 lingua
865 576 1031 610 praedicari;

245 625 295 645 nec
309 618 336 644 in
349 624 446 646 sancto
460 627 570 654 quoque
585 619 716 647 Pontificc
731 619 771 648 fas
787 628 848 648 esse
866 622 947 648 statui
964 630 1033 656 pra:-

245 663 396 692 termittere
420 674 427 692 :
455 665 500 692 sed
518 666 545 692 in
564 673 596 693 eo
615 666 706 700 potius
728 666 850 701 jucunde
880 667 1031 700 immorari,

247 709 385 737 reddendo
399 710 603 744 quodammodo
620 712 734 745 gratiam
762 712 963 740 alimentorum.
980 713 1033 740 Sed

247 754 275 781 in
291 754 353 782 aliis
368 755 478 790 quidem
496 755 615 784 fortasse
633 757 719 791 patria
736 763 764 785 et
776 765 862 793 genus
881 759 1033 794 proposita,

248 800 357 827 laudem
373 808 405 828 ex
431 805 490 829 arte
514 801 646 836 afferunt;
662 803 689 830 in
712 810 745 830 eo
768 808 871 837 autem,
887 804 921 831 de
937 812 993 839 quo
1007 805 1033 833 in

247 847 392 881 prmscntia
416 847 534 882 agimus,
563 853 659 883 partus
679 849 770 883 potius
799 850 849 883 iis,
877 858 909 877 es
936 850 1035 885 quibus

249 896 326 920 ortus
342 898 393 925 est,
411 892 494 920 donat
517 893 631 927 gloriam
658 894 850 927 immortalem,
869 895 975 922 inferne
992 903 1035 922 re-

248 939 360 966 mittens
386 939 568 973 splendorem.
598 939 723 967 similiter
741 940 873 968 solarium
898 941 1033 968 radiorum

247 984 525 1012 reverberationibus.
553 984 645 1012 Patria
671 993 746 1021 ergo,
763 994 824 1021 quae
837 987 873 1013 sit
896 994 961 1018 una,
980 994 1034 1013 non

248 1034 338 1064 potest
354 1031 479 1058 inveniri.
497 1030 566 1058 Nam
589 1031 654 1058 Asia
674 1031 784 1066 quidem
800 1036 826 1059 et
841 1033 952 1067 Europa
978 1033 1036 1067 glo-

249 1076 319 1104 riam
335 1077 407 1104 inter
424 1084 454 1104 se
475 1077 612 1112 partitur:
629 1077 685 1105 inec
701 1078 810 1113 quidem
825 1082 937 1113 propter
951 1078 1037 1105 Thra-

249 1121 332 1154 ciam,
347 1121 393 1148 illa
407 1128 474 1149 vero
494 1126 604 1157 propter
622 1121 781 1158 Phrygiam,
802 1123 863 1157 ejus
879 1127 969 1150 ortum
984 1123 1036 1150 sibi

250 1167 429 1194 vindicantes.
447 1167 515 1194 Cum
538 1174 582 1195 res
597 1172 688 1194 autem
707 1167 741 1194 sit
763 1167 833 1195 inter
849 1175 897 1195 eos
923 1173 1037 1195 contro-

251 1220 342 1245 versa,
365 1217 478 1248 apparet
501 1212 556 1240 alia
588 1215 667 1240 tertia
694 1214 794 1248 patria,
819 1220 916 1249 nempe
944 1214 1037 1248 regina

252 1261 375 1294 urbium,
391 1268 452 1295 quae
476 1260 557 1287 etiam
580 1267 643 1287 eum
668 1260 745 1293 aluit,
762 1260 835 1287 ulnis
860 1261 918 1288 suis
933 1261 1037 1294 ample-

252 1312 341 1338 ctens,
365 1298 399 1333 ex
416 1313 471 1340 quo
488 1305 545 1333 fere
566 1313 581 1333 a
595 1305 746 1340 puerilibus
761 1305 855 1333 fasciis
870 1313 931 1333 cum
950 1307 1037 1333 evolvi

253 1351 378 1387 contigit,
401 1351 493 1386 utqui
513 1351 539 1378 ei
563 1356 657 1386 postea
675 1351 785 1378 futurus
808 1355 881 1378 essm
903 1352 987 1379 decus
1012 1356 1039 1378 et

252 1401 455 1424 ornamentum.
472 1396 504 1423 Et
518 1396 576 1424 haec
589 1396 711 1431 quidem,
727 1401 820 1431 utpote
834 1401 925 1431 caput,
944 1397 969 1424 ci
997 1396 1039 1424 fa-

252 1443 304 1470 cile
318 1446 345 1470 ct
357 1447 483 1478 prompto
497 1443 590 1470 animo
605 1443 686 1475 cedit,
702 1450 815 1478 sperans
831 1443 889 1471 fore
917 1448 946 1471 ut
963 1444 1038 1471 frua-

252 1493 298 1516 tur
312 1488 409 1524 gloria.
433 1489 498 1516 Asia
522 1496 587 1516 vero
603 1496 674 1524 :rgrc
699 1488 752 1516 fert
776 1489 897 1524 quidem,
914 1490 962 1517 sed
984 1498 1037 1518 non

253 1542 339 1569 usque
353 1534 387 1562 ad
412 1534 618 1562 immoderatam
646 1534 734 1561 fertur
759 1535 960 1562 contentionem
982 1544 988 1562 :
1009 1543 1040 1563 se

1084 311 1148 338 tate,
1166 307 1193 333 in
1210 314 1264 340 qua
1292 305 1462 336 habitabant,
1481 306 1602 333 urbanos
1619 306 1765 339 tumultus,
1787 311 1814 333 et
1829 307 1868 341 (Ξ)

1083 350 1336 382 Icouomachorum,
1350 357 1410 384 qua;
1433 355 1496 376 tunc
1519 349 1649 383 vigebat”
1667 350 1769 376 rabiem
1786 350 1870 377 decli-

1083 399 1188 426 nantes,
1214 395 1240 421 in
1253 395 1340 421 lucem
1367 394 1469 425 editus,
1494 394 1581 428 magis
1605 393 1705 428 pietate
1731 393 1868 426 alebatur,

1081 448 1163 475 quam
1181 440 1262 467 lacte.
1285 440 1352 466 Cum
1369 443 1459 466 autent
1475 438 1531 472 jam
1554 438 1702 473 incepisset
1722 438 1867 471 balbutire,

1082 485 1241 521 parentibus
1254 484 1404 520 jucundam
1428 483 1556 511 exhibuit
1572 483 1792 511 admirationem.
1808 483 1871 511 Bal-

1084 531 1197 558 butienti
1214 531 1287 558 enim
1304 530 1403 565 linguae
1427 530 1495 556 nihil
1510 529 1567 557 fere
1583 529 1657 556 aliud
1670 529 1808 564 praebebat
1829 530 1871 556 lo-

1083 575 1233 615 quendum,
1262 576 1313 603 nisi
1342 582 1514 610 qumcunque
1545 578 1624 602 erant
1652 575 1760 610 mystici
1784 577 1870 602 nostri

1083 622 1182 654 cultus,
1201 626 1334 656 quantum
1352 629 1366 647 a
1390 620 1465 647 molli
1496 624 1523 647 et
1541 624 1634 647 tenera
1671 620 1747 654 pueri
1772 624 1870 646 natura

1083 671 1173 702 potest
1186 667 1300 702 exprimi
1311 671 1338 693 et
1348 674 1363 693 e
1377 666 1461 693 labris
1471 666 1597 700 progredi
1620 674 1625 692 :
1639 670 1663 693 et
1675 666 1726 692 hoc
1738 658 1869 700 paulatim

1084 720 1210 740 crescens
1236 720 1299 740 cum
1327 717 1476 747 augmento
1505 711 1649 746 corporis,
1677 711 1759 738 simul
1788 712 1870 738 etiam

1084 764 1253 789 crescentem
1267 757 1387 785 habebat
1407 757 1617 784 admirationem
1635 765 1642 783 ι
1659 761 1687 784 et
1712 757 1871 794 quicunque

1085 806 1111 833 id
1131 805 1251 838 videbat,
1269 808 1327 831 erat
1342 803 1474 839 propheta
1492 803 1586 830 futuri.

1119 851 1147 879 5.
1163 850 1231 878 Cum
1258 848 1292 877 ad
1310 849 1436 884 quintutn
1458 852 1548 876 autent
1565 855 1667 874 artuum
1687 848 1868 882 pervenisset,

1087 897 1251 924 Litterarum
1271 895 1371 930 ﬁguras
1388 894 1484 922 doctus
1508 902 1522 921 a
1543 897 1638 921 sancto
1652 893 1754 928 Spiritu
1772 894 1871 928 (neque

1087 942 1160 969 enim
1175 941 1269 969 venire
1290 940 1323 966 ad
1344 939 1399 966 ludi
1411 939 1583 974 magistrum,
1599 947 1748 974 puerorum
1765 940 1871 967 irrisio-

1087 994 1135 1014 ncs
1147 993 1173 1014 et
1189 986 1258 1013 alias
1278 985 1398 1021 pueriles
1409 985 1526 1020 ineptias
1539 985 1690 1017 declinans.
1704 986 1731 1012 in
1748 985 1870 1013 animum

1087 1032 1207 1068 induxit)
1223 1039 1320 1060 omnes
1341 1039 1434 1059 sacras
1449 1031 1597 1064 orationes,
1617 1032 1808 1066 matria-equa:
1818 1039 1872 1059 non

1088 1079 1210 1114 mystica:
1227 1082 1377 1106 aesecreto
1395 1077 1518 1112 prolatae,
1545 1077 1661 1105 sacrifici
1689 1085 1753 1105 voce
1777 1085 1873 1112 perve~

1088 1125 1169 1151 niuut
1186 1123 1219 1151 ad
1245 1130 1326 1150 aures
1342 1129 1450 1155 eorum,
1470 1122 1516 1157 qui
1547 1122 1703 1155 initiantur,
1734 1123 1874 1158 ingeniose

1089 1168 1245 1195 memoriter
1269 1167 1466 1202 pronuntians;
1481 1167 1514 1194 de
1533 1172 1631 1194 caucro
1646 1168 1727 1195 etiam
1743 1176 1787 1195 res
1800 1168 1873 1203 ipsas

1089 1214 1248 1241 imitabatur
1259 1220 1291 1240 ac
1306 1213 1530 1247 repraesentabat,
1547 1221 1648 1248 panem
1667 1221 1835 1248 proponens,
1846 1220 1874 1241 ct

1089 1267 1171 1286 manu
1188 1263 1283 1286 tenens
1297 1258 1467 1285 thuribnlum
1487 1267 1495 1285 :
1510 1259 1623 1293 perinde
1636 1266 1668 1286 ac
1682 1260 1704 1286 si
1724 1267 1777 1287 non
1792 1260 1874 1287 susti-

1089 1311 1166 1332 neret
1179 1313 1256 1332 sacra
1272 1305 1374 1337 anima,
1390 1312 1445 1340 quo
1467 1305 1560 1332 minus
1575 1305 1657 1332 etiam
1673 1306 1699 1332 in
1719 1306 1872 1341 imperfecta

1088 1355 1167 1378 aetate
1186 1355 1348 1385 operaretur
1370 1358 1413 1377 res
1428 1350 1544 1381 divinas,
1563 1355 1590 1377 et
1604 1355 1667 1378 ante
1689 1356 1796 1386 tempus
1813 1359 1874 1387 per-

1090 1396 1215 1423 fectionis
1225 1403 1256 1423 ea
1275 1403 1335 1430 qua:
1347 1395 1381 1422 ad
1395 1395 1589 1430 perfectionem
1605 1397 1741 1431 pertinent
1759 1397 1873 1424 inchoa-

1089 1446 1152 1469 ret:
1177 1446 1204 1469 et
1223 1446 1402 1468 sacrosancto
1425 1449 1509 1475 puero
1533 1449 1582 1476 pro
1604 1442 1701 1476 quovis
1724 1442 1789 1469 lttdo
1815 1447 1874 1469 erat

1089 1495 1158 1522 optts
1173 1491 1199 1514 et
1211 1486 1343 1518 studium,
1360 1494 1456 1520 parum
1471 1486 1580 1520 quidem
1596 1491 1710 1513 matrem
1723 1486 1873 1519 comitanti,

1090 1539 1188 1567 magna
1205 1536 1295 1560 autem
1313 1539 1346 1559 ex
1374 1537 1449 1567 parte
1474 1532 1500 1559 in
1525 1532 1568 1559 his
1592 1539 1716 1559 seorsum
1731 1537 1873 1566 occupato.

251 1581 352 1615 reginae
365 1585 456 1609 autem
469 1580 644 1612 submittens,
656 1585 683 1607 et
693 1580 827 1615 majorum
840 1580 900 1616 ejus
911 1586 1037 1608 contenta
1053 1589 1075 1620 ρ
1091 1578 1237 1613 Postquam
1252 1585 1317 1606 vero
1338 1578 1383 1605 illa
1404 1578 1437 1605 ad
1456 1578 1574 1611 beatam,
1591 1582 1618 1605 et
1637 1585 1698 1612 quae
1722 1586 1874 1612 numquam

252 1626 350 1661 gloria,
370 1634 385 1653 a
407 1626 508 1661 quibus
535 1632 600 1654 sunt
625 1626 688 1653 huic
714 1626 803 1654 fontes
830 1627 1037 1661 generationis:

251 1680 321 1707 quos
337 1680 423 1707 genus
443 1673 574 1700 ducentes
590 1680 622 1699 cx
647 1671 777 1707 Phrygia,
799 1677 909 1707 propter
926 1681 1039 1700 mttnera

253 1716 439 1751 imperatoria.
457 1724 518 1751 qum
533 1716 661 1744 obierunt
678 1717 706 1743 in
722 1716 844 1744 exercitu
858 1717 1038 1752 imperatoris,

252 1762 349 1789 habuit
368 1763 460 1797 regina
475 1763 585 1790 urbium
611 1762 789 1793 habitatores.
820 1763 914 1791 animo
929 1764 1039 1798 quidem

254 1808 350 1840 fortes,
367 1807 452 1835 fortes
466 1812 556 1835 autem
576 1815 702 1843 corpore,
721 1812 748 1835 et
763 1808 838 1842 ejus,
855 1809 902 1844 qui
919 1817 951 1836 ex
974 1809 1040 1844 ipsis

252 1857 314 1881 erat
327 1853 489 1889 gignendus,
514 1853 589 1888 prius
606 1853 632 1880 in
648 1861 678 1880 se
691 1853 878 1882 describentes
904 1853 1041 1882 fortitudi-

254 1907 316 1928 nem
330 1903 426 1927 contra
440 1899 505 1927 vitia
518 1903 546 1927 et
556 1899 752 1927 constantiam.

290 1946 318 1973 ι.
333 1945 353 1971 A
370 1945 471 1980 quibus
482 1949 560 1973 ortus
574 1944 658 1980 hujus
670 1950 746 1980 pater
758 1946 792 1973 ab
803 1946 870 1981 ipsis
884 1947 1041 1981 parentibus

254 1991 288 2018 ab
305 1991 415 2018 ineunte
429 1994 520 2023 aetate,
548 1985 680 2025 tanquam
698 1991 818 2024 Samuel,
835 1995 862 2018 ct
878 1991 972 2019 habitu
994 1991 1041 2019 Dei

255 2036 323 2064 sorti
337 2035 480 2063 dedicatur
494 2040 521 2063 et
532 2043 562 2063 re
575 2035 633 2070 ipsa
648 2044 655 2062 :
668 2040 696 2062 et
710 2035 744 2063 ad
764 2036 871 2071 generis
886 2037 1041 2064 successio-

255 2087 318 2107 nent
335 2079 394 2115 lege
409 2079 577 2107 matrimonii
594 2079 770 2115 conjungitur
783 2080 901 2112 mulieri,
921 2081 1041 2108 honestae

255 2126 364 2162 quidem
378 2126 482 2158 animo,
494 2126 616 2154 honesta:
633 2133 696 2153 vero
719 2126 848 2154 omnibus
864 2127 998 2158 moribus.
1014 2131 1042 2155 et

254 2171 381 2205 corporis
407 2171 500 2206 specie
534 2178 587 2198 non
616 2171 745 2198 afferente
767 2171 885 2200 dedecus
906 2173 1040 2200 nobilitati

255 2216 356 2243 animae
371 2225 378 2243 :
399 2220 427 2242 et
437 2223 509 2250 quae,
529 2219 558 2242 ut
575 2215 660 2243 semel
677 2215 776 2248 dicam,
795 2216 880 2243 animi
894 2221 921 2244 et
945 2224 1042 2251 corpo-

1090 1626 1220 1657 senescit,
1244 1626 1371 1660 migravit
1386 1625 1583 1656 Increditatem,
1602 1632 1664 1652 cum
1687 1629 1762 1659 patre
1782 1632 1876 1652 versa-

1090 1672 1170 1698 batur
1180 1677 1256 1703 tunc,
1275 1679 1304 1698 se
1317 1678 1449 1698 exercens
1463 1670 1489 1696 in
1502 1669 1735 1697 sacrisdiscendis
1751 1669 1875 1704 psalmis.

1090 1717 1194 1752 ingenii
1236 1721 1326 1744 autem
1353 1716 1500 1748 felicitate,
1527 1716 1734 1750 intelligentiam
1766 1716 1874 1750 quidem

1091 1771 1173 1798 quam
1189 1770 1236 1797 pro
1248 1767 1326 1789 a-tate
1339 1762 1482 1796 majorem,
1495 1761 1671 1788 maturiorem
1687 1766 1776 1787 autem
1793 1767 1875 1794 quam

1091 1815 1141 1843 pro
1168 1812 1288 1842 tempore
1314 1807 1402 1833 aetatis
1432 1807 1513 1833 dabat
1542 1805 1716 1840 spectandam
1744 1809 1875 1831 staturam

1091 1853 1225 1888 corporis,
1253 1856 1374 1879 mentem
1390 1859 1454 1878 vero
1473 1851 1544 1886 ejus,
1564 1851 1636 1886 quod
1665 1855 1708 1878 est
1727 1851 1830 1877 bonum
1849 1856 1877 1877 et

1092 1898 1249 1930 honestum,
1273 1897 1443 1931 capaciorem
1459 1903 1541 1930 quam
1567 1898 1699 1929 quantum
1730 1899 1877 1922 consenta-

1092 1950 1173 1970 neum
1212 1946 1286 1970 esset
1325 1946 1471 1976 utrumque
1499 1941 1643 1968 admittere
1680 1940 1877 1967 dimensionem

1092 1988 1233 2023 temporis.

1127 2034 1153 2061 6.
1173 2034 1240 2061 Ilinc
1253 2041 1315 2062 cttm
1327 2032 1360 2061 ad
1371 2040 1470 2060 annum
1488 2032 1656 2067 pervenisset
1671 2032 1875 2062 duodecimum,
1897 2050 1899 2054 .

1091 2080 1125 2107 ad
1148 2088 1191 2107 res
1216 2079 1374 2114 diligentius
1395 2078 1609 2105 considerandas
1634 2085 1663 2104 se
1678 2077 1831 2111 applicans,
1850 2076 1877 2108 (ο

1092 2131 1210 2153 mentem
1238 2124 1381 2152 stabilem!
1398 2131 1414 2151 o
1439 2123 1542 2150 bonum
1567 2123 1768 2158 propositum!)
1791 2130 1876 2157 genus

1093 2172 1154 2198 vita:
1175 2171 1303 2198 discrevit
1321 2173 1349 2197 et
1366 2169 1448 2204 elegit
1467 2178 1473 2196 ε
1492 2169 1608 2203 aliisque
1632 2168 1749 2202 rejectis,
1766 2168 1799 2194 ad
1817 2167 1876 2193 nio-

1093 2217 1225 2244 nasticam
1239 2216 1362 2248 intuens,
1377 2214 1508 2250 ﬂagrabat
1519 2214 1676 2249 cupiditate.
1688 2213 1788 2240 Rerum
1803 2213 1876 2239 enim

256 2260 295 2287 ris
308 2260 428 2291 dotibus,
444 2260 554 2289 marito.
569 2260 616 2294 qui
640 2264 700 2287 erat
720 2260 747 2286 in
773 2260 898 2295 utrisque
913 2261 1038 2296 insignis,
1055 2256 1078 2285 Ι)
1094 2261 1228 2297 principia
1247 2269 1263 2288 a
1277 2261 1334 2288 line
1353 2260 1500 2295 dijudicata
1517 2259 1639 2295 praebent
1656 2264 1739 2285 tutam
1767 2258 1878 2285 electio-

258 2304 332 2331 nnlla
349 2304 375 2330 in
392 2311 421 2331 re
435 2308 495 2330 erat
518 2303 634 2330 inferior
655 2311 663 2330 :
679 2303 726 2331 sed
742 2308 802 2331 erat
824 2304 885 2339 biga
915 2305 1039 2340 insignis,

256 2349 319 2384 biga
332 2349 498 2382 veneranda,
519 2349 580 2384 biga
602 2357 661 2384 quae
680 2350 758 2376 beata
773 2350 937 2378 censebatur
951 2360 958 2377 :
974 2359 1041 2378 con-

255 2393 375 2429 jugium,
405 2394 479 2428 quod
506 2394 653 2420 multorutn
678 2394 774 2421 oculos
800 2395 976 2422 convertebat
1007 2395 1041 2423 ad

258 2439 486 2473 admirationem;
514 2447 610 2474 parum
637 2439 746 2474 quidem
779 2439 865 2472 carni,
894 2441 1040 2474 plurimum

258 2491 351 2513 autem
363 2484 418 2513 Deo
433 2486 538 2517 vivens,
554 2490 581 2512 et
596 2485 629 2512 iis
642 2493 703 2520 qua:
714 2492 777 2512 vere
791 2485 824 2512 ad
842 2485 925 2512 Deum
940 2485 1041 2518 ferunt,

257 2531 338 2559 factis
353 2535 380 2559 et
395 2531 477 2558 rectis
492 2531 665 2558 actionibus:
681 2538 730 2565 pro
744 2531 844 2565 quibus
865 2535 892 2558 ct
909 2539 956 2566 per
971 2539 1041 2566 quae,

259 2583 388 2613 tanquatn
414 2577 523 2612 aliquod
545 2577 688 2612 praemium
713 2577 833 2610 virtutis,
860 2577 964 2612 dignati
980 2582 1044 2604 sunt

260 2632 369 2652 sacrum
390 2623 512 2651 fructum
529 2624 693 2659 producere.
708 2623 759 2656 Qui
787 2623 814 2650 in
837 2628 958 2650 matcrna
974 2631 1044 2658 qna-

298 2695 337 2729 (2)
353 2693 600 2729 ιεοηοιῐιίιοζιοτυιην
614 2692 703 2729 rabies
718 2693 835 2729 primum
846 2700 861 2729 a
872 2692 961 2720 Leone
971 2693 1045 2720 lsau-

263 2731 320 2757 rico
344 2729 408 2764 imp.
423 2737 468 2756 an.
490 2728 555 2756 Chr.
571 2728 635 2761 726,
652 2728 757 2764 imperii
781 2728 824 2764 sui
841 2728 869 2758 9.
893 2729 1043 2764 suscitaia;

263 2773 308 2791 an.
324 2762 391 2796 τειξ
399 2764 451 2791 sub
462 2763 642 2791 Constantino
657 2768 683 2790 et
697 2763 781 2793 lreue.
793 2763 933 2790 adnitente
948 2762 977 2789 S.
991 2763 1044 2789 Ta-

262 2799 335 2825 rasio
351 2799 516 2832 patriarcha,
539 2805 677 2832 repressa:
693 2798 802 2825 demum
820 2805 865 2824 an.
878 2798 939 2828 8l3.
958 2798 1044 2832 impe-

263 2839 340 2860 rante
372 2832 461 2860 Leone
491 2835 610 2860 Aruleno
640 2832 797 2863 recruduit,
830 2832 969 2866 sa-viitque
994 2832 1045 2858 sub

264 2867 395 2894 Michaele
421 2867 515 2897 Balbo.
531 2872 558 2894 et
571 2868 651 2901 hujus
674 2868 729 2894 lilio
744 2867 912 2900 Thcuphilo;
935 2867 1044 2900 penitus

266 2902 396 2930 restincta
416 2901 544 2930 Michaelc
561 2902 622 2934 lli,
635 2907 662 2930 ct
684 2902 712 2929 S.
729 2902 870 2930 'I‘hcodora
889 2907 973 2928 matre
992 2902 1043 2928 im-

1096 2316 1157 2335 nem
1171 2307 1230 2343 ejus
1243 2307 1316 2342 quod
1331 2310 1373 2334 est
1388 2307 1497 2334 melius.
1516 2307 1575 2333 Non
1593 2306 1665 2332 enim
1680 2305 1752 2339 quod
1765 2311 1879 2339 propor-

1096 2354 1170 2381 tione
1179 2353 1250 2380 tetati
1265 2352 1453 2387 responderet,
1464 2351 1612 2386 procedens
1622 2351 1716 2378 habuit
1728 2350 1879 2385 judicium:

1097 2400 1143 2427 sed
1163 2399 1189 2426 in
1208 2399 1322 2434 juvenili
1346 2405 1462 2432 carpere
1481 2405 1577 2425 canam
1598 2397 1758 2424 ostendebat
1781 2395 1880 2422 intelli-

1097 2444 1226 2478 gentiam.
1241 2449 1288 2478 per
1296 2450 1327 2470 ea
1339 2449 1400 2477 quae
1407 2442 1580 2476 operabatur,
1593 2449 1671 2468 suam
1681 2448 1741 2467 cum
1753 2447 1796 2471 co,
1806 2439 1878 2474 quod

1094 2494 1136 2516 est
1153 2489 1253 2516 bonum
1275 2492 1302 2515 et
1317 2488 1474 2519 honestum,
1493 2487 1617 2514 indicans
1635 2485 1855 2520 conjunctionem
1871 2493 1878 2511 :

1095 2539 1122 2562 et
1138 2534 1181 2565 iis,
1202 2534 1234 2560 ad
1255 2540 1316 2568 qua:
1341 2540 1371 2560 se
1394 2532 1567 2565 extendebat,
1598 2531 1768 2566 significabat
1792 2531 1881 2557 incor-

1096 2584 1183 2614 rupta:
1211 2579 1309 2606 mentis
1336 2578 1511 2605 stabilitatem
1536 2587 1542 2604 :
1568 2582 1596 2604 et
1623 2577 1737 2612 gloriam
1770 2576 1879 2611 quidem

1096 2624 1262 2659 despiciens,
1283 2630 1414 2657 respuens
1433 2627 1523 2649 autem
1549 2621 1682 2657 quidquid
1710 2629 1763 2649 non
1777 2622 1830 2649 fert
1844 2620 1879 2647 ad

1095 2693 1266 2729 perantiburs,
1303 2692 1475 2729 quiVRemp,
1495 2701 1545 2729 an.
1572 2691 1877 2729 85l,__eapessive_runt.

1097 2726 1135 2756 illi
1164 2729 1192 2755 Η
1224 2726 1367 2755 ιηέὺτίειό
1397 2727 1426 2755 S.
1448 2726 1606 2755 Theodorus
1633 2726 1721 2753 Vitam
1750 2726 1877 2753 diximus.

1096 2763 1164 2790 Cum
1181 2768 1270 2790 autem
1288 2763 1376 2790 factus
1392 2762 1421 2789 fit
1436 2763 1592 2797 patriarcha
1608 2761 1742 2788 Antonius
1752 2769 1797 2788 an.
1813 2761 1877 2797 888,

1097 2799 1174 2825 seuilt
1187 2798 1243 2832 jatn
1265 2798 1306 2831 (ut
1326 2797 1426 2824 Meneta
1438 2796 1554 2831 habent)
1575 2802 1667 2832 gnate,
1685 2796 1880 2832 sexagenarius

1098 2830 1233 2865 fortassis,
1250 2830 1375 2866 sequitur
1390 2832 1461 2859 circa
1482 2832 1557 2858 initia
1574 2830 1717 2866 Theophili
1734 2831 1800 2866 imp.
1829 2837 1880 2856 na-

1099 2873 1154 2895 tum
1170 2868 1254 2895 fuisse
1269 2875 1341 2894 anno
1359 2866 1422 2899 828,
1440 2871 1486 2894 aut
1503 2866 1638 2901 sequenti.

1871 2923 1886 2940 Ἰ
