2075 3157
200 188 251 224 185

587 194 672 225 VITA
691 196 721 225 S.
743 174 901 227 ΑΝΤὸΝΙΙ
921 198 1077 227 CAULErE
1096 201 1346 232 PATRL’LRCI’LE
1366 205 1420 234 (ΣΡ.

1771 207 1822 240 186

197 250 294 282 Dcum,
308 240 402 297 elegit
427 256 498 282 eam,
515 257 576 284 qua:
590 249 643 278 fert
667 251 700 278 ad
721 251 821 286 ipsum,
858 260 983 287 asperato
1000 258 1021 284 Λ
1037 255 1110 284 dedit
1133 258 1246 290 aditum,
1263 263 1293 285 ut
1319 260 1365 293 qui
1387 263 1515 294 tauquam
1542 261 1619 289 freno
1644 262 1737 297 aliquo
1760 271 1820 290 eam

196 296 318 330 quidem,
334 295 380 322 sed
398 302 582 330 quaestuosum
600 297 681 330 viam,
698 302 725 324 et
743 305 804 332 quae
818 298 875 325 sola
895 304 983 332 potest

197 343 284 369 bonos
301 346 470 369 mercatores
488 343 674 370 transmittere
689 343 722 370 ad
747 344 819 370 illam
842 352 905 371 vere
921 352 983 379 pre-

198 389 296 415 tiosam
325 387 511 422 margaritam.
540 388 650 415 Sciebat
674 389 745 416 enim
773 389 865 416 divino
890 397 983 417 amore

197 434 273 468 prius
289 440 367 468 capta
385 433 488 465 anima,
507 433 539 460 ad
555 433 581 460 id
594 434 695 467 solum,
712 435 784 468 quod
800 435 980 468 desideratur,

195 480 309 506 omnino
334 479 509 512 contendere,
534 483 561 506 et
586 479 679 506 omnia
695 480 762 506 nihil
782 480 891 512 ducere,
921 489 982 516 qua:

197 524 265 551 nihil
283 523 383 551 faciunt
398 524 431 550 ad
447 524 473 551 id
492 525 564 558 quod
583 526 724 559 quaeritur.
743 525 819 558 Quod
840 527 911 553 enim
924 531 981 554 toto

195 571 289 598 animo
303 570 418 597 electum
436 574 477 597 est
492 570 526 597 ad
541 571 761 604 acquisitionem,
776 576 817 598 est
829 572 935 599 liruuun
950 581 982 601 ac

195 615 294 642 stabile
307 623 314 641 :
330 615 403 650 quod
417 620 507 642 autem
523 619 564 642 est
577 615 690 642 tirmiter
702 616 879 650 acquisitum,
894 625 981 651 prom~

194 664 270 694 ptum
286 664 328 687 est
342 660 374 686 ad
390 660 620 688 conservandum.
638 661 688 693 Qui
707 663 780 689 enim
796 664 879 690 semel
893 663 981 691 fuerat

195 705 324 731 incitatus
337 705 368 731 ad
385 705 411 731 id
428 705 502 739 quod
517 709 558 732 est
569 705 723 738 honestum,
741 711 868 741 tanquam
882 709 916 736 ab
931 709 980 736 ali-

193 757 250 783 quo
265 757 377 776 carcere
390 757 405 776 a
417 750 516 777 virtute
530 755 684 785 parentum,
703 757 833 786 perpetuo
842 754 980 782 ferebatur

192 797 305 831 impetu,
328 796 410 824 Deum
427 804 562 831 quaerens.
578 803 605 824 et
616 798 648 825 ad
661 801 749 833 ipsntn
766 801 942 829 contendens.

231 841 258 869 7.
277 840 379 869 Dehinc
392 841 536 869 deducitur
547 843 579 869 ad
591 843 679 870 virum
695 848 832 875 sanctum,
847 846 893 879 qui
912 853 978 880 prte-

191 889 250 910 erat
263 891 343 912 saero
356 885 534 918 monaSterio,
548 890 576 913 et
588 891 646 913 erat
661 887 776 922 insignis
792 889 891 916 virtute
908 899 914 916 :
934 890 977 917 cui

191 938 319 965 magnam
334 931 493 965 aequirebat
508 933 623 966 gloriam
644 934 718 970 actio
732 939 759 961 et
774 936 977 969 contemplatio,

191 983 253 1010 qua:
266 977 391 1011 corporis
414 981 441 1004 et
465 978 563 1004 animze
586 982 676 1006 motus
696 978 904 1013 dispertiebant.
925 981 978 1013 Qui

193 1029 256 1048 cum
272 1028 334 1048 eum
349 1022 440 1048 statim
459 1022 509 1049 sibi
525 1022 725 1056 coniunxisset,
740 1027 778 1056 et,
796 1029 825 1051 ut
838 1032 899 1060 qum
918 1033 978 1053 esse

190 1071 280 1100 potest
301 1067 327 1093 in
342 1067 452 1101 juvene,
472 1067 600 1095 virtutem
624 1069 796 1102 praevideret,
826 1077 889 1097 eum
927 1075 979 1098 tra-

189 1111 268 1138 duxit
289 1112 323 1138 ad
341 1120 421 1138 suum
450 1112 574 1140 habitum
602 1118 629 1141 et
652 1114 782 1142 amictum
811 1123 819 1143 :
847 1121 976 1151 tanquam

189 1158 308 1192 quadam
317 1159 409 1185 tabula
421 1159 444 1185 ei
459 1160 517 1186 suis
529 1161 677 1194 propositis
688 1161 847 1194 virtutibus,
860 1170 978 1198 eumque

190 1212 243 1231 suo
255 1204 379 1238 exemplo
392 1203 555 1238 informans,
572 1206 644 1234 facto
655 1207 746 1241 potius
759 1215 840 1242 quam
851 1216 978 1237 sermone

189 1250 241 1277 fuit
254 1250 279 1277 ei
295 1250 391 1278 doctor
410 1251 542 1278 bonarqu
557 1252 776 1288 disciplinarum.
792 1254 813 1281 A
830 1262 887 1289 quo
901 1263 978 1283 exer-

187 1299 288 1325 citatus
308 1298 335 1324 in
349 1298 416 1325 orbe
437 1299 654 1333 disciplinarum,
671 1301 782 1328 attraxit
796 1301 875 1329 dulce
891 1301 978 1329 fluen-

188 1350 245 1371 tqu
270 1345 421 1371 divinarum
448 1343 667 1380 Scripturarum,
693 1351 812 1374 externae
836 1348 978 1375 ebrietatis

186 1391 327 1426 crapulam
354 1391 488 1426 repellens
513 1391 562 1418 illo
580 1392 758 1420 institutore:
775 1397 803 1420 et
825 1393 858 1421 de
878 1399 977 1422 cretero

187 1444 328 1470 nunquam
344 1444 505 1469 conversus,
519 1437 643 1464 admovet
665 1445 777 1465 manum
791 1443 881 1466 aratro
898 1447 977 1466 exer-

187 1481 337 1512 citationis,
363 1480 516 1515 profundos
538 1481 719 1516 proscindens
740 1483 834 1509 sulcos
857 1483 976 1516 virtutis,

186 1531 213 1553 ct
236 1527 269 1553 ad
286 1526 395 1555 fructus
411 1527 539 1554 ferendos
557 1532 628 1555 recte
642 1535 807 1562 praeparans.
824 1528 859 1555 Et
883 1534 978 1557 noctes

188 1572 302 1606 quidem
322 1572 458 1599 habebant
473 1572 593 1608 linguam
610 1572 737 1607 precibus
749 1577 776 1599 et
797 1573 907 1608 hymnis
930 1581 976 1600 va-

186 1623 306 1651 cantem,
337 1623 365 1645 et
382 1618 536 1645 divinarum
568 1625 660 1645 rerum
699 1618 888 1652 meditationi;
917 1619 976 1646 dies

188 1669 280 1691 autem
305 1671 404 1690 manus
421 1663 598 1691 vehementer
623 1664 803 1692 inservientes
830 1664 864 1691 iis
877 1665 922 1699 qui
936 1665 975 1692 si-

188 1708 244 1735 mul
258 1716 320 1735 cum
346 1716 380 1735 eo
403 1709 615 1736 exercebantur.
634 1710 736 1744 Aperte
757 1710 829 1736 enim
861 1710 973 1744 sciebat,

187 1754 260 1789 quod
278 1755 323 1782 alii
336 1755 444 1782 labores
461 1763 590 1789 magunum
607 1755 729 1790 quidem,
751 1756 860 1790 (quidni
872 1757 974 1791 enim?)

187 1801 235 1827 sed
252 1808 304 1828 non
325 1805 429 1828 tantum
445 1801 551 1828 lucrum
569 1800 708 1836 prmbent;
733 1801 778 1835 qui
802 1806 892 1828 autern
908 1809 975 1829 con-

187 1846 312 1874 feruntur
336 1846 371 1873 ad
395 1846 521 1881 proximo
546 1845 763 1878 deserviendum,
796 1846 973 1881 multiplicem

188 1891 306 1918 fructum
328 1891 458 1924 ferentes,
477 1892 549 1926 quod
567 1899 582 1918 a
595 1891 650 1919 Deo
663 1892 756 1919 datum
771 1896 811 1920 est
827 1893 974 1927 unicuique

187 1939 329 1969 talentum,
354 1938 544 1972 multiplicant,
562 1938 641 1973 cujus
661 1946 768 1966 summa
787 1944 829 1967 est
843 1939 972 1974 Charitas,

186 1992 246 2018 quae
264 1989 307 2011 est
326 1983 391 2015 fons,
404 1984 536 2011 bonorum
555 1991 589 2010 :a
604 1991 659 2019 quo
676 1985 724 2019 qui
736 1985 831 2013 sordes
841 1986 973 2021 abstergit

186 2029 261 2056 rivus
277 2028 426 2063 proﬂuens,
443 2029 601 2064 splendidos
622 2029 764 2064 splendide
783 2029 837 2057 Deo
850 2031 932 2064 sistit,
947 2031 973 2058 id

185 2074 258 2108 quod
274 2078 316 2101 est
325 2074 359 2101 ad
382 2074 442 2107 eius
457 2074 616 2109 imaginem,
632 2075 724 2101 divina
743 2075 895 2102 imitatione
925 2083 973 2110 per

185 2121 453 2148 commiserationem
485 2121 646 2149 describens
682 2122 839 2150 indelebile.
866 2123 973 2158 Optime

185 2166 258 2192 enim
275 2165 345 2200 apud
361 2173 391 2193 se
404 2171 431 2193 et
447 2166 647 2200 sapientissime
668 2167 803 2199 dividens.
820 2168 889 2195 hanc
908 2169 973 2196 cha-

187 2211 293 2238 ritatem
323 2218 371 2246 per
398 2215 482 2238 totam
513 2212 596 2238 vitam
626 2212 752 2239 adhibuit
775 2214 896 2246 sociam,
924 2221 971 2247 per

992 929 1014 956 B

992 1589 1013 1618 Ο

1038 302 1190 336 repelleret.
1208 308 1234 329 et
1248 304 1362 337 pulchre
1374 305 1519 332 veheretur
1534 311 1560 332 et
1581 306 1699 334 ferretur
1714 308 1747 334 ad
1768 309 1823 335 vir—

1037 351 1131 374 tutum.
1150 347 1242 382 Neque
1255 349 1367 376 ontnino
1382 350 1484 385 aliquid
1501 351 1613 378 indulsit
1630 352 1783 387 cupiditati.
1807 361 1820 379 a

1038 393 1154 426 proximi
1179 397 1205 419 et
1228 393 1265 420 rei
1281 399 1381 421 creatae
1398 395 1531 422 charitate
1548 396 1692 423 traducens
1708 397 1740 423 ad
1756 397 1822 424 υσθ-

1035 442 1149 469 ct0rem,
1169 439 1240 472 quod
1259 439 1369 472 quidem
1386 445 1429 466 est
1446 440 1571 477 ultiutum
1596 442 1820 476 expetendorum,

1035 488 1062 510 et
1091 484 1209 518 primum
1238 484 1493 512 desideramlorum.
1526 487 1577 513 Per
1606 487 1677 514 hanc
1710 489 1822 515 minime

1035 530 1213 556 adulteratam
1241 531 1425 558 conservabat
1445 531 1645 565 liberalitatem,
1660 534 1693 560 ab
1711 533 1821 561 ineunte

1033 580 1113 602 aetate
1143 576 1278 609 repellens
1303 577 1471 603 contrariam
1495 577 1553 612 ejus
1577 578 1746 605 amre-tionem
1771 584 1821 605 :ct

1034 627 1097 646 cum
1121 620 1155 646 ab
1172 627 1202 647 ea
1227 621 1399 648 conciliatam
1427 629 1521 649 secum
1539 622 1707 650 habitantem
1725 625 1821 658 acqui-

1034 665 1127 692 siisset
1152 666 1433 699 commiseratiouem,
1452 667 1497 694 Dei
1524 669 1637 695 omnino
1664 669 1751 696 factus
1767 674 1818 697 est.

1035 710 1081 738 Sic
1100 718 1165 746 ergo
1181 718 1211 738 se
1236 716 1307 739 recte
1321 719 1418 747 gerens
1436 713 1471 739 ab
1487 713 1598 740 ineunte
1609 718 1698 747 aetate,
1716 719 1774 741 erat
1793 716 1818 742 in

1033 763 1080 783 ore
1094 757 1228 788 omnium,
1242 762 1270 784 et
1285 758 1462 785 convertebat
1473 759 1505 786 ad
1523 767 1552 786 se
1567 761 1690 786 omnium
1713 760 1819 787 oculos.

1068 801 1094 828 9.
1108 801 1168 829 Jam
1184 808 1274 830 autem
1287 803 1314 830 in
1328 804 1405 838 genis
1421 805 1532 832 florente
1548 805 1677 839 lanugine
1690 809 1719 832 et
1735 813 1816 832 coro-

1034 851 1117 874 nante
1132 848 1237 874 vultqu
1253 848 1364 882 plenum
1381 850 1479 884 gratia.
1500 842 1560 884 quae
1581 850 1607 876 in
1633 849 1738 884 agendo
1756 857 1818 876 ver-

1033 895 1119 922 satur,
1145 891 1325 926 philosophia:
1349 898 1457 927 pratum
1488 894 1514 920 iu
1545 901 1578 920 eo
1604 894 1685 922 simul
1705 894 1820 928 pulchre

1030 935 1151 968 florebat,
1167 942 1193 963 et
1218 937 1243 963 iu
1259 938 1340 964 corde
1355 938 1503 972 disponens
1525 939 1712 970 ascensiones,
1728 938 1818 971 perfe-

1029 982 1115 1009 ctiore
1139 983 1257 1009 consilio
1286 983 1448 1017 perfectiora
1485 985 1695 1018 aggrediebatur
1722 991 1816 1018 opera.

1028 1027 1209 1055 Consultabat
1236 1036 1311 1059 vero,
1340 1036 1394 1055 non
1421 1028 1513 1056 divina
1534 1037 1622 1061 musa,
1639 1037 1694 1056 non
1718 1029 1817 1056 Demo-

1029 1072 1138 1099 sthenis
1162 1077 1243 1100 utens
1282 1074 1474 1107 vehementia;
1505 1075 1553 1101 sed
1578 1074 1669 1101 divina
1697 1075 1814 1109 quadam

1028 1117 1172 1151 prudentia
1192 1123 1219 1144 et
1239 1118 1378 1146 hominem
1393 1119 1550 1154 superabat,
1568 1125 1594 1146 et
1621 1120 1722 1154 ubique
1740 1120 1816 1147 iuxe-

1028 1162 1120 1189 niebat
1142 1170 1268 1197 magnam
1284 1164 1498 1198 possessionem,
1522 1172 1590 1196 rem,
1608 1165 1731 1199 inquam,
1746 1165 1816 1192 divi-

1027 1215 1102 1241 nam,
1117 1216 1214 1243 nempe
1227 1217 1287 1244 quae
1303 1210 1368 1236 deos
1384 1209 1448 1237 facit
1462 1210 1632 1242 charitatem,
1667 1211 1708 1237 vel
1723 1210 1814 1244 potius

1028 1260 1110 1287 quam
1134 1253 1252 1280 habebat
1276 1253 1429 1288 proferens,
1456 1255 1490 1280 ad
1518 1262 1630 1288 scopum
1657 1253 1813 1286 ferebatur,

1027 1300 1159 1335 negotiali
1176 1300 1214 1335 (3)
1239 1299 1418 1334 Hermogenis
1435 1305 1493 1326 arte
1513 1299 1580 1326 nihil
1610 1299 1746 1334 indigens.
1763 1299 1814 1326 Per

1029 1346 1099 1374 hanc
1116 1346 1141 1373 ei
1157 1347 1252 1373 aderat
1275 1354 1382 1373 morum
1400 1346 1498 1373 leuitas
1509 1350 1536 1373 et
1549 1347 1712 1377 moderatio,
1727 1346 1815 1381 gravi-

1028 1396 1082 1424 tas,
1111 1392 1302 1424 mansuetudo,
1329 1391 1502 1426 simplicitas,
1529 1391 1661 1422 suavitas,
1680 1391 1814 1425 Serpentis

1029 1437 1174 1472 prudentia
1189 1441 1392 1470 contemperata
1412 1436 1546 1463 columba:
1562 1435 1728 1463 sinceritate.
1745 1435 1814 1462 liinc

1028 1483 1111 1510 etiam
1126 1483 1218 1514 liebat,
1236 1486 1265 1508 ut
1278 1482 1360 1509 sciret
1373 1489 1529 1508 mensuram
1544 1482 1680 1508 sermonis
1694 1486 1720 1508 et
1730 1481 1814 1508 silen-

1030 1529 1070 1561 tii,
1085 1533 1111 1556 et
1131 1532 1235 1555 motum
1261 1535 1369 1559 tnanus,
1389 1531 1414 1553 et
1432 1534 1554 1561 gressum
1569 1526 1655 1561 pedis,
1673 1530 1701 1553 et
1717 1531 1814 1561 gustus

1029 1582 1149 1606 carnum,
1164 1578 1190 1601 et
1204 1574 1353 1600 terminum
1370 1572 1457 1604 visus,
1479 1576 1506 1599 et
1522 1571 1656 1599 amussim
1672 1571 1812 1601 odoratus.

1029 1627 1054 1649 et
1074 1620 1227 1648 cautionem
1257 1619 1368 1647 auditus
1386 1628 1393 1646 :
1412 1623 1443 1646 ut
1462 1618 1489 1645 in
1523 1625 1590 1652 pura
1613 1621 1640 1645 et
1663 1617 1812 1646 secundum

1027 1673 1151 1695 naturam
1176 1666 1283 1701 specula
1312 1670 1434 1692 maneret
1450 1664 1564 1697 anima,
1593 1668 1620 1691 et
1646 1671 1701 1690 non
1725 1671 1811 1695 mors,

1026 1720 1122 1748 nempe
1140 1712 1162 1739 is
1182 1711 1228 1746 qui
1245 1719 1297 1739 suo
1314 1711 1400 1738 utitur
1415 1710 1540 1742 arbitrio,
1559 1717 1607 1744 per
1629 1709 1764 1736 fenestras
1777 1716 1790 1734 a
1804 1709 1809 1734 I

1025 1758 1112 1792 ipsam
1130 1756 1244 1784 latenter
1261 1756 1439 1786 ascenderet,
1456 1760 1485 1782 ut
1497 1759 1540 1781 est
1557 1754 1582 1781 in
1604 1752 1760 1787 proverbio.
1781 1751 1813 1778 Et

1024 1803 1058 1831 de
1071 1808 1170 1830 caetero
1185 1809 1269 1828 unum
1286 1807 1344 1828 erat
1358 1801 1383 1828 ei
1399 1800 1531 1833 studium,
1549 1804 1578 1826 ut
1595 1806 1706 1827 carnem
1723 1797 1813 1825 cliiee-

1025 1853 1066 1876 ret
1089 1847 1192 1875 servire
1206 1847 1326 1882 spiritui,
1344 1851 1371 1874 et
1393 1845 1487 1873 venari
1510 1845 1582 1872 feras
1599 1844 1811 1878 cogitationum,

1024 1899 1052 1922 et
1071 1898 1150 1920 antra
1166 1899 1316 1927 repurgare
1330 1891 1559 1926 iuvestigantibus
1574 1890 1675 1918 mentis
1691 1889 1812 1917 notioni-

1024 1938 1087 1970 bus,
1105 1937 1205 1965 sobriis
1220 1942 1246 1964 et
1257 1936 1446 1971 vigilantibus,
1469 1935 1552 1962 veluti
1569 1934 1695 1967 canibus,
1712 1934 1811 1961 mentis

1024 1983 1159 2013 celeribus
1173 1983 1206 2010 ad
1224 1983 1335 2010 meliora
1351 1981 1529 2008 motionibus.

1060 2030 1103 2057 lo.
1114 2029 1298 2062 Quamobrem
1308 2028 1376 2054 nihil
1387 2034 1515 2062 magnum
1525 2026 1810 2058 existimabateorum,

1023 2083 1084 2111 qua:
1099 2079 1224 2102 anuuunt
1239 2074 1273 2100 ad
1290 2073 1444 2105 interitum,
1461 2076 1488 2099 et
1505 2071 1606 2106 quibus
1620 2070 1744 2097 innatum
1759 2074 1810 2101 est,

1024 2126 1054 2148 ut
1071 2126 1192 2154 tempore
1216 2119 1341 2146 dilliuant
1356 2139 1363 2151 ,
1390 2126 1444 2145 non
1463 2117 1588 2153 gloriam,
1606 2123 1661 2143 non
1687 2115 1808 2144 divitias.

1023 2174 1078 2194 non
1103 2167 1200 2200 ipsam,
1225 2172 1290 2200 quae
1307 2170 1348 2192 est
1365 2165 1392 2191 in
1410 2163 1543 2195 dicendo,
1561 2161 1740 2197 sapientiam;
1763 2161 1809 2187 sed

1024 2213 1119 2240 unicas
1136 2212 1255 2239 habebat
1268 2211 1388 2243 divitias,
1405 2218 1501 2245 nempe
1518 2210 1645 2236 virtutem
1669 2211 1696 2234 et
1716 2214 1809 2234 veram

185 2265 266 2291 quam
288 2258 381 2284 anima
397 2265 411 2284 a
424 2257 602 2285 sensibilibus
626 2258 749 2291 evolans,
770 2258 915 2286 revertitur
937 2259 970 2287 ad
985 2255 1011 2285 D
1024 2258 1218 2293 cognitionem,
1245 2264 1326 2291 quam
1343 2263 1372 2283 re
1394 2256 1451 2290 ipsa
1478 2254 1628 2283 conciliare
1646 2254 1734 2281 solum
1758 2252 1811 2279 scit

185 2302 299 2337 primam
315 2303 487 2337 dignitatem.

218 2348 245 2375 8.
264 2348 340 2376 Hanc
355 2349 460 2376 [inuam
473 2350 566 2384 posuit
579 2350 678 2378 basim.
697 2350 785 2386 Super
797 2358 857 2378 eam
873 2351 970 2380 domus

186 2394 294 2421 virtutis
313 2394 412 2421 stabile
426 2399 453 2421 et
471 2394 580 2422 firmum
597 2395 666 2430 jecit
683 2395 903 2423 fundamentum.
920 2396 971 2423 Per

185 2447 243 2466 eam
268 2447 358 2474 neque
372 2447 449 2467 vame
473 2440 567 2475 gloriae
597 2441 709 2468 admisit
735 2442 893 2477 vestigium.
923 2442 970 2469 Sui

184 2484 255 2510 enim
276 2485 364 2518 ipsius
390 2492 510 2512 amorem
539 2486 608 2513 solet
627 2486 680 2513 hoc
706 2486 802 2514 vitium
828 2487 969 2520 consequi.

185 2527 251 2556 Nam
266 2530 340 2564 quod
365 2533 471 2557 tenetur
486 2530 529 2557 sui
540 2531 627 2564 ipsius
646 2539 749 2563 amore,
764 2532 876 2559 omnino
888 2532 969 2559 etiam

185 2579 292 2602 tenetur
307 2574 401 2609 gloria:
428 2576 577 2614 cupiditate
594 2586 601 2604 ε
621 2577 664 2604 sui
688 2581 779 2605 autem
797 2585 890 2605 amore
916 2586 968 2605 non

186 2626 304 2654 tenetur,
321 2621 369 2656 qui
382 2621 481 2649 fratres
494 2622 592 2658 diligit.
608 2623 654 2650 Est
667 2631 733 2658 ergo
748 2624 812 2651 vitio
831 2625 968 2659 superius,

185 2666 257 2700 quod
268 2667 352 2694 servit
363 2674 409 2701 per
427 2667 600 2700 charitatem,
617 2673 643 2695 et
656 2669 682 2695 in
695 2670 854 2696 servitutem
872 2669 969 2703 redigit

186 2710 266 2743 feras,
291 2719 353 2746 quae
372 2712 446 2740 intus
472 2718 548 2744 sunt,
579 2714 693 2745 bestias,
720 2714 815 2746 animi,
845 2715 968 2748 inquam,

183 2756 419 2790 perturbationum
444 2757 563 2787 furiosos
588 2759 726 2794 impetus:
745 2768 832 2795 neque
847 2760 894 2788 ulli
923 2761 969 2788 ira:

220 2856 258 2890 (3)
275 2855 460 2891 Hermogenes
484 2857 629 2886 Tarsensis
647 2859 712 2886 clari
739 2859 858 2887 nominis
875 2860 969 2887 rhetor

187 2890 250 2924 fuit,
268 2892 347 2927 cuius
361 2890 442 2920 variae
455 2895 703 2922 exstantOratoriaz
719 2894 915 2929 institutiones,
933 2896 966 2923 de

1022 2302 1209 2339 philosophia.
1219 2302 1330 2329 Sciebat
1340 2301 1423 2331 enim,
1435 2300 1508 2335 quod
1520 2299 1628 2327 etiamsi
1638 2297 1809 2333 philosophia

1021 2349 1057 2376 sit
1091 2356 1187 2375 eorum
1214 2355 1274 2382 qua:
1303 2351 1369 2374 sunt
1395 2346 1531 2381 cognitio,
1561 2345 1631 2373 actio
1650 2351 1740 2372 tamen
1768 2348 1810 2370 est

1022 2401 1152 2422 ascensus
1167 2402 1238 2421 vera:
1252 2392 1504 2427 contemplationis.
1522 2392 1562 2419 Ex
1577 2390 1809 2427 contemplatione

1020 2444 1111 2466 autem
1140 2446 1234 2466 eorum
1266 2446 1327 2473 quae
1356 2442 1430 2470 sunt,
1448 2437 1583 2472 exquisita
1610 2437 1805 2465 consideratio.

1020 2485 1134 2512 Aetione
1145 2492 1209 2520 ergo
1219 2485 1326 2512 videtur
1337 2491 1431 2511 veram
1443 2484 1583 2519 acquirere
1593 2483 1806 2518 philosophiam.

1021 2530 1094 2558 Talis
1107 2535 1165 2558 erat
1189 2530 1299 2563 quidem
1315 2537 1402 2557 novus
1418 2529 1518 2564 Joseph
1544 2530 1636 2564 regula
1652 2533 1805 2563 temperau-

1021 2576 1066 2603 lim
1081 2585 1088 2604 :
1105 2576 1152 2611 qui
1179 2576 1309 2603 adversus
1333 2575 1398 2602 vitia
1420 2580 1447 2602 et
1467 2576 1603 2603 daemones
1618 2575 1692 2601 clara
1717 2574 1804 2600 erexit

1021 2627 1122 2656 tropa-a
1143 2626 1191 2648 :ct
1216 2621 1267 2648 fuit
1291 2621 1400 2656 quidem
1430 2621 1487 2656 ipse
1511 2620 1672 2656 prmclarus,
1704 2618 1804 2644 multos

1021 2671 1111 2694 autem
1144 2667 1327 2701 prmelariores
1353 2667 1470 2694 reddidit
1496 2673 1547 2694 suo
1572 2664 1706 2699 exemplo.
1733 2662 1803 2696 Quid

1020 2712 1087 2738 mihi
1117 2711 1265 2738 Socraticae
1291 2713 1324 2739 ad
1342 2712 1401 2740 haec
1428 2711 1641 2742 admonitiones,
1661 2713 1709 2736 aut
1730 2709 1805 2743 leges

1019 2757 1177 2790 Platonicae,
1194 2762 1241 2784 aut
1252 2757 1376 2785 universa
1396 2757 1483 2784 virtus
1496 2755 1649 2791 gentilium,
1668 2762 1728 2789 qua:
1741 2754 1805 2782 ticta

1020 2859 1160 2894 petitione,
1190 2859 1223 2888 de
1246 2859 1412 2893 inventione,
1441 2858 1537 2887 formis
1564 2858 1682 2893 dicendi,
1710 2858 1801 2894 gravi-

1021 2899 1085 2928 tate,
1100 2898 1153 2922 (εισι.
