2075 3157
265 213 313 245 187

264 327 328 353 hinc
344 325 457 353 monitis
485 326 580 353 activae
604 325 797 360 philosophiae,
816 333 877 360 quae
902 334 931 353 re
946 327 1003 361 ipsa
1025 332 1052 354 et

264 372 346 399 factis
362 373 521 406 loquuntur,
538 372 650 399 deduxit
666 372 792 400 homines
808 373 841 399 ad
860 373 973 400 meliora
990 378 1052 401 stu-

263 418 327 445 dia?
339 418 405 450 Quis
419 417 592 451 Epimenides
609 418 636 444 in
647 419 729 445 rebus
742 419 841 446 divinis
850 419 918 446 adeo
930 420 1050 454 sapiens,

263 464 324 490 vitae
340 463 439 490 divina:
454 463 548 490 multis
566 463 617 490 fuit
634 464 760 491 occasio?
775 464 826 492 Per
845 473 926 499 quem
941 465 1053 493 fuerunt

263 510 372 544 quidem
401 514 489 537 ntorte
519 508 615 537 aﬂ‘ecta
642 511 718 542 vitia,
752 516 864 545 purgata
893 519 985 538 autem
1003 511 1053 539 fuit

262 555 352 582 anima
380 559 408 582 et
432 563 543 590 corpus,
575 555 801 591 resplenduitque
821 557 876 584 vita
905 558 997 591 quieta
1024 563 1053 585 et

264 607 367 629 temota
396 609 410 628 a
439 602 584 636 negotiis:
608 602 633 628 iu
660 610 715 636 qtto
742 607 769 629 et
789 603 836 630 ira:
866 603 1054 631 fabricabatur

221 656 224 664 ’
263 656 368 680 eamus,
396 652 422 675 et
440 647 548 675 frenum
567 648 676 683 linguae,
691 654 716 676 et
729 649 847 683 partium
864 649 961 677 attittue
972 658 1054 677 εχει-α

263 694 378 720 cebatur
395 698 556 721 concentus.
571 693 608 720 Ex
622 695 732 728 quibus,
746 700 773 721 et
793 703 840 729 per
852 703 923 729 quze,
941 696 1054 730 pulcltre

264 739 431 765 elliciebatur
454 746 538 765 unum
555 746 660 773 genus;
677 739 749 774 quod
768 740 887 774 antiqua:
903 741 1054 775 pulchritu-

265 784 337 811 dinis
350 783 458 811 divinos
473 784 614 822 emittebat
628 783 798 818 splendores.

570 851 684 880 CAPUT
703 852 734 879 ll.

265 909 358 937 Sancti
370 910 478 936 Antonii
494 911 669 937 sacerdotium
683 919 692 938 :
704 911 862 945 {tt-arfactum
877 913 1032 940 monasterii
1045 921 1054 940 :

278 946 282 949 '
301 945 438 986 orreclat'w
453 945 479 971 in
499 945 547 972 hoc
567 954 673 973 inuitare
694 947 804 973 virtutes
821 955 830 973 :
853 949 937 982 patris
961 957 1053 975 mona-
1069 956 1092 986 Β

300 981 425 1006 eluamus.

300 1047 342 1074 11.
359 1046 427 1082 Cttm
450 1053 542 1074 autem
570 1048 735 1082 procedente
759 1053 883 1083 tempore
898 1050 931 1077 ad
949 1050 1054 1078 virilem

264 1091 436 1125 pervenisset
465 1095 583 1124 :etatem,
600 1096 628 1119 et
643 1092 752 1120 virilius
773 1095 889 1121 activam
915 1101 1055 1123 exerceret

266 1136 482 1170 philosophiam,
503 1137 583 1164 laetus
596 1137 657 1171 ejus
673 1142 824 1173 przecoptor
838 1145 950 1174 propter
967 1140 1056 1168 incor-

265 1189 378 1216 poreattt
397 1182 480 1209 vitam
497 1183 523 1209 in
540 1183 591 1210 viri
617 1190 741 1218 corpore,
756 1189 783 1211 et
799 1189 928 1220 tanquam
945 1188 1054 1221 propria

265 1227 384 1262 glorians
399 1234 462 1254 cum
477 1228 553 1255 ducit
567 1228 601 1255 ad
617 1229 706 1261 illum,
722 1230 769 1264 qui
787 1235 851 1257 tunc
871 1232 980 1258 tenebat
997 1233 1054 1259 cla-

263 1280 328 1299 vum
346 1272 384 1308 (4)
408 1273 592 1308 pontificalem
609 1274 730 1301 civitatis
748 1275 839 1310 regiae,
857 1280 885 1302 ut
900 1277 1056 1304 initiaretur

264 1319 417 1347 chrismate
433 1320 606 1355 presbyterii.
628 1320 679 1353 Qui
706 1329 760 1348 non
786 1321 874 1348 solum
890 1329 939 1357 per
955 1324 1054 1357 gradus

265 1366 444 1393 itttcrmedios
459 1374 521 1393 eum
538 1366 651 1394 deduxit
672 1367 704 1394 ad
719 1368 908 1395 indumentum
926 1370 1055 1397 sacerdo-

264 1411 305 1442 tii.
335 1412 381 1438 sed
400 1412 474 1439 illius
493 1413 651 1439 testimonio
671 1421 733 1440 eum
751 1415 831 1440 etiam
862 1415 1011 1448 ordinavit,
1025 1420 1055 1443 ut

264 1460 393 1490 przeesset
413 1458 581 1485 monasterio
599 1467 605 1485 :
624 1463 650 1485 et
664 1459 696 1485 de
711 1465 809 1487 etetero
831 1468 902 1488 ttovo
917 1460 984 1489 Mosi
999 1466 1056 1490 tra-

264 1502 339 1529 ditur
357 1503 451 1538 populi
481 1504 577 1537 rcctio,
601 1510 630 1532 ut
644 1505 691 1540 qui
708 1513 791 1540 parva
812 1506 984 1542 philosophia
999 1508 1056 1535 col-

264 1549 361 1585 legerit
376 1550 489 1578 multam
505 1551 618 1586 pulchre
636 1553 765 1586 pascendi
784 1553 921 1587 peritiam.
938 1553 1086 1583 Virtutis’

263 1596 338 1622 enim
358 1589 497 1624 statuebat
513 1597 710 1632 perfectionetu
726 1606 779 1626 non
792 1599 881 1626 solum
898 1599 925 1626 iu
940 1608 974 1627 eo
993 1608 1054 1629 esse

263 1643 358 1673 sitam.
376 1647 407 1669 ut
427 1643 486 1677 ipse
504 1650 533 1670 se
560 1648 635 1671 recte
654 1651 775 1678 gereret;
790 1646 837 1672 sed
864 1650 893 1673 ut
919 1647 1000 1673 etiam
1019 1655 1052 1674 ex
1066 1632 1088 1661 ο

263 1687 381 1720 quadam
409 1688 591 1715 redundantia
620 1693 693 1716 esset
717 1689 843 1717 omnibus
873 1691 975 1725 regula.
993 1691 1052 1719 Non

264 1732 411 1759 suntettim
441 1737 495 1759 tam
516 1740 625 1760 sonorae
653 1735 724 1761 tuba!
739 1742 772 1761 eo
787 1739 908 1769 tempore
928 1744 983 1770 quo
1001 1741 1054 1764 stat

264 1778 400 1805 instructa
416 1778 501 1812 acies,
520 1778 553 1806 ad
569 1779 671 1806 milites
687 1779 721 1806 ad
748 1788 865 1815 pugnam
882 1781 1052 1815 excitandos,

263 1828 294 1850 ut
309 1823 419 1850 virtutis
442 1824 556 1852 sudores
576 1832 624 1852 eos
642 1825 688 1859 qui
707 1829 772 1852 suttt
795 1826 910 1861 subjecti
934 1828 1055 1856 excitant

262 1868 296 1895 ad
311 1867 371 1895 acie
382 1869 587 1895 decernendum
602 1869 736 1896 adversus
751 1869 889 1902 inimicos,
907 1870 954 1905 qui
968 1871 1055 1905 perci-

263 1914 376 1948 pitmtur
400 1913 590 1949 intelligentia.
616 1912 650 1941 Et
676 1915 815 1948 quomodo
844 1916 898 1943 dux
916 1917 1054 1944 exercitus

263 1959 396 1987 adverSuS
413 1959 506 1987 hostes
523 1967 633 1987 onmem
651 1965 741 1988 movet
755 1961 854 1993 aciem,
870 1962 980 1997 quando
997 1963 1055 1998 ipse

262 2013 381 2040 pugnam
407 2006 557 2041 inceperit,
576 2007 656 2034 factis
681 2014 745 2035 suos
770 2008 894 2036 excitans
910 2009 943 2035 ad
967 2009 1054 2037 virtu-

262 2055 316 2076 tem
330 2058 337 2082 ;
353 2049 389 2076 ita
410 2049 490 2077 etiam
513 2050 559 2085 qui
580 2055 645 2078 sunt
661 2051 798 2079 exercitus
818 2052 902 2080 duces
922 2053 1053 2083 adversus

260 2095 338 2130 vitia,
354 2104 417 2123 cum
435 2096 538 2124 fuerint
554 2097 674 2125 redintiti
690 2098 828 2132 praeclaris
844 2100 955 2127 coronis
970 2100 1053 2129 victo-

261 2141 318 2174 riae,
333 2141 488 2169 edieiuntur
503 2142 632 2170 omnibus
648 2142 743 2170 eﬂieax
760 2144 920 2171 admonitio.

296 2186 341 2214 12.
359 2187 430 2214 llinc
444 2191 504 2214 erat
525 2187 550 2214 ei
564 2193 697 2223 perpetua
721 2190 920 2224 propemodum
947 2190 1051 2224 inedia,

260 2238 288 2260 et
304 2233 408 2267 vigilia,
429 2238 455 2260 et
471 2241 531 2268 quae
546 2242 689 2269 nunquam
710 2236 942 2263 intermittebatur
954 2244 1051 2271 preca-

849 213 1059 244 NICEPHORI
1080 215 1312 246 PHILOSOPHI

263 281 353 315 specie
379 269 544 308 exercetur?
566 279 634 313 Quis
651 279 734 306 Solon
753 279 843 314 legum
868 281 997 314 decretis,
1020 285 1050 308 ut

1104 279 1156 298 nou
1173 276 1277 306 pateret
1301 271 1392 298 aditus
1419 275 1529 306 propter
1544 271 1721 307 asperitatem

1843 215 1893 248 188

1749 280 1756 298 :
1777 272 1846 300 adeo
1863 277 1893 300 ut

1104 323 1177 345 esset
1193 318 1304 352 quidam
1321 325 1369 353 per
1383 318 1475 345 omnia
1492 318 1626 345 honoruut
1643 322 1793 345 concentus
1806 318 1893 345 admi-

1103 363 1209 390 rabilis.
1229 363 1394 398 Lieebatque
1410 363 1501 390 videre
1518 363 1585 398 (illic
1600 363 1672 390 enittt
1686 370 1743 390 mea
1766 368 1893 391 versatur

1104 410 1243 445 cogitatio)
1259 414 1379 444 tempore
1393 409 1478 437 divini
1490 410 1611 444 mysterii
1628 414 1745 437 stantem
1763 410 1893 436 sacerdo-

1105 461 1157 482 tetu
1179 461 1242 482 ante
1262 456 1387 483 ordinem
1421 456 1616 487 monastieum,
1643 463 1698 482 non
1718 462 1799 482 secus
1811 460 1893 490 atque

1105 500 1261 528 Samuelem
1282 502 1358 528 illum
1384 502 1480 528 scribit
1496 502 1593 532 oratio,
1612 506 1754 535 totumque
1776 501 1830 527 Deo
1852 501 1892 527 af-

1105 547 1187 574 fixum
1202 551 1227 574 et
1243 547 1384 579 tribunali,
1399 552 1426 574 et
1441 555 1500 575 cum
1519 547 1573 574 Deo
1588 553 1742 574 versantem
1759 548 1893 574 immacu-

1105 592 1168 620 latis
1182 593 1281 620 utentis
1298 593 1540 628 applicatiouibus,
1561 598 1589 621 et
1610 593 1709 620 divinis
1722 593 1892 626 contempla-

1105 636 1227 663 tionibus
1261 636 1387 664 effectum
1419 641 1506 665 totum
1547 638 1687 670 divinum,
1723 642 1750 664 et
1779 637 1892 672 pulchra

1105 687 1240 709 mutatum
1269 683 1439 710 alteratione.
1465 683 1531 710 Mihi
1559 691 1626 711 vero
1652 684 1778 710 videntur
1794 683 1893 709 divinae

1105 737 1215 764 quoque
1234 729 1351 757 virtutes
1379 737 1441 757 eum
1469 729 1682 761 circumsistere,
1712 732 1739 755 et
1763 728 1787 755 ei
1812 727 1893 754 mini-

1106 774 1236 802 strare.0
1247 775 1371 802 divinum
1387 775 1554 803 sacrificium
1568 774 1758 810 loperfectum
1774 773 1893 801 eflicieus

1107 822 1284 856 mysterium!
1301 829 1317 848 o
1340 822 1406 854 vita,
1429 830 1489 857 qtue
1509 823 1543 850 ab
1558 829 1591 849 eo
1619 821 1778 856 degebatur,
1804 819 1850 854 qui
1866 819 1894 846 in

1106 876 1222 903 corpore
1233 872 1292 895 erat
1312 873 1442 903 tanquam
1459 868 1650 902 incorporeus.

1143 914 1186 940 15.
1209 913 1270 940 llzcc
1293 914 1389 941 videns
1409 914 1468 949 ejus
1493 919 1570 948 pater
1594 912 1744 940 secundum
1772 918 1894 943 carnem,

1107 960 1270 987 desideravit
1290 964 1396 987 mutare
1422 960 1483 987 vitat
1506 960 1640 992 habitum,
1661 963 1687 986 et
1703 958 1894 986 indumentum

1107 1006 1220 1033 induere
1236 1006 1429 1033 ll‘lOllasliCllm-
1448 1006 1514 1033 Nam
1536 1007 1608 1041 quod
1633 1006 1666 1033 ad
1682 1005 1791 1032 virtutis
1810 1003 1893 1031 ratio~

1106 1059 1167 1078 neut
1187 1051 1300 1082 attinet,
1324 1051 1348 1078 ei
1366 1050 1421 1078 fere
1447 1051 1514 1078 nihil
1531 1051 1633 1083 deerat,
1656 1056 1686 1078 ut
1702 1050 1782 1083 cujus
1802 1057 1817 1076 a
1839 1056 1896 1075 tne-

1107 1096 1167 1123 liori
1186 1097 1354 1124 institutione
1369 1102 1424 1124 tota
1441 1097 1494 1124 vita
1513 1097 1650 1131 penderet.
1670 1096 1754 1131 quue
1774 1103 1827 1122 non
1849 1102 1896 1129 per

1107 1141 1187 1169 aliant
1204 1149 1326 1173 manum,
1340 1141 1387 1169 sed
1402 1149 1449 1176 per
1464 1142 1536 1168 illattt
1552 1149 1657 1169 sacram
1675 1148 1798 1172 ntanum,
1816 1139 1896 1174 cujus

1106 1188 1163 1222 ipse
1179 1187 1267 1214 fuerat
1282 1187 1413 1222 agricola,
1430 1187 1501 1214 hanc
1515 1195 1624 1222 quoque
1637 1187 1750 1222 gratiam
1768 1185 1896 1220 cupiebat

1106 1234 1240 1268 accipere.
1255 1233 1308 1261 Pro
1325 1234 1453 1261 omnibus
1470 1233 1609 1261 alimentis
1624 1231 1790 1267 postulabat,
1806 1237 1835 1258 ut
1848 1230 1895 1257 ﬁlii

1106 1287 1188 1307 manu
1201 1279 1367 1318 initiaretur,
1380 1285 1407 1307 et
1418 1288 1495 1307 suam
1512 1279 1618 1307 vivendi
1634 1280 1749 1306 formam
1767 1281 1894 1304 mutaret.

1107 1325 1258 1361 Regeuerat
1275 1334 1339 1361 ergo
1351 1334 1425 1358 eum,
1438 1326 1485 1361 qui
1500 1330 1630 1360 genuerat
1644 1334 1650 1351 :
1664 1329 1691 1351 et
1705 1325 1741 1356 ei,
1757 1324 1802 1359 qui
1817 1329 1894 1351 ortus

1105 1372 1229 1406 corporis
1251 1372 1352 1400 fontem
1378 1373 1548 1407 praebuerat,
1575 1372 1673 1398 anima:
1696 1370 1768 1397 ﬁlius
1796 1376 1893 1404 purattt

1105 1416 1187 1444 efficit
1202 1417 1448 1452 regenerationem.
1465 1416 1496 1444 Et
1514 1424 1575 1444 cum
1593 1416 1698 1451 aliquot
1714 1422 1800 1442 annos
1817 1414 1894 1441 forti-

1107 1468 1147 1491 ter
1159 1463 1254 1499 jugum
1278 1463 1408 1491 traxisset
1431 1462 1626 1491 mouastieum.
1642 1461 1752 1497 plenunt
1770 1460 1875 1487 dierum
1886 1479 1894 1492 ,

1106 1510 1216 1545 plenum
1233 1509 1374 1542 virtutum,
1389 1509 1496 1543 plettuttt
1514 1508 1676 1543 gratiarum,
1694 1510 1823 1541 tanquam
1835 1513 1895 1532 ma-

1105 1559 1198 1582 turum
1219 1554 1338 1589 aliquem
1363 1553 1495 1585 fructum,
1518 1553 1545 1580 in
1564 1552 1685 1580 cwlestia
1707 1552 1817 1583 horrea,
1834 1559 1895 1578 cuin

1106 1601 1260 1628 advenisset
1277 1606 1395 1635 tempus,
1412 1608 1474 1627 cuttt
1489 1600 1557 1627 bona
1573 1607 1620 1634 spe
1635 1599 1805 1631 transmittit,
1821 1598 1896 1625 labo-

1105 1655 1165 1674 rum
1180 1647 1275 1681 dignas
1289 1654 1407 1673 coronas
1418 1650 1605 1680 accepturum.
1621 1644 1710 1679 Atque
1723 1644 1763 1671 sic
1784 1643 1895 1678 quidem

1105 1691 1303 1718 admirabiliter
1328 1699 1372 1718 res
1397 1691 1458 1726 ejus
1480 1698 1510 1718 se
1539 1690 1687 1717 habebant.
1711 1688 1804 1724 Neque
1822 1689 1895 1715 enim

1104 1736 1164 1763 ﬁeri
1180 1740 1282 1771 potest,
1296 1741 1327 1763 ut
1337 1737 1429 1763 omnia
1441 1735 1578 1762 describat
1593 1734 1693 1761 oratio.

1143 1781 1184 1808 14.
1203 1781 1330 1809 Oblatum
1350 1786 1442 1808 autem
1459 1785 1567 1816 tempus
1580 1783 1709 1814 tauquam
1727 1778 1833 1805 lucrum
1850 1777 1902 1805 ac?

1106 1828 1221 1863 cipiens,
1238 1826 1424 1856 misericordis
1439 1827 1533 1860 animi,
1546 1826 1619 1861 quod
1630 1827 1686 1860 jam
1695 1825 1741 1852 diu
1752 1829 1816 1852 ante
1827 1831 1895 1852 con-

1105 1879 1226 1909 ceperat,
1245 1873 1336 1902 foutes
1356 1874 1474 1909 aperuit,
1490 1878 1516 1900 et
1532 1873 1604 1900 rivos
1629 1871 1721 1899 emisit
1737 1871 1895 1898 misericor-

1105 1919 1168 1952 dia,
1204 1919 1342 1947 solventes
1365 1919 1519 1954 squalorem
1541 1924 1704 1953 pauperum,
1732 1922 1895 1951 exprometts

1105 1965 1226 2000 quidctn,
1248 1965 1271 1992 si
1287 1965 1352 2000 quid
1375 1965 1552 1996 redundabat,
1566 1964 1599 1990 ad
1618 1963 1726 1991 illorum
1743 1969 1832 1994 usum,
1847 1968 1895 1988 ex-

1105 2018 1234 2047 promens
1254 2015 1345 2038 autent
1365 2010 1450 2038 multa
1468 2017 1578 2045 quoque
1590 2017 1624 2036 ex
1643 2006 1819 2036 necessariis.
1833 2006 1893 2034 Non

1104 2058 1178 2085 enim
1203 2057 1232 2084 in
1252 2057 1304 2090 iis,
1318 2065 1380 2092 quae
1396 2057 1567 2089 redundant,
1580 2055 1785 2090 impertiendis,
1800 2053 1846 2082 sed
1865 2053 1893 2080 in

1104 2104 1139 2132 iis
1160 2104 1242 2132 etiam
1259 2111 1321 2139 quae
1337 2103 1445 2135 desunt,
1459 2103 1505 2130 ille
1517 2110 1610 2129 veram
1631 2101 1768 2130 statuebat
1784 2100 1894 2128 miseri-

1103 2151 1236 2178 cordiam.
1252 2150 1284 2177 Et
1297 2150 1453 2178 communis
1467 2150 1548 2177 simul
1563 2149 1701 2184 proposita
1717 2152 1776 2176 erat
1790 2147 1894 2175 utilitas

1103 2196 1233 2223 divitibus
1245 2199 1272 2222 et
1285 2195 1452 2230 pauperibus
1469 2203 1476 2222 :
1497 2194 1541 2222 bis
1560 2193 1696 2229 siquidem
1709 2193 1818 2221 solvens
1833 2193 1894 2220 ino-

1103 2243 1186 2278 piam.
1211 2232 1272 2270 illos
1287 2246 1378 2269 autem
1394 2241 1514 2276 eripiens
1529 2241 1564 2268 ab
1581 2240 1695 2273 invidia,
1710 2247 1772 2274 quas
1788 2243 1830 2266 est
1848 2245 1893 2265 re-

259 2277 300 2305 ιίο
322 2287 329 2305 ἒ
347 2285 379 2304 εκ
396 2278 496 2312 fl“ibus
516 2284 544 2305 ει
560 2286 608 2313 Ριῖτ
634 2287 695 2314 qua
709 2286 769 2307 erat
787 2283 910 2315 ευτμοιίδ
928 2290 1050 2310 ιιιπθηι-
1063 2300 1090 2330 D
1103 2287 1189 2322 posita
1204 2287 1249 2320 iis,
1265 2287 1311 2321 qui
1331 2286 1405 2313 nulla
1424 2291 1570 2313 moventur
1585 2285 1774 2313 misericordia
1790 2293 1798 2311 :
1816 2291 1893 2311 eum-

263 2322 311 2355 tio,
327 2328 353 2350 et
371 2323 398 2350 iu
410 2330 493 2351 carne
507 2324 561 2351 vita
586 2325 678 2353 carnis
692 2332 800 2361 expers,
817 2332 844 2354 et
867 2328 1051 2363 tranquillitas

261 2369 472 2404 cogitationum.
490 2371 561 2399 llinc
585 2379 691 2405 eorum,
719 2380 781 2408 quae
809 2373 963 2408 oportebat,
992 2379 1051 2402 erat

261 2417 369 2443 sincera
383 2417 547 2453 disceptatio
569 2423 597 2445 et
613 2418 760 2453 judicium,
776 2424 803 2446 et
824 2420 947 2447 ontniutn
969 2420 1050 2448 simul

259 2462 432 2497 voluptatum
449 2466 631 2500 contemptio,
648 2471 675 2493 et
693 2466 799 2502 hyemis
815 2473 846 2494 ac
859 2467 964 2494 a‘statis
981 2470 1050 2494 tem-

260 2517 324 2543 pore
345 2518 446 2544 corpus
475 2519 555 2539 suum
582 2519 636 2539 una
663 2513 776 2540 amicire
791 2512 894 2545 tunica,
918 2513 1050 2548 humique

258 2556 380 2587 cubatio,
399 2561 425 2583 et
437 2565 531 2584 mettsa
549 2558 623 2584 nullo
642 2563 774 2593 apparatu
788 2558 932 2591 instructa,
947 2564 977 2586 ut
990 2567 1051 2594 quae

258 2610 328 2636 pane
352 2607 380 2630 et
395 2603 517 2631 oleribus
532 2604 670 2638 exciperet
685 2604 895 2632 exercitatorem
913 2614 920 2632 :
938 2612 1004 2637 non,
1020 2609 1050 2633 ut

260 2648 365 2682 multis,
383 2649 416 2676 ad
431 2650 538 2685 aliquot
553 2658 650 2684 annos,
666 2651 713 2678 sed
735 2659 750 2678 a
766 2651 868 2679 teucris
883 2651 1048 2686 unguiculis,

259 2701 274 2720 a
295 2695 382 2730 prima
407 2695 518 2725 ineunte
535 2702 614 2725 aetate
630 2697 759 2732 perducta
776 2705 863 2733 usque
876 2698 910 2725 ad
925 2698 1049 2726 ultimam

259 2745 285 2767 et
308 2743 433 2770 senilem.
456 2743 524 2772 Hinc
537 2749 596 2772 erat
615 2745 763 2773 austeritas
782 2749 933 2781 temperata
957 2746 1050 2774 suavi-

260 2790 326 2818 tate,
350 2793 377 2814 ct
399 2789 510 2818 lenitate
524 2791 676 2826 asperitas;
699 2797 729 2819 ut
756 2799 844 2826 tteque
871 2792 1049 2826 reprehensio

260 2837 334 2860 esset
350 2834 453 2861 inutilis
469 2841 580 2871 propter
588 2837 789 2871 austeritatem,
800 2845 888 2873 neque
899 2838 1049 2873 disciplinae

278 2900 336 2941 ,(4)
357 2900 380 2928 ls
397 2901 548 2941 videtur§.
566 2905 687 2941 lgnatius
700 2905 795 2938 fuisse,
813 2909 862 2932 aut
878 2905 938 2940 ejus
952 2905 1050 2934 fortas-

261 2937 301 2965 sis
317 2937 445 2966 decessor
463 2937 492 2965 S.
511 2937 675 2975 Meth’odius,
693 2941 716 2968 si
731 2942 823 2970 senior
833 2937 916 2976 quam
927 2941 1049 2977 conjeci-

1104 2333 1194 2360 tnunis
1209 2333 1376 2365 benefactor,
1389 2332 1544 2359 communis
1556 2337 1679 2364 curator,
1688 2330 1893 2366 magistratibus

1103 2384 1129 2406 et
1146 2379 1270 2414 privatis,
1292 2374 1414 2406 omnium
1431 2383 1536 2406 mentes
1552 2385 1603 2405 suo
1617 2378 1741 2412 exemplo
1757 2375 1894 2404 transfor-

1103 2434 1183 2454 mans
1195 2432 1221 2453 et
1234 2433 1402 2460 componens
1413 2425 1446 2452 ad
1459 2425 1584 2457 tneliora,
1597 2432 1694 2459 parum
1706 2423 1817 2458 quidem
1833 2430 1894 2450 ver-

1102 2472 1155 2505 bis,
1174 2471 1252 2498 factis
1267 2479 1332 2498 vero
1351 2471 1500 2506 plurimunt
1521 2477 1675 2505 provocans
1700 2469 1734 2496 ad
1752 2468 1891 2496 virtutem.

1104 2517 1180 2545 Unde
1197 2518 1279 2544 etiam
1301 2521 1361 2544 erat
1388 2517 1553 2544 reverendus
1576 2515 1793 2551 magistratibus,
1814 2522 1892 2541 reve-

1102 2564 1204 2590 rendus
1225 2563 1259 2590 iis
1283 2563 1330 2598 qui
1357 2568 1435 2589 erant
1460 2563 1486 2589 itt
1507 2562 1696 2596 dignitatibus,
1723 2566 1806 2596 atque
1825 2559 1894 2594 ipsis

1102 2610 1170 2637 adeo
1186 2609 1395 2644 imperatoribus
1410 2619 1417 2636 :
1430 2614 1557 2644 recteque
1569 2609 1594 2636 ei
1605 2607 1768 2642 procedebat
1780 2607 1893 2634 univer-

1102 2664 1162 2684 suut
1179 2664 1247 2691 opus
1260 2654 1515 2688 administrationis,
1533 2655 1642 2682 neruine
1657 2657 1835 2688 repugnante.
1851 2651 1891 2678 Ex

1102 2702 1145 2729 ltis
1161 2708 1251 2729 autent
1267 2709 1320 2728 non
1336 2706 1394 2729 erat
1409 2701 1578 2734 incredibile,
1593 2699 1666 2735 quod
1679 2699 1751 2727 Deus
1765 2698 1799 2726 ad
1815 2705 1892 2726 com-

1102 2756 1211 2776 munem
1236 2749 1379 2776 utilitatetn
1406 2749 1489 2775 multa
1514 2755 1623 2782 quoque
1639 2754 1688 2782 per
1711 2747 1799 2782 ipsum
1827 2744 1892 2772 fecit

1101 2795 1287 2827 admirabilia,
1311 2794 1418 2822 etiamsi
1443 2799 1578 2829 quantum
1602 2801 1650 2828 per
1679 2793 1808 2820 virtutem
1833 2795 1892 2819 erat

1101 2845 1200 2876 potens
1213 2840 1303 2868 facere
1318 2841 1460 2873 miracula,
1481 2844 1587 2867 tantum
1601 2844 1630 2867 ut
1646 2847 1678 2866 ea
1694 2839 1796 2867 celaret
1809 2841 1837 2865 et
1849 2842 1891 2864 te-

1102 2914 1164 2934 tnus
1181 2907 1233 2935 fuit
1246 2907 1392 2935 Antonius.
1406 2907 1530 2934 Tradunt
1547 2913 1639 2936 autem
1653 2907 1758 2935 Montca
1775 2907 1892 2934 invitum

1102 2943 1189 2971 fuisse
1205 2943 1360 2971 sacerdotio
1375 2943 1522 2970 initiatum.
