2075 3157
173 199 226 233 189

562 201 649 232 VlTA
669 201 699 232 S.
720 201 880 231 ANTONII
898 201 1058 232 CAULEE
1079 200 1331 233 PATRIARCILE
1352 203 1407 233 CP.

1759 205 1813 238 190

172 262 258 292 geret,
278 264 474 292 nonnunquam
500 265 563 285 cum
588 259 715 292 fecisset,
732 259 924 294 amigmatibus
938 263 965 285 et
980 261 1003 289 Î‘
1018 266 1082 285 cum
1102 259 1285 286 transmiserit
1308 262 1518 287 sacrosanctum
1538 259 1639 293 virum,
1655 260 1702 295 qui
1722 261 1756 288 ab
1770 261 1814 288 in-

173 303 280 330 umbris
294 307 498 338 assequeretur.
515 303 566 331 Sed
583 306 655 340 quod
674 305 707 332 ad
723 305 871 332 multorum
892 305 967 332 venit

172 350 369 384 cognitionem,
402 355 429 377 et
453 349 556 378 factum
582 358 645 379 esse
673 351 806 384 creditur,
838 351 965 386 persequi

173 396 287 423 tmtabit
299 396 399 423 oratio.
910 424 922 428 -

210 442 251 469 l5.
263 442 381 469 Nolebat
393 450 446 469 una
458 442 579 474 civitate,
591 443 642 470 etsi
654 443 690 471 sit
701 447 756 470 tam
769 450 878 480 magna,
888 450 965 470 suam

172 487 362 514 circumscribi
391 488 663 519 commiserationem
683 497 690 515 :
709 488 755 516 sed
784 489 817 514 ad
835 493 965 522 quantam

172 534 214 559 sol
237 534 344 566 aspicit,
371 541 431 561 eam
453 534 637 561 contendebat
650 534 808 561 extendere.
825 534 892 560 Hinc
907 542 966 560 nta-

173 586 227 605 nus
242 580 373 606 sententis
391 580 579 607 misericordia
599 580 747 614 participes
763 584 841 606 erant
860 579 967 614 Scythas

173 630 201 651 et
216 624 354 657 Thraces,
379 631 407 653 et
423 634 484 653 cum
510 626 572 653 aliis
587 627 653 661 Mysi
674 633 783 661 quoque
794 627 840 660 qui
858 631 922 653 sunt
939 627 965 653 in

174 671 250 698 Asia.
266 671 336 704 Quin
350 672 432 699 etiam
456 680 518 700 cum
535 673 568 700 ad
583 680 643 705 eos,
662 673 708 707 qui
724 672 924 699 exercebantur
939 672 965 699 in

173 716 306 752 Olympo,
325 718 426 752 Quibus
455 719 576 745 studium
602 723 662 746 erat
685 726 716 746 se
737 718 844 745 fortiter
873 725 967 752 gerere

174 764 308 791 adversus
329 764 392 791 vitia
413 769 440 792 et
456 765 605 797 daemones,
626 765 772 800 aliquando
792 764 965 797 transiisset,

173 814 202 835 et
231 809 364 844 quidquid
394 811 453 837 auri
482 811 599 838 habebat
627 811 654 838 in
683 811 821 842 manibus.
850 811 876 837 in
899 818 966 838 usus

172 862 270 882 eorum
285 857 504 891 consumpsiSSet
515 877 522 889 ,
552 865 678 885 reversus
697 862 738 885 est
752 859 784 884 ad
813 857 965 889 civitatem,

172 901 246 935 apud
262 910 291 929 se
310 903 417 937 agitans
434 908 460 930 et
484 903 604 937 undique
620 903 809 934 considerans,
827 903 964 929 undenam

174 954 272 974 rursus
297 947 411 982 vectigal
439 952 612 982 compararet
641 947 817 982 pauperibus.
843 946 894 973 Sed
912 954 967 974 non

172 993 238 1020 sivit
251 1001 312 1020 eum
332 993 405 1021 Deus
421 994 467 1020 diu
483 1002 544 1021 esse
560 993 644 1020 anxio
665 994 769 1020 animo.
787 992 854 1019 item
875 997 968 1019 autent

173 1038 248 1070 facit,
261 1044 291 1066 ut
305 1039 383 1070 sob-t,
397 1040 598 1071 admirabilem,
610 1043 637 1066 et
648 1047 712 1066 eum
728 1039 826 1066 liberat
840 1046 854 1065 a
866 1039 969 1066 sollici-

172 1086 276 1112 tnditre.
286 1085 403 1118 Quidam
419 1086 492 1113 enim
506 1086 624 1121 ignotus,
638 1086 720 1112 simul
732 1091 814 1120 atque
829 1085 969 1120 ingressus

172 1136 216 1158 est
228 1131 379 1164 civitatem,
398 1132 455 1159 sive
472 1132 564 1163 homo,
584 1133 641 1159 sive
657 1132 772 1166 angelus
787 1131 834 1165 qui
852 1131 967 1158 formam

173 1177 294 1204 hominis
316 1183 486 1212 susceperat,
520 1177 674 1205 transeunti
700 1185 748 1212 per
773 1178 908 1212 porticum
935 1185 966 1204 ex

172 1223 294 1257 quodam
319 1225 464 1258 angiportu
492 1224 638 1255 accedens,
663 1224 687 1251 ei
703 1224 785 1251 tradit
803 1224 861 1250 auri
879 1224 968 1250 inani-

173 1270 287 1304 pulum;
301 1274 327 1296 et
351 1277 412 1296 cum
432 1269 547 1296 dixisset
562 1277 569 1296 :
586 1269 695 1303 Accipe,
710 1269 783 1303 quod
803 1270 924 1296 insumas
941 1269 966 1295 in

173 1322 241 1342 usus
259 1323 366 1347 eorum,
382 1323 500 1350 quorum
516 1323 612 1342 curam
625 1315 709 1350 geris,
721 1314 796 1342 dicto
813 1316 895 1341 citius
906 1322 969 1341 evo-

173 1361 239 1388 lavit
256 1366 283 1387 et
298 1362 419 1388 receSsit.
435 1361 469 1387 Et
484 1369 581 1388 manus
597 1361 707 1395 quidem
725 1361 842 1388 habebat
855 1369 965 1393 aurum,

172 1407 243 1434 oculi
257 1412 348 1434 autem
365 1415 418 1434 non
433 1411 560 1442 poterant
575 1407 683 1441 assequi
700 1415 762 1433 eum
780 1407 825 1441 qui
841 1407 966 1440 praebue-

173 1459 228 1480 rat.
246 1452 304 1480 Hoc
322 1460 375 1480 non
392 1458 433 1480 est
450 1453 507 1481 leve
531 1453 639 1488 signum
658 1452 732 1480 illius
748 1460 810 1480 eum
832 1452 887 1479 Deo
902 1460 968 1479 con-

171 1499 325 1534 junctiouis
341 1506 348 1525 :
369 1499 420 1526 hoc
433 1503 476 1526 est
491 1506 545 1526 non
565 1499 623 1526 lere
639 1498 770 1525 indicium
787 1498 860 1524 illius
876 1498 967 1532 magni

173 1549 200 1571 et
213 1543 315 1572 excelsi
329 1543 415 1571 animi
431 1553 437 1571 :
455 1544 507 1571 hoc
526 1544 643 1571 Abraha:
659 1543 857 1570 benedictionis
874 1542 968 1569 habuit

174 1588 443 1623 multiplicationem,
461 1587 534 1622 quod
555 1587 606 1614 fuit
622 1586 750 1622 hospitali
766 1586 886 1613 dextera:
896 1584 969 1612 velut

172 1635 299 1671 quadam
317 1634 459 1662 sententis.
472 1633 587 1668 Propter
601 1633 658 1660 haec
674 1633 743 1660 bona
765 1639 881 1667 magnus
896 1634 969 1659 recte

174 1689 204 1710 se
216 1682 301 1716 gessit
319 1681 465 1708 Antonius.
490 1680 553 1707 llzec
567 1680 659 1707 manui
677 1686 828 1714 pauperum
844 1678 968 1710 amanti,

175 1736 209 1755 ne
229 1728 408 1764 suppeditans
431 1731 534 1762 egeret,
558 1726 608 1753 fuit
635 1727 757 1753 occasio.
771 1724 840 1751 Cum
866 1731 920 1759 qua
940 1731 970 1751 re

173 1774 263 1802 Crmsi
279 1774 390 1809 quidem
409 1773 484 1800 illius
500 1772 564 1808 Lydi
578 1771 704 1803 felicitas,
723 1775 751 1799 et
763 1771 841 1798 aurei
857 1770 969 1802 lateres,

176 1828 263 1855 neque
278 1819 372 1847 fabula
391 1819 469 1847 Midae
484 1823 573 1853 potest
585 1818 717 1845 conferri.

475 1873 592 1902 CAPUT
619 1873 667 1901 lll.

174 1930 268 1959 Sancti
297 1931 406 1958 Antonii
435 1931 651 1965 patriarchatur,
681 1931 708 1957 in
732 1939 762 1958 eo
779 1931 892 1959 labores.
917 1931 970 1959 Leo

417 1967 561 2001 imperator
589 1967 727 1993 laudatus.

212 2035 255 2062 16.
279 2034 348 2062 Eum
366 2040 470 2066 autem,
484 2042 548 2062 cum
563 2035 590 2061 in
605 2034 647 2062 his
663 2038 748 2066 esset,
764 2034 916 2069 aspiciebat
933 2035 971 2062 ci-

176 2081 258 2114 vitasl
271 2086 298 2108 et
309 2081 442 2108 virtutum
455 2087 508 2107 non
518 2081 624 2107 celabat
637 2080 868 2115 magnitudinem;
883 2088 971 2115 neque

175 2128 282 2163 egregia
302 2127 373 2154 facta
389 2131 468 2153 terra!
494 2127 656 2159 mandabat;
673 2125 745 2153 fama
763 2134 828 2154 vero
851 2126 971 2160 excipie-

177 2176 223 2202 bat
237 2184 244 2202 :
258 2180 285 2201 et
303 2174 368 2200 licet
382 2181 436 2200 non
453 2173 570 2205 adesset.
585 2180 648 2201 eutn
660 2173 790 2200 otnnibus
808 2174 875 2208 ipsis
890 2173 970 2201 factis

174 2221 348 2250 ostendebat.
359 2224 387 2247 et
395 2220 592 2255 pr0pemodum
602 2227 733 2254 responsa
745 2220 779 2247 ab
788 2227 835 2247 ore
846 2219 969 2247 omniunt

1020 304 1106 331 fantia
1123 304 1156 332 ad
1175 304 1261 331 Deum
1287 305 1445 336 vocabatur.
1466 313 1540 338 eum,
1570 306 1692 341 inquam,
1711 307 1756 342 qui
1781 315 1814 334 ex

1018 357 1120 377 corona
1146 351 1304 378 nominatus
1330 352 1381 379 fuit
1398 352 1436 388 (5i
1468 352 1636 387 Stephanus,
1663 353 1687 380 ei
1715 354 1759 388 qui
1781 361 1814 380 ex

1018 395 1112 423 fasciis
1134 401 1176 423 est
1200 403 1404 430 sacrosanctus,
1425 403 1602 425 sacrosancte
1617 397 1812 433 conjungalur,

1017 441 1065 476 qui
1093 450 1125 469 ex
1151 442 1223 469 illius
1244 442 1398 477 privatione
1411 444 1445 470 ab
1465 451 1496 470 ea
1507 449 1650 479 acceptum
1668 452 1812 471 inmrorcm

1018 487 1115 514 solvet.
1143 487 1212 515 Cum
1235 487 1327 522 itaque
1351 489 1511 516 advenisset
1538 494 1658 524 tempus,
1682 497 1736 524 quo
1757 489 1815 516 lucc

1018 533 1076 559 lieri
1097 533 1252 568 Oportebat,
1274 532 1406 567 suffragia
1422 533 1541 561 universi
1554 539 1642 561 cretus
1654 534 1813 569 pontiï¬cum

1017 584 1043 606 et
1062 579 1247 611 sacerdotum,
1262 583 1289 606 ct
1301 586 1397 606 eorum
1419 579 1465 614 qui
1479 580 1563 606 vitam
1587 579 1703 614 agebant
1717 587 1814 607 mona-

993 625 998 632 â€˜
1018 625 1128 656 sticam,
1141 628 1169 651 et
1182 625 1267 659 ipsius
1281 632 1389 659 quoque
1399 624 1527 657 Senatus,
1539 625 1572 651 ad
1583 624 1693 659 dignum
1707 633 1815 660 sponsae

1017 669 1122 698 Christi
1143 671 1271 698 Ecclesiae
1286 678 1419 705 sponsum
1438 670 1606 698 ferebantur.
1625 670 1681 698 Hoc
1705 679 1815 706 quoque

1019 724 1135 752 magnus
1158 717 1253 744 videns
1279 717 1439 752 imperator,
1467 716 1493 743 in
1511 725 1619 744 omnem
1636 722 1737 752 partem
1759 718 1814 744 cir-

1018 760 1286 790 eumlcrensâ€˜oculos
1301 763 1484 798 cogitationis,
1497 770 1605 797 semper
1613 770 1706 789 curam
1718 770 1815 798 gerens

1017 809 1078 844 ejus
1105 810 1178 843 quod
1203 810 1331 847 urgebat,
1360 814 1390 836 ut
1418 809 1463 844 qui
1485 809 1599 844 pulchre
1619 809 1702 837 sciret
1722 808 1814 836 metiri

1019 855 1200 889 praeteritum,
1226 860 1251 881 et
1276 855 1302 881 id
1328 854 1400 889 quod
1417 854 1702 888 adest,ennsiderare,
1719 859 1745 882 et
1767 862 1816 889 per

1019 904 1168 934 utrumque
1188 901 1222 928 de
1248 900 1341 927 futuro
1368 905 1471 927 certam
1505 900 1594 927 facere
1616 900 1815 934 conjecturam,

1019 945 1194 972 continuavit
1212 945 1393 977 electionem;
1409 946 1450 972 vel
1464 945 1556 980 potius
1573 945 1643 972 Deus
1661 953 1708 980 per
1723 945 1814 980 ipsum

1021 991 1177 1025 obsignavit
1200 991 1359 1017 universum
1378 999 1384 1016 :
1402 995 1429 1017 et
1446 995 1576 1025 tanquam
1593 991 1748 1025 quempiam
1774 991 1814 1017 vi-

1021 1037 1136 1063 ctoriam
1168 1041 1346 1064 consecutum
1384 1036 1515 1064 athletam
1551 1037 1743 1064 transmittens
1779 1036 1813 1063 ad

1020 1082 1185 1118 Olympiam,
1213 1083 1303 1110 evehit
1332 1082 1365 1109 ad
1379 1082 1471 1109 sedem
1496 1081 1689 1116 pontificalem,
1709 1083 1814 1116 majora

1021 1128 1178 1155 habiturum
1198 1128 1364 1160 certamina,
1383 1133 1410 1155 et
1423 1135 1540 1154 coronas
1557 1128 1755 1162 praeclariores.

1056 1174 1102 1201 l7.
1122 1174 1155 1201 Et
1168 1174 1295 1209 deinceps
1313 1173 1431 1201 habebat
1448 1181 1551 1208 sponsa
1564 1173 1665 1201 Christi
1678 1181 1752 1206 eum,
1767 1173 1814 1206 qui

1021 1223 1094 1245 recte
1115 1219 1223 1246 tenebat
1237 1219 1311 1253 leges
1322 1218 1479 1251 sacerdotii,
1496 1214 1523 1245 et
1537 1218 1645 1245 virebat
1667 1219 1723 1253 spei
1742 1219 1815 1245 imii-

1019 1265 1158 1298 gentium,
1174 1269 1201 1291 et
1221 1264 1329 1291 abunde
1353 1264 1514 1291 etinndehat
1541 1264 1769 1295 miscricordiam.
1789 1269 1816 1291 et

1019 1314 1079 1336 erat
1099 1309 1226 1337 manibus
1251 1317 1402 1344 pauperum
1421 1309 1579 1344 propositus
1598 1309 1666 1344 :qui
1688 1309 1715 1335 in
1732 1309 1814 1336 rebus

1019 1355 1132 1385 divinis.
1149 1355 1283 1388 initiabat,
1299 1360 1326 1382 et
1342 1355 1386 1387 iis,
1403 1355 1451 1389 qui
1467 1355 1655 1387 initiabanlur,
1677 1355 1816 1389 exemplar

1020 1401 1141 1431 virtutis,
1161 1401 1307 1434 imaginem
1334 1400 1514 1431 fortitudinis,
1535 1401 1717 1428 simtnacrum
1743 1405 1814 1427 tent-

1021 1446 1151 1480 pcrantim
1166 1451 1192 1472 et
1206 1445 1322 1480 juslitia:
1336 1445 1497 1472 ostendebat
1511 1445 1631 1480 regulam
1650 1455 1656 1472 :
1669 1445 1716 1480 qui
1729 1445 1814 1472 vitam

1020 1491 1119 1526 magis,
1135 1498 1218 1525 quam
1239 1490 1372 1524 linguam,
1398 1491 1554 1525 proferebat
1571 1491 1740 1526 magistram.
1759 1489 1814 1518 Sed

1021 1544 1075 1564 non
1093 1536 1145 1563 fuit
1166 1541 1313 1564 contentus
1326 1536 1371 1567 iis,
1389 1544 1450 1571 quas
1472 1541 1671 1572 praecesserunt
1686 1546 1692 1564 :
1712 1544 1764 1564 non
1780 1538 1814 1564 ad

1021 1583 1204 1610 relaxatioues
1217 1583 1333 1617 aspexit,
1349 1587 1378 1608 ut
1392 1583 1492 1618 aliquis
1508 1582 1597 1616 alius;
1612 1590 1701 1617 neque
1718 1590 1815 1618 peper-

1020 1628 1058 1656 cit
1070 1629 1205 1656 senectuti
1222 1637 1228 1654 :
1243 1627 1291 1655 sed
1307 1627 1424 1655 sudores
1444 1628 1629 1655 succedebant
1651 1628 1813 1658 sudoribus.

1020 1679 1047 1702 et
1069 1674 1177 1702 labores
1199 1673 1351 1705 laboribus,
1373 1677 1400 1700 et
1424 1673 1528 1701 sanctis
1542 1673 1617 1701 curis
1635 1681 1708 1701 cura:
1725 1673 1815 1708 magis

1020 1725 1120 1748 sanctze
1136 1729 1142 1746 :
1161 1723 1188 1747 ct
1214 1718 1327 1754 perinde
1351 1726 1384 1746 ac
1411 1718 1501 1746 alatus
1530 1718 1687 1754 quispiam,
1713 1718 1815 1745 virtuts

1020 1767 1106 1794 sancti
1123 1765 1260 1800 Spiritus.
1281 1765 1307 1792 in
1328 1765 1366 1800 (Ï)
1384 1765 1463 1792 senili
1489 1772 1606 1800 corpore
1629 1765 1747 1793 assumit
1774 1765 1815 1791 vi.

1021 1815 1128 1845 gentem
1143 1811 1226 1838 animi
1247 1811 1428 1842 alacritatem,
1449 1815 1475 1838 et
1489 1819 1584 1838 omnes
1598 1810 1700 1838 Christi
1716 1810 1814 1838 Eccle-

1020 1858 1087 1890 sias,
1100 1863 1156 1884 tum
1182 1857 1310 1892 precibus
1335 1858 1419 1884 Deum
1442 1857 1565 1892 placaris,
1588 1862 1647 1884 tum
1673 1865 1737 1890 eas,
1752 1865 1815 1892 qua:

1020 1908 1142 1937 tempore
1162 1903 1369 1935 laboraverant,
1385 1908 1413 1930 et
1438 1903 1509 1930 male
1523 1908 1603 1930 erant
1628 1903 1742 1934 affectat,
1763 1911 1814 1937 pro

1020 1950 1123 1977 viribus
1142 1957 1271 1976 recreans
1282 1949 1322 1984 (7)
1342 1957 1349 1975 :
1365 1949 1453 1984 iisque
1471 1949 1516 1984 qui
1538 1957 1553 1976 e
1566 1953 1695 1984 suggestu
1710 1950 1736 1976 in
1753 1949 1814 1976 iuo-

1020 1995 1092 2030 piant
1114 1995 1271 2022 deciderant
1294 1994 1414 2030 copiosis
1431 2002 1597 2022 succurrens
1618 1995 1815 2030 suppeditatio-

1021 2041 1112 2073 nibus,
1129 2045 1157 2067 et
1171 2041 1338 2075 quotidianis
1354 2040 1534 2075 proventibus
1548 2040 1716 2068 distribuens
1741 2041 1812 2069 elec-

1022 2094 1164 2121 mosynam
1182 2086 1429 2114 innumerabilibus
1440 2086 1618 2120 pauperibus.
1628 2085 1813 2119 Quamobrem

1021 2137 1048 2159 et
1066 2132 1112 2167 qni
1139 2131 1278 2159 laborabat
1306 2131 1409 2166 inopia,
1435 2132 1527 2159 laetum
1553 2132 1625 2159 diem
1654 2132 1762 2166 agebat,
1786 2137 1814 2160 et

1024 2181 1124 2214 hospes
1139 2179 1354 2206 obliviscebatur
1365 2179 1470 2214 patriae,
1484 2184 1510 2206 et
1522 2178 1663 2213 orphanus
1676 2177 1812 2213 lacryma-

1022 2225 1112 2257 batur,
1130 2230 1158 2252 et
1171 2224 1311 2252 viduitatis
1327 2224 1444 2252 ferream
1467 2224 1608 2252 fornacem
1620 2224 1814 2259 exstinguehat

176 2267 343 2297 excidentia,
359 2266 483 2293 futurum
498 2270 627 2300 tanquam
640 2273 761 2300 praesens
773 2266 967 2300 praedicabant.
986 2279 1008 2306 Ï…
1023 2271 1113 2298 vidua,
1134 2271 1202 2303 Quis
1226 2275 1330 2298 lautam
1356 2279 1451 2298 curam
1482 2270 1569 2306 gessit
1591 2270 1722 2305 justitiam
1746 2269 1814 2303 Qui:

177 2313 240 2341 Haec
259 2313 432 2340 canebantur
451 2313 477 2338 in
496 2312 590 2340 multis
614 2312 783 2344 civitatibus,
801 2313 971 2340 canebantur

178 2361 206 2388 in
219 2361 305 2396 agris,
322 2360 484 2388 dicebantur
498 2359 525 2389 in
541 2359 691 2391 montibus,
705 2359 732 2386 in
747 2359 845 2393 antris,
863 2360 889 2386 in
905 2367 972 2395 gen-

178 2409 262 2436 tibus.
289 2408 341 2435 Per
364 2415 460 2435 omnes
479 2407 552 2434 enim
576 2407 742 2442 pervadebat
756 2408 930 2440 miraculum,
945 2413 972 2436 et

176 2460 236 2482 erat
247 2454 404 2482 communis
418 2454 493 2481 orbis
507 2459 588 2482 terra:
602 2454 733 2481 narratio.
755 2454 818 2481 llaec
843 2454 973 2483 Ecclesia:

177 2499 280 2528 Christi
297 2507 408 2536 sponsae
432 2501 579 2527 movebant
595 2507 729 2533 antorem,
750 2500 916 2536 ardebatque
933 2501 971 2528 sic

174 2545 250 2573 tiens
268 2554 344 2578 eum,
374 2554 454 2581 quem
480 2547 621 2582 diligebat,
650 2551 678 2574 et
702 2547 841 2580 quaerebat
864 2552 972 2582 tempus

177 2592 392 2626 conjunctiOnis,
415 2596 442 2619 et
458 2593 611 2627 praevidens
638 2597 745 2627 tempus
762 2592 970 2627 desponsionis.

177 2645 226 2672 spe
242 2637 314 2665 dulei
327 2637 448 2672 jucunde
465 2638 626 2665 ducebatur.
644 2637 753 2665 Sciebat
770 2638 842 2665 enim
856 2637 917 2666 fore
942 2642 972 2666 ut

177 2684 357 2718 praecedentis
371 2683 464 2718 sponsi
484 2683 616 2719 dignitate
634 2683 747 2711 minime
761 2685 888 2711 viduetur
901 2693 908 2712 :
923 2684 970 2712 sed

213 2751 253 2788 (5)
272 2750 322 2788 llic
335 2756 389 2788 est,
405 2752 438 2788 de
452 2759 510 2788 quo
534 2757 597 2788 ante
621 2752 739 2788 dictum.
759 2752 789 2779 S.
815 2752 971 2788 Stephanus

176 2787 348 2848 mtriarcha.
375 2786 468 2814 Basilii
486 2786 643 2814 Macedonis
671 2787 735 2822 imp.
766 2787 849 2818 ï¬lius.
865 2786 970 2815 Leonis

222 2827 272 2848 ter.
298 2823 344 2848 aui
371 2822 470 2848 colitur
492 2822 526 2848 17
548 2822 621 2848 Maii.
647 2829 702 2848 auo
728 2827 864 2848 mortuus.
889 2824 970 2848 tertio

222 2827 277 2857 ter,
298 2823 344 2856 qui
371 2822 470 2849 colitur
492 2822 526 2849 17
548 2822 621 2854 Maii,
647 2829 702 2857 quo
728 2827 864 2856 mortuus,
889 2824 970 2852 tertio

177 2863 253 2884 anno
269 2856 380 2889 Leonis,
392 2857 458 2884 Chr.
475 2857 538 2885 888.

213 2892 252 2924 (6)
269 2891 337 2918 Ilinc
361 2896 444 2926 patet.
467 2893 551 2930 quod
565 2897 646 2920 antea
662 2893 795 2930 diximus,
824 2901 970 2930 sexagena-

178 2928 263 2962 rium,
281 2932 329 2955 aut
344 2935 400 2956 non
418 2928 505 2956 multo
518 2928 650 2956 minorem
668 2929 763 2957 luisse.

1023 2318 1122 2353 injuria
1139 2317 1244 2345 allectis
1259 2318 1346 2352 magis
1371 2317 1420 2345 fuit
1444 2317 1597 2345 salutaris?
1611 2317 1679 2350 Quis
1702 2324 1811 2348 eorum.

1022 2365 1069 2400 qui
1095 2365 1223 2400 injuriam
1240 2363 1385 2396 faciebant.
1410 2364 1451 2392 sic
1474 2363 1648 2399 propulsavit
1675 2363 1813 2398 impetus?

1023 2411 1089 2444 Quis
1111 2411 1172 2438 lites
1183 2411 1360 2445 composuit?
1374 2409 1441 2443 Quis
1457 2410 1541 2438 nimis
1560 2414 1682 2438 erectum
1696 2410 1815 2438 detraxit

1023 2456 1221 2492 supercilium?
1237 2456 1306 2489 Quis
1324 2456 1473 2491 superbum
1495 2460 1524 2484 et
1549 2459 1726 2491 arrogantem
1755 2454 1815 2481 ani-

1023 2510 1098 2530 mum
1120 2502 1242 2529 traduxit
1258 2501 1293 2529 ad
1318 2501 1557 2529 moderationem?
1586 2501 1686 2529 Omnia
1712 2505 1739 2527 et
1767 2506 1815 2533 per

1023 2547 1115 2576 omnia
1144 2547 1201 2582 ipse
1226 2555 1277 2575 suo
1300 2547 1426 2583 exemplo
1451 2547 1658 2583 eomplanabat,
1690 2545 1812 2572 salutare

1023 2593 1251 2622 medicamentum
1271 2592 1386 2620 eï¬‚'cctus
1402 2593 1507 2621 morbis
1532 2592 1642 2619 animm.
1671 2590 1723 2617 Sed
1751 2597 1814 2624 quis

1024 2649 1057 2669 ex
1073 2640 1241 2676 pauperibus
1255 2647 1317 2667 cum
1338 2640 1503 2675 aspersisset
1518 2637 1645 2674 lacrymis
1661 2636 1750 2664 forum
1765 2636 1813 2670 ju.

1023 2686 1130 2719 diciale,
1152 2690 1182 2713 ut
1206 2685 1252 2721 jus
1278 2694 1358 2713 suum
1384 2685 1531 2716 obtineret,
1563 2691 1624 2711 cum
1652 2687 1813 2717 paupertate

1059 2752 1098 2788 (7)
1117 2752 1215 2788 Menaea
1227 2751 1265 2788 ita
1280 2751 1381 2788 habent
1401 2760 1408 2777 :
1424 2751 1490 2788 ÎšÎ±á½¶
1499 2751 1556 2788 Â«at;
1578 2749 1682 2788 á¼€Ï€Î¿Ïá½·á¾³
1699 2757 1812 2788 ÏƒÎ¼Î½Î¾Ï‡Ï-

1024 2784 1115 2823 Î¼á½²á¼¦ÏÎ¿á½¶Ï‚
1137 2787 1191 2814 Ï„á¿¶Î½
1208 2787 1357 2823 ÎºÎ»Î·ÏÎ¹Î´Ï‚á¿¶Î½,
1387 2786 1435 2823 ÎºÎ±).
1456 2785 1511 2810 Ï„á¿¶Î½
1534 2784 1692 2823 á¼€Î½Î±Î³ÎºÎ±Î¹Î¹Î¹Î¾Î½
1714 2784 1814 2823 mea;

1022 2819 1140 2858 á¼”Ï‡Î¿Ï…ÏƒÎ¹Î½,
1151 2819 1329 2858 á¼Ï†Î¸á½¹Î½á¿´Ï„á¿¶Î½
1343 2821 1486 2858 Ï‡ÏÎ³Î¹Î¼á½±á¿–Ï‰Î½
1501 2820 1632 2855 Ï‡Î¿ÏÎ·Î³á½·á¾³,
1650 2819 1814 2858 Ï„á¿‚Î½-Ï€Î±ÏÎ¿á¿¦-

1023 2855 1073 2885 Ïƒá¾¶Î½
1095 2855 1212 2894 á¼€Ï€Î¿Ïá½·Î±Î½
1237 2855 1492 2894 Î´Î¹á½³Î»Ï…ÎµÎ“Î™Î·á¾³Ïá½·Î±Î¹Î¹Î¹
1513 2863 1615 2894 quoque
1644 2855 1812 2894 clericorurn,

1021 2895 1066 2929 qui
1087 2890 1238 2921 necessariis
1258 2901 1360 2927 quoque
1377 2891 1452 2929 rebus
1467 2891 1690 2929 destituebantâ€,
1705 2890 1815 2918 liberali

1021 2926 1192 2964 pecuniarum
1208 2926 1359 2963 erogatione
1378 2926 1540 2955 sublevabat.
1686 2965 1699 2977 .
