2075 3157
237 196 288 229 191

823 192 1030 223 NICEPIIORI
1051 192 1281 223 PHILOSOPHI

1816 191 1866 222 ill?

235 250 313 281 abiit,
339 248 441 276 deﬂens
458 247 532 283 quod
550 247 595 282 jus
612 255 692 274 suum
715 255 767 275 non
785 251 878 281 posset
893 246 1022 281 assequi?
1036 245 1059 275 A
1074 245 1352 281 mcutem!)sedatam
1363 246 1590 277 immutarunt,ct
1601 245 1735 282 lacrymas
1743 248 1865 274 omnium

236 295 368 327 Quaenam
379 297 471 320 autem
492 293 583 324 vidua,
600 292 662 327 quis
678 292 829 327 orphanus,
846 293 868 318 si
886 292 1026 318 vmisscnt

237 340 264 365 in
286 339 372 373 ipsius
389 342 578 372 couspectum,
603 342 651 364 aut
682 337 768 371 ipsam
795 341 888 371 postea
916 335 1025 362 deﬂevit

237 384 396 412 orbitatem,
417 387 464 409 aut
478 390 531 409 non
549 383 654 410 levatus
673 382 725 409 fuit
741 382 915 409 calamitate?
930 381 1026 408 Omni-

238 430 290 457 bus
304 430 398 456 aderat
422 435 472 456 sua
489 428 674 462 providentia,
692 427 806 459 malum,
825 426 898 461 quod
916 427 1027 454 unicui—

237 483 291 510 que
309 475 439 502 atferebat
465 474 632 505 molestiam,
647 473 705 500 suis
726 473 855 500 auferens
875 472 1027 505 beneﬂciis,

239 522 332 550 verbis
348 522 508 553 consolans,
527 528 595 547 auro
620 527 698 554 opem
716 519 817 552 ferens,
835 523 928 553 tegens
944 519 1028 546 vesti-

239 569 301 595 bus.
321 567 456 594 Videbam
480 566 562 594 etiam
576 565 700 600 quaedam
727 573 809 600 supra
833 566 969 592 rationem
1000 565 1028 591 in

202 643 206 645 λ
240 615 300 649 ipso
313 614 469 644 convenire,
485 620 546 647 qua:
563 611 714 639 secundum
733 616 858 638 naturam
881 618 934 637 non
961 617 1028 637 con-

240 660 370 693 veniunt;
390 659 578 686 austeritatem
595 663 621 685 ct
648 658 824 690 suavitatem,
847 657 1030 684 humilitatem

241 710 269 732 et
294 705 468 740 gravitatem,
493 705 666 734 severitatem
683 708 710 731 et
733 703 883 731 lenitatem.
908 702 1029 735 Quorum

242 751 295 778 alia
313 751 422 786 quidem
443 750 598 785 applicabat
612 750 657 780 iis,
680 749 779 783 quibus
792 750 833 776 vis
849 749 1030 782 aﬂ‘crebatur;

243 798 297 824 alia
317 802 409 824 autem
433 797 476 827 iis,
490 797 536 831 qui
550 797 605 823 vim
618 796 767 823 aﬂ‘erebant
786 805 792 822 :
811 800 838 822 et
853 795 906 823 alia
921 795 1030 830 quidem

244 847 324 870 erant
341 843 554 875 medicamenta,
574 850 634 877 quae
652 841 808 876 superbiam
824 846 850 868 ct
863 841 962 868 fastum
983 841 1032 868 de-

245 889 391 916 trahebant
413 896 520 921 corum,
540 889 587 923 qui
603 889 734 915 adversus
751 888 905 921 proximum
925 887 1032 914 attolle—

245 935 312 962 bant
326 934 524 968 supercilium;
540 935 593 961 alia
614 941 705 962 autem
731 934 893 961 recreabant
910 933 947 965 id,
960 933 1033 968 quod

244 985 303 1008 erat
316 980 456 1007 afﬂictum.

283 1027 326 1054 t8.
345 1026 392 1054 His
408 1027 538 1054 Ecclesia:
549 1031 638 1054 ctetus
649 1028 848 1055 .traducebatur
863 1027 896 1055 ad
908 1027 1033 1060 meliora,

246 1072 374 1107 Dcusque
397 1073 542 1108 propitius,
568 1078 595 1100 ct
612 1081 727 1108 magnus
743 1073 892 1108 imperator
915 1074 1036 1108 gaudens

247 1119 442 1147 delectabatur.
472 1119 626 1154 lncorrupti
641 1127 705 1146 vero
727 1120 811 1146 animi
828 1119 922 1147 videns
936 1120 962 1146 in
979 1119 1037 1147 suf-

247 1165 493 1200 fragiojudicium,
508 1165 582 1200 quod
604 1166 630 1192 in
649 1166 730 1193 rebus
743 1167 810 1201 ipsis
830 1166 887 1193 falli
903 1175 956 1193 non
972 1174 1036 1200 pos—

247 1217 301 1245 set,
314 1220 376 1239 cum
387 1220 435 1247 per
451 1213 540 1246 ipsum
556 1213 699 1240 statuisset
711 1217 790 1240 vetus
804 1212 933 1240 Ecclesia:
945 1213 1035 1244 ulcus,

247 1266 297 1286 seu
315 1258 353 1294 (8)
369 1259 498 1290 schisma,
520 1259 551 1286 ad
568 1259 723 1287 cicatricem
741 1259 886 1292 deducere,
903 1260 929 1286 in
951 1267 1036 1286 unum

248 1304 320 1339 cogit
337 1305 479 1332 orientalia
495 1310 522 1332 et
535 1306 573 1340 (9)
590 1306 772 1334 occidentalia
792 1316 799 1333 :
817 1312 845 1334 et
865 1314 928 1334 cum
946 1307 1035 1341 philo-

250 1351 354 1386 sophiae
378 1351 471 1378 ﬂorem
489 1356 548 1379 arte
566 1352 674 1380 dicendi
696 1357 888 1388 temperasset,
915 1353 1036 1388 linguam

250 1397 356 1431 profert
372 1398 531 1430 salutarem,
549 1403 575 1426 et
590 1399 664 1432 justa
682 1399 871 1433 persuasione,
885 1400 945 1427 lmto
962 1401 1037 1427 vultu

249 1447 277 1469 et
297 1443 448 1471 ridentibus
471 1444 560 1471 oculis
587 1444 671 1471 solvit
687 1444 869 1477 offensiones,
885 1449 911 1472 et
933 1453 963 1471 re
981 1445 1039 1480 ipsa

250 1489 380 1521 ostendit,
395 1494 529 1524 quantum
547 1490 657 1517 intersit
673 1490 752 1517 inter-
763 1498 853 1526 regem
872 1490 899 1518 in
914 1490 1038 1518 doctrina

250 1535 407 1568 educatum,
432 1540 459 1562 et
476 1540 638 1570 potestatem
664 1543 724 1570 quae
738 1536 797 1570 ejus
816 1544 870 1563 non
894 1541 935 1563 est
952 1536 1039 1572 parti-

1080 296 1280 327 rcpresscrttnt,
1300 291 1368 320 fusis
1391 292 1585 320 misericordia:
1608 292 1748 327 lacrymis.
1773 296 1800 319 et
1817 300 1865 319 sua

1079 339 1105 366 in
1123 347 1181 369 eos.
1195 339 1240 373 qui
1255 344 1333 366 erant
1355 338 1479 373 ejusdctn
1497 338 1614 374 generis,
1637 338 1837 369 misericordia,
1851 346 1867 365 e

1078 385 1185 420 superis
1197 385 1316 412 divinam
1327 388 1500 412 attraxerunt
1510 384 1738 416 misericordiam,
1752 389 1779 411 et
1790 388 1868 411 terra:

1080 431 1189 461 faciem,
1206 439 1266 465 quze
1288 431 1415 465 squalore
1428 435 1454 457 ct
1466 430 1589 458 siccitate
1605 429 1744 463 interibat,
1761 429 1868 457 divinas

1079 478 1269 505 miserationes
1285 481 1433 512 coegerunt
1446 484 1588 503 renovare.

1116 524 1159 552 i9.
1173 524 1236 551 “me
1247 529 1310 551 sunt
1324 523 1520 558 philosophica:
1532 523 1631 550 mentis
1646 522 1716 549 facta
1726 522 1867 555 praeclara,

1080 577 1141 604 qua:
1159 574 1223 596 sunt
1237 577 1366 604 germana
1384 568 1464 596 factis
1483 568 1566 595 lilosis
1586 572 1614 595 et
1631 568 1760 599 Aaronis.
1775 567 1869 595 confc-

1081 615 1166 642 renda
1195 623 1257 642 cum
1287 614 1366 642 factis
1396 615 1461 642 Elize
1479 619 1506 642 et
1526 613 1632 646 Eliszei,
1661 613 1762 640 similia
1792 612 1870 640 factis

1083 662 1192 689 Davidis
1208 667 1236 688 et
1252 661 1400 689 Samuelis.
1429 661 1554 695 Magnum
1569 660 1643 687 illius
1661 659 1771 687 virtutis
1799 658 1871 686 indi-

1082 708 1167 740 cium,
1193 708 1266 742 quod
1286 712 1351 735 tunc
1376 715 1467 734 curam
1496 707 1644 734 sustineret
1672 705 1870 741 pontificalem,

1083 755 1192 788 quando
1213 754 1360 788 imperator
1378 760 1393 780 α
1409 754 1502 788 pueris
1519 753 1593 780 laute
1612 752 1733 779 nutritus
1743 751 1869 785 jllSlilia‘,

1083 807 1138 826 non
1152 807 1181 827 sc
1197 800 1265 827 dans
1290 799 1488 834 voluptatibus.
1515 807 1568 826 non
1591 806 1722 826 recusans
1744 799 1871 829 labores.

1085 853 1203 880 quorum
1218 845 1323 872 fruetus
1339 845 1475 872 sinceram
1492 844 1610 871 afferunt
1622 845 1788 879 voluptatem
1802 853 1808 876 ;
1826 845 1871 871 sed

1086 899 1115 918 se
1134 891 1267 918 doctrinas
1289 891 1419 918 dedicans
1440 895 1467 918 et
1482 891 1655 925 eloquentim,
1674 890 1871 924 philosophiam

1089 938 1186 972 magis,
1200 945 1282 971 quatit
1300 937 1352 964 alia
1367 937 1449 967 bona.
1465 942 1494 963 ut
1506 945 1567 971 qum
1581 942 1692 971 propter
1708 937 1794 971 ipsam
1807 943 1874 964 con-

1089 984 1223 1016 ferantur,
1249 983 1402 1017 eligendam
1428 991 1488 1010 esse
1513 983 1636 1015 ducens,
1664 983 1873 1010 concionanthm

1090 1030 1215 1056 movebat
1241 1029 1381 1064 linguam,
1407 1036 1467 1063 qtue
1492 1028 1671 1061 profundebat
1686 1029 1767 1055 verba
1795 1028 1876 1055 melle

1090 1076 1237 1105 suaviora.
1266 1075 1366 1102 similia
1394 1075 1485 1102 verbis
1515 1075 1682 1107 Salomonis,
1712 1074 1876 1102 conferenda

1089 1129 1151 1149 cum
1165 1121 1284 1148 Davidis.
1306 1120 1365 1153 Quo
1387 1125 1510 1155 tempore
1528 1121 1615 1156 magis
1631 1121 1785 1155 apponebat
1799 1129 1876 1147 meu<

1091 1175 1148 1194 sam
1165 1167 1310 1194 verborum
1333 1174 1414 1201 quam
1440 1167 1577 1198 ciborum,
1600 1171 1626 1194 et
1641 1167 1796 1201 dogmatmn
1818 1170 1877 1193 tan-

1090 1221 1172 1248 quam
1187 1220 1219 1239 ex
1237 1212 1310 1240 fonte
1334 1213 1427 1247 aliquo
1445 1212 1576 1239 ﬂuentum
1599 1212 1709 1246 copiose
1724 1212 1877 1245 emittebat,

1091 1266 1119 1287 et
1138 1259 1288 1293 Scriptura:
1305 1259 1500 1294 profunditatis
1513 1259 1581 1286 citra
1598 1258 1774 1286 offensionem
1791 1258 1878 1284 latens

1091 1313 1190 1333 sensus
1205 1305 1239 1332 ab
1255 1313 1287 1331 eo
1305 1305 1528 1339 investigabatur,
1543 1309 1570 1331 et
1588 1305 1731 1332 universus
1743 1303 1877 1331 bonorum

1091 1351 1192 1378 chorus
1208 1356 1314 1386 poterat
1327 1351 1400 1386 loqui
1416 1351 1510 1379 libere.

1129 1397 1174 1425 ‘20.
1195 1398 1262 1425 Cum
1288 1398 1314 1424 in
1335 1397 1375 1425 his
1402 1402 1474 1425 esset
1500 1398 1582 1425 homo
1599 1397 1663 1430 Dei,
1687 1402 1714 1424 et
1739 1397 1878 1424 ﬂorentem

1092 1445 1245 1472 doctrinam
1267 1444 1371 1472 videret
1390 1451 1453 1471 cum
1479 1444 1626 1471 virtutibus
1653 1444 1679 1471 in
1707 1444 1880 1478 imperatoris

1093 1492 1195 1524 anima,
1214 1499 1274 1526 qua:
1289 1491 1403 1524 juvenili
1429 1491 1555 1517 utebatur
1578 1497 1703 1525 corpore,
1725 1494 1751 1518 et
1767 1490 1880 1524 vestigia

1093 1539 1215 1572 antiqua:
1226 1537 1374 1568 fclicitatis,
1389 1541 1416 1564 et
1431 1537 1590 1564 universum
1607 1536 1690 1564 alium
1708 1544 1881 1571 consequen-

251 1589 332 1616 ceps;
356 1587 422 1609 tunc
438 1581 556 1609 maxime
575 1587 729 1616 temperans
753 1583 889 1610 viventem
912 1582 1041 1611 Ecclesiae
1055 1586 1076 1616 C
1094 1587 1147 1611 tem
1168 1587 1269 1611 statum
1294 1587 1348 1610 tam
1366 1583 1485 1615 civilem,
1509 1591 1591 1617 quam
1615 1582 1828 1613 oeconomicum,
1854 1587 1881 1609 et

252 1632 385 1655 craterem
401 1627 427 1654 in
444 1628 582 1662 pontifice,
595 1628 641 1662 qui
658 1636 780 1655 mensam
793 1629 934 1663 proposuit
946 1630 1042 1657 activa:

253 1673 433 1706 philosophia:
452 1672 533 1699 bonis
546 1672 648 1699 lautam
671 1676 698 1699 et
720 1669 859 1704 refertam,
874 1672 1043 1707 docebatque

254 1722 282 1745 et
298 1718 473 1751 imperatoris
499 1718 668 1752 philosophi,
691 1722 717 1745 et
732 1718 869 1752 pontilicis
885 1718 911 1745 in
938 1718 1043 1753 agendo

257 1764 388 1792 industrii
405 1763 474 1791 illud
490 1771 620 1798 magnum
633 1768 660 1790 et
675 1763 839 1791 admirabile
855 1772 924 1799 opus
941 1773 1001 1792 esse
1016 1770 1044 1792 et

256 1811 389 1841 studium,
416 1817 466 1845 per
487 1817 548 1844 qua:
571 1814 614 1837 est
639 1809 829 1844 incorruptum
852 1809 998 1844 judicium,
1017 1816 1046 1839 ct

257 1857 376 1885 tribunal
404 1856 563 1883 muneribus
589 1855 774 1890 impollutum,
802 1860 829 1883 ct
851 1858 1043 1884 continuerunt

254 1903 422 1938 iudiciorum
444 1902 554 1937 sapiens
570 1902 736 1936 excogitatio
753 1912 759 1930 :
777 1911 825 1937 per
846 1911 907 1937 qua:
917 1909 944 1930 et
962 1903 1046 1931 libere

256 1948 378 1982 loquitur
390 1952 417 1975 et
433 1947 473 1974 sic
492 1947 562 1982 gerit
575 1946 693 1982 justitia,
712 1951 739 1973 et
761 1947 851 1974 loctnn
872 1955 925 1974 non
943 1949 1046 1976 invenit

257 1992 414 2020 adversaria
433 2000 439 2017 :
460 1999 506 2026 per
520 1999 582 2026 quae
595 1995 622 2018 et
639 1991 753 2026 reprimi
768 1997 895 2026 poterant
908 1993 1046 2028 orphano-

257 2047 318 2066 rum
349 2038 486 2074 lacrymte.
507 2037 681 2073 gemitusque
710 2037 869 2069 viduarum,
901 2039 1046 2074 omnisque

258 2084 385 2120 malignae
398 2088 426 2111 et
448 2083 550 2111 dolosa:
565 2083 781 2111 machinationis
798 2084 861 2112 nodi
880 2085 1003 2118 dissolvi,
1020 2092 1047 2113 ct

256 2131 312 2158 dux
331 2130 471 2158 exercitus
497 2129 644 2165 imperium
663 2130 789 2165 accipere
803 2131 944 2164 praemium
961 2131 1046 2158 virtu-

256 2178 304 2210 tis,
321 2181 348 2205 et
370 2184 386 2205 e
418 2177 489 2211 turpi
519 2177 596 2204 lucro
632 2184 743 2203 manum
768 2176 891 2211 praebere
916 2178 1046 2204 mundam

257 2224 416 2252 communia
429 2228 456 2250 et
472 2223 580 2257 publica
593 2231 600 2255 ;
612 2226 639 2249 et
649 2222 726 2250 dives
739 2230 792 2249 non
810 2223 946 2250 sustinuere
961 2223 1047 2251 bono-

259 2278 320 2297 rum
337 2270 561 2304 publicationem,
585 2273 612 2296 et
632 2276 735 2303 pauper
761 2269 836 2295 nulla
856 2268 926 2296 aﬂici
949 2273 1046 2296 contu-
1064 2259 1087 2288 ι)

259 2316 357 2349 tnelia;
372 2321 400 2343 et
412 2315 533 2350 agricola
546 2315 638 2342 sulcos
651 2314 774 2349 jucunde
786 2314 974 2348 proscindere,
989 2323 1042 2342 non

261 2363 360 2390 timens
370 2362 543 2398 vectigalium
553 2361 754 2389 exsolutionem
770 2361 839 2396 agri,
852 2361 930 2396 cujus
943 2361 1048 2391 fructus

261 2418 314 2437 non
331 2408 463 2443 percepit.
481 2408 583 2436 Horum
602 2415 699 2434 manus
717 2407 744 2434 in
764 2407 864 2434 caelum
877 2413 1007 2438 extensaa,
1021 2413 1048 2436 et

260 2457 310 2483 rivi
332 2456 513 2491 lacrymarum
529 2455 621 2482 emissi
639 2462 672 2482 ex
693 2454 790 2486 oculis,
809 2453 893 2481 Deum
912 2454 966 2488 jam
983 2455 1046 2482 olim

261 2502 446 2536 placaverunt,
462 2506 488 2528 et
501 2509 593 2536 quam,
608 2501 654 2536 qui
667 2500 707 2528 eis
717 2504 796 2527 erant
805 2500 931 2534 subjecti.
947 2500 1048 2535 jttstam

262 2548 330 2575 iram
350 2548 376 2575 in
404 2555 434 2576 se
458 2548 516 2575 suis
542 2547 662 2582 peccatis
683 2552 912 2582 provocaverant,
932 2555 991 2574 eam
1012 2548 1048 2574 la-

261 2602 418 2630 crymarum
453 2593 562 2621 fluentis
592 2592 625 2627 (Ο
659 2593 804 2628 benignam
833 2597 861 2621 et
888 2593 1048 2622 clementem

299 2665 335 2698 (8)
354 2664 479 2692 Schi~tna
503 2671 517 2690 a
547 2663 643 2690 Photio
672 2663 810 2690 invectum
839 2662 976 2698 intelligit.
1006 2662 1050 2690 Nil

265 2699 363 2725 mirum
378 2699 527 2726 desiderari
547 2698 628 2732 hujus
643 2706 721 2726 conc.
748 2698 826 2728 Acta,
844 2705 858 2723 a
877 2697 990 2728 Grazcis,
1006 2707 1051 2725 re-

264 2734 441 2762 crudescente
454 2739 514 2769 post
528 2734 637 2769 longum
651 2738 759 2768 tempus
771 2733 929 2769 schismate,
943 2734 1051 2767 penitus

265 2777 356 2796 erasa.
373 2767 484 2797 Minime
495 2767 608 2796 dubium
625 2773 677 2801 est,
695 2767 722 2795 in
740 2769 791 2795 hoc
802 2767 899 2795 eoncil.
910 2768 1049 2801 damnata,

266 2805 307 2830 vel
343 2805 506 2836 emendata,
538 2812 598 2838 qum
625 2804 651 2831 in
683 2802 917 2836 Constantinopol.
936 2804 1051 2836 pseudo-

267 2839 368 2867 concil.
387 2845 449 2874 post
477 2845 593 2866 mortem
610 2839 639 2866 S.
664 2839 761 2874 lgnatii
786 2837 890 2869 habito,
919 2842 992 2872 gesta
1019 2845 1051 2866 ac

267 2879 367 2903 statuta
384 2880 470 2902 erant.

303 2911 343 2947 (Ω)
363 2910 422 2938 Non
437 2910 554 2938 arbitror
567 2909 679 2939 Latinos
697 2909 780 2946 cpisc.
795 2916 828 2937 co
843 2912 979 2942 evocatos,
1000 2908 1052 2937 nisi

1094 1636 1265 1664 qua'cuuque
1278 1628 1311 1655 de
1327 1628 1432 1662 judicio
1448 1635 1539 1654 rerttm
1558 1627 1649 1654 habita
1662 1627 1759 1660 oratio,
1773 1635 1880 1654 morum

1094 1675 1189 1703 tribuit
1217 1674 1380 1708 disciplinaa,
1398 1673 1498 1709 gaudio
1522 1678 1597 1701 totus
1623 1672 1834 1705 diffundebatur,
1855 1678 1882 1700 et

1095 1722 1180 1749 Deum
1205 1721 1346 1754 laudabat,
1360 1729 1415 1748 rem
1440 1729 1499 1747 eam
1514 1720 1618 1747 ducens
1634 1719 1805 1747 occasionem
1821 1726 1883 1754 gra-

1095 1768 1196 1795 tiarum
1218 1767 1346 1800 actionis,
1358 1771 1385 1794 et
1399 1767 1494 1794 dicens
1507 1774 1537 1794 se
1552 1766 1586 1793 ab
1606 1766 1771 1800 imperatore
1788 1765 1883 1792 luben-

1096 1818 1137 1841 ter
1157 1813 1298 1848 superari;
1313 1813 1359 1848 qui
1375 1813 1425 1840 etsi
1444 1812 1590 1839 mundanis
1604 1812 1736 1839 obruatur
1751 1811 1884 1838 sollicitu-

1096 1859 1217 1891 dinibus,
1238 1858 1394 1886 accuratius
1412 1862 1504 1885 tamen
1522 1864 1566 1885 res
1579 1857 1748 1891 assequitur,
1766 1864 1848 1891 quam
1866 1856 1884 1883 ii

1096 1905 1143 1939 qui
1159 1904 1186 1931 in
1200 1903 1391 1938 spiritualibus
1406 1903 1489 1930 rebus
1505 1906 1720 1933 consenuerunt.
1736 1906 1792 1929 tum
1810 1901 1884 1936 inge-

1098 1951 1135 1978 nii
1157 1950 1297 1982 felicitate,
1323 1954 1381 1977 tum
1405 1948 1514 1976 dicendi
1532 1948 1663 1976 facultate
1684 1952 1732 1975 :ct
1746 1955 1808 1975 cum
1824 1947 1886 1974 aliis

1097 2004 1128 2022 ea
1143 2002 1254 2030 quoque
1265 1994 1389 2029 apprime
1403 1994 1473 2021 sciat
1482 2001 1543 2028 quae
1552 1993 1690 2028 pertinent
1704 1992 1737 2019 ad
1753 1992 1885 2024 animam,

1099 2046 1228 2076 tanquam
1254 2041 1300 2074 qui
1328 2047 1381 2067 non
1415 2039 1503 2067 solum
1531 2039 1704 2074 corporibus,
1732 2039 1778 2065 sed
1804 2039 1885 2065 etiam

1098 2087 1198 2115 animis
1213 2088 1328 2121 imperet
1345 2086 1457 2113 solertia
1471 2085 1573 2121 ingenii
1591 2090 1618 2112 et
1637 2084 1736 2111 nientis
1749 2084 1885 2111 acumine.

1132 2133 1178 2161 21.
1200 2133 1276 2160 Unde
1292 2132 1374 2159 etiam
1393 2135 1522 2166 tanquam
1541 2130 1583 2158 sui
1600 2131 1702 2164 pttdore
1719 2129 1832 2156 aﬂ‘ectus
1847 2129 1888 2156 vir

1099 2180 1144 2206 ille
1159 2178 1346 2210 admirabilis,
1374 2185 1482 2204 omnem
1499 2177 1541 2204 sui
1563 2184 1658 2204 curam
1675 2176 1841 2211 despiciebat
1860 2175 1886 2202 in

1099 2230 1178 2253 actate
1197 2225 1243 2252 illa
1266 2224 1356 2255 senili,
1382 2231 1482 2258 corpus
1498 2222 1612 2250 omnino
1637 2221 1788 2256 negligens,
1810 2224 1837 2247 et
1856 2227 1888 2247 ea

1100 2271 1201 2306 quibus
1217 2270 1321 2298 sciebat
1338 2269 1364 2296 id
1382 2269 1509 2301 recreari,
1529 2273 1556 2295 et
1573 2275 1633 2302 qum
1648 2266 1681 2295 ad
1699 2274 1779 2301 opem
1800 2265 1890 2293 feren-

1101 2318 1162 2345 dam
1175 2316 1272 2344 animm
1282 2316 1309 2342 in
1322 2315 1518 2343 certaminibus
1528 2313 1649 2346 virtutis,
1661 2320 1761 2348 corpus
1778 2312 1891 2339 minime

1102 2364 1240 2392 lmderent.
1257 2362 1442 2396 Quamobrem
1454 2361 1481 2388 in
1496 2361 1577 2396 longa
1595 2359 1697 2391 inedia,
1714 2363 1742 2386 et
1753 2358 1890 2386 vincendo

1101 2411 1209 2439 dolores
1236 2409 1380 2444 corporis,
1406 2407 1575 2442 suscipiebat
1593 2405 1712 2437 labores.
1744 2405 1791 2440 qui
1819 2407 1892 2433 vires

1104 2456 1227 2491 corporis
1242 2455 1427 2490 superabant;
1444 2453 1518 2490 quod
1533 2452 1643 2487 quidem
1659 2456 1701 2479 est
1720 2456 1827 2478 natura:
1841 2450 1893 2477 ini-

1103 2503 1217 2534 micutn,
1229 2507 1256 2528 et
1269 2500 1340 2536 quod
1357 2505 1499 2527 aversatur
1515 2506 1561 2526 ars
1576 2498 1730 2525 medicina).
1749 2496 1805 2524 Etsi
1820 2501 1893 2524 esset

1104 2550 1164 2584 ejus
1184 2556 1284 2583 corpus
1299 2546 1417 2575 calidius
1434 2545 1644 2580 temperatione,
1662 2548 1690 2571 et
1715 2542 1892 2578 significaret,

1105 2604 1159 2624 non
1172 2603 1234 2623 esse
1244 2595 1269 2622 ei
1283 2599 1375 2629 aptum
1388 2593 1459 2629 quod
1473 2591 1581 2625 deficit,
1599 2599 1634 2619 ne
1648 2590 1788 2618 videretur
1801 2593 1892 2616 tamen

1106 2664 1128 2691 si
1144 2662 1190 2698 qui
1206 2659 1444 2698 Constantinopol.
1457 2659 1587 2698 imperat:
1603 2656 1820 2698 subjectierant.
1835 2655 1893 2698 Aid.-

1105 2691 1216 2726 fuei-nnt
1237 2702 1326 2724 tamen
1355 2691 1480 2723 fortassis
1502 2691 1630 2731 aliqui}
1655 2691 1784 2731 poptiﬂce
1800 2691 1893 2731 legati,

1105 2732 1329 2767 quandoquidem
1345 2736 1425 2759 antea
1442 2731 1478 2767 ab
1494 2737 1527 2757 eo
1545 2726 1670 2767 petiisset
1686 2726 1753 2767 Lee,
1772 2726 1862 2767 utqui
1879 2733 1895 2752 a

1106 2761 1205 2796 Fliotio
1228 2761 1506 2803 pseudo-patriarcha
1529 2761 1616 2803 sacris
1634 2761 1734 2790 initiati
1751 2761 1896 2788 ordinibus

1106 2808 1195 2841 erant,
1211 2798 1336 2836 ilitcrque
1350 2798 1398 2829 eos
1412 2801 1569 2841 §tcphanus
1586 2798 1669 2841 frater
1686 2803 1897 2841 s'uttsxvmunere

1107 2833 1389 2874 fungi'suorposscnt.
1405 2833 1474 2874 _Qui_
1490 2835 1533 2874 hic
1554 2833 1738 2862 occidentales
1755 2833 1896 2864 dicuntur,

1107 2871 1172 2904 sunt
1187 2874 1234 2910 qui
1251 2873 1388 2908 Europam
1404 2871 1572 2900 incolebant.
