2075 3157
189 154 240 187 193

578 154 667 185 VITA
688 153 718 184 S.
740 154 900 184 ANTONII
921 154 1079 185 CAULE/E
1097 154 1348 186 PATRIARCHIE
1365 157 1418 187 CP.

1772 162 1824 195 194

184 230 246 250 esse
261 225 384 249 remotus
408 229 422 248 a
440 225 537 249 natura
556 222 713 256 hominum,
733 223 797 258 quid
818 222 865 250 iit?
883 222 981 250 Anima
997 216 1018 242 Α
1036 212 1099 258 (iam
1114 218 1142 238 οι
1159 219 1264 258 5“me
1279 220 1402 246 manu”,
1418 221 1479 247 “me
1495 219 1567 242 luam
1582 223 1596 242 ³
1615 215 1694 244 “oms
1707 220 1824 253 ωψειικι

184 276 383 302 nonnunquam
408 269 490 295 veluti
509 269 536 295 in
553 276 583 296 se
613 274 764 300 contracta,
784 273 810 295 et
834 269 867 295 ad
894 269 979 296 Deum

183 315 331 345 excedens,
358 315 384 340 vi
413 319 538 347 natum,
559 315 645 341 veluti
672 315 798 342 consulto
829 321 980 349 prOeuraus

183 360 292 394 corpori
318 360 530 392 relaxationem,
559 368 656 394 parum
682 360 839 387 remittebat
855 360 978 386 laborum

185 411 309 433 tenorem
327 411 504 440 perpetuum.
533 405 590 433 Hoc
613 411 706 432 autem
726 406 759 433 iis
784 405 905 440 quidem,
932 405 977 439 qui

185 457 260 480 recte
283 451 414 479 uolebant
431 452 543 484 intueri,
570 460 630 479 esse
647 452 736 478 visum
753 457 795 479 est
809 451 976 484 ostentatio;

184 499 217 526 iis
240 505 313 529 vero,
333 498 380 532 qui
402 503 481 525 erant
509 499 575 524 recti
604 498 697 525 corde.
724 504 821 524 etnon
850 498 919 524 lardi
945 498 976 524 ad

183 545 392 579 adspiciendum
416 549 509 572 vetera
540 545 651 571 Patrum
675 544 812 579 exempla,
836 545 922 571 virtus
951 547 978 571 et

183 599 322 620 summum
337 592 482 622 virtutum,
498 596 525 617 θι
540 598 569 617 re
586 598 648 617 vera
661 591 694 617 ad
709 590 794 618 DCIIII]
806 598 936 617 GXCCSSIIS
949 594 977 617 Cl

182 638 338 673 emigratio.
360 637 435 665 Talis
453 645 563 669 cursus,
580 638 642 664 talis
657 637 721 669 vita,
744 637 808 664 talia
829 637 888 671 ejus
903 641 977 663 recte

182 685 263 712 facta.
283 683 311 710 In
328 684 540 711 necessitatibus
557 683 712 715 tolerantia,
729 683 755 709 in
773 682 890 710 fortume
905 683 977 709 casi-

182 731 234 757 hus
252 737 369 765 magnus
386 734 412 757 et
429 730 556 757 excelsus
574 726 694 761 animus,
714 730 740 756 iu
755 729 897 756 laboribus
910 737 974 763 per-

181 783 261 811 petua
279 776 445 808 constantia,
462 776 489 802 in
507 776 638 802 :erumnis
653 775 796 807 fortitudo,
824 776 850 802 in
873 775 976 802 labori-

181 823 234 849 bus
247 830 298 857 pro
314 822 425 853 virtute,
441 821 526 848 animi
543 821 681 853 alacritas,
697 822 724 848 in
743 821 974 848 imbecillitatibus

181 868 278 901 robur,
299 868 327 895 in
348 867 467 900 morbis,
482 867 597 894 minime
611 867 724 894 omnino
740 868 837 895 cedere
861 872 889 894 et
906 875 973 894 con-
988 883 1012 912 B

180 913 265 941 sumi.

487 969 601 997 CAPUT
615 969 660 996 iV.

251 1028 576 1065 Sancti‘Antoniiobilus,
597 1029 744 1063 sepultura,
760 1028 901 1055 mirantia.

214 1086 261 1112 22.
276 1086 328 1114 Sed
337 1085 411 1113 venit
422 1086 536 1113 morbus
549 1086 672 1117 ultimus,
685 1090 712 1113 et
723 1086 818 1112 aderat
830 1093 971 1118 excessus,

179 1135 206 1159 et
219 1139 280 1165 qum
294 1130 328 1157 ad
343 1138 489 1158 excessum
511 1131 649 1165 pertinent
668 1138 674 1157 :
689 1135 716 1157 et
739 1131 858 1157 humana
874 1138 971 1165 argue-

179 1178 260 1204 batur
278 1176 465 1209 imbecillitas,
483 1177 580 1204 intima
596 1180 757 1211 penetrante
773 1175 859 1207 febre,
877 1181 904 1203 et
922 1176 972 1203 de-

179 1228 308 1259 pascente
332 1224 477 1250 humorem
494 1223 660 1254 naturalem,
676 1227 704 1249 et
721 1222 887 1250 dissolvente
900 1223 972 1250 vires

179 1271 241 1297 illas
256 1269 459 1296 adamantinas.
477 1268 522 1296 Ille
536 1273 627 1295 autem
640 1268 757 1302 benigno
771 1273 895 1302 aspectu,
910 1276 970 1294 ont-

179 1323 228 1342 nes
252 1321 421 1350 prosequens
459 1314 710 1346 benedictionibus,
740 1313 866 1341 ultimam
896 1313 970 1340 dedit

180 1363 324 1389 salutem:
351 1366 379 1388 ct
400 1369 462 1389 cum
497 1361 590 1395 lingua
618 1364 691 1388 esset
715 1361 863 1395 impotens,
893 1367 970 1387 sacra

178 1417 280 1436 manus
299 1408 454 1443 obsignavit
476 1415 533 1439 eas,
552 1415 613 1442 qua:
628 1407 680 1434 dici
695 1415 749 1434 non
771 1411 907 1441 poterant,
924 1406 970 1433 be-

178 1455 361 1485 nedictiones,
391 1454 517 1488 Deosque
534 1461 597 1480 eum
624 1453 738 1479 vocabat
761 1452 793 1478 ad
821 1459 969 1486 supernum

179 1500 400 1532 tabernaculum,
412 1504 439 1527 et
449 1500 551 1526 chorus
562 1499 729 1534 Angelorum
744 1506 806 1525 eum
820 1498 969 1532 quierebat,

176 1545 224 1579 qui
239 1545 329 1579 ipsum
347 1544 374 1571 in
390 1549 464 1571 terra
480 1548 555 1571 recte
574 1548 615 1571 est
635 1544 757 1570 imitatus
774 1552 781 1571 :
807 1551 822 1570 a
839 1550 971 1570 veneran-
985 1560 1007 1591 Ο

177 1591 268 1623 doque
293 1593 321 1616 et
356 1595 437 1616 sacro
469 1596 585 1623 corpore
613 1588 705 1615 divina
723 1593 849 1623 separata
878 1587 969 1615 anima

176 1641 301 1668 vespere,
323 1641 385 1661 cum
402 1634 594 1661 accenduntur
618 1633 747 1666 lucernae,
766 1642 826 1661 cum
845 1634 970 1669 lampade

175 1679 344 1713 virginitatis
371 1679 450 1714 plena
481 1679 541 1706 oleo
557 1679 683 1707 sublatus
708 1680 760 1707 fuit
786 1680 820 1707 ad
841 1687 969 1715 magnam

176 1726 276 1753 lucem.

211 1772 254 1798 23.
277 1771 335 1799 Nox
359 1771 457 1799 deinde
473 1776 516 1800 est
534 1777 691 1806 consecuta,
710 1777 736 1800 et
753 1773 781 1800 fit
794 1773 968 1806 miraculum,

175 1817 251 1852 quod
270 1822 362 1853 potest
386 1817 506 1845 conferri
525 1813 588 1846 cum
615 1819 663 1850 iis,
689 1827 750 1854 qua:
771 1827 891 1854 unquam
910 1819 969 1846 fue-

174 1868 252 1894 runt,
276 1864 429 1896 miraculis,
449 1865 522 1900 quod
545 1864 702 1899 publicabat
722 1866 794 1892 illius
812 1873 969 1900 germanam

175 1909 210 1936 ad
227 1908 312 1936 Deum
335 1909 474 1942 ﬁduciam,
502 1914 530 1937 et
545 1914 639 1944 aperte
655 1910 814 1938 describens
833 1911 969 1945 magnitu-

173 1955 268 1982 dinem
295 1955 413 1983 virtutis.
437 1955 504 1983 Nam
532 1964 594 1983 cum
622 1961 784 1984 consuetum
805 1957 914 1991 signum
936 1965 969 1984 ex

173 2001 231 2028 alto
247 2002 410 2036 patriarchae
425 2001 582 2034 decessum,
601 2003 674 2029 circa
691 2009 820 2036 maguum
837 2002 968 2036 templum

173 2048 278 2074 tivitati
297 2047 491 2082 signiﬁcasset,
514 2049 613 2075 mulier
639 2048 814 2082 paupercula,
845 2055 906 2082 qua:
923 2055 970 2082 per

174 2101 288 2120 manum
304 2094 438 2122 beneﬁcio
454 2094 615 2122 aﬂicientem
634 2094 686 2122 sibi
711 2094 902 2129 quotidianum
920 2101 966 2128 pa-

174 2140 254 2167 rabat
280 2140 452 2172 alimentum,
483 2148 545 2168 cum
568 2148 602 2168 ex
629 2140 783 2168 vehementi
801 2141 879 2174 lapsu
905 2147 969 2167 crus

174 2186 289 2213 haberet
303 2186 432 2220 fractum,
448 2187 475 2214 in
496 2187 607 2222 tugurio
625 2186 697 2214 facto
710 2195 744 2214 ex
756 2186 831 2214 fmuo
848 2190 875 2213 et
891 2186 968 2221 palea

1032 257 1184 284 deformem
1211 257 1364 285 feritatem!
1391 259 1494 288 Seeure
1510 261 1641 297 deinceps
1656 263 1766 296 invade,
1781 265 1824 292 in-

1032 302 1104 329 sulta
1123 302 1281 336 jacentibus
1298 312 1304 330 :
1321 312 1383 331 cum
1410 306 1534 340 corporis
1550 307 1737 336 eonfrartioue
1762 318 1824 344 spes

1030 355 1142 382 quoque
1155 353 1196 376 est
1222 349 1362 378 confracta
1380 352 1454 385 vitae,
1473 354 1555 387 periit.
1574 362 1724 390 pauperum
1746 357 1824 384 viati-

1031 402 1105 421 cum.
1122 394 1143 421 0
1159 403 1284 429 quamam
1303 396 1422 433 Erinnys
1438 406 1512 426 meas
1528 400 1626 434 pedum
1643 403 1749 436 plantas
1763 412 1826 432 mu-

1030 440 1127 472 tilavit,
1149 445 1178 467 ut
1193 449 1241 468 nec
1258 441 1340 470 funus
1355 444 1477 477 quidem,
1491 447 1563 479 quod
1581 447 1704 480 eli‘ertur,
1718 451 1821 483 possim

1029 488 1160 520 consequi
1181 487 1252 521 ejus,
1269 488 1315 522 qui
1335 490 1437 517 tnuitos
1452 493 1570 520 extraxit
1584 501 1598 520 a
1623 495 1751 529 sepulcro
1764 504 1822 522 ruo-

1031 530 1192 558 lestiarutn?
1206 532 1274 559 Cum
1292 533 1349 560 haec
1360 540 1386 561 et
1398 535 1474 569 plura
1487 537 1551 569 alia,
1564 542 1593 565 ut
1607 544 1648 566 est
1662 541 1822 573 verisimile,

1028 576 1153 604 deﬂendo
1170 577 1273 606 diceret
1289 580 1461 615 muliercula,
1480 588 1507 609 et
1525 584 1630 612 acerbis
1646 586 1823 619 perfundere-

1029 627 1072 649 tur
1087 623 1227 659 iacrymis,
1244 625 1423 662 molestiaque
1438 634 1464 655 et
1482 629 1623 657 doloribus
1648 633 1672 658 ei
1688 633 1760 660 vires
1773 633 1822 660 de-

1028 669 1168 703 fecissent,
1186 679 1283 699 somno
1303 674 1479 707 opprimitur,
1495 681 1521 701 et
1537 676 1610 703 dulci
1625 678 1733 704 somnio
1750 679 1823 706 videt

1028 716 1203 743 accedentem
1224 717 1420 751 patriarcbam,
1452 727 1533 747 manu
1554 721 1663 756 signum
1686 724 1777 752 crucis
1793 725 1820 751 in

1026 761 1086 795 ejus
1111 761 1230 790 fractura
1258 763 1441 799 eﬂingentem,
1474 770 1499 793 et
1524 757 1662 795 dicentem
1680 778 1686 796 :
1704 768 1764 797 Iam
1791 778 1820 798 es

1027 811 1131 840 curata,
1150 812 1177 835 et
1198 809 1266 836 citra
1291 810 1517 846 impedimentum
1545 813 1591 840 tibi
1612 814 1675 842 licet
1696 816 1819 850 ingredi;

1026 857 1053 878 et
1068 854 1211 882 evanuisse
1231 856 1356 890 protinus
1371 857 1405 883 ab
1431 858 1529 886 oculis.
1555 858 1698 887 Somnium
1727 867 1819 889 autem

1029 896 1080 923 fuit
1099 905 1142 925 res
1168 899 1237 933 ipsa,
1250 904 1276 926 et
1296 908 1357 934 quae
1382 901 1433 928 fuit
1450 902 1476 929 in
1491 905 1595 932 somnis
1614 906 1694 937 visio,
1712 911 1754 934 est
1774 915 1819 934 ve-

1028 941 1104 970 ritas.
1123 943 1192 970 Nam
1207 952 1268 972 cum
1283 954 1297 972 a
1312 954 1411 973 somno
1425 954 1497 975 esset
1511 957 1685 984 experrecta,
1702 953 1753 979 etsi
1767 954 1818 980 do-

1027 986 1099 1014 lores
1125 988 1149 1014 ei
1175 989 1293 1022 amplius
1318 991 1419 1018 nullam
1443 992 1570 1020 ali‘errent
1588 995 1753 1027 molestiam,
1780 998 1818 1023 rei

1027 1035 1082 1058 tam
1098 1032 1263 1065 admirabili,
1289 1039 1315 1061 et
1333 1039 1386 1061 tam
1406 1040 1503 1070 prmter
1518 1037 1673 1071 opinionem
1691 1046 1744 1065 non
1767 1047 1819 1074 po-

1028 1082 1099 1105 terat
1126 1079 1238 1107 credere
1268 1081 1376 1113 mulier,
1407 1082 1455 1109 sed
1487 1083 1600 1117 putabat
1622 1092 1651 1112 se
1667 1084 1757 1112 adhuc
1782 1086 1818 1113 ali

1027 1125 1144 1152 somnio.
1161 1125 1212 1153 Sed
1226 1134 1288 1154 eum
1303 1124 1452 1161 perfectius
1475 1130 1591 1156 excitata
1607 1131 1719 1158 sustulit
1735 1131 1817 1158 dubi-

1031 1171 1173 1202 tationem,
1188 1171 1246 1199 freta
1263 1173 1384 1205 exsiluit.
1414 1175 1516 1208 gratias
1538 1177 1680 1210 agentibus
1706 1178 1819 1204 veribus

1026 1224 1143 1244 narrans
1166 1218 1340 1252 miraculum,
1365 1224 1392 1247 et
1406 1221 1520 1248 salutem
1539 1222 1589 1249 sibi
1603 1223 1693 1249 datam
1710 1223 1818 1258 publice

1025 1263 1178 1290 celebrans.

1060 1307 1104 1335 24.
1121 1308 1182 1336 Alia
1197 1317 1308 1344 quoque
1324 1311 1434 1344 mulier,
1447 1319 1508 1347 quae
1530 1312 1672 1341 laborabat
1686 1315 1816 1343 diuturna

1025 1354 1103 1389 plaga
1123 1355 1223 1382 occulti
1241 1357 1340 1390 morbi,
1357 1364 1411 1384 non
1425 1365 1504 1385 secus
1520 1363 1603 1392 atque
1619 1359 1664 1387 illa
1688 1368 1748 1394 qua:
1774 1361 1815 1387 Iu-

1024 1398 1139 1426 borabat
1154 1400 1288 1435 profluvio
1301 1403 1454 1437 sanguinis,
1471 1407 1542 1430 tactu
1567 1404 1649 1431 loculi
1667 1405 1817 1434 sull'uratur

1025 1445 1152 1478 salutem,
1178 1451 1205 1474 et
1223 1447 1412 1476 liberationem
1433 1457 1447 1476 a
1465 1449 1545 1484 longe
1561 1454 1698 1478 tortnento
1713 1452 1816 1480 invenit

1024 1490 1100 1518 brevi
1125 1497 1265 1519 momento
1290 1494 1430 1526 temporis.
1455 1494 1524 1527 Quis
1543 1495 1728 1531 Esculapius,
1754 1498 1816 1532 quis

1024 1536 1127 1564 Chiron
1150 1538 1202 1565 tale
1225 1539 1386 1573 temperavit
1412 1540 1662 1569 medicamentum?
1691 1542 1815 1575 Quanam

1023 1583 1148 1611 medendi
1162 1584 1306 1620 disciplina
1323 1590 1410 1621 potest
1425 1587 1542 1614 inveniri
1560 1588 1717 1623 hujusmodi
1730 1598 1816 1624 genus

1022 1629 1196 1657 curationis?

1056 1674 1101 1701 25.
1120 1674 1172 1702 Sed
1191 1676 1377 1704 venerandum
1394 1677 1505 1712 quidem
1521 1682 1550 1705 et
1568 1685 1678 1705 sacrum
1695 1686 1794 1714 corpus
1807 1699 1814 1710 .

1021 1728 1083 1748 cum
1099 1721 1246 1748 multorum
1267 1729 1365 1749 manus
1380 1723 1424 1750 vix
1440 1723 1548 1751 tandem
1567 1723 1718 1758 eli‘ugissrt,
1742 1725 1813 1753 alios

1022 1766 1131 1793 aliunde
1148 1771 1252 1801 partem
1270 1767 1389 1803 aliquam
1406 1768 1567 1796 festinantes
1593 1770 1731 1804 accipere;
1748 1777 1816 1797 con-

1021 1813 1121 1840 fluebat
1149 1813 1222 1840 enim
1253 1814 1374 1848 undique
1405 1815 1565 1847 multitudo,
1597 1823 1680 1842 omne
1709 1824 1814 1851 genus,

1021 1859 1111 1886 omnis
1143 1863 1220 1891 retas,
1246 1863 1338 1894 utpote
1365 1860 1439 1895 quod
1468 1869 1530 1888 cum
1563 1861 1817 1897 appropinquarent

1021 1903 1168 1938 exsequiae,
1196 1904 1326 1932 imbecilli
1351 1905 1462 1939 plurimi
1488 1906 1607 1934 violento
1631 1907 1734 1942 impetu
1755 1912 1815 1935 stu-

1022 1949 1118 1977 derent
1131 1957 1226 1985 rapere
1240 1950 1360 1986 aliquam
1376 1956 1479 1986 partem
1496 1957 1522 1979 et
1536 1952 1634 1980 salutis
1647 1953 1746 1980 animae
1763 1953 1815 1980 sibi

1021 1995 1131 2030 aliquod
1152 1995 1261 2023 auferre
1281 1997 1424 2031 viaticum,
1457 1997 1556 2025 robore
1573 2003 1662 2025 tamen
1683 2003 1711 2025 et
1726 1998 1816 2026 studio

1021 2050 1131 2076 eorum,
1147 2043 1247 2077 quibus
1271 2044 1386 2078 sapienti
1404 2044 1520 2071 consilio
1538 2045 1696 2079 impositum
1714 2044 1814 2076 fuerat,

1022 2092 1052 2115 ut
1072 2089 1130 2116 lucc
1144 2089 1334 2124 reprimerent,
1360 2095 1504 2124 postquam
1529 2090 1689 2116 mandatum
1704 2094 1746 2116 est
1771 2097 1815 2117 se-

1021 2137 1128 2170 pulcro,
1146 2140 1174 2162 et
1200 2140 1298 2162 natura
1324 2140 1403 2162 terra:
1424 2135 1505 2173 solvit
1530 2135 1664 2165 debitum.
1681 2140 1708 2162 et
1723 2135 1812 2162 lutum

1021 2181 1114 2207 datum
1130 2184 1173 2208 est
1187 2180 1310 2215 pulveri;
1327 2188 1362 2207 ne
1377 2181 1417 2208 sic
1445 2180 1556 2215 quidem
1576 2180 1639 2207 sivit
1654 2179 1753 2215 figulus
1773 2180 1814 2206 lu-

171 2229 269 2263 jaccns
288 2230 450 2263 immobilis,
467 2231 559 2258 audita
575 2239 660 2258 causa
677 2231 748 2266 ejus,
766 2231 839 2266 quod
864 2231 966 2266 signiti-
984 2227 1005 2254 D
1020 2229 1077 2252 tum
1095 2225 1301 2258 inhonoratum,
1324 2225 1370 2253 sed
1392 2225 1475 2252 etiam
1501 2224 1643 2251 conditum
1675 2224 1814 2258 sopulero,

173 2274 300 2307 cabatur,
317 2276 386 2303 tristi
405 2276 501 2303 nuntio
513 2282 623 2312 repente
636 2284 703 2305 voce
717 2277 833 2312 privata,
850 2277 883 2303 ad
901 2284 969 2312 apo-

173 2321 294 2355 piexiam
314 2321 444 2349 tendebat
456 2327 483 2349 et
500 2323 658 2359 paralysim.
680 2323 748 2350 Cum
765 2327 855 2350 autem
871 2330 967 2358 parum

173 2366 346 2401 respirasset,
362 2372 389 2394 et
404 2369 437 2395 ad
454 2376 483 2396 se
499 2369 637 2402 rediisset,
651 2368 725 2396 ﬂevit
742 2374 770 2397 et
788 2369 902 2403 ejulavit
918 2368 969 2395 mi-

173 2413 339 2446 serabiliter,
363 2418 391 2441 et
417 2414 562 2442 lamentari
579 2415 724 2450 incipiens,
746 2415 848 2449 tragice
873 2414 969 2450 deplo-

173 2459 252 2486 rabat
268 2459 466 2493 calamitatem,
481 2461 622 2495 appellans
643 2460 858 2492 benefactorem,
876 2468 969 2487 serva-

174 2510 278 2538 torem,
307 2506 504 2533 nutrimentum
531 2507 728 2539 esurientium,
761 2507 896 2534 nudorum
929 2510 968 2533 te-

173 2556 346 2584 gumentum,
362 2559 429 2586 opes
445 2552 640 2587 indigentium,
657 2553 751 2580 dicens
765 2562 771 2579 :
787 2551 810 2580 Ο
824 2553 921 2580 duram
942 2558 969 2581 et

174 2595 322 2624 immanem
339 2597 408 2624 hanc
427 2603 547 2630 noctem,
563 2598 590 2625 in
612 2606 665 2633 qua
693 2598 827 2625 exstincta
848 2598 900 2625 fuit
920 2600 968 2626 be-

173 2642 256 2676 nigna
265 2641 310 2669 lux
321 2645 486 2678 pauperum!
500 2644 522 2671 0
535 2644 637 2671 tristem
648 2650 767 2677 noctem,
779 2652 838 2679 quae
851 2645 968 2672 obscura

173 2685 267 2713 effudit
280 2688 409 2716 tenebras
422 2689 510 2716 oculis
526 2690 690 2724 pauperum!
706 2691 726 2716 υ
747 2689 802 2717 Eva
816 2690 904 2725 prima
921 2698 969 2725 pa-

173 2741 248 2765 rens,
274 2738 302 2760 et
329 2734 525 2768 inobedieutia,
554 2742 580 2763 et
606 2736 718 2768 invidia,
747 2741 773 2764 et
793 2744 917 2771 serpens,
942 2742 968 2763 et

173 2786 260 2811 mors,
277 2779 405 2808 humanae
423 2786 528 2808 natura:
540 2789 627 2816 pecua:
642 2782 827 2810 inevitabiles!
847 2782 869 2809 0
885 2782 966 2810 simul

173 2832 283 2852 mecum
301 2827 404 2854 nutrita
422 2832 586 2862 paupertas,
602 2835 663 2862 quae
687 2832 820 2863 perpetuo
843 2828 965 2861 assides,

171 2875 199 2898 et
213 2871 310 2899 acerba
324 2872 441 2906 invadis,
457 2881 510 2900 non
529 2873 612 2901 habes
628 2881 693 2909 ergo
705 2874 821 2908 amplius
832 2881 967 2902 veneran-

1021 2272 1140 2300 honorat
1156 2272 1303 2299 miraculo.

1054 2320 1100 2348 26.
1121 2319 1238 2353 Quidam
1262 2320 1335 2347 enim
1357 2327 1389 2346 ex
1412 2319 1457 2352 iis,
1474 2319 1520 2353 qui
1540 2322 1673 2353 praeerant
1692 2318 1814 2345 texendae

1021 2367 1089 2394 lanae
1111 2367 1207 2394 sericae
1223 2366 1413 2401 imperatoris,
1430 2371 1574 2399 correptus
1598 2365 1693 2392 morbo
1709 2366 1813 2396 lateris,

1021 2419 1082 2439 eum
1099 2412 1212 2440 vidisset
1234 2412 1376 2447 praacisam
1398 2412 1451 2439 sibi
1476 2419 1585 2438 onmem
1602 2419 1678 2445 spem
1698 2411 1812 2442 salutis,

1020 2462 1045 2485 et
1064 2458 1198 2485 medicum
1214 2458 1274 2485 dies
1287 2461 1488 2489 numerantem,
1507 2462 1534 2483 et
1557 2457 1638 2484 horas
1663 2457 1814 2483 observan-

1022 2509 1087 2537 tem,
1104 2508 1131 2531 et
1147 2510 1253 2539 tempus
1270 2504 1377 2532 curiose
1395 2504 1588 2539 inquirentem,
1605 2508 1632 2531 et
1652 2503 1694 2530 his
1707 2508 1813 2536 tempus

1021 2555 1168 2584 terentem;
1195 2559 1306 2579 uxorem
1335 2557 1427 2581 autem
1456 2557 1484 2580 et
1507 2552 1607 2580 liberes
1632 2557 1693 2576 eum
1711 2548 1812 2575 ultimis

1021 2602 1196 2633 aspergentes
1214 2598 1360 2634 lacrymis,
1385 2604 1412 2627 et
1428 2599 1551 2628 dolorem
1574 2598 1728 2633 graviorem
1756 2595 1813 2622 etil-

1020 2644 1124 2672 eienles
1142 2644 1304 2679 eiulatibus;
1320 2653 1383 2673 cum
1400 2654 1465 2681 ergo
1480 2647 1538 2673 hac.
1556 2644 1676 2673 vidisset,
1696 2646 1722 2668 et
1737 2641 1811 2668 omni

1020 2690 1139 2718 humana
1158 2699 1210 2726 ope
1230 2692 1356 2720 morbum
1378 2692 1571 2728 potentiorem,
1589 2689 1712 2724 confugit
1725 2687 1758 2714 ad
1770 2687 1812 2714 di-

1022 2737 1116 2764 vinum
1132 2738 1192 2773 ejus
1217 2746 1324 2766 servum
1341 2739 1488 2766 Antonium
1506 2746 1513 2764 :
1527 2741 1553 2764 et
1569 2743 1630 2763 cum
1645 2742 1673 2762 se
1689 2734 1813 2761 unxisset

1020 2784 1092 2815 oleo,
1109 2784 1181 2818 quod
1200 2784 1291 2812 lumen
1304 2785 1394 2812 alebat
1408 2785 1434 2811 in
1451 2783 1550 2815 loculo,
1569 2782 1646 2816 (zuam
1660 2787 1721 2807 eum
1740 2783 1812 2806 esset

1020 2829 1117 2861 fidelis,
1132 2829 1248 2858 habebat
1261 2831 1411 2863 modicum,
1428 2830 1500 2865 quod
1515 2824 1671 2864 acceperat)
1686 2827 1810 2854 morbum

1020 2875 1113 2902 statim
1129 2875 1214 2911 fugat,
1230 2882 1256 2904 et
1269 2876 1369 2905 fruitur
1385 2875 1538 2910 curatione,
1552 2880 1579 2904 et
1591 2880 1689 2910 pra-ter
1702 2880 1810 2902 omnem
