2075 3157
253 162 306 196 195

835 152 1045 184 NlCEPlIORl
1066 148 1298 182 PIIILOSOPHI

1833 140 1886 174 196

251 224 326 252 spem
345 213 452 243 accedit
474 212 508 240 ad
523 211 654 244 loculum.
675 209 823 242 conﬁtens,
836 213 865 237 et
881 207 1043 236 beneﬁciutu
1060 208 1084 238 Α
1098 207 1126 234 in
1138 205 1199 241 ejus
1214 203 1418 232 dormitionem.
1433 200 1500 235 Quae
1521 204 1611 252 autem
1630 199 1656 225 in
1674 197 1802 252 Oratione
1817 204 1832 223 a
1846 205 1890 249 me

251 263 325 290 clara
343 268 409 288 voce
422 258 585 294 praedicans.

286 307 333 334 27.
352 307 421 334 Cum
446 312 512 332 vero
533 310 616 338 capsa
639 300 776 337 pontiﬁcis
799 304 897 328 octavo
922 299 966 326 die
986 302 1047 334 post

251 353 325 388 iusta
339 352 420 382 facta.
434 349 564 385 quoniam
579 355 635 375 non
649 352 722 374 recte
733 353 764 374 se
776 346 877 373 habere
890 344 1045 375 videbatur,

253 402 407 425 mutaretur
421 396 447 422 in
473 394 625 425 meliorem,
649 399 737 420 novus
759 391 870 426 quidam
887 394 916 418 et
931 389 1047 424 insignis

255 444 322 470 odor
333 440 463 476 unguenti
475 438 664 470 sacratissimi.
679 437 801 472 implevit
813 444 925 464 sensum
938 443 1047 465 eorum.

236 483 298 522 'qui
321 487 443 518 aderant,
463 486 543 513 tacite
567 484 707 511 honorans
724 491 786 510 eum
808 482 854 517 qui
877 481 996 516 jacebat,
1022 485 1050 508 ct

253 533 412 561 describens
438 539 511 563 eam,
535 538 595 564 quae
613 529 798 557 intercedebat
820 536 882 555 cum
899 527 964 558 Deo,
980 535 1046 554 con-

252 577 420 614 junctionem
437 581 463 603 et
479 575 703 602 familiaritatem.
721 573 788 600 Nam
804 572 850 607 qui
864 572 934 599 hattc
947 579 1049 599 carun-

253 624 326 654 cula,
344 623 371 650 in
383 629 466 657 quam
484 621 557 649 cadit
571 620 710 651 interitus,
731 619 873 646 Christum
892 617 1051 651 magniﬁca-

253 673 340 701 verat,
368 672 394 695 et
425 668 557 702 mysticus
581 666 690 700 quidatn
717 664 805 692 bonus
828 663 896 690 odor
913 663 938 690 ei
963 662 1052 690 fuerat

255 719 392 744 ostensus,
408 717 438 740 ut
456 712 531 747 prius
553 710 718 738 deseribitur
735 708 893 744 apostolicis
907 707 1051 742 ;eloquiis;

255 759 354 786 merito
370 758 453 785 etiam
470 757 598 791 dignatur
620 756 718 791 gratia,
736 761 798 790 quae
817 754 904 789 spirat
926 761 1052 788 unguen-

256 811 325 837 tum.
356 805 484 831 virtutem
516 802 697 830 immortalem
725 800 889 837 praedicante
917 799 1053 834 operatio-

255 858 330 877 nem.

290 895 338 925 28,
358 894 452 921 Nouus
481 898 572 921 autern
594 891 812 928 magniﬁcentius
829 891 946 926 praebuit
967 891 1049 918 mira-
1068 889 1088 920 Β

256 941 360 972 culum,
382 941 415 967 ad
438 940 600 967 benelicium
623 946 784 973 pauperum,
811 938 858 972 qui
883 937 917 965 ab
944 937 1003 972 ipso
1018 937 1052 964 de

256 992 332 1011 tnore
361 985 514 1016 alebantur,
539 984 580 1010 vel
604 983 694 1018 potius
711 991 726 1009 a
741 984 795 1010 Deo
812 990 860 1017 per
881 983 983 1017 ipsum,
1005 982 1052 1017 qui

256 1031 338 1057 etiam
356 1037 403 1064 per
417 1029 517 1056 Mosem
532 1029 557 1055 in
574 1029 684 1055 deserto
697 1028 860 1055 alimentum
877 1027 946 1062 pluit
962 1027 1052 1054 admi—

223 1098 231 1104 .
257 1075 342 1102 rabilc
357 1083 363 1101 :
379 1079 406 1102 et
428 1075 516 1101 viduae
541 1074 732 1109 Sarephtanaa,
758 1073 877 1101 adventu
899 1073 1054 1109 prophetat,

257 1127 371 1156 parvum
389 1119 582 1154 multiplicavit
604 1119 735 1146 viaticum
753 1117 898 1153 :quinque
920 1124 987 1145 vero
1007 1124 1053 1152 pa-

257 1167 350 1199 nibus,
382 1166 505 1200 quinque
533 1165 637 1197 millia;
658 1169 685 1192 et
709 1172 806 1192 rursus
834 1168 956 1198 septem.
987 1163 1055 1190 aluit

258 1216 377 1246 quatuor
390 1211 488 1243 millia,
505 1215 532 1238 et
554 1215 645 1237 certos
661 1215 755 1242 testes,
779 1217 839 1244 qua:
854 1208 971 1236 satietati
989 1209 1054 1235 reli-

258 1259 385 1292 quiarum
398 1265 482 1291 super
495 1257 734 1290 tueruntsportas,
751 1256 877 1291 praebuit.
891 1255 1054 1285 Miraculutn

259 1308 350 1330 autern
367 1307 426 1330 erat
439 1303 483 1330 hic
496 1309 608 1337 quoque
622 1302 838 1329 additamentum
856 1302 994 1332 ciborum,
1009 1300 1057 1336 qtti

260 1348 462 1376 distribuuntur
476 1349 655 1383 pauperibus.
673 1347 700 1375 ld
715 1355 779 1375 vero
794 1352 854 1375 erat
866 1347 944 1382 panis
956 1353 981 1374 et
995 1347 1056 1374 fru-

260 1400 382 1422 mentum
405 1401 524 1426 coctum,
543 1402 596 1422 non
627 1401 742 1422 numero
766 1394 876 1429 quidem
896 1393 1056 1426 indeﬁnito,

260 1441 307 1469 sed
323 1446 458 1476 quantum
484 1441 594 1468 deﬁnita
622 1449 750 1468 mensura
781 1440 983 1468 distributionis
1012 1447 1058 1467 so-

260 1487 334 1514 lebat
362 1487 487 1514 suﬁicere
507 1487 582 1514 tnille
605 1487 761 1514 animabus.
788 1486 859 1519 Quin
880 1487 963 1514 etiam
980 1490 1059 1513 erant

261 1540 358 1560 omnes
383 1532 483 1559 eaedem
499 1539 645 1564 mensurae,
672 1539 734 1566 qua:
754 1531 897 1564 solebant,
915 1531 995 1558 iidem
1011 1537 1058 1558 c0-

261 1579 338 1614 phini
359 1578 407 1613 qui
435 1582 610 1613 acceperunt,
638 1577 740 1605 eaedem
769 1585 867 1605 manus
894 1584 989 1604 eorum
1011 1576 1057 1612 qui

262 1625 466 1652 ministrabant.
486 1624 519 1651 Et
538 1631 670 1651 numertts
685 1623 795 1658 quidem
811 1623 862 1650 fuit
876 1628 1059 1657 consumptus

263 1678 370 1702 eorum.
395 1670 441 1704 qui
467 1674 586 1697 tesseras
608 1670 733 1696 ferebant
758 1669 895 1702 manibus,
913 1669 962 1702 (iis
986 1668 1060 1695 enim

264 1718 340 1752 prius
354 1716 518 1748 distributis,
535 1716 731 1743 numerabatur
744 1716 817 1742 mille
832 1715 975 1742 hominum
989 1715 1062 1741 mul-

263 1762 370 1797 titudo)
393 1766 584 1789 remanserunt
599 1767 691 1789 autem
708 1766 763 1789 tres
781 1761 904 1796 cophiui,
917 1761 964 1796 qui
981 1761 1063 1789 suﬂ'e-

266 1814 362 1836 cerunt
379 1808 556 1843 pauperibus,
572 1808 617 1842 qui
631 1812 766 1835 venerunt
780 1808 885 1842 absque
903 1807 1026 1834 tesseris.

300 1855 346 1881 20.
367 1853 528 1888 Cujusmodi
556 1859 648 1880 autem
677 1853 728 1881 fuit
753 1854 779 1881 id
795 1853 970 1885 miraculum,
990 1853 1063 1887 quod

267 1899 370 1927 factum
389 1903 431 1927 est
445 1899 471 1925 in
498 1898 614 1926 Leonem
633 1899 788 1934 patricium,
803 1899 850 1934 qui
865 1904 979 1934 praeerat
994 1899 1065 1926 utili-

267 1946 373 1973 taribus
390 1946 525 1978 numeris,
537 1947 645 1974 dicatur
656 1954 671 1973 a
695 1946 784 1973 nobis.
803 1945 851 1973 Vir
866 1946 911 1972 ille
925 1945 1066 1973 laborabat

268 1992 426 2019 diﬁieultate
442 1992 590 2024 anhelitus,
605 1993 678 2027 quod
696 1991 798 2023 causis,
812 1999 872 2026 qua:
888 1991 1064 2024 aﬁluxerunt,

268 2038 407 2066 obstructa
422 2042 516 2065 essent
534 2038 729 2070 instrumenta,
747 2042 775 2065 et
788 2038 927 2066 anhelitus
950 2038 1066 2065 liberum

269 2090 324 2110 non
339 2083 452 2110 haberet
469 2087 599 2110 meatum.
615 2083 669 2116 Qui
684 2091 746 2110 cunt
767 2082 836 2110 adeo
854 2082 972 2118 graviter
991 2083 1068 2110 obsi-

268 2127 390 2160 deretur,
401 2132 565 2164 tenuemque
574 2133 601 2156 et
610 2129 773 2156 imbecillam
784 2135 878 2156 vocent
890 2128 993 2161 ederet,
1008 2128 1068 2156 ade-

268 2177 330 2201 rant
343 2174 452 2209 quidem
469 2175 514 2209 qui
533 2175 565 2202 ad
577 2182 639 2202 cum
656 2182 755 2210 genere
771 2175 934 2208 attinebant,
950 2174 1068 2202 maxime

1097 257 1162 280 sunt
1180 249 1374 286 przrtcrmissa,
1391 249 1419 276 in
1432 246 1553 282 .juvenili
1569 245 1628 281 ejus
1650 249 1729 272 aetate
1745 244 1816 271 facta
1837 243 1890 270 tni-

1100 298 1205 329 racula.
1223 305 1256 324 ea
1272 295 1392 324 narrabo
1407 298 1545 329 repetens.

1134 344 1179 372 50.
1197 344 1265 372 Cum
1280 343 1344 370 olim
1365 345 1440 369 esset
1454 344 1534 368 relate
1553 337 1672 373 juvenis,
1694 340 1720 364 ct
1735 336 1890 363 Davidieatn

1098 391 1222 427 pulsaret
1233 389 1367 417 citharam
1380 388 1408 416 in
1423 386 1527 422 templo
1539 385 1596 412 Divi
1605 383 1743 411 Theodori
1753 382 1891 418 Martyris,

1099 437 1172 472 quod
1190 440 1250 464 erat
1265 436 1348 464 situm
1369 441 1451 469 super
1474 431 1611 468 quoddam
1637 430 1834 461 carmetcrium,
1865 428 1892 454 in

1101 483 1173 518 quod
1188 482 1403 517 projiciehantur
1412 480 1544 507 cadavera
1558 477 1816 507 condetnnatorum,
1828 474 1894 500 vidit

1100 529 1233 564 quosdatn
1267 528 1337 554 dttos
1372 529 1483 560 aspectu
1517 523 1664 553 deformes,
1691 521 1789 556 (solent
1819 519 1893 546 enim

1100 575 1250 610 plurimum
1271 573 1350 605 tales,
1374 571 1470 606 quales
1498 574 1574 600 sunt,
1601 567 1742 603 apparere)
1766 566 1837 601 apttd
1866 572 1895 591 se

1102 620 1234 647 iracunde
1250 619 1374 646 dicentes
1391 626 1398 644 :
1415 617 1554 643 Abeamus
1569 614 1643 641 hinc.
1663 612 1800 639 Prmsente
1821 610 1893 638 enim

1102 667 1296 698 adolescente,
1315 671 1370 691 non
1396 662 1596 690 sustinebimus
1621 659 1667 687 hic
1697 664 1818 685 manere.
1842 655 1894 689 Qui

1101 712 1212 748 quidem
1229 715 1342 745 repente
1353 707 1536 742 aufugientes,
1560 704 1641 734 simul
1663 712 1724 731 cum
1744 703 1794 730 hoc
1812 702 1895 730 verbo

1102 747 1283 786 evanuerunt.
1313 747 1371 783 Hoc
1394 754 1516 782 ostendit
1540 755 1714 788 potestatem,
1741 758 1802 785 qua:
1819 749 1896 784 prius

1103 809 1202 833 sancto
1216 805 1243 831 in
1258 811 1305 830 eos
1319 803 1382 830 data
1400 801 1499 828 fuerat.

1140 850 1186 877 5|.
1203 850 1261 877 Hoc
1277 855 1388 883 quoque
1419 845 1570 874 secundum
1593 842 1796 874 conscribatur,
1823 841 1896 876 qttod

1105 895 1268 933 praecedenti
1285 894 1337 922 fuit
1348 893 1455 929 aequale
1471 897 1604 926 tempore.
1623 889 1720 917 Mulier
1732 888 1856 919 illustris,
1869 887 1895 914 in

1104 951 1175 979 equo
1191 942 1330 970 transiens
1345 948 1393 976 per
1409 938 1606 966 monasterium
1627 944 1689 964 cum
1711 935 1814 962 ntundo
1836 941 1897 961 mu-

1106 989 1195 1020 liebri,
1212 995 1297 1023 prope
1311 987 1396 1014 fracta
1408 985 1518 1020 delapsa
1531 988 1573 1011 est
1585 983 1612 1010 in
1628 988 1739 1009 terram.
1755 981 1820 1007 Nam
1834 987 1896 1007 cum

1105 1035 1214 1062 divinus
1230 1033 1366 1060 Antonius
1383 1036 1448 1059 tunc
1470 1035 1543 1058 esset
1558 1030 1631 1056 inter
1647 1028 1848 1058 adolescentes,
1871 1029 1898 1052 et

1107 1080 1256 1115 improviso
1272 1083 1346 1106 esset
1361 1086 1376 1105 e
1393 1082 1471 1113 porta
1486 1083 1625 1111 egressus,
1653 1073 1768 1108 contigit
1786 1079 1896 1099 currum

1106 1130 1218 1161 repente
1234 1124 1406 1155 conturbari,
1434 1122 1506 1157 quod
1534 1129 1568 1148 ex
1588 1121 1643 1148 allo
1660 1120 1788 1147 deorsum
1805 1118 1899 1145 detur-

1107 1173 1209 1205 bassct,
1228 1171 1278 1198 nisi
1304 1178 1365 1198 eam
1385 1171 1608 1200 conservassem,
1621 1166 1668 1201 qui
1686 1173 1748 1194 cum
1762 1165 1820 1200 ipsa
1840 1172 1900 1191 am-

1107 1218 1248 1246 bulabant.
1261 1217 1308 1244 llla
1323 1221 1415 1244 autem
1431 1215 1597 1243 conturbata
1615 1220 1648 1240 eo
1659 1211 1733 1247 quod
1749 1211 1897 1241 acciderat,

1108 1263 1294 1291 venerandum
1333 1261 1527 1290 ludiﬁcabatur
1552 1259 1690 1290 habitum,
1717 1261 1747 1284 ut
1772 1256 1799 1283 in
1820 1255 1900 1282 rebus

1109 1308 1270 1343 bujusmodi
1285 1308 1386 1340 solent,
1399 1307 1446 1341 qui
1465 1311 1530 1333 sunt
1544 1304 1635 1340 pusilli
1650 1308 1677 1331 et
1691 1301 1789 1337 abjccti
1804 1300 1899 1328 animi.

1109 1354 1158 1381 Cui
1175 1353 1244 1380 dixit
1257 1353 1280 1380 is
1290 1352 1338 1387 qui
1351 1356 1410 1379 erat
1423 1350 1561 1386 perfectus
1573 1350 1600 1376 in
1614 1349 1759 1383 juventute
1776 1345 1900 1378 :Mulier,

1110 1399 1166 1426 noli
1180 1407 1242 1426 eum
1264 1399 1404 1425 incessere
1420 1397 1588 1429 maledictis;
1606 1394 1675 1422 meis
1689 1393 1761 1421 enim
1774 1391 1902 1419 manibus

1111 1446 1206 1474 venies
1219 1445 1252 1472 ad
1267 1445 1341 1472 hunc
1353 1443 1486 1471 ltabitum.
1502 1442 1564 1469 tlrrc
1579 1441 1649 1469 dixit
1660 1445 1789 1471 sanctus;
1802 1443 1829 1466 et
1840 1445 1901 1465 cum

1111 1491 1189 1519 multi
1219 1491 1284 1518 anni
1321 1489 1532 1525 pueteriissont,
1562 1488 1595 1515 ad
1626 1486 1751 1514 cﬁ‘rctum
1780 1484 1904 1520 pervenit

1112 1537 1264 1572 praedictio,
1288 1544 1353 1563 eutn
1369 1535 1427 1570 ipse
1447 1534 1556 1569 quidem
1580 1533 1680 1560 beatus
1702 1532 1799 1558 horum
1831 1534 1904 1558 esset

1111 1583 1224 1614 oblitus.
1248 1582 1346 1610 mulier
1366 1589 1430 1609 vero
1461 1580 1486 1607 ci
1513 1583 1671 1606 revocasset
1688 1578 1714 1604 in
1731 1577 1902 1607 memoriam,

1112 1633 1140 1656 et
1150 1628 1303 1663 aperuisset
1311 1635 1374 1654 eum
1383 1634 1456 1659 esse,
1466 1626 1512 1665 qui
1522 1625 1580 1652 btec
1591 1629 1657 1652 tunc
1668 1624 1693 1651 ci
1705 1624 1904 1651 denuntiasset.

1416 1690 1532 1719 CAPUT
1560 1690 1592 1717 V.

1114 1750 1228 1779 Sanctus
1247 1751 1379 1777 Antonius
1410 1759 1470 1776 cum
1497 1749 1626 1776 veteribus
1645 1748 1695 1775 SS.
1716 1742 1883 1782 cmnpn’ratus
1897 1754 1907 1773 :

1344 1787 1481 1812 invocatus
1497 1785 1530 1811 ab
1550 1786 1676 1812 Auctore.

1151 1855 1197 1882 52.
1225 1853 1289 1882 Haec
1305 1859 1462 1882 sanctorum
1481 1854 1567 1887 Deus,
1597 1853 1645 1888 qui
1671 1853 1764 1880 omnia
1793 1851 1858 1879 facit
1882 1856 1909 1878 et

1117 1899 1310 1933 transiormat,
1334 1900 1381 1935 qui
1404 1899 1452 1927 dat
1474 1900 1635 1927 alimentum
1655 1899 1730 1926 otnni
1754 1899 1842 1929 carui,
1861 1898 1908 1931 qui

1117 1946 1205 1981 aperit
1219 1953 1344 1978 manum,
1356 1950 1383 1973 et
1395 1946 1490 1981 implet
1503 1953 1584 1973 omne
1593 1945 1693 1971 animal
1703 1944 1909 1975 benedictione;

1117 1992 1165 2027 qui
1180 1992 1315 2027 gloriﬁcat
1332 2000 1390 2024 eos,
1407 1992 1453 2027 qui
1473 1992 1563 2026 ipsum
1578 1991 1743 2026 glorilicant,
1759 1995 1786 2016 et
1802 1994 1844 2017 est
1859 1989 1911 2016 mi-

1119 2037 1215 2066 rabilis
1241 2039 1267 2065 in
1290 2039 1394 2066 sanctis
1413 2038 1483 2065 suis.
1510 2037 1563 2064 Sed
1581 2037 1711 2071 qttoniam
1731 2036 1805 2063 brevi
1827 2035 1913 2062 calice

1120 2083 1256 2111 orationis
1273 2089 1404 2118 tanquam
1423 2091 1523 2118 magno
1542 2083 1623 2113 mari.
1641 2081 1811 2109 admirabilis
1826 2081 1912 2106 Anto-

1120 2130 1177 2163 nii,
1202 2134 1229 2157 et
1252 2130 1344 2164 magni
1371 2130 1443 2157 inter
1470 2130 1652 2164 patriarchas,
1679 2135 1791 2164 parvam
1830 2127 1912 2153 vitam

1120 2175 1276 2205 hausimus.
1290 2183 1339 2211 age
1353 2183 1385 2202 ex
1399 2176 1542 2203 doctorum
1557 2176 1763 2211 comparatione
1774 2175 1914 2201 discamus

268 2221 404 2256 eiulantes
433 2221 494 2256 (eos
506 2221 590 2254 enim,
609 2221 656 2256 qui
675 2226 740 2249 sunt
752 2221 837 2256 gloria
849 2221 981 2255 insignes,
995 2228 1069 2248 mors
1083 2225 1109 2255 D
1123 2222 1301 2257 discipulum.
1335 2222 1422 2249 Adam
1448 2222 1565 2248 habetur
1592 2222 1618 2248 in
1653 2221 1852 2252 admiratione,
1885 2224 1915 2245 ut

270 2267 358 2301 magis
373 2266 523 2301 exagitat);
543 2266 567 2293 ei
581 2273 671 2293 atttem
688 2274 824 2301 nusquam
836 2271 895 2293 erat
911 2266 999 2293 nmrbi
1021 2273 1067 2294 so-

270 2312 350 2343 lutio.
374 2312 426 2339 nisi
443 2320 458 2338 a
483 2313 542 2339 solo
556 2313 649 2340 divino
664 2312 788 2340 Pastore.
809 2313 922 2340 Accedit
942 2312 1016 2340 enim
1033 2313 1068 2340 ad

271 2365 334 2384 eum
357 2357 550 2393 dormientem,
566 2363 594 2385 et
617 2366 680 2386 cum
700 2365 763 2385 eum
782 2366 797 2385 e
814 2358 885 2385 lecto
901 2358 1066 2390 excitasset.

272 2403 391 2438 rogavit,
417 2404 648 2438 quemadmodum
673 2404 787 2432 morbus
815 2412 845 2432 se
865 2404 989 2432 haberet.
1015 2404 1068 2437 Qui

273 2454 387 2484 tangens
417 2453 499 2484 caput
526 2454 554 2477 et
578 2451 742 2482 membrum.
767 2450 840 2485 quod
862 2449 987 2482 dolebat,
1014 2457 1068 2477 non

272 2495 430 2522 P.eanicum
447 2496 610 2530 remedium,
625 2505 713 2532 neque
729 2497 929 2524 medicamenta
941 2495 1070 2523 Chironis

273 2542 330 2569 suis
354 2542 511 2576 applicabat
536 2543 675 2574 manibus.
693 2543 774 2578 (nam
791 2550 880 2578 neque
900 2542 962 2570 aliis
976 2546 1019 2569 est
1035 2549 1069 2569 ex

274 2588 317 2615 his
344 2587 429 2616 rebus
456 2589 583 2624 curatio)
613 2589 659 2617 sed
687 2597 749 2617 cum
776 2589 948 2617 adhibuisset
976 2596 1069 2624 preces

276 2634 372 2662 morbo
393 2636 601 2669 convenientes,
619 2639 647 2664 et
664 2636 909 2671 incomparabilem
934 2636 1069 2663 malorum

277 2683 436 2707 nostrorum
465 2686 623 2708 curatorem
658 2681 799 2708 Christum
829 2681 993 2713 invocasset,
1026 2680 1072 2708 ille

275 2724 384 2758 quidem
406 2725 539 2754 liberatur
554 2735 569 2754 a
587 2727 663 2763 gravi
678 2728 790 2760 morbo;
808 2735 890 2754 verus
913 2731 1004 2754 autent
1021 2726 1072 2753 fuit

277 2777 388 2803 precum
403 2777 518 2800 eventus
532 2781 540 2800 :
556 2773 682 2808 protinus
698 2773 770 2800 enim
795 2772 946 2804 convaluit,
967 2772 1072 2807 absque

278 2814 475 2850 impedimento
495 2819 658 2847 miraculum
681 2819 820 2854 aperiens,
840 2823 867 2846 et
880 2818 906 2845 in
922 2822 977 2845 tota
991 2817 1072 2845 domo

276 2867 354 2889 suam
372 2864 487 2893 salutent
506 2866 659 2894 celebrans.
677 2866 740 2894 Haec
757 2869 823 2893 sunt
841 2865 910 2892 facta
935 2864 1071 2899 pontiﬁcis

1122 2269 1289 2304 principium
1316 2273 1344 2295 et
1364 2268 1439 2295 radix
1458 2268 1578 2303 generis.
1600 2267 1653 2295 Sed
1672 2267 1716 2294 hic
1738 2274 1850 2301 quoque
1866 2265 1916 2292 fuit

1121 2315 1250 2349 princeps
1266 2319 1294 2342 et
1308 2319 1405 2341 auctor
1422 2314 1583 2345 ntultorum,
1596 2313 1642 2348 qui
1655 2321 1710 2340 non
1726 2317 1791 2340 sunt
1809 2313 1864 2339 nati
1882 2319 1915 2338 ix

1121 2361 1314 2395 conjunctione
1342 2368 1501 2395 rerporum,
1517 2360 1564 2388 sed
1589 2365 1653 2387 sunt
1670 2359 1841 2393 multiplicati
1860 2357 1918 2392 spi—

1121 2407 1193 2434 ritali
1211 2406 1407 2441 conjunctione
1428 2415 1434 2434 :
1450 2407 1552 2441 quibus
1570 2414 1624 2434 non
1645 2406 1805 2440 obtigerunt
1830 2410 1917 2438 pcenaa

1123 2458 1245 2487 paternze
1261 2453 1466 2486 damnationis;
1489 2453 1535 2480 sed
1554 2453 1689 2479 donorum
1706 2452 1796 2486 potius
1809 2450 1918 2478 heredi-

1121 2504 1216 2532 tatem,
1234 2507 1332 2534 nempe
1358 2500 1441 2526 vitam
1472 2505 1616 2532 anet-nam,
1638 2507 1693 2526 non
1718 2505 1846 2528 mortem.
1866 2497 1918 2524 sibi

1121 2544 1304 2571 conciliarunt
1317 2553 1324 2571 :
1337 2551 1385 2579 per
1401 2551 1484 2579 quant
1494 2545 1658 2580 exprimitur
1673 2551 1735 2571 γει-η
1751 2549 1775 2571 et
1788 2550 1918 2578 germana

1122 2594 1237 2625 paterna
1263 2589 1403 2624 cognatio.
1434 2591 1467 2617 Et
1484 2591 1522 2617 illi
1541 2591 1651 2625 quidem
1680 2589 1764 2618 cessit
1795 2588 1917 2615 ferarum

1122 2640 1239 2668 natura;
1254 2637 1303 2663 sed
1318 2644 1372 2664 non
1394 2645 1502 2668 eorum,
1520 2638 1566 2673 qui
1585 2637 1659 2665 intus
1675 2641 1766 2669 erant.
1784 2643 1811 2665 et
1831 2640 1919 2665 coha-

1123 2681 1257 2710 bitabant.
1275 2681 1345 2709 Hinc
1369 2691 1482 2718 serpens
1503 2689 1531 2711 et
1547 2684 1650 2711 invidia
1664 2689 1691 2711 et
1707 2683 1786 2711 dolus
1801 2688 1917 2718 mortem

1123 2734 1187 2756 sunt
1212 2728 1348 2757 fabricati.
1373 2729 1424 2757 llic
1449 2735 1540 2758 autem
1566 2731 1683 2765 imperio
1711 2731 1828 2758 rationis
1856 2737 1918 2757 cum

1123 2775 1255 2810 quidquid
1269 2781 1310 2804 est
1328 2775 1414 2804 ferum
1428 2782 1455 2805 et
1471 2783 1580 2813 agreste
1596 2777 1758 2806 reddidisset
1776 2777 1918 2809 ohedieus,

1125 2821 1231 2850 nullum
1251 2822 1364 2851 inimico
1381 2824 1414 2851 ad
1432 2824 1557 2852 fraudem
1578 2829 1671 2859 aptum
1693 2825 1921 2860 n-liquitinstrth

1125 2873 1257 2896 mentum.
1270 2868 1336 2897 Abel
1349 2870 1399 2898 fuit
1412 2871 1518 2906 primus
1532 2876 1661 2906 operator
1676 2871 1732 2900 Deo
1744 2876 1919 2906 acceptorum
