2075 3157
171 155 221 188 iii'l

560 155 650 185 VITA
669 154 701 184 S.
721 152 883 184 ANTONII
901 152 1059 184 CAULE/E
1079 152 1331 183 PATRIARCHA!
1350 152 1405 183 CP.

1751 155 1805 189 198

168 212 389 244 sacriﬁciorum;
405 209 453 238 sed
469 215 659 242 crucntorum,
675 214 703 237 et
716 208 802 244 partis
814 216 876 243 qua:
886 212 961 236 caret
975 216 999 243 Δ
1048 207 1093 235 54.
1114 207 1183 235 Cum
1206 208 1282 235 lsaac
1307 207 1441 240 ascendit.
1464 208 1603 237 caelestem
1631 215 1736 245 patrem
1754 222 1804 242 se-

168 260 285 288 ratione.
310 257 360 285 Hic
387 262 478 284 autem
502 255 644 283 sacriﬁcus
666 254 801 282 incruenti
819 254 958 285 sacriﬁcii,

168 307 248 341 cujus
267 305 313 332 illa
326 306 406 331 erant
422 307 503 338 typus
519 305 546 330 et
567 301 663 328 umbra
679 300 785 328 ratione
800 299 960 327 sacrificans

167 357 195 380 et
212 351 324 386 spiritu,
337 354 365 377 et
378 348 503 384 quotidie
520 347 641 382 seipsum
654 345 812 376 immolaris,
825 352 840 372 a
854 345 960 372 ratione

167 399 320 426 alienarum
350 396 435 423 animi
468 393 704 429 perturbationum
738 392 958 424 mortiﬁcatione,

166 449 225 472 erat
247 442 349 470 invidia
367 441 494 476 superior
509 445 536 467 et
552 440 611 474 ejus
624 439 745 473 fastibus,
761 439 824 466 dolo
837 443 864 466 et
876 438 959 469 mede,

165 495 193 518 et
217 490 345 517 universa
370 475 489 522 denique
518 486 601 513 simili
627 475 734 512 eatena.
767 485 881 519 Magnus
909 484 961 511 fuit

167 534 253 567 Setb;
273 533 320 561 sed
342 533 438 559 habuit
454 535 567 566 nepotes
592 538 624 557 ex
651 530 844 566 conjunctione
858 537 960 564 cogna-

168 579 261 612 tionis,
280 585 341 613 quae
367 577 479 603 fratrem
510 576 665 607 occiderat,
693 576 739 610 qui
773 575 961 610 magnitudine

167 631 315 659 corporum
332 621 525 650 describebant
550 621 643 648 delicti
659 620 886 656 magnitudinem.
911 619 960 647 Hic

167 677 233 697 vero
259 669 333 696 illius
354 668 465 703 quidem
483 667 611 694 virtutem
633 667 788 701 superavit;
806 666 841 694 iis
857 670 959 698 autem,

167 716 213 751 qui
229 723 260 743 ex
276 715 336 749 ipso
347 714 403 741 nati
415 717 495 740 erant
511 712 680 748 spiritaliter,
694 712 800 739 nullum
816 711 872 740 fere
883 712 960 739 dedit

167 760 273 787 aditum
290 767 339 794 per
355 759 426 786 bona
438 765 488 785 sua
501 762 635 792 praecepta
651 762 677 784 et
691 758 805 789 monita,
824 761 854 785 ut
868 761 960 785 essent

167 805 225 832 vitii
245 803 401 839 participes.
426 802 520 830 Enocb
534 806 561 829 et
581 801 639 829 Noe
656 802 701 829 ille
726 802 837 836 quidem
862 802 960 830 beatus

168 850 281 878 ducitur
308 854 418 884 propter
436 847 665 880 translationem;
689 847 735 874 hic
757 853 859 881 autem,
884 847 958 882 quod

1011 262 1099 290 quens
1114 254 1266 288 jubentem,
1285 260 1339 280 non
1365 253 1391 280 in
1414 255 1549 282 tumulum
1566 256 1696 291 aliquem,
1713 260 1759 286 sed
1777 261 1804 287 in

1011 304 1134 328 montem
1151 299 1294 331 virtutum,
1312 303 1428 327 onustus
1457 300 1539 336 lignis
1559 303 1743 330 continentiae.
1753 304 1807 332 Per

1011 350 1073 376 quae
1094 343 1120 370 in
1137 349 1184 369 ara
1200 343 1290 369 cordis
1311 342 1437 370 desiderii
1452 344 1485 370 ad
1505 344 1586 372 Deum
1603 346 1691 381 ignem
1708 355 1806 376 accen-

1011 388 1090 420 dens,
1105 395 1134 415 se
1146 387 1264 414 hostiam
1282 387 1398 422 pl'mbuit
1420 394 1570 424 acceptam.
1588 391 1699 419 invenio
1713 398 1804 422 autem

1011 443 1073 462 cum
1088 435 1166 462 valde
1190 441 1251 462 esse
1270 434 1355 462 .Iacoh
1374 435 1522 467 imitatum,
1540 444 1592 465 non
1606 438 1692 466 solum
1713 439 1739 466 in
1755 448 1788 466 eo
1820 458 1823 462 ι

1010 482 1084 517 quod
1102 489 1157 508 non
1176 481 1246 508 ﬁctis
1270 481 1395 509 moribus
1424 483 1497 509 varie
1522 483 1603 510 vitam
1619 491 1697 511 suam
1726 485 1791 511 insti
1820 493 1822 495 ’

1011 527 1104 559 tuerit,
1119 527 1168 554 sed
1185 528 1267 554 etiam
1288 527 1315 554 in
1328 535 1371 559 eo,
1388 528 1461 562 quod
1477 529 1590 556 recessit
1616 538 1630 557 a
1656 531 1754 565 patria,
1778 539 1806 559 et

1011 573 1038 601 in
1053 568 1141 601 alie'na
1160 574 1270 609 regione
1285 576 1381 609 degere
1396 575 1523 602 statuerit
1542 585 1548 602 :
1564 576 1611 603 sed
1626 584 1679 604 non
1696 583 1802 613 propter

1011 620 1240 648 cohabitationem
1252 621 1409 653 mulierum,
1422 630 1559 654 sororum,
1574 623 1620 650 sed
1631 631 1742 658 propter
1753 625 1808 652 vir-

1011 669 1098 692 tutum
1123 673 1249 694 sororum
1279 667 1458 700 desiderium,
1485 669 1736 703 contemplationis,
1762 671 1806 697 in-

1011 711 1105 747 quain,
1122 717 1147 739 et
1162 712 1294 744 actionis;
1320 717 1349 740 ut
1368 713 1476 740 actione
1498 714 1635 748 particeps
1649 719 1723 742 esset
1738 723 1807 742 con-

1012 759 1213 793 templationis,
1243 764 1271 786 et
1302 766 1364 793 qua:
1383 759 1494 793 quidem
1520 759 1553 786 ad
1581 768 1664 787 unum
1690 761 1805 795 fontem,

1014 812 1111 840 nempe
1129 805 1162 832 ad
1179 800 1297 840 primum
1323 804 1437 838 bonum,
1462 804 1618 833 referuntur
1640 811 1666 833 et
1680 807 1804 842 erigunt;

1011 859 1060 886 per
1076 859 1146 885 quas
1164 851 1391 886 multiplicatione
1411 852 1572 886 insignium,
1590 860 1643 879 non
1667 861 1680 880 a
1700 854 1807 882 ratione

171 903 253 924 omne
278 902 366 930 genus
385 893 567 921 animantium
592 893 764 920 conservarit
791 893 818 920 in
844 893 959 920 diluvio.
976 891 998 918 Β
1013 898 1164 924 alienarum
1178 898 1325 932 pecudum,
1343 898 1390 925 sed
1406 899 1513 925 ratione
1532 899 1720 933 prmdilarum,
1741 908 1805 928 ενδ-

168 942 270 970 Noster
285 949 351 968 vero
368 941 414 968 hic
425 947 537 975 quoque
549 939 683 974 exemplis
698 947 752 967 non
773 938 898 971 inferior,
920 944 963 966 est

167 987 293 1015 moribus
308 986 434 1021 superior
446 995 452 1013 :
466 989 493 1014 et
508 986 652 1013 translatio
664 993 717 1012 non
729 985 811 1013 habet
825 985 958 1020 laetitiam,

167 1042 230 1070 quae
248 1042 297 1068 spe
320 1033 418 1060 mortis
450 1032 677 1066 interrumpatur,
697 1032 745 1059 sed
773 1031 835 1059 vitae
853 1037 963 1059 adorna:

167 1080 309 1108 successio
328 1086 424 1114 puram
452 1079 569 1113 percipit
594 1078 760 1112 voluptatem
780 1086 787 1104 :
817 1083 844 1106 et
871 1083 962 1106 servat

167 1134 272 1159 arcam,
289 1133 344 1152 non
369 1125 478 1160 plenam
501 1124 689 1151 animantibus
707 1125 823 1151 rationis
842 1125 962 1159 experti-

168 1173 264 1205 tibus;
287 1172 334 1199 sed
360 1170 523 1204 Ecclesiam,
555 1170 634 1204 cujus
664 1170 707 1197 illa
723 1174 789 1197 sunt
816 1171 959 1205 imagines,

170 1218 246 1246 omni
266 1225 365 1252 genere
377 1221 403 1244 et
414 1221 495 1244 aetate
508 1217 626 1244 rationis
639 1216 806 1251 participum
820 1216 959 1245 refertam.

204 1265 250 1291 33.
268 1264 337 1291 Cum
348 1263 485 1290 Abraham
501 1262 637 1290 vocationi
657 1263 726 1297 ejus,
745 1263 790 1297 qui
803 1262 893 1297 ipsum
911 1271 960 1290 vo-

168 1310 262 1336 eavite
271 1313 385 1344 paterna
396 1309 488 1339 domo,
505 1307 667 1343 cmigrando
677 1307 839 1343 peregrinus
848 1307 960 1335 effectus

166 1355 261 1392 paruit
276 1363 362 1390 usque
384 1355 418 1382 ad
435 1360 565 1381 mortem.
585 1353 638 1381 Sed
659 1353 703 1381 ille
720 1353 829 1388 quidem
852 1352 960 1388 fugiens

167 1409 291 1428 errorem
316 1401 407 1428 cultus
430 1402 598 1432 daunonum,
614 1407 694 1433 quem
713 1398 808 1434 fugere
833 1399 874 1426 vel
902 1400 959 1433 ipsa

170 1447 251 1474 docet
264 1452 360 1473 natura
372 1450 399 1473 et
409 1453 497 1477 mens,
513 1452 574 1480 quae
588 1444 729 1472 dominatu
744 1444 891 1471 deterioris
907 1452 960 1470 non

168 1493 282 1520 omnino
293 1492 411 1527 perdidit
424 1492 477 1518 vim
492 1490 648 1526 iudicandi,
660 1490 788 1517 tenebras
803 1494 830 1516 et
845 1494 959 1516 mortem

169 1538 230 1565 luce
251 1538 442 1570 commutavit,
459 1542 486 1564 et
499 1537 600 1571 pietate
618 1536 797 1571 impietatem,
817 1543 878 1570 qua:
896 1539 962 1563 sunt

169 1592 213 1611 res
233 1592 281 1619 per
307 1591 336 1611 se
372 1584 531 1617 expetendae
556 1582 692 1609 universm
709 1587 824 1613 naturae,
841 1589 902 1616 qum
920 1585 962 1608 est

168 1630 310 1665 particeps
325 1630 452 1656 rationis.
465 1629 514 1656 Hic
527 1633 619 1656 autem
633 1636 647 1655 a
661 1629 753 1663 pueris
768 1628 838 1655 lacte
852 1627 962 1662 pietatis

168 1676 320 1708 enutritus,
341 1680 368 1702 et
385 1675 480 1702 vivens
505 1674 532 1701 in
548 1675 592 1706 iis,
619 1681 681 1708 quae
703 1677 782 1700 erant
797 1672 961 1708 expetenda,

170 1722 288 1758 (nullius
306 1722 379 1749 enim
402 1721 442 1748 rei
470 1720 608 1756 fugiendae
623 1728 658 1747 ne
677 1720 821 1754 vestigium
851 1719 961 1754 quidem

170 1768 257 1795 ullum
274 1775 394 1802 unquam
411 1767 572 1801 admiserat)
591 1766 747 1802 perfectiori
762 1765 867 1800 judicio
887 1772 961 1800 quam

168 1815 246 1842 rebat
261 1814 348 1850 magis
365 1814 439 1849 pium
459 1818 560 1841 statum
577 1817 604 1840 et
616 1813 703 1848 magis
719 1812 891 1847 eligendum;
907 1812 962 1839 vita

169 1861 266 1892 vitam,
281 1865 307 1888 et
324 1860 385 1888 luce
401 1860 502 1892 lucem,
520 1865 547 1887 et
560 1859 704 1894 eligendis,
720 1863 749 1886 ttt
761 1859 846 1886 semel
860 1859 961 1892 dicam,

169 1910 331 1942 permutans
349 1906 436 1941 magis
452 1906 587 1941 eligenda.
604 1905 743 1938 Quantum
769 1912 834 1932 vero
850 1905 963 1932 interest

171 1953 243 1980 inter
259 1952 396 1987 eligenda,
409 1957 437 1979 et
451 1959 482 1979 ea
494 1959 556 1987 quae
573 1956 637 1979 sunt
652 1951 739 1986 magis
749 1951 890 1986 eligenda;
903 1956 963 1978 tan-

171 2001 229 2023 tum
247 1996 330 2023 etiam
352 1995 466 2023 omnino
485 1995 601 2023 interest
622 1995 694 2022 inter
707 2003 755 2022 eos
778 1995 823 2030 qui
846 1995 960 2030 eligunt.

172 2041 226 2068 Sed
244 2041 382 2068 Abraham
412 2041 523 2075 quidem
548 2048 596 2068 eos
614 2041 734 2075 hospitio
750 2040 900 2075 accipiens,
915 2040 962 2075 qui

172 2088 328 2115 transibant
345 2095 393 2122 per
407 2088 538 2121 Mambre,
555 2089 640 2116 semel
659 2087 820 2122 imprudens
844 2087 964 2121 hospitio

171 2134 278 2169 accepit
298 2134 422 2169 angelos.
439 2133 490 2161 Hic
504 2142 569 2161 vero
586 2134 671 2162 totius
694 2133 769 2161 orbis
797 2138 877 2160 terra
895 2140 965 2167 pau-

173 2187 252 2214 peras
269 2186 400 2215 perpetuo
427 2181 578 2215 excipiens,
607 2180 748 2208 Christum
779 2179 901 2214 hospitio
916 2187 965 2213 per

1014 942 1050 969 sit
1070 942 1185 977 insignis
1201 942 1271 969 inter
1288 943 1469 977 patriarchas.

1048 988 1093 1014 '55.
1112 989 1203 1014 Aaron
1225 987 1276 1015 fuit
1298 988 1403 1023 primus
1429 988 1568 1022 pontifex,
1599 988 1646 1016 sed
1674 989 1754 1024 typici
1779 995 1806 1017 et

1014 1034 1169 1062 umbratilis
1196 1034 1375 1061 tabernaculi.
1401 1034 1451 1061 Hic
1476 1039 1567 1061 autem
1589 1035 1657 1067 veri,
1677 1039 1704 1062 et
1727 1034 1807 1069 cujus

1013 1079 1078 1106 illud
1095 1084 1153 1106 erat
1169 1078 1264 1113 figura.
1285 1079 1353 1107 Cum
1373 1079 1446 1106 liiose
1460 1078 1512 1106 fuit
1528 1078 1587 1106 Dux
1605 1080 1667 1107 novi
1684 1080 1804 1108 lsraelis.

1012 1123 1081 1151 Cum
1101 1123 1227 1152 Samnele
1247 1125 1298 1152 fuit
1322 1132 1401 1152 sacer
1418 1125 1452 1152 ab
1475 1125 1608 1157 infantia,
1633 1130 1659 1152 et
1675 1126 1707 1153 ad
1725 1134 1806 1154 sene-

1012 1174 1115 1197 ctutem
1140 1177 1227 1204 usque
1248 1169 1302 1197 Deo
1325 1170 1458 1197 serviens.
1483 1170 1609 1198 Imitatus
1633 1176 1675 1198 est
1698 1171 1806 1198 Dav-iiiis

1012 1217 1261 1248 mansuetudinem,
1288 1220 1325 1248 et,
1342 1217 1365 1243 si
1383 1217 1434 1247 vis,
1448 1216 1530 1243 etiam
1549 1216 1737 1244 fortitudinem
1757 1223 1806 1245 :ut

1011 1262 1058 1298 qui
1071 1270 1124 1289 non
1143 1262 1275 1289 adversus
1290 1261 1410 1293 Goliath,
1429 1262 1568 1289 hominem
1586 1263 1731 1296 quemdam
1748 1270 1807 1290 ma-

1010 1307 1153 1342 gnitudine
1174 1308 1298 1342 corporis
1322 1307 1495 1342 gloriantem,
1518 1315 1549 1335 se
1572 1313 1646 1335 recte
1670 1309 1804 1342 gesserit;

1011 1355 1058 1382 sed
1086 1354 1217 1381 adversus
1239 1353 1346 1381 Goliath
1373 1354 1420 1388 qui
1439 1354 1589 1389 percipitur
1604 1354 1804 1390 intelligentia,

1012 1401 1173 1436 malignum,
1189 1401 1313 1435 inquam,
1326 1404 1353 1428 et
1367 1400 1467 1434 carnis,
1483 1405 1622 1435 expertem
1643 1401 1806 1434 daemonem,

1012 1455 1073 1474 cum
1099 1448 1175 1481 virga
1193 1447 1369 1474 continentiae
1390 1454 1518 1481 egressus
1537 1451 1579 1474 est
1600 1447 1675 1482 virga
1692 1447 1764 1480 fidei,
1781 1453 1808 1474 et

1013 1492 1172 1526 praeclarum
1197 1492 1285 1519 erexit
1313 1497 1457 1527 tropaeum.
1484 1492 1558 1519 Elius
1580 1492 1675 1527 effugit
1693 1493 1808 1521 insidias

1014 1536 1158 1565 Jezabclis.
1180 1537 1230 1564 llic
1255 1543 1346 1566 autem
1365 1538 1480 1565 insidias
1505 1538 1671 1573 impudentis
1691 1540 1805 1574 peccati.

976 1568 998 1599 ϐ
1014 1583 1115 1611 Habuit
1134 1592 1195 1611 cum
1214 1584 1313 1611 Elisaeo
1337 1584 1472 1619 duplicem
1498 1568 1617 1619 Spiritus
1632 1568 1760 1620 gratiam,
1778 1592 1808 1613 ut

1014 1630 1060 1665 qui
1076 1629 1236 1656 monasticis
1252 1633 1278 1656 et
1294 1629 1511 1656 sacerdotalibus
1527 1629 1608 1656 donis
1627 1635 1699 1657 esset
1722 1638 1806 1657 orna-

1014 1681 1068 1703 tus.
1081 1675 1114 1702 Et
1129 1680 1158 1702 ut
1174 1682 1232 1707 eos,
1247 1675 1293 1709 qui
1309 1675 1492 1708 intercedunt,
1516 1677 1677 1704 omittamus
1696 1681 1807 1711 propter

1014 1721 1230 1754 multitudinem,
1241 1720 1367 1753 Joannis,
1382 1721 1463 1748 vitam
1477 1729 1530 1748 non
1544 1729 1627 1756 agens
1640 1722 1805 1754 solitariam,

1014 1767 1040 1794 in
1057 1767 1144 1794 media
1170 1766 1280 1794 civitate
1304 1767 1426 1794 imitatus
1454 1771 1497 1795 est
1521 1767 1735 1802 philosophiam.
1757 1768 1806 1795 llic

1014 1820 1123 1847 quoque
1147 1812 1218 1847 quod
1247 1812 1281 1840 ad
1306 1820 1336 1840 se
1366 1812 1511 1845 attinebat,
1540 1813 1657 1841 habebat
1681 1821 1804 1841 mensam

1014 1858 1118 1892 absque
1133 1857 1189 1884 ullo
1205 1862 1349 1892 apparatu,
1365 1863 1392 1885 et
1405 1858 1450 1886 hic
1463 1865 1496 1886 ex
1511 1859 1573 1892 pilis
1590 1863 1717 1886 e0ntcxta
1733 1864 1807 1887 veste

1014 1910 1116 1938 corpus
1141 1906 1259 1938 tegebat,
1285 1908 1312 1931 et
1334 1904 1417 1931 veluti
1445 1905 1563 1938 quadam
1588 1905 1700 1939 pellicea
1721 1913 1806 1938 zona,

1014 1959 1112 1986 nempe
1131 1953 1367 1986 perturbationttm
1389 1951 1474 1978 animi
1492 1950 1713 1983 tuortiiicatione,
1734 1952 1807 1978 lum~

1015 1996 1064 2023 bos
1091 2004 1156 2024 suos
1174 1996 1388 2031 constringebat,
1409 2000 1437 2023 et
1452 1996 1486 2023 ad
1502 2003 1564 2022 eum
1581 1995 1736 2022 confluebat
1752 2002 1805 2022 non

1016 2049 1070 2069 una
1087 2043 1203 2074 civitas,
1223 2050 1311 2077 neque
1337 2049 1390 2069 una
1412 2050 1489 2074 gens,
1509 2041 1557 2070 sed
1575 2042 1661 2069 turbae
1683 2041 1808 2076 plurimae

1015 2089 1116 2124 populo
1132 2089 1283 2124 frequentis
1300 2089 1428 2121 civitatis,
1445 2089 1566 2115 collectae
1577 2096 1610 2115 ex
1624 2096 1705 2115 omne
1720 2095 1807 2123 genus

1016 2135 1142 2170 gentibus
1156 2140 1183 2162 et
1196 2135 1363 2167 civitatibus,
1382 2138 1436 2161 tam
1451 2133 1610 2166 orientales,
1631 2141 1713 2168 quam
1735 2133 1808 2160 occi-

1016 2182 1155 2214 dentales;
1171 2189 1223 2209 non
1247 2188 1317 2215 aqua
1343 2181 1486 2216 tingenda‘,
1503 2180 1551 2207 sed
1575 2179 1712 2214 spirituali
1731 2179 1807 2214 puri-

172 2231 258 2254 tolam
285 2226 369 2253 vitam
384 2226 548 2261 excipiebat,
577 2227 622 2261 qui
639 2219 770 2253 iriefiabili
798 2225 965 2260 benignitate
983 2237 1002 2264 υ
1019 2228 1129 2254 ficandze
1145 2228 1285 2261 mysterio,
1302 2227 1375 2261 quod
1396 2225 1575 2261 peragebatur
1589 2225 1688 2252 divinis
1703 2225 1807 2252 instru-

171 2280 216 2304 ea,
238 2280 299 2307 quae
314 2277 378 2300 sunt
394 2272 516 2306 illorum,
529 2273 580 2300 sibi
593 2273 718 2300 attribuit
740 2282 746 2300 :
770 2280 817 2306 per
835 2280 895 2306 qua:
910 2279 963 2298 non

172 2318 200 2344 in
215 2318 308 2353 specie
332 2318 503 2353 angelorum,
523 2318 570 2345 sed
589 2319 616 2345 in
634 2319 673 2345 rei
694 2318 815 2348 veritate.
841 2318 965 2344 omnium

171 2364 338 2392 effectricem
354 2364 519 2392 Trinitatem
541 2365 568 2391 in
589 2365 709 2391 animam
727 2364 886 2396 admittens,
912 2371 964 2391 nou

174 2410 272 2436 habuit
285 2409 498 2444 promissionem
524 2410 604 2437 unius
623 2409 669 2436 filii
685 2410 732 2444 qui
749 2409 853 2436 carnali
870 2414 966 2444 praeter

174 2463 253 2489 spem
270 2459 329 2482 erat
341 2455 502 2483 nasciturus
518 2455 735 2489 conjunctione;
755 2455 802 2482 sed
821 2459 850 2482 ut
868 2456 966 2481 multo-

172 2509 234 2527 rum
253 2502 346 2536 potius
371 2501 489 2528 Iiliorum
510 2501 605 2528 activae
620 2501 801 2536 philosophiae
826 2501 966 2536 conjugio,

171 2547 199 2573 in
220 2547 318 2582 spiritu
346 2551 492 2574 vocaretur
508 2552 597 2582 pater,
617 2547 713 2574 habuit
741 2547 965 2581 promissionem,

172 2597 201 2619 et
219 2599 320 2628 praeter
333 2600 410 2629 spem
427 2593 494 2621 vidit
511 2593 767 2627 multiplicationem
783 2593 891 2627 dignam
902 2601 967 2628 pro--

174 2639 320 2672 missione,
337 2639 427 2674 utqui
447 2646 502 2666 non
519 2643 704 2666 trecentorum
731 2646 878 2667 vernarum
896 2639 968 2666 irru-

174 2685 288 2719 ptione,
316 2687 465 2713 multorum
498 2693 592 2720 regum
619 2685 784 2720 represserit
810 2685 965 2720 impetum;

173 2731 222 2758 sed
251 2732 325 2759 virili
354 2732 456 2768 impetu
492 2731 635 2767 tripartite;
662 2733 776 2764 animae,
809 2733 966 2759 universam

170 2779 305 2806 everterit
323 2779 410 2807 aciem
427 2787 536 2812 eorum,
560 2779 607 2814 qui
633 2778 810 2812 invadebant,
827 2783 855 2806 et
875 2784 969 2814 tyran-

174 2824 238 2853 nice
251 2825 291 2859 id,
306 2826 379 2861 quod
401 2830 444 2853 est
459 2829 618 2861 cognatum,
634 2833 683 2860 per
705 2825 873 2861 voluptatem
894 2826 966 2855 redi-

172 2871 279 2905 get-ant
291 2871 318 2899 in
333 2871 532 2907 capiivimlem,
546 2871 598 2901 sub
613 2872 674 2899 Iicta
691 2872 766 2907 regni
784 2874 884 2908 specie.

1018 2272 1118 2300 mentis
1129 2272 1203 2299 illius
1216 2279 1314 2298 manus
1327 2275 1353 2298 et
1371 2270 1479 2305 linguae,
1495 2275 1522 2297 et
1539 2270 1664 2296 initiabat
1684 2277 1742 2300 eos,
1761 2270 1809 2304 qui

1017 2317 1200 2351 dignabantnr
1214 2315 1407 2343 communione
1423 2314 1526 2342 deiiicm
1543 2315 1772 2349 participationis.

1052 2361 1097 2389 56.
1125 2362 1319 2396 Apostolorum
1350 2365 1440 2387 autem
1472 2367 1590 2395 sequens
1619 2359 1760 2388 doctrinas
1783 2365 1810 2387 et

1018 2409 1190 2450 traditiones,
1209 2414 1236 2436 et
1256 2409 1294 2436 eis
1307 2416 1384 2436 suam
1401 2409 1484 2435 vitam
1505 2415 1613 2448 semper
1628 2416 1808 2443 componens.

1018 2446 1098 2483 factis
1120 2463 1280 2490 germanum
1305 2455 1480 2482 confirmavit
1496 2446 1670 2490 martyrium,
1694 2455 1720 2480 in
1736 2454 1810 2489 quod

1018 2506 1169 2536 martyrum
1196 2501 1284 2528 zelum
1312 2501 1424 2527 haberet
1440 2507 1490 2535 pro
1516 2500 1628 2535 pietate,
1648 2504 1674 2527 et
1689 2499 1811 2534 quotidie

1017 2555 1067 2575 sua
1085 2551 1237 2575 moreretur
1249 2545 1433 2579 conscientia;
1451 2546 1667 2573 monasticorum
1685 2544 1808 2571 laborum

1018 2595 1146 2621 diuturna
1173 2598 1200 2620 et
1220 2592 1317 2620 acerba
1342 2593 1538 2627 perpessione:
1564 2591 1637 2626 quod
1662 2589 1809 2624 martyrica

1018 2641 1118 2668 virtute
1142 2640 1216 2667 nulla
1246 2639 1273 2666 in
1302 2646 1331 2666 re
1348 2643 1391 2667 est
1415 2638 1558 2673 abiectius.
1588 2636 1716 2665 Omnium
1744 2643 1810 2670 ergo

1019 2691 1176 2714 sanctorum
1199 2690 1226 2713 et
1251 2685 1402 2720 justorum,
1429 2685 1536 2711 illorum
1568 2682 1678 2716 quidem
1708 2688 1808 2712 mores,

1019 2732 1118 2760 horum
1136 2739 1201 2760 vero
1217 2739 1342 2763 cursum,
1365 2731 1481 2759 aliorum
1496 2733 1587 2756 autem
1603 2727 1749 2757 actionem,
1771 2725 1810 2752 si-

1019 2779 1076 2807 mul
1090 2786 1156 2806 vero
1171 2778 1294 2805 omnium
1310 2777 1344 2805 ad
1360 2777 1478 2812 primum
1496 2775 1609 2805 bonum,
1626 2771 1810 2800 vehementis-

1020 2825 1120 2852 simum
1134 2828 1161 2852 et
1174 2823 1428 2852 constantissimum
1445 2820 1566 2849 imitatus
1581 2823 1622 2847 est
1632 2818 1808 2846 desiderium.

1021 2872 1080 2905 Quo
1097 2879 1169 2900 nunc
1186 2876 1280 2907 aperte
1299 2871 1403 2903 fruens,
1429 2873 1556 2904 protegas
1577 2872 1604 2895 et
1628 2866 1771 2897 defendas.
1795 2873 1812 2892 ο
