2075 3157
270 166 322 199 199
854 159 1031 190 ANDREAS
1050 159 1089 188 ΕΛ

1086 156 1308 188 ESARIENSIS
1850 149 1905 182 200

269 222 393 251 divinum
415 225 442 249 et
458 226 569 248 sacrum
586 223 677 254 caput,
696 225 804 245 sacrum
821 225 941 252 gregem,
959 221 986 243 et
1009 215 1064 242 tnis
1076 219 1102 248 Α
1115 222 1208 242 serves
1229 220 1324 240 narem
1346 212 1372 238 in
1389 216 1446 238 tuto
1465 213 1543 245 portu
1567 208 1666 236 divinae
1681 205 1905 241 tranquillitatis.

270 269 397 303 precibus
409 267 556 295 eorrobora
568 253 673 300 sceptra
689 264 808 298 pietatis,
823 268 850 290 et
864 270 976 290 manum
991 269 1060 296 prae-
1111 268 1208 288 omnes
1225 259 1324 287 sedans
1341 258 1463 285 turbines
1478 261 1505 284 et
1516 258 1691 289 tempestates
1704 253 1906 288 improborum,

270 298 336 343 beas
354 316 404 349 piae
431 313 566 349 potentiae,
587 298 681 338 mundi
703 317 784 337 curas
810 317 872 336 cum
890 317 923 336 eo
949 307 1061 343 partici:
1113 312 1140 334 et
1162 306 1282 333 obruens
1305 304 1424 331 insultus
1449 302 1635 332 inimicorum,
1660 304 1714 326 tam
1737 306 1844 329 eorum,
1861 298 1907 349 qni

272 369 340 396 pans
355 343 365 388 ,ε
382 367 408 387 et
424 343 575 386 inter-cedas
593 357 662 391 apud
691 356 775 382 Deum
794 355 927 382 assistens
943 355 1002 381 sine
1018 354 1060 379 in-
1114 352 1165 380 sub
1178 351 1272 378 oculos
1303 350 1421 380 cadunt,
1451 355 1533 382 quam
1565 346 1613 380 qui
1649 353 1704 372 non
1719 345 1848 375 'cadunt,
1881 343 1907 395 in

274 390 446 433 iermissiunc
469 411 519 438 pro
534 410 576 434 eo,
604 390 675 437 quod
701 401 797 432 orasti,
825 408 887 427 cum
903 407 978 427 esses
999 407 1060 426 cum
1114 398 1225 425 Christo
1242 395 1306 423 Jesu
1325 395 1441 421 Domino
1463 399 1568 425 nostro,
1586 393 1630 420 eui
1645 392 1731 426 gloria
1747 396 1772 418 et
1788 390 1908 425 potentia

274 451 343 485 ipso,
361 455 386 477 et
397 450 456 483 ejus
472 437 532 476 vita:
546 448 692 475 interesses
707 457 713 474 :
730 452 756 474 et
771 447 938 474 mundanam
955 446 979 473 ei
996 453 1063 472 con-
1115 451 1188 470 nunc
1203 447 1230 470 et
1244 449 1362 477 semper,
1379 446 1406 468 ct
1422 441 1449 467 in
1465 439 1565 467 stecula
1581 438 1755 469 saeculorum,
1774 437 1871 463 Amen.

277 551 1899 578 W

1815 563 1898 571 -τα

832 664 1341 758 ANDBEAS

444 841 740 888 CIESAREfE
777 836 1168 889 CAPPADOCIJE
1207 832 1642 880 ARCHIEPISCOP
1654 835 1740 879 US.

1073 957 1109 964 νς

944 1043 1248 1101 ΝΟΤΙΤΙΑ

770 1167 837 1199 (Cas.
848 1167 935 1196 Ouum,
952 1166 985 1191 Ite
1003 1164 1088 1196 script.
1102 1164 1197 1193 eccles.,
1212 1166 1271 1188 tom.
1288 1162 1318 1193 ll,
1331 1170 1356 1194 p.
1368 1162 1399 1187 95
1412 1162 1420 1194 )

313 1342 437 1370 Andreas
449 1340 581 1368 Caesareae
596 1339 788 1374 Cappadocum
803 1339 1039 1373 archiepiscopus,
1055 1339 1088 1366 de
1101 1347 1158 1375 quo
1173 1339 1275 1367 eximie
1294 1338 1460 1366 Guillelmus
1472 1337 1562 1366 Carus
1574 1337 1601 1365 in
1617 1337 1742 1365 Historia
1755 1338 1914 1372 scriptorum

277 1386 532 1415 ecclesiasticarum,
552 1383 584 1410 ad
600 1390 701 1409 annum
716 1381 777 1409 500.
797 1391 858 1418 pag.
873 1382 935 1415 579,
953 1382 995 1409 his
1013 1383 1104 1410 verbis
1120 1392 1126 1409 :
1145 1392 1154 1409 σ
1177 1383 1298 1410 Andreas
1325 1382 1457 1410 Caesarea:
1468 1382 1660 1417 Cappadocum
1678 1381 1914 1416 archiepiscopus,

279 1431 379 1457 vixisse
395 1429 503 1456 videtur
519 1427 594 1454 circa
612 1427 716 1454 exitum
733 1426 820 1453 seculi
836 1435 862 1453 vr
881 1434 912 1453 ac
932 1427 1056 1454 ﬂoruisse
1072 1434 1145 1453 anno
1160 1426 1224 1453 500.
1240 1427 1346 1454 Incerta
1366 1427 1438 1453 enim
1457 1433 1572 1461 prorsus
1596 1426 1670 1454 illius
1689 1430 1766 1457 astas,
1782 1433 1833 1453 nec
1860 1425 1914 1452 ulla

278 1475 338 1507 ejus
354 1473 425 1508 apud
451 1477 559 1499 veteres
579 1470 693 1497 mentio.
717 1470 743 1496 Id
765 1474 870 1496 tantum
895 1473 1013 1503 certum,
1039 1477 1101 1496 eum
1126 1475 1188 1505 post
1207 1470 1339 1497 Basilinm
1360 1477 1391 1497 ac
1406 1469 1536 1505 Cyrillum
1563 1470 1779 1497 Alexandrinum
1806 1474 1834 1497 et
1851 1473 1916 1496 ante

280 1518 410 1545 Aretham
425 1515 624 1543 Caesariensem
640 1514 796 1549 scripsisse.
816 1513 934 1549 Scripsit
946 1514 984 1541 ad
1008 1513 1157 1541 Macarium
1179 1512 1326 1548 quemdam
1347 1513 1558 1540 Commentarios
1577 1513 1605 1539 in
1625 1513 1824 1549 Apocalypsim,
1845 1520 1916 1547 quos

279 1562 376 1589 Latine
403 1560 484 1588 vertit
499 1560 662 1586 Theodorus
679 1558 819 1589 Peltanns,
848 1558 912 1586 Soc.
927 1558 1003 1586 Jesu.
1020 1558 1136 1586 Exstant
1153 1557 1358 1585 Graeco-Latine
1383 1557 1417 1584 ad
1436 1556 1516 1584 linem
1537 1557 1806 1584 Commentariorum
1827 1556 1915 1583 δαιιαί

279 1604 470 1641 Chrysostomi
489 1604 516 1630 in
534 1603 708 1638 Evangelium
738 1602 864 1635 Joannis,
892 1603 919 1629 in
934 1603 1055 1629 editione
1071 1601 1228 1629 Morclliana
1244 1606 1318 1628 tomo
1336 1600 1403 1628 Vlll.
1421 1610 1431 1627 ι
1453 1601 1493 1628 ita
1508 1600 1598 1628 Cavus
1614 1599 1670 1628 fere
1695 1600 1862 1627 verhotenus
1882 1607 1916 1626 ex

280 1650 459 1680 Bellarmino,
481 1655 560 1682 quem
576 1648 660 1674 etiam
679 1654 734 1673 non
758 1647 930 1672 nominatum
946 1645 1099 1680 expressit;
1116 1653 1199 1680 quam
1227 1645 1294 1671 mihi
1313 1645 1421 1679 culpam
1443 1650 1499 1672 tam
1525 1653 1597 1679 stupe
1619 1645 1720 1676 Carus,
1741 1644 1810 1672 alios
1832 1645 1916 1671 etiam

280 1701 352 1728 sape
366 1692 537 1724 exscribens,
562 1690 720 1725 exprobrat.
744 1688 836 1716 Unum
858 1694 948 1716 tamen
972 1688 1156 1716 Bellarminus
1171 1687 1256 1720 addit,
1278 1690 1350 1723 quod
1366 1689 1456 1716 Carus
1477 1690 1640 1723 suppressit,
1657 1697 1754 1724 nempe
1767 1689 1832 1724 quia
1852 1697 1915 1716 cu.n

280 1746 335 1764 non
360 1737 473 1772 legisset
497 1735 718 1763 Commentarios
734 1734 804 1762 istos
820 1733 937 1761 Andrcte
957 1733 1135 1761 Caesariensis
1161 1733 1272 1759 nomine
1291 1732 1450 1766 inscriptos,
1477 1740 1571 1760 errare
1588 1738 1650 1768 post
1668 1733 1863 1759 Bellarminum
1881 1733 1917 1759 ti-

281 1782 360 1808 Inuit.
376 1781 459 1807 Addit
478 1787 543 1814 ergo
559 1779 753 1810 Bellarminus,
770 1778 908 1805 Andream
924 1778 951 1804 in
967 1777 1170 1805 Commentario
1187 1775 1323 1803 Basilinm
1345 1775 1538 1804 Cwsuriensem
1553 1784 1620 1810 swpe
1635 1777 1728 1804 citare.
1745 1776 1823 1809 Quod
1842 1781 1917 1803 certe

280 1825 380 1852 falsum
394 1830 446 1857 est,
464 1831 544 1858 quem
562 1830 595 1849 ne
611 1822 696 1849 semel
712 1822 823 1857 quidem
836 1821 864 1848 in
883 1821 1082 1849 Commentario
1096 1828 1147 1849 suo
1160 1819 1283 1847 Andreas
1296 1819 1434 1854 allegavit,
1449 1820 1512 1847 licet
1524 1820 1706 1855 plurimorum
1720 1819 1830 1847 Patrum
1847 1820 1916 1846 alio-

281 1877 343 1896 rum
359 1873 386 1896 et
399 1869 481 1895 verba
496 1871 525 1895 et.
543 1874 642 1893 nomen
654 1866 681 1892 in
696 1873 779 1900 opere
793 1873 844 1893 suo
863 1866 1042 1900 expresserit.
1057 1865 1143 1893 Porro
1157 1870 1225 1892 mss.
1243 1864 1350 1891 codices
1363 1863 1444 1898 hujus
1457 1864 1667 1897 Commentarii,
1690 1864 1810 1892 maxime
1825 1864 1852 1891 in
1875 1864 1917 1891 bi-

281 1912 427 1940 bliothecis
443 1912 564 1942 variant,
580 1914 611 1936 ut
629 1910 711 1936 habet
731 1908 897 1937 Lambecius
915 1909 986 1936 libro
1002 1917 1027 1936 iv
1041 1917 1088 1936 seu
1103 1913 1177 1936 tnmo
1192 1908 1459 1936 Commentariorum
1476 1908 1648 1935 bibliothecae
1663 1907 1796 1936 Caesareae
1811 1907 1915 1935 \‘indo-

281 1955 424 1986 lronensis,
442 1955 475 1982 ad
491 1954 601 1981 codices
619 1960 686 1980 mss.
706 1951 876 1987 theologicos
890 1952 1000 1981 Graecos
1015 1953 1076 1985 ΠΩ,
1094 1953 1146 1980 175
1160 1957 1186 1980 et
1206 1952 1268 1985 174,
1286 1960 1347 1987 pag.
1366 1952 1431 1985 180,
1446 1952 1488 1979 his
1501 1952 1592 1980 verbis
1611 1961 1618 1979 :
1910 1951 1913 1954 λ

321 2009 330 2025 1
348 2000 440 2027 Codex
458 2007 510 2026 ms.
524 1997 710 2031 Theologicns
724 1996 837 2024 Graecus
853 1996 915 2030 ne,
935 2000 975 2024 est
995 1997 1167 2028 chartaceus,
1184 1995 1359 2023 mediocriter
1374 1996 1517 2031 antiquus.
1533 1996 1559 2023 in
1577 1996 1653 2028 lolio,
1668 2000 1831 2031 constatque
1845 1995 1917 2023 foliis

283 2045 345 2075 120,
361 2049 388 2071 et
405 2043 437 2070 ad
455 2043 592 2069 Andream
605 2040 773 2068 Taumarnm
790 2039 994 2075 Epidauriotam
1008 2041 1071 2068 olim
1085 2040 1227 2076 pertinuit.
1244 2039 1408 2067 Continetnr
1424 2047 1468 2072 eo,
1486 2040 1597 2068 Andrea:
1619 2039 1790 2068 Cwsaricnsis
1806 2040 1832 2066 in
1846 2039 1916 2074 Cap-

283 2090 408 2125 padocia,
426 2087 616 2121 archiepiscopi
634 2085 846 2113 Comntenluritts
861 2086 889 2112 in
905 2085 1090 2120 Apocalypsin:
1104 2085 1191 2112 sancti
1207 2083 1319 2111 Joannis
1330 2084 1444 2118 apostoli
1459 2089 1483 2111 et
1499 2083 1678 2118 evangelistw,
1695 2083 1774 2118 cujus
1794 2083 1918 2118 Praefatio

282 2133 446 2161 inscribitur
467 2135 550 2166 atque
567 2131 664 2166 incipit
680 2130 732 2158 hoc
749 2130 829 2157 modo
844 2139 850 2156 :
875 2129 999 2165 Ἀνδρέου
1015 2130 1101 2164 ἀρχιετ

1099 2128 1232 2155 πισκόπου
1251 2128 1422 2163 Καισαρείας
1443 2127 1645 2159 Καππαδοκίας
1660 2127 1802 2162 ἐπιστολή.
1823 2128 1918 2164 Κυρίῳ

283 2183 334 2209 μου
347 2173 454 2209 ἁδελφῷ
468 2173 515 2200 καὶ
532 2172 746 2208 συλλειτουργῷ.
757 2171 893 2202 Πολλάκις
908 2171 1031 2206 αἰτηθεὶς
1048 2172 1124 2206 παρὰ
1140 2172 1245 2198 πολλῶν
1260 2172 1290 2205 ἐξ
1305 2173 1427 2207 ἀγάπης.
1445 2173 1561 2207 μείζονα
1574 2172 1623 2207 τῆς
1639 2171 1708 2206 ἐμῆς
1721 2171 1863 2206 δυνάμεως
1880 2172 1918 2204 ὠς

282 2218 441 2252 ἐσχηκότων
468 2217 615 2252 ὑπόληψιν,
641 2221 694 2244 etc.
718 2216 778 2250 Ipse
794 2220 886 2242 autem
902 2215 1101 2242 Commentario

1099 2223 1121 2243 ts
1141 2216 1238 2252 incipit
1257 2217 1300 2244 his
1317 2217 1431 2244 verbis:
1455 2216 1641 2250 ’Λποχάλυψις
1663 2215 1712 2250 μὲν
1728 2215 1802 2242 ἐστιν
1823 2216 1840 2250 ὴ
1863 2215 1917 2241 τῶν

283 2260 414 2294 κρυπτῶν
431 2259 590 2294 μυστηρίων
604 2259 731 2293 δήλωσις.
749 2258 993 2292 καταυγαζομένου
1004 2258 1051 2284 τοῦ
1065 2259 1232 2294 ἡγεμονικοῦ
1245 2261 1300 2287 εἴτε
1320 2261 1364 2287 διὰ
1379 2261 1459 2287 θείων
1474 2259 1633 2295 ὀνειράτων,
1651 2259 1717 2290 εἴτε,
1735 2264 1790 2286 etc.
1809 2258 1920 2286 Prin'us

288 2304 363 2330 hunc
378 2303 625 2333 Commentarium,
641 2302 686 2328 sed
701 2301 797 2328 Latine
813 2305 918 2328 tantum
933 2301 1020 2329 edidit
1035 2301 1196 2331 Theodorus
1207 2303 1337 2332 Pellanus
1354 2303 1417 2332 Soc.
1434 2304 1510 2336 Jcsu,
1528 2296 1694 2339 litigolstadii,
1715 2303 1787 2338 typis
1810 2301 1919 2329 Davidis

288 2345 406 2372 Sartorii
429 2344 510 2376 1584,
529 2344 602 2371 ἰπὶ-4.
620 2344 721 2371 Eodem
736 2352 845 2378 quoque
861 2345 942 2371 modo
956 2350 1044 2373 exstat
1059 2346 1129 2374 idem
1146 2347 1366 2376 Commentarius
1378 2348 1404 2375 in
1419 2348 1513 2382 Magna
1535 2347 1704 2374 Bibliotheca
1724 2352 1845 2374 vctcrum
1865 2346 1919 2373 Pa-

286 2394 358 2417 trum
380 2388 592 2416 Grmco-Latina
610 2387 770 2419 Parisiensi,
786 2389 849 2415 anni
868 2389 947 2422 1654,
965 2393 1040 2417 tomo
1056 2390 1075 2423 l,
1089 2400 1104 2418 a
1117 2393 1242 2419 columna
1259 2392 1328 2420 l529
1343 2400 1430 2428 usque
1443 2393 1474 2419 ad
1488 2392 1542 2420 col.
1562 2391 1641 2418 i622.

321 2433 384 2465 172,
407 2433 497 2460 Codex
525 2439 578 2459 ms.
606 2431 789 2466 Theologicus
815 2431 936 2466 Graecus,
961 2438 1003 2461 est
1025 2435 1197 2465 chartaceus.
1219 2435 1395 2463 mediocriter
1419 2435 1559 2470 antiquus,
1576 2435 1603 2462 in
1628 2440 1739 2469 quarto,
1757 2438 1919 2469 constatque

285 2478 357 2505 foliis
373 2478 434 2506 151,
448 2476 611 2504 Continettlr
628 2484 671 2508 eo,
687 2477 800 2504 Andrew
815 2476 987 2505 Cwsariensis
1007 2479 1034 2504 in
1052 2478 1222 2513 Cappadocia
1243 2479 1434 2513 archiepiscopi
1458 2479 1671 2506 Comntenlarius
1686 2479 1714 2505 in
1731 2478 1919 2512 Apocalypsin:

283 2522 370 2549 sancti
391 2520 504 2547 Joannis
528 2520 643 2555 apostoli
660 2525 685 2547 et
701 2521 880 2556 evangelista,
901 2521 947 2549 sed
966 2529 1106 2557 perperam
1127 2523 1288 2550 attribuitur
1311 2523 1433 2556 Origeni,
1450 2527 1480 2549 ut
1495 2523 1588 2550 videre
1614 2527 1654 2550 est
1672 2530 1704 2550 ex
1723 2523 1801 2549 titulo
1818 2521 1919 2549 Prtel’a-

286 2565 381 2598 tionis,
406 2565 452 2599 qui
474 2564 511 2592 ibi
528 2564 591 2591 talis
607 2569 649 2591 est
665 2573 671 2590 :
689 2564 737 2596 Εἰς
752 2565 801 2600 τὴν
823 2565 870 2591 τοῦ
889 2565 966 2599 ἁγίου
986 2565 1104 2592 ἀποστὸλ

1100 2575 1136 2592 ,ου
1152 2567 1198 2593 καὶ
1216 2566 1411 2600 εὐαγγελιστοῦ
1439 2566 1564 2593 Ἰωάννου
1578 2566 1626 2593 τοῦ
1647 2566 1778 2600 Θεολόγου
1799 2565 1919 2592 Ἀποκά-

283 2609 363 2643 λυψιν
388 2607 519 2643 ἐξήγησις
541 2607 710 2642 Ὤριγένους,
726 2607 893 2643 θαυμαστῶς
907 2608 958 2643 τὴν
973 2609 1102 2644 ἆσὰφειακ

1101 2619 1109 2637 ν
1126 2611 1229 2645 ταύτης
1248 2612 1288 2642 εἰς
1304 2611 1362 2645 φῶς
1380 2611 1551 2646 παράγουσα.
1570 2611 1632 2646 Ipsa
1654 2618 1763 2646 quoque
1792 2610 1920 2638 Prmt‘atio

283 2654 386 2680 ibidem
399 2653 426 2680 in
442 2651 578 2686 principio
595 2656 638 2678 est
654 2652 764 2684 mutila,
780 2656 807 2679 et
823 2652 902 2687 quasi
920 2652 1026 2688 integra
1042 2662 1102 2682 esse

1100 2659 1126 2688 ιι,
1143 2655 1238 2688 incipit
1252 2655 1306 2681 hoc
1320 2655 1402 2682 modo
1421 2664 1427 2682 ε
1446 2655 1603 2690 Προθίμιον.
1620 2655 1731 2691 Πρῶτον
1753 2655 1803 2690 μὲν
1821 2654 1869 2681 οὖν
1882 2654 1919 2685 ὼς

283 2695 363 2722 οἷσοα
377 2696 426 2723 καὶ
453 2695 545 2726 αὐτὸς,
571 2695 648 2721 πᾶσα
663 2695 842 2726 θεόπνευστος
863 2696 979 2732 Γραφὴ,
997 2703 1051 2725 etc.
1072 2697 1102 2724 In

1101 2707 1104 2724 t
1122 2699 1208 2725 sancti
1233 2698 1347 2733 apostoli
1372 2704 1450 2733 atque
1471 2699 1637 2733 evangelium
1661 2698 1775 2725 Joannis
1796 2697 1920 2732 Theologi

285 2740 485 2775 Apocalypsim,
501 2738 717 2766 Commentariun
733 2739 865 2774 Origcnis,
877 2740 995 2767 mirabili
1007 2742 1084 2769 modo
1096 2743 1285 2769 obscuritatem
1300 2742 1374 2769 illius
1390 2742 1424 2768 ad
1441 2743 1524 2769 lucem
1536 2742 1680 2769 adducens.

324 2793 332 2807 ι
349 2783 442 2809 Codex
465 2789 518 2809 ms.
540 2782 592 2809 174
610 2782 781 2816 theologicus
794 2783 916 2816 Graccus,
931 2777 977 2811 θεῖ
989 2786 1153 2814 chartaceus
1167 2791 1195 2814 et
1214 2787 1292 2814 bona:
1311 2792 1392 2818 not-te,
1411 2787 1436 2813 in
1452 2787 1478 2818 4,
1495 2791 1656 2821 constatque
1668 2785 1740 2813 I'oliis
1755 2786 1799 2817 85,
1819 2786 1866 2820 qui
1885 2786 1919 2812 a.l

285 2826 417 2853 Joannem
435 2826 616 2859 Sambucum,
643 2831 673 2853 ut
692 2827 750 2861 ipse
767 2827 845 2854 solita
860 2828 977 2862 propria:
993 2836 1092 2857 manus
1110 2831 1290 2866 inscriptione
1306 2835 1433 2863 testatur,
1450 2831 1514 2857 olim
1532 2831 1674 2865 pertinuit.
1696 2830 1858 2857 Continrtur
1873 2837 1916 2857 eo.

286 2870 398 2897 Andron:
413 2869 594 2906 Cmariensis
608 2871 634 2897 in
658 2870 828 2905 Cappadocia
848 2871 1039 2907 archiepiscopi
1058 2874 1271 2902 Comntcntarius
1286 2875 1313 2902 in
1329 2874 1515 2911 Apocalypsim
1531 2874 1617 2902 sancti
1631 2873 1745 2901 Joannis
1765 2874 1876 2908 apostoli
1894 2877 1920 2900 et
