2075 3157
156 162 204 195 2m
885 157 1050 188 NOTlTlA.
1728 153 1783 187 202

156 216 332 252 evangelium,
349 215 396 243 sed
412 221 554 250 perperam
564 215 600 243 ibi
612 212 772 242 attribuitur
784 211 921 239 Mcthodio
933 209 1080 240 monacho,
1096 211 1125 235 ut
1139 215 1172 236 ex
1186 208 1310 244 sequenti
1324 207 1502 243 inscriptione
1515 208 1608 236 ridere
1618 213 1658 235 est
1675 217 1681 235 :
1703 208 1782 236 'A-ito-

157 261 271 294 κάλυψις
283 260 331 286 τοῦ
351 260 431 293 ἁγίου
447 260 598 286 ἀποστόλου
614 258 662 284 καὶ
676 255 872 291 εὐαγγελιστοῦ
898 255 1035 285 Ἰωάννου,
1050 253 1098 281 τοῦ
1115 253 1297 288 ὴγαπημένου
1314 252 1359 279 καὶ
1375 252 1512 285 θεολόγου,
1523 251 1574 278 ὑπὸ
1590 252 1721 279 Μεθοδίου
1737 262 1785 288 μο-

156 305 237 339 ναχοῦ
254 303 470 339 ὲρμηνευθεῖσα.
485 302 659 337 Apocalypsis
674 302 760 328 sancti
777 299 891 333 apostoli
906 303 930 324 et
946 297 1115 332 euangelista:
1126 296 1251 328 Joannis,
1263 296 1353 322 dilecti
1368 301 1392 322 et
1408 295 1531 330 theologi,
1547 304 1566 339 ar
1579 294 1713 323 Methodio
1728 305 1784 323 mo-

157 338 238 375 nacho
255 349 442 382 interpretata.
460 346 593 373 Similiter
606 347 689 373 etiam
705 344 816 374 ibidem,
834 344 860 370 in
881 343 934 370 ﬁne
947 342 1070 376 cjusdcm
1087 340 1285 367 Commentarii
1309 339 1407 374 legitur
1421 348 1427 366 :
1443 339 1528 370 Τέλος
1541 338 1592 373 τῆς
1611 338 1783 374 Ἐξηγήσεως

157 391 288 418 Μεθοδίου
305 381 425 425 μοναχοῦ
440 391 480 421 εἰς
496 390 545 425 τὴν
564 388 751 422 Ἀποκάλυψιν
770 387 895 413 Ἰωάννου
921 385 970 412 τοῦ

965 386 970 411 i
990 385 1132 418 Θεολόγου.
1153 382 1228 410 Finis
1244 382 1429 417 Expositionis
1455 381 1584 409 Hetlwdii
1611 383 1734 410 monachi
1757 384 1784 410 in

157 435 341 470 Apocalypsin!
367 434 480 460 Joannis
507 432 642 467 Theologi.
670 431 777 464 Quibus
794 434 901 457 constat
923 433 1063 456 auctorem
1080 426 1386 470 liujusiCommentarii
1412 433 1473 453 esse
1498 426 1615 470 maxime
1631 427 1785 459 incertum;

156 485 217 504 cum
235 469 308 504 nunc
320 476 436 503 Andreae
450 476 581 503 Caesarea:
594 476 621 502 in
637 474 809 509 Cappadocia
826 471 1051 506 archiepiscopo,
1065 478 1138 498 nunc
1153 469 1266 504 Origcni
1282 469 1389 497 auctori
1411 469 1613 504 antiquissimo,
1633 478 1707 497 nunc
1730 470 1784 498 Me-

156 522 249 549 thodio
264 522 410 552 monacho,
424 521 450 547 in
463 528 530 547 mss.
545 520 688 547 codicibus
705 518 870 548 ascribatur,
883 517 915 543 ad
927 522 1008 549 quem
1025 514 1162 549 pertinere
1176 512 1308 541 creditur.

192 575 201 591 ι
224 564 346 599 Denique
361 565 448 591 codex
461 572 514 591 ius.
532 563 703 597 tlieologicus
718 561 831 589 Grmcus
847 559 900 587 248
917 565 992 585 num.
1010 557 1055 588 24,
1071 556 1218 599 etquidem
1232 563 1248 582 a
1264 555 1311 583 fol.
1331 555 1393 588 124,
1413 563 1474 591 pag.
1494 556 1520 589 1,
1536 564 1624 591 usque
1639 556 1672 584 ad
1688 556 1784 584 folium

156 608 218 640 175,
240 598 346 642 μεείῖ,
374 608 444 634 idem
477 608 601 634 continet
624 607 727 640 absque
752 605 864 631 nomine
887 602 1020 633 auctoris,
1048 606 1078 627 ut
1094 600 1174 627 liabet.
1201 598 1366 626 Lambecius
1386 605 1461 627 tomo
1483 599 1502 626 V
1520 601 1786 628 Commentariorum

157 652 239 686 hujus
256 651 441 681 bibliotheca}.
455 658 518 685 pag.
535 651 595 677 Ml.
615 659 624 675 ι
641 650 743 677 Pru‘ter
759 648 830 676 istud
845 647 971 674 exstabat
985 645 1049 672 olim
1065 644 1092 670 in
1109 643 1277 678 putriarcbio
1292 642 1612 678 Constantinopolitano,
1631 644 1670 671 vel
1687 645 1787 672 etiam-

155 704 219 723 num
234 700 325 723 exstat
340 703 392 722 ms.
411 695 444 722 υ.
460 695 572 722 Andreae
586 695 715 722 Cwsareae
732 692 908 726 Cappadociae
925 688 1102 723 metropolitte
1117 686 1269 721 Explicatio
1289 687 1316 713 in
1337 687 1448 714 visiones
1463 686 1585 715 Danielis
1598 688 1741 723 prophetat,
1758 694 1789 717 ut

156 739 236 765 habet
252 738 387 765 Antonius
402 737 569 765 Possevinus
582 737 616 764 ad
629 737 731 764 calcem
747 735 896 770 Apparatus
911 733 993 765 sacri,
1012 740 1038 767 p.
1056 739 1096 764 m,
1109 731 1154 759 45.
1201 747 1217 766 κ,

190 782 287 809 Exstat
302 789 412 816 quoque
425 781 452 808 in
469 780 634 807 bibliotheca
655 779 799 806 llodlciana
817 778 844 805 in
860 785 929 804 mss.
946 775 1120 804 Baroccianis
1137 775 1233 802 codice
1247 775 1312 808 2l2,
1331 783 1406 803 num.
1424 775 1456 807 4,
1478 775 1593 804 Andrea:
1613 775 1788 804 Caesariensis

155 826 270 860 episcopi
282 825 495 852 Conmtentarias
508 825 536 851 in
553 823 739 858 Apocalypsim
752 822 845 849 Graece
859 821 907 848 fol.
922 819 974 846 108

966 819 990 846 ιι
1007 818 1142 850 Πολλάκις
1155 818 1277 853 αἰτηθεὶς
1292 818 1355 850 ὑπό,
1368 823 1421 846 etc.
1440 818 1562 854 Itemque
1579 820 1605 846 in
1621 820 1785 848 bibliotheca

157 873 248 896 nostra
263 867 531 903 Lugduno-Batava,
548 868 620 894 inter
634 874 701 894 mss.
720 866 829 893 codices
847 864 958 892 Graecos
971 863 1058 890 lsaaci
1081 861 1184 895 Vossii,
1201 862 1235 889 ab
1252 863 1313 898 ejus
1329 862 1484 890 liaaredibus
1500 867 1616 898 emptos,
1633 864 1728 892 codice
1742 864 1787 899 26,

157 920 184 939 ll.
199 913 226 941 5,
246 912 359 938 Andrea:
375 911 504 939 Caesarea:
515 910 704 944 archiepiscopi
720 908 933 936 Comiitenlarius
947 908 975 934 in
989 905 1186 941 Apocalypsim.

192 965 346 992 Bernartius
370 965 404 992 de
425 964 613 995 Montiaucon,
631 963 787 991 monachus
803 962 997 990 Benedictinus
1021 961 1243 996 congregationis
1267 961 1361 989 Sancti
1381 961 1467 989 Mauri
1488 961 1514 989 in
1531 953 1628 996 Gallia,
1648 962 1676 990 in
1693 963 1788 991 Diario

156 1009 263 1040 Italico,
287 1017 362 1036 anno
393 1008 473 1040 1702,
490 1007 604 1035 Parisiis
623 1008 649 1034 in
675 1007 703 1039 4,
735 1007 806 1041 apud
821 1005 954 1033 Joannem
975 1005 1094 1033 Auisson
1121 1006 1267 1040 impresso,
1283 1012 1344 1039 cap.
1361 1004 1406 1037 15,
1425 1005 1567 1040 splendide
1583 1006 1732 1034 admodum
1749 1007 1788 1034 lo-

155 1054 247 1088 quitur
260 1053 293 1080 de
309 1052 474 1079 bibliotheca
491 1052 689 1078 monachorum
707 1050 800 1077 Sancti
822 1049 916 1076 Basilii
934 1048 1038 1081 Romae,
1056 1055 1138 1083 quam
1156 1048 1255 1075 Petrus
1277 1047 1434 1081 Mennitius,
1452 1049 1558 1076 ordinis
1577 1049 1735 1084 praefectus,
1748 1052 1789 1078 in-

157 1098 229 1132 genti
248 1095 406 1124 Graecorum
424 1103 491 1123 mss.
510 1095 588 1129 copia
605 1094 731 1122 codicum
745 1093 901 1124 adornavit,
918 1100 988 1127 quos
1005 1092 1031 1119 iu
1051 1092 1135 1119 variis
1149 1091 1202 1118 sibi
1220 1091 1352 1126 subjectis
1374 1091 1509 1120 Calabriae
1526 1094 1717 1126 monasteriis,
1738 1103 1788 1122 nc-

157 1141 260 1174 glectos
277 1140 448 1173 intactosque
468 1138 563 1173 jacere
587 1138 738 1165 audiverat.
757 1136 814 1164 Hos
828 1136 900 1163 inter
915 1136 1009 1168 libros,
1027 1136 1123 1170 pagina
1139 1135 1202 1167 216,
1217 1140 1362 1163 enumerat
1384 1135 1468 1170 hujus
1485 1137 1576 1170 operis
1592 1138 1663 1165 duos
1680 1138 1790 1167 codices

157 1183 267 1210 Graecos
294 1191 362 1210 mss.
387 1183 414 1210 in
432 1182 483 1209 hac
502 1181 668 1208 bibliotheca
687 1184 837 1211 exstantes,
853 1179 895 1207 bis
908 1179 998 1206 verbis
1015 1188 1021 1206 :
1036 1188 1046 1204 ‹
1065 1179 1156 1206 Codex
1175 1178 1356 1214 bombycinus
1375 1187 1422 1206 xtv
1447 1180 1541 1207 saeculi
1561 1189 1568 1207 :
1587 1181 1713 1215 Ἀνδρέου
1741 1183 1790 1210 τοῦ

156 1227 310 1260 ἁγιωτάτου
327 1224 543 1260 ἀρχιεπισκόπου
561 1224 730 1258 Καισαρείας
745 1223 793 1257 τῆς
822 1223 1030 1256 Καππαδοκίας,
1044 1223 1094 1258 τῆς
1108 1223 1178 1257 πρὸς
1192 1223 1223 1250 τὸ
1241 1223 1357 1258 ’Δργὲω,
1371 1224 1413 1255 είς
1425 1223 1474 1259 τὴν
1495 1224 1680 1260 ’Δποκάλυψιν
1700 1227 1790 1262 ἑρμη-

156 1271 226 1297 νεία.
240 1270 369 1297 Initium:
385 1269 518 1299 Πολλάκις
534 1268 656 1303 αἰτηθεὶς
668 1267 730 1299 ὑπό,
743 1271 796 1294 etc.
814 1266 872 1294 lloc
884 1271 937 1300 est,
951 1268 970 1293 Α

975 1268 1062 1295 ηεινεω
1072 1268 1234 1295 sanctissimi
1253 1268 1444 1303 archiepiscopi
1456 1268 1585 1297 Caesarea
1600 1269 1789 1305 Cappadocite,

156 1314 193 1340 ad
208 1318 323 1340 montem
348 1315 482 1348 Argamm,
500 1312 684 1346 interpretatio
709 1312 737 1337 in
754 1311 951 1346 Apocalypsim,
969 1316 1022 1339 etc.
1042 1311 1118 1347 Opus
1140 1320 1274 1340 excusum
1292 1319 1355 1340 cum
1381 1313 1551 1340 sanctissimi
1572 1312 1687 1342 Joannis
1703 1315 1788 1350 Chry.

156 1357 273 1384 sustotni
288 1357 429 1392 operibus,
443 1361 469 1383 et
486 1357 603 1383 Andreze
619 1355 743 1382 Cretensi
764 1355 844 1389 vulgo
865 1354 1048 1389 adjudicatur.
1065 1355 1133 1383 item
1149 1363 1212 1391 pag.
1229 1355 1293 1389 221,
1311 1356 1346 1383 de
1362 1355 1457 1383 codice
1470 1356 1557 1383 altero
1572 1361 1599 1384 et
1613 1358 1790 1393 antiquiore,

156 1401 271 1428 Andra:
286 1400 420 1428 Cretensis
436 1400 463 1426 in
477 1399 663 1434 Apocalypsim
681 1399 707 1425 in
730 1398 826 1425 codice
842 1398 1018 1433 bombycino,
1038 1399 1094 1431 ubi,
1113 1399 1212 1428 deletis
1227 1400 1261 1427 iis
1275 1407 1337 1434 quae
1349 1400 1426 1434 prius
1443 1399 1544 1434 scripta
1564 1399 1682 1434 fuerant,
1699 1407 1791 1430 erant-

157 1454 211 1480 que
233 1452 260 1471 xt
274 1444 379 1476 saeculi,
397 1445 449 1470 hoc
464 1443 580 1470 Andreae
596 1450 664 1477 opus
683 1443 851 1477 descriptum
871 1441 932 1469 iuit.
946 1443 1063 1470 Andreae
1079 1443 1211 1471 Caesarea:
1225 1444 1253 1470 in
1272 1443 1445 1478 Cappadocia
1466 1444 1608 1479 episcopo,
1623 1445 1696 1472 idem
1720 1453 1790 1482 opus

157 1489 285 1524 superius
302 1487 460 1515 ascribitur.
476 1496 486 1513 ι
501 1486 564 1514 Haec
576 1486 732 1514 Bernartius
746 1486 780 1513 de
795 1485 973 1513 Montl’aucon
987 1486 1047 1513 loco
1064 1486 1161 1513 citato.

195 1533 326 1559 Dill'usius
339 1532 391 1559 ista
408 1532 499 1564 retuli,
517 1536 546 1558 ut
563 1531 710 1558 maximam
727 1534 832 1565 partem
846 1529 1004 1557 Gratcorum
1021 1537 1089 1556 mss.
1105 1529 1232 1556 codicum
1245 1529 1271 1556 in
1286 1528 1403 1564 Europa:
1419 1529 1593 1559 bibliothecis
1610 1535 1790 1567 exstantium,

157 1575 273 1603 Andrea-
287 1576 420 1603 Caesarea:
433 1574 627 1610 Cappadocum
642 1573 848 1608 archiepiscopo
863 1572 998 1600 faventem
1013 1580 1076 1599 esse
1092 1572 1178 1600 lector
1187 1572 1283 1599 audiat
1299 1581 1306 1599 :
1320 1581 1438 1608 quorum
1452 1581 1523 1602 unus
1538 1579 1642 1603 tantum
1655 1575 1788 1611 Origenis,

158 1621 213 1648 duo
233 1619 363 1646 Methodii
382 1620 522 1651 monachi,
545 1625 618 1645 unus
635 1618 751 1644 Andreae
774 1616 924 1647 Cretensis.
942 1616 1064 1651 quinque
1087 1621 1178 1642 autem
1192 1615 1310 1643 Audi-ea:
1327 1617 1505 1645 (Lentiensis
1526 1618 1726 1655 archiepiscopi
1742 1629 1788 1648 no-

159 1672 221 1690 men
234 1671 291 1698 pra:
304 1671 334 1690 se
350 1662 447 1689 ierant.
464 1662 550 1696 Majus
570 1667 661 1688 autem
678 1661 768 1688 adhuc
782 1664 975 1695 argumentum
991 1660 1025 1686 ad
1038 1659 1302 1687 Commentationem
1317 1660 1383 1688 huic
1396 1661 1512 1688 Andreae
1525 1663 1727 1692 attribuendam
1741 1664 1791 1692 de-

159 1711 315 1735 sumeretnr
331 1714 363 1734 ex
377 1705 585 1733 Commentario
596 1705 715 1736 Arethm,
733 1704 864 1731 Caesarea:
881 1703 1075 1738 Cappadocum
1095 1704 1307 1740 archiepiscopi,
1325 1705 1352 1731 in
1369 1704 1575 1741 Apocalypsim,
1589 1707 1683 1735 Griece
1695 1713 1723 1742 et
1736 1708 1791 1736 La-

159 1752 215 1778 tine
233 1749 347 1777 Parisiis
364 1757 437 1776 anno
456 1749 521 1776 1651
540 1750 574 1776 ad
589 1749 692 1776 calcem
707 1749 828 1783 Operam
839 1747 1002 1775 (Ecumenii
1017 1748 1164 1783 impresso,
1183 1756 1245 1784 pag.
1261 1749 1324 1782 640,
1343 1749 1394 1777 sub
1419 1749 1472 1777 hoc
1488 1750 1617 1778 lemmate
1634 1760 1641 1778 :
1665 1752 1712 1779 ‘Ex
1737 1753 1792 1780 τῶν

164 1795 278 1830 Ἀνδρέᾳ
299 1794 337 1829 τῷ
363 1794 567 1830 μακαριωτὰτῳ
588 1794 799 1829 ἀρχιεπισχόπῳ
815 1792 985 1828 Καισαρείας
1010 1791 1210 1824 Καππαδοκίας
1228 1792 1268 1823 είς
1297 1792 1347 1827 τὴν
1378 1792 1565 1828 Ἀποκάλυψιν
1590 1796 1790 1830 πεπονημένων

158 1839 313 1874 θεαρέστως
329 1837 441 1872 σύνοψις
463 1837 575 1872 σχολικὴ
600 1836 787 1872 παριτεθεῖσα
810 1836 862 1863 ὑπὸ
880 1836 979 1871 Ἀρέϐα
996 1836 1106 1869 ἀναξίου
1130 1837 1282 1863 ἐπισκόπου
1305 1836 1356 1871 τῆς
1383 1837 1554 1873 Καισαρείας
1579 1838 1791 1872 Καππαδοκίας.

157 1882 251 1909 Breuis
264 1883 387 1916 quadam
403 1881 556 1916 Explicatio
571 1888 603 1907 ea;
618 1880 822 1908 Commentariis
834 1880 981 1907 beatissimi
996 1880 1109 1907 Andreae
1124 1879 1254 1907 Cassam:
1269 1878 1447 1914 Caﬁpadociw
1460 1881 1650 1917 archiepiscopi
1666 1883 1791 1911 diuinitus

157 1926 315 1958 elaboratis,
331 1925 453 1960 exposita
463 1924 496 1951 ab
510 1925 608 1951 Aret/ta
622 1924 730 1959 indigno
744 1924 876 1951 Cwsarea:
892 1923 1069 1958 Cappadociae
1079 1924 1210 1958 episcopo.
1232 1924 1299 1951 Cum
1315 1928 1405 1951 autem
1420 1925 1464 1952 hic
1475 1925 1593 1960 scriptor
1608 1926 1651 1954 vix
1660 1932 1722 1954 ante
1739 1935 1792 1955 sac-

157 1970 213 1996 euli
228 1977 256 1997 ix
277 1969 398 1996 medium
419 1969 564 2003 scripsisse
584 1969 658 1995 hunc
673 1968 906 1995 Commentarium
924 1969 1065 2000 credatur,
1087 1968 1204 1994 Arctbas
1225 1967 1355 1995 Ecclesiae
1374 1968 1498 2003 ejusdem
1515 1969 1738 2006 archiepiscopus
1765 1976 1793 1999 ct

158 2014 277 2040 Andreae
289 2019 446 2045 successor,
462 2012 509 2047 qui
520 2019 594 2039 anno
609 2011 661 2039 9M
677 2016 754 2038 certo
767 2010 910 2046 praefuisse
925 2012 1034 2048 legitur,
1051 2014 1128 2040 testis
1143 2013 1258 2040 idoneus
1272 2017 1300 2040 et
1314 2013 1388 2040 omni
1403 2014 1565 2048 exceptione
1582 2015 1669 2050 major
1683 2021 1742 2050 est,
1757 2017 1792 2044 ad

159 2057 424 2084 commentationem
443 2056 514 2083 hanc
528 2056 644 2083 Andreas
657 2055 851 2090 pradecessori
876 2057 1065 2090 asserendam,
1078 2057 1158 2092 cujus
1173 2057 1207 2084 ab
1223 2060 1303 2084 aetate
1322 2057 1402 2085 annis
1416 2056 1451 2084 60
1471 2057 1513 2085 vel
1528 2058 1636 2086 circiter
1655 2060 1793 2088 recentior

160 2100 249 2128 inisse
264 2101 390 2128 habetur.

196 2156 258 2183 Jam
276 2155 310 2183 ad
325 2156 459 2183 editiones
478 2155 561 2191 hujus
575 2155 679 2190 operis,
702 2162 763 2190 qua:
775 2162 872 2182 omnes
887 2154 938 2182 sub
952 2154 1069 2182 Andree
1083 2154 1215 2183 Caesareae
1238 2155 1431 2190 Cappadocum
1457 2156 1656 2192 archiepiscopi
1681 2158 1793 2185 nomine

163 2204 287 2230 exstant,
309 2200 463 2227 veniamus.
484 2199 606 2226 Primam
628 2199 751 2226 omnium
768 2206 800 2225 ex
819 2207 886 2226 mss.
911 2199 1053 2227 codicibus
1071 2199 1202 2227 Bavarico
1227 2205 1255 2226 et
1275 2200 1446 2234 Augustano,
1465 2200 1550 2227 edidit
1571 2200 1667 2228 Latine
1686 2205 1793 2229 tantum

159 2242 324 2271 Theodorus
341 2243 472 2271 Peltanus
495 2243 560 2270 Soc.
584 2242 661 2274 Jesu,
678 2250 750 2270 anno
768 2243 848 2275 1581,
863 2241 1031 2277 lngolstadii,
1053 2243 1081 2270 in
1110 2243 1139 2270 4.
1173 2242 1293 2270 Alteram
1309 2242 1404 2270 Graece
1421 2249 1448 2271 et
1462 2243 1557 2271 Latine
1578 2252 1642 2272 cum
1659 2252 1727 2272 mss.
1746 2253 1792 2273 co-

160 2287 271 2314 dicibus
287 2287 426 2319 collatam,
453 2287 580 2321 notisque
595 2286 758 2313 illustratam
781 2285 937 2314 Fridericus
958 2286 1115 2322 Silburgius
1131 2285 1317 2322 Heidelbergae
1332 2294 1406 2314 anno
1420 2287 1500 2319 1596,
1518 2287 1544 2314 in
1560 2287 1637 2322 folio,
1653 2297 1714 2324 qua:
1728 2297 1793 2317 cum

159 2329 297 2364 Operibus
311 2330 401 2358 sancti
417 2330 531 2358 Joannis
545 2330 734 2365 Clirysostomi
749 2329 967 2357 Graeco-Latinis
985 2330 1116 2358 editionis
1130 2330 1307 2358 Commelinat
1320 2329 1431 2365 adjungi
1448 2331 1529 2364 solet,
1544 2337 1627 2367 atque
1647 2333 1729 2360 etiam
1745 2333 1795 2361 lia-

160 2374 244 2401 beiur
265 2379 340 2401 tomo
368 2373 425 2401 Vlll
443 2374 609 2401 Morellianm
632 2373 763 2400 editionis
789 2373 1007 2401 Graeco-Latinae
1024 2373 1189 2402 Parisiensis
1213 2374 1240 2401 in
1260 2373 1338 2402 folio.
1354 2374 1445 2402 Editio
1461 2374 1552 2403 a'uteni
1576 2375 1682 2404 Peltani
1696 2377 1794 2405 Latina

161 2418 272 2445 transiit
286 2419 313 2445 in
330 2417 524 2445 Bibliotltecam
546 2417 669 2444 Veterum
684 2416 799 2443 Patrum
816 2417 941 2445 omnium
955 2417 1015 2445 fere
1027 2417 1190 2450 editionum,
1208 2418 1272 2444 anni
1291 2417 1370 2450 l589,
1385 2417 1499 2447 Parisiis
1512 2423 1587 2447 torno
1602 2420 1622 2453 Ι,
1637 2421 1691 2448 col.
1709 2421 1794 2454 i262;

161 2462 244 2494 1609,
259 2462 373 2489 Parisiis
387 2467 462 2489 tomo
476 2462 497 2496 ι,
513 2461 566 2489 col.
581 2461 671 2493 £049,-
695 2460 775 2492 1624,
791 2460 906 2489 Parisiis
917 2466 994 2489 tomo
1008 2461 1028 2493 l,
1044 2462 1098 2489 col.
1114 2461 1200 2495 1529;
1222 2460 1300 2494 1654,
1321 2460 1436 2489 Parisiis
1463 2462 1490 2489 in
1505 2462 1601 2499 Magna
1624 2463 1794 2492 Bibliotheca
1848 2457 1858 2493 ί

161 2506 291 2533 Veterum
304 2504 416 2532 Patrum
431 2510 505 2532 tonio
515 2503 536 2536 l,
550 2504 603 2532 col.
614 2504 685 2532 1529
698 2512 786 2538 usque
796 2504 829 2531 ad
842 2504 894 2532 col.
909 2505 990 2532 l622.
1007 2504 1054 2532 Sic
1068 2509 1159 2533 autem
1173 2504 1377 2538 in_Prteiationc
1391 2505 1495 2534 Latina:
1504 2515 1561 2535 sua:
1573 2508 1709 2536 versionis
1721 2515 1794 2535 anno

161 2549 243 2582 1584,
257 2549 413 2584 lngolstadii
427 2549 454 2575 in
467 2548 496 2582 4,
505 2549 585 2576 edita:
597 2547 760 2576 Theodorus
771 2547 918 2576 Peltanus:

201 2605 210 2620 ι
227 2595 295 2627 Quis
306 2594 503 2621 Commentarii
519 2593 601 2628 hujus
617 2599 714 2621 auctor
729 2594 874 2626 exstiterit,
890 2594 1004 2622 candide
1024 2592 1134 2624 Lector,
1154 2593 1224 2621 satis
1246 2594 1356 2629 opinor,
1373 2601 1408 2621 ex
1430 2594 1509 2622 titulo
1525 2595 1574 2622 toti
1592 2594 1667 2629 operi
1682 2594 1793 2629 praeﬁxo

157 2645 253 2674 aperte
269 2643 387 2665 constat.
403 2637 464 2672 Quo
477 2643 599 2672 tempore
615 2643 705 2665 autem
722 2637 823 2665 vixerit
852 2642 900 2665 aut
923 2638 1088 2666 Cassariensi
1114 2637 1246 2666 Ecclesiae
1263 2638 1415 2673 praefuerit,
1431 2639 1459 2666 id
1482 2644 1558 2666 certo
1576 2640 1695 2665 nondum
1716 2644 1794 2665 com-

169 2683 238 2717 peri.
255 2681 359 2709 Basilio
370 2681 469 2717 Magno
481 2681 603 2716 ejusdem
617 2681 691 2709 sedis
703 2682 826 2709 antistite
838 2682 1021 2717 posteriorem
1038 2682 1137 2714 fuisse,
1151 2686 1229 2710 extra
1244 2683 1462 2711 controversiam
1480 2686 1532 2715 est,
1556 2686 1587 2710 ut
1609 2681 1656 2716 qui
1676 2689 1730 2708 non
1747 2689 1794 2708 se-

159 2726 216 2754 mel
228 2725 256 2753 in
273 2725 326 2752 hoc
343 2725 549 2752 Commentario
563 2725 731 2752 nominetur.
744 2724 880 2753 Caeterum
895 2726 930 2754 ad
951 2726 1013 2754 libri
1029 2726 1111 2761 hujus
1125 2726 1392 2761 interpretationem,
1420 2732 1519 2761 praeter
1545 2725 1692 2752 utilitatem
1710 2733 1793 2759 quatit

161 2771 227 2797 inde
246 2770 274 2796 in
296 2769 450 2797 Ecclesiam
472 2768 563 2796 redire
580 2775 662 2804 posse
674 2769 830 2804 sperabam,
848 2770 903 2797 duo
918 2771 1054 2805 praecipue
1068 2778 1112 2797 me
1129 2770 1299 2805 impulerunt
1325 2779 1333 2798 :
1357 2771 1449 2806 operis
1476 2770 1598 2798 brevitas
1623 2776 1673 2796 seu
1701 2770 1795 2797 verius

158 2813 286 2848 ejusdem
304 2812 493 2844 mediocritas,
506 2816 534 2839 et
546 2813 672 2840 codicum
690 2812 848 2841 Graecorum
864 2819 995 2849 praeterea
1013 2822 1067 2842 non
1080 2814 1149 2842 levis
1163 2815 1358 2843 commoditas.
1372 2813 1441 2841 Nam
1467 2819 1566 2849 printer
1582 2813 1709 2849 pmidia
1734 2821 1796 2848 qua:

158 2858 196 2885 ad
221 2866 283 2886 eam
298 2864 357 2885 rem
372 2855 559 2891 suppeditavit
577 2857 747 2892 amplissima
764 2856 810 2885 illa
828 2857 961 2894 principis
976 2857 1100 2887 Bavarite
1115 2858 1293 2893 bibliotheca,
1308 2858 1441 2894 singulari
1453 2857 1549 2885 favore
1561 2861 1588 2885 ct
1606 2857 1797 2886 benevolentia

320 2905 458 2936 ΡΑτιιοι.
475 2906 533 2936 Cn.
549 2904 630 2936 CVI.

1602 2908 1620 2936 7
