2075 3157
270 141 325 174 203
859 147 1038 179 ANDREAS
1056 149 1326 181 C.ESARIENSIS-
1851 151 1904 185 204

271 203 371 231 ιιυιιίιίε
386 206 414 231 et
429 203 675 232 senatoriiordinis
691 204 755 239 viri,
771 204 877 233 domini
891 206 1000 239 Quirini
1023 207 1172 243 llellingeri
1189 218 1196 236 :
1213 208 1286 236 aliud
1305 212 1490 243 pervetustum
1514 207 1657 243 exemplar
1681 214 1715 235 ex
1743 207 1903 243 reipublicae

271 247 438 281 Augustante
452 247 617 275 bibliotheca
631 248 787 283 impetravi,
806 249 879 284 quod
893 257 961 278 sane
974 250 1124 285 plurimum
1142 252 1208 279 mihi
1225 252 1351 280 contulit.
1369 251 1502 284 Quamvis
1516 251 1589 278 enim
1607 259 1669 286 quas
1683 251 1790 279 ducalis
1803 252 1903 280 biblio-

275 290 354 318 theca
370 291 603 326 suppeditaverat,
623 292 657 319 ad
670 292 695 319 id
710 293 782 327 quod
797 293 982 327 institueram,
1000 294 1067 322 satis
1080 302 1141 323 esse
1158 296 1306 331 potuerint,
1322 295 1499 331 Augustanus
1511 299 1601 321 tamen
1617 295 1703 322 codex
1726 295 1820 322 multis
1836 295 1902 323 locis

269 341 402 368 perquam
418 339 593 369 opportunus
609 335 675 362 mihi
692 335 754 363 fuit.
771 335 892 364 Habebat
900 341 991 364 autem
1010 338 1033 365 is
1051 345 1104 365 non
1117 338 1234 365 Andreae
1246 338 1436 371 Caesariensis,
1451 338 1498 365 sed
1512 337 1640 364 Methodii
1657 337 1780 365 titulttm.
1801 338 1900 366 Verum

269 377 295 404 id
315 377 405 404 minus
420 383 505 409 recte,
523 377 658 413 siquidem
675 378 875 407 Commentarii
901 381 984 415 hujus
999 381 1174 413 architectus,
1192 388 1255 408 cum
1275 381 1302 408 in
1323 382 1382 416 ipsa
1411 380 1581 416 praefatione,
1607 385 1665 409 tum
1691 381 1756 408 alibi
1781 388 1900 416 persaepe

267 421 433 455 Methodium
449 423 583 449 nominat.
600 422 789 451 Nihilominus
806 428 896 451 tatneu
909 425 956 459 qui
972 424 1130 452 Grarcorum
1148 424 1283 452 librorum
1299 425 1419 452 indicem
1433 425 1565 456 confecit,
1587 424 1667 458 culpa
1682 425 1796 453 omnino
1813 431 1899 453 caret.

266 464 335 492 Nam
353 473 414 492 cum
430 465 526 500 prima:
542 466 655 502 pagellae
675 467 910 501 desiderarentur,
929 468 1085 504 nulliusqtte
1104 469 1171 496 certi
1192 469 1316 497 auctoris
1341 476 1441 496 nomen
1458 469 1524 496 illud
1549 468 1677 496 volumen
1693 469 1836 503 praeﬁxum
1851 469 1900 496 ha-

267 509 353 542 beret,
369 510 504 543 probabili
517 510 617 538 ductus
636 511 741 538 ratione
753 511 910 544 ,Methodio
926 520 1006 547 quem
1025 512 1053 540 in
1063 512 1179 540 Joannis
1199 512 1392 549 Apocalypsim
1410 512 1556 548 scripsisse
1581 513 1717 544 audierat,
1744 520 1815 547 opus
1831 513 1899 541 illud

266 553 399 580 attribuit.
422 562 431 579 ›

302 596 366 624 llaec
383 596 524 630 Peltanus,
543 598 648 632 primus
666 598 749 633 hujus
776 599 866 635 operis
882 599 983 632 editor,
1009 599 1056 635 qui
1079 599 1105 627 in
1124 599 1219 627 multis
1242 604 1348 635 peccat,
1374 599 1454 635 cujus
1481 607 1590 627 errores
1618 599 1688 627 duos
1705 599 1898 627 animadverti.

265 640 399 674 Primum,
412 640 475 668 dum
493 642 531 668 ait
548 642 621 669 hunc
641 646 782 669 auctorem
797 642 903 669 Basilio
924 642 1022 678 Magna
1040 643 1158 678 ejusdem
1174 643 1244 671 sedis
1261 643 1382 671 antistite
1398 643 1573 679 posteriorem
1594 643 1687 678 fuisse,
1703 648 1781 670 extra
1795 648 1896 671 contro-

265 685 377 711 versiam
392 689 441 716 est,
458 690 486 711 ut
502 685 547 720 qui
561 694 613 712 non
625 686 706 713 seruet
719 686 747 712 in
763 686 812 712 hoc
830 685 1028 714 Commentario
1048 688 1207 715 nominetur.
1230 687 1287 715 Hoc
1306 687 1381 715 enirn
1397 695 1493 715 verum
1523 695 1578 714 non
1599 693 1652 719 est,
1676 692 1704 714 et
1727 688 1866 722 quomodo
1883 696 1897 715 a

265 727 411 763 Theodoro
428 728 541 756 Peltano
557 729 609 756 dici
627 730 759 764 potuerit,
779 737 834 757 non
851 730 931 757 video
947 738 954 757 :
973 730 1073 765 quippe
1087 738 1149 758 cum
1172 730 1274 757 nullam
1304 737 1420 766 prorsus
1446 730 1538 757 Basilii
1561 730 1740 758 Caesariensis
1761 731 1899 765 archiepi-

264 772 339 806 scopi
357 771 399 799 vel
414 771 529 800 alterius
547 772 672 807 ejusdem
688 773 819 807 nominis,
841 774 1009 801 mentionem
1024 773 1067 801 vel
1082 774 1240 801 citatlonem
1254 769 1346 804 faciat.
1362 777 1392 801 ut
1402 774 1469 801 mihi
1488 778 1617 801 accurate
1636 773 1735 808 legenti
1760 775 1896 801 constitit.

265 816 324 843 ltno
338 815 359 843 si
377 816 546 852 coniecturis
562 817 758 852 indulgendum
777 821 860 850 esset,
877 825 939 845 cum
953 821 1008 844 tam
1025 818 1174 844 multorum
1188 817 1354 852 scriptorum
1379 816 1567 851 antiquiorum
1585 816 1758 851 frequentem
1779 817 1898 844 tuentiu-

265 867 326 886 nem
344 859 438 892 faciat,
455 858 597 894 altumque
614 861 646 888 de
659 859 765 888 Basilio
780 860 949 888 Caesariensi
962 860 1102 888 silentium
1116 861 1245 888 observet
1263 869 1271 888 :
1285 860 1349 888 inde
1361 865 1526 895 argumento
1537 861 1678 888 contrario
1691 867 1742 888 nec
1757 861 1898 895 improba-

263 902 312 929 bili
332 902 471 936 conjicere
483 903 589 935 liceret,
614 910 754 931 auctorem
778 904 851 931 illius
871 904 959 931 fuisse
978 904 1115 931 Andream
1134 904 1217 931 istum
1242 903 1442 931 Caesariensem
1469 904 1717 939 archiepiscopum,
1740 905 1786 939 qui
1811 904 1900 932 dubio

263 946 370 980 procul,
391 945 481 973 locum
499 946 617 982 aliquem
635 947 737 974 Basilio
751 946 848 982 Magno
863 947 986 982 ejusdem
998 947 1072 975 sedis
1086 947 1202 974 antistiti
1218 955 1281 975 cum
1296 947 1357 974 aliis
1368 947 1554 982 scriptoribus
1570 948 1701 981 dedisset,
1714 948 1787 976 unde
1812 956 1894 976 suum

262 990 499 1017 Commentarium
517 989 620 1023 hausit,
640 998 691 1018 nec
705 990 739 1017 ab
759 998 793 1017 eo
808 990 921 1017 citando
945 996 973 1018 ct
987 990 1131 1025 allegando
1154 998 1269 1025 prorsus
1295 995 1487 1025 temperasset.
1516 990 1654 1018 Secundus
1667 999 1746 1019 error
1759 997 1812 1025 est,
1830 992 1898 1020 dum

262 1041 324 1068 cap.
341 1033 388 1066 63,
408 1038 471 1068 post
488 1034 636 1068 allegatum
656 1033 803 1066 Irenaeum,
817 1034 885 1061 citat
898 1033 1066 1062 Methodium
1083 1034 1269 1069 patriarcham
1291 1033 1632 1069 Constantinopolitanum
1648 1034 1692 1063 his
1714 1035 1806 1064 verbis
1833 1045 1842 1068 ;
1865 1035 1896 1063 Ει

263 1086 374 1113 magnus
389 1078 545 1113 patriarcha
559 1078 711 1105 Melhodius
726 1079 755 1105 in
766 1086 887 1105 sermone
903 1078 938 1106 de
959 1078 1183 1110 Resurrectione,
1209 1077 1241 1104 de
1264 1078 1305 1105 his
1322 1079 1361 1105 ita
1375 1078 1478 1110 scribit,
1502 1082 1557 1105 etc.
1580 1078 1638 1106 Hac
1663 1078 1738 1107 enim
1765 1079 1870 1107 citatio-
1882 1088 1899 1108 e

263 1122 429 1149 haberemus
445 1127 549 1157 aperte,
568 1122 731 1157 scriptorem
750 1123 824 1150 hunc
839 1130 893 1150 non
907 1130 970 1150 esse
984 1121 1168 1157 antiquiorem
1192 1121 1299 1149 ultimis
1315 1121 1407 1149 saeculi
1423 1129 1451 1149 tx
1476 1121 1657 1156 temporibus.
1683 1120 1752 1149 Nam
1780 1122 1847 1150 licet
1862 1123 1899 1150 ad

264 1165 433 1192 Methodium
448 1166 556 1201 (llympi
572 1166 731 1201 episcopum
750 1170 855 1201 spectet
867 1166 937 1193 liber
952 1165 985 1193 de
1000 1165 1205 1193 Resurrectione
1217 1173 1299 1200 quem
1309 1165 1423 1200 profert,
1440 1172 1503 1192 cum
1519 1170 1611 1193 tamen
1627 1166 1703 1193 illum
1722 1166 1853 1194 indoctus
1869 1172 1898 1194 et

263 1209 391 1237 incautus
405 1209 457 1237 iste
473 1210 593 1244 scriptor
606 1211 657 1238 sub
670 1210 783 1237 nomine
796 1209 888 1246 Magni
903 1210 1066 1244 patriarcha
1080 1210 1209 1237 Methodii
1225 1210 1358 1245 proferat,
1373 1210 1477 1237 diserte
1491 1210 1542 1237 hac
1557 1210 1773 1238 hallucinatione
1786 1216 1900 1238 aetatem

263 1261 341 1280 suatn
359 1253 459 1288 prodit,
480 1260 564 1288 seque
580 1253 681 1281 vixisse
700 1257 762 1288 post
778 1257 902 1288 tempora
917 1253 1045 1281 Methodii
1058 1253 1219 1287 patriarchae
1236 1252 1540 1287 Constantiuopolitani,
1564 1261 1646 1289 quem
1674 1262 1738 1282 cum
1755 1253 1898 1285 Methodio

262 1296 369 1332 Olympi
392 1296 480 1332 Lyciae
495 1305 543 1324 seu
576 1296 718 1324 Patarensi
746 1297 877 1333 episcopo
905 1297 1039 1325 confudit.
1068 1296 1223 1324 Metltodius
1243 1302 1355 1328 autem,
1382 1296 1541 1332 patriarcha
1567 1296 1898 1333 Coustantinopolitanus

261 1349 334 1368 anno
349 1341 402 1369 842
417 1341 504 1369 factus
517 1349 532 1368 a
549 1340 680 1369 Michaele
692 1341 723 1368 lll
736 1340 983 1378 Porphyrogenito,
1007 1349 1080 1369 anno
1093 1341 1145 1369 847
1166 1341 1209 1368 die
1224 1340 1258 1368 M
1269 1340 1343 1368 Junii
1358 1341 1436 1374 obiit,
1450 1345 1479 1368 ut
1500 1341 1677 1369 habentActa
1689 1341 1805 1369 Joannis
1821 1343 1899 1370 Ana-

261 1387 378 1413 cliorctte
389 1387 460 1421 apud
472 1385 629 1413 Simeonem
646 1385 871 1421 Metaphrastem.
886 1385 1039 1413 Flornt‘sset
1051 1393 1117 1420 ergo
1131 1385 1211 1420 juxta
1227 1385 1299 1413 hanc
1325 1384 1431 1412 Peltani
1447 1384 1614 1418 versionem,
1630 1385 1675 1412 hic
1695 1385 1824 1414 Andreas
1838 1385 1901 1414 Cae-

260 1430 391 1458 sariensis
416 1430 639 1465 archiepiscopus
653 1429 710 1456 sive
727 1437 892 1465 anonymus,
911 1434 973 1465 post
985 1429 1105 1457 medium
1124 1428 1216 1457 seculi
1237 1428 1313 1461 noni,
1331 1427 1414 1455 annis
1426 1427 1536 1455 circiter
1551 1428 1587 1455 50
1606 1427 1745 1456 Methodio
1769 1430 1896 1464 patriar-

261 1475 313 1501 iha
327 1475 411 1501 citato
420 1474 524 1508 junior.
542 1473 580 1500 Ita
595 1478 669 1501 certe
683 1474 763 1508 juxta
779 1473 904 1501 Latinam
924 1473 1006 1508 hujus
1017 1473 1069 1500 loci
1083 1472 1235 1499 versionem
1254 1471 1282 1498 in
1298 1470 1463 1498 Bibliotheca
1483 1470 1606 1498 Veterum
1631 1471 1746 1499 Patrum
1764 1473 1903 1501 editionis

260 1518 341 1551 1589,
356 1516 471 1545 Parisiis
485 1522 562 1544 tomo
579 1518 600 1550 Ι,
619 1517 674 1544 col.
689 1516 771 1549 12152,
786 1517 875 1551 capite
886 1516 932 1548 65,
946 1516 1000 1544 col.
1017 1514 1079 1544 156(

1081 1515 1097 1547 ι,
1110 1517 1137 1540 et
1149 1512 1177 1540 in
1191 1513 1253 1540 aliis
1266 1513 1436 1541 editionibus
1448 1513 1588 1544 omnibus,
1598 1520 1686 1548 usque
1699 1514 1733 1541 ad
1743 1513 1900 1543 Maximam

260 1562 473 1597 Lugdunensem
492 1560 557 1588 anni
576 1560 657 1588 £672.
676 1560 729 1588 Sed
745 1560 840 1588 Graeca
865 1560 949 1588 editio
968 1559 1050 1594 hujus
1069 1558 1161 1593 operis
1180 1557 1250 1585 inter
1265 1556 1356 1593 Opera
1380 1556 1412 1584 D.
1428 1557 1619 1593 Chrysostomi
1640 1558 1680 1586 sic
1698 1559 1801 1587 habet:
1823 1560 1856 1586 '0
1871 1560 1902 1587 δὲ

262 1607 351 1641 μέγας
367 1605 499 1637 Μεθόδιος
511 1605 540 1631 ἐν
557 1603 597 1640 τῷ
611 1604 681 1638 Περι
701 1603 900 1637 ἀναστάσεως
916 1604 990 1639 λόγῳ
1005 1602 1081 1631 αὺτοί

1081 1601 1214 1635 “Eliens
1233 1601 1339 1634 οὕτως’
1365 1601 1499 1630 editionis
1519 1601 1699 1630 Commelinae
1725 1604 1791 1630 anni
1812 1603 1900 1637 1596,

261 1647 449 1683 lleidclberga
468 1646 496 1674 in
510 1646 572 1679 fol.,
590 1654 674 1673 sernt.
690 1645 736 1678 εξ,
753 1644 876 1673 sectione
892 1645 938 1677 63,
954 1652 1017 1680 pag.
1033 1645 1078 1673 96.

293 1691 353 1718 Jatn
371 1691 404 1719 ad
418 1695 527 1718 aetatem
538 1698 596 1726 qua
609 1690 714 1718 vixisse
725 1694 752 1718 et
763 1690 908 1724 scripsisse
921 1690 967 1717 hic
983 1695 1080 1717 auctor
1103 1689 1236 1721 creditur,
1259 1689 1434 1717 accedamus.
1452 1688 1573 1717 Joannes
1596 1687 1717 1717 Jacobus
1743 1689 1855 1718 Frisios
1872 1691 1903 1718 in

259 1734 429 1761 Bibliotheca
452 1733 598 1761 universali
617 1733 754 1760 Andream
769 1731 902 1760 Caasareat
924 1733 1085 1768 episcopum
1110 1741 1184 1761 anno
1200 1733 1265 1765 579,
1280 1736 1309 1761 et
1334 1733 1466 1760 Aretham
1491 1732 1614 1767 ejusdem
1637 1732 1711 1761 sedis
1737 1734 1905 1762 antistitem

258 1786 331 1806 anno
346 1778 397 1805 587
411 1777 553 1812 assignat;
567 1784 649 1812 quem
683 1780 796 1804 secutus
814 1781 856 1803 est
878 1776 1096 1812 Christophoms
1111 1776 1238 1806 Helvicus
1254 1777 1284 1805 in
1301 1776 1415 1804 Theatra
1431 1777 1571 1810 historico,
1587 1784 1650 1812 pag.
1672 1777 1737 1809 106,
1759 1778 1903 1806 editionis

259 1821 398 1857 liarpurgi
414 1820 558 1848 Cattorum
578 1820 659 1852 1658,
676 1821 703 1847 in
720 1819 797 1847 folio.
816 1819 855 1847 ita
874 1824 903 1847 ιιι
919 1820 1017 1848 ambos
1028 1821 1080 1849 sibi
1095 1823 1269 1858 syucltronos
1284 1823 1445 1850 constituat.
1456 1822 1619 1850 Guillelmus
1632 1823 1740 1851 Caveus
1752 1823 1782 1850 in
1802 1823 1906 1851 Histo-

258 1865 302 1892 riu
318 1865 356 1892 rei
370 1865 512 1892 litterariae
526 1873 572 1892 seu
589 1865 621 1891 de
637 1864 813 1898 scriptoribus
829 1863 1037 1898 Ecclesiasticis,
1053 1867 1190 1894 Andream
1206 1874 1279 1894 anno
1294 1866 1357 1899 500,
1371 1874 1432 1901 pag.
1444 1865 1509 1899 3'19,
1524 1866 1654 1894 Aretham
1673 1873 1748 1894 anno
1762 1867 1822 1895 5-50
1840 1868 1906 1895 alli-

258 1914 316 1945 gat,
334 1909 533 1937 Bellarminum
545 1909 596 1936 hac
611 1909 639 1936 in
655 1913 733 1944 parte
746 1908 935 1936 caecutientem
946 1909 1101 1943 amplexus.
1118 1909 1239 1938 Jacobtts
1265 1910 1427 1938 Perizonius
1446 1910 1472 1937 in
1493 1909 1600 1937 erudita
1624 1909 1835 1939 Dissertatione
1853 1913 1908 1939 ad-

257 1961 354 1982 versus
370 1953 542 1981 Gronovium
556 1953 690 1988 collegam
706 1952 737 1980 de
751 1957 835 1979 morte
850 1951 930 1980 ludes
946 1958 970 1980 et
985 1960 1046 1980 voce
1060 1962 1075 1980 τ

1090 1954 1111 1981 ιῦ
1121 1954 1307 1989 ἀπάγχεσθαι,
1335 1961 1398 1988 cap.
1419 1953 1447 1986 4,
1470 1961 1534 1988 pag.
1550 1953 1597 1986 40,
1616 1953 1651 1981 de
1672 1953 1716 1981 his
1733 1953 1855 1983 duobus
1867 1957 1909 1983 ita

258 1998 391 2034 loquitur.
413 2007 422 2023 ι
441 1999 475 2025 At
489 1997 608 2025 Arethas
624 1997 678 2025 iste
693 1997 832 2025 contraxit
851 1996 968 2025 Andreae
983 1996 1160 2025 Caesariensis
1180 1995 1402 2023 Commentarios
1418 1995 1445 2022 in
1468 1995 1620 2030 epitomen,
1638 1999 1721 2029 atque
1733 1995 1801 2023 ideo
1820 1996 1908 2024 locu-

257 2042 348 2070 tiones
363 2042 387 2069 si
401 2049 455 2069 nou
475 2041 557 2076 plane
569 2047 678 2072 omnes,
693 2045 721 2068 ut
735 2040 871 2076 plerreque
883 2045 948 2068 sttnt
970 2040 1043 2068 illius
1068 2040 1196 2070 Andreae,
1222 2038 1269 2074 qui
1291 2038 1386 2066 seculo
1402 2046 1442 2071 tv,
1465 2037 1601 2066 successit
1622 2037 1725 2066 Basilio
1746 2038 1860 2075 Magno
1878 2041 1911 2068 in

255 2086 455 2114 Caesariensem
474 2084 656 2120 Cappadociae
667 2085 867 2120 episcopatum.
885 2084 938 2112 Sed
953 2088 980 2111 et
993 2084 1111 2111 Arethas
1122 2083 1180 2118 ipse
1196 2082 1313 2110 refertur
1329 2082 1365 2109 ad
1383 2082 1517 2110 saeuiunt
1534 2089 1572 2114 vr,
1593 2087 1676 2117 atque
1692 2083 1729 2109 ita
1741 2082 1834 2119 longe
1850 2092 1909 2111 an-

256 2131 360 2166 tiquior
379 2135 422 2158 cst
436 2128 646 2164 jurisconsultis
662 2129 712 2163 qui
731 2128 851 2155 Basilica
865 2127 1055 2158 confecerunt.
1068 2132 1096 2155 et
1111 2134 1228 2162 quorum
1252 2131 1342 2153 tamen
1368 2126 1533 2154 auctoritate
1556 2125 1590 2153 ad
1611 2126 1787 2161 probandam
1822 2128 1910 2156 verbi

256 2174 433 2208 ἀπάγχεσθαι
447 2172 688 2208 significationem,
702 2171 790 2198 utitur
803 2171 843 2197 vir
857 2171 1029 2198 clarissimus
1044 2170 1178 2198 Henricus
1196 2170 1363 2204 Stephanus,
1381 2177 1406 2203 p.
1424 2170 1469 2197 68.
1484 2179 1492 2195 I
1518 2170 1579 2197 llaec
1604 2170 1713 2197 incaute
1735 2171 1780 2197 vir
1797 2171 1915 2199 doctus

256 2217 382 2252 scripsit.
402 2217 485 2251 cujus
496 2216 590 2243 verbis
602 2215 698 2250 paucis
713 2219 770 2241 tres
785 2220 894 2241 errores
907 2213 1013 2240 insunt.
1032 2213 1139 2240 Primus
1157 2214 1220 2240 dum
1233 2214 1370 2240 Andream
1386 2213 1517 2241 Ctesarea:
1534 2213 1728 2248 Cappadocum
1753 2215 1914 2251 archiepi-

256 2267 370 2294 scopum
385 2260 487 2288 saeculo
504 2266 531 2286 tv
546 2258 679 2292 assignat,
695 2257 743 2292 qui
760 2257 852 2284 medio
868 2256 961 2284 saculi
974 2265 999 2282 lx
1016 2257 1137 2283 altlet'ior
1153 2265 1206 2284 non
1220 2263 1271 2284 est.
1290 2257 1426 2283 Secundus
1445 2257 1508 2285 dum
1525 2258 1663 2284 Andream
1678 2257 1818 2285 eumdem
1836 2266 1913 2287 δυο-

256 2303 377 2331 cessisse
393 2304 480 2338 inquit
495 2302 599 2329 Basilio
627 2300 725 2335 Magno
739 2299 873 2327 Caesareae
901 2298 1096 2333 Cappadocum
1123 2301 1343 2335 archiepiscopo,
1367 2302 1412 2335 qui
1438 2309 1510 2328 anno
1539 2301 1592 2328 569
1610 2301 1762 2336 episcopus
1793 2301 1915 2338 factus,

255 2356 329 2376 anno
344 2348 396 2376 5⁵18
415 2348 466 2376 sub
492 2347 627 2376 Gratiano
650 2351 678 2375 et
694 2345 889 2374 Valentiniano
904 2352 1031 2372 mortuus
1057 2350 1097 2372 cst
1116 2345 1244 2371 Kalendis
1263 2344 1398 2376 Januarii,
1414 2345 1492 2379 juxta
1517 2344 1666 2372 Baronium
1695 2344 1722 2372 in

254 2393 453 2422 ecclesiasticis.
470 2392 576 2420 Tertius
592 2392 657 2419 dum
675 2390 805 2418 Arethatn
821 2389 924 2418 sacculo
940 2399 963 2416 vr
981 2390 1075 2422 rcicrt,
1102 2396 1182 2422 quem
1203 2393 1296 2422 postea
1311 2389 1412 2415 sarculo
1429 2397 1444 2415 x
1463 2389 1497 2415 ad
1514 2396 1616 2415 annum
1632 2386 1686 2416 9M

255 2439 345 2466 ruisse
362 2437 551 2473 probabimus.
1456 2455 1458 2458 ,
1673 2469 1682 2473 -
1689 2466 1706 2473 ἡ

289 2479 350 2508 Jam
369 2480 464 2514 igitur,
479 2484 509 2507 ttt
522 2479 612 2507 aetatis
627 2478 759 2513 epoeham
776 2477 979 2512 aggrediamur,
995 2481 1056 2510 post
1073 2480 1206 2503 attentam
1221 2474 1418 2502 Comntcnlarii
1433 2475 1529 2510 hujus,
1541 2476 1572 2502 ut
1589 2473 1637 2515 alit

254 2532 408 2557 scaremur,
425 2524 607 2558 iteratantquc
623 2515 768 2550 lectionem
787 2521 869 2549 :dico
883 2521 956 2548 hunc
968 2521 1104 2547 Andream
1121 2519 1318 2547 Cmsaricnsem
1339 2519 1592 2555 archiepiscopum,

252 2568 440 2601 collectorcm,
455 2568 508 2596 sub
520 2566 616 2595 seculi
632 2570 738 2594 tantum
753 2573 780 2593 ιι
795 2565 918 2593 medium
933 2564 1090 2599 scripsisse,
1108 2569 1190 2598 atque
1208 2563 1278 2590 adeo
1287 2567 1314 2590 et
1326 2561 1525 2591 Bellamtinutn

250 2621 344 2646 veum,
360 2613 441 2641 annis
454 2620 562 2641 errasse
576 2619 640 2640 cccc
651 2611 694 2639 vel
711 2611 831 2643 circiter,
846 2610 874 2638 in
892 2614 971 2637 atate
989 2610 1068 2636 istius
1083 2607 1354 2651 assigrtartrla,{lottge
1366 2607 1472 2642 turpius
1482 2606 1541 2651 quat

250 2658 294 2686 nis
311 2657 505 2693 Itetapbrastis
519 2657 669 2692 assignata.
686 2655 736 2684 His
747 2654 918 2690 argumentis
934 2655 1033 2681 ductus
1049 2653 1087 2680 ita
1104 2653 1204 2680 sentio.
1219 2647 1363 2680 lfAuctor
1375 2651 1458 2687 huius

251 2703 333 2736 psim,
347 2710 381 2730 ex
395 2702 458 2730 aliis
472 2701 632 2730 transcribit
644 2705 729 2736 atque
740 2700 925 2728 transcribere
937 2707 966 2727 se
978 2698 1136 2733 prolitetur,
1150 2696 1223 2732 quod
1235 2696 1345 2724 saeculis
1366 2694 1495 2736 Betim

251 2746 406 2774 inauditum
421 2746 484 2779 fuit,
499 2746 649 2781 saeculique
661 2744 726 2772 noni
740 2744 894 2779 proprium,
908 2748 938 2770 ttt
957 2742 1056 2770 eruditi
1079 2748 1175 2768 omnes
1200 2745 1312 2768 norunt.

250 2791 380 2818 sacculum
399 2790 528 2820 Ecclesiae
547 2799 584 2818 ιι.
602 2790 629 2818 Id
647 2789 797 2825 probamus
810 2796 843 2816 ex
859 2788 926 2823 ipsis
945 2787 1026 2822 hujus
1042 2784 1239 2814 Commentarii
1265 2784 1346 2825 veg“

251 2833 376 2868 Prologo.
391 2834 502 2862 Constat
523 2842 635 2869 namque
654 2836 744 2860 beatos
760 2833 821 2860 iltos
834 2833 903 2859 viros
916 2831 1060 2865 Patrcsque
1078 2834 1194 2862 nostros,
1211 2827 1299 2869 Gre”

249 2885 325 2910 Itum,
340 2878 471 2914 multoque
489 2880 558 2906 hisce
573 2878 727 2906 vetustiores
747 2875 873 2910 Papiam,
892 2875 1035 2907 Jt'elltt‘ttnt,
1064 2873 1230 2900 Metltodium

1621 2353 1666 2371 unt
1695 2344 1722 2372 in

1632 2386 1686 2416 att
1707 2393 1768 2437 at"
1837 2411 1841 2413 .
1895 2381 1914 2422 ’ζ

2059 2431 2060 2495 i

1541 2591 2060 2621 ’a“_

1458 2678 2056 2716 τίὲ-

1300 2757 2054 2806 ._
