2075 3157
215 179 272 213 209
578 184 881 218 COMMENTARIUS
901 187 942 218 IN
962 187 1224 222 APOCALYPSIN.
1243 203 1279 209 —
1297 192 1490 225 PRO(EMIA.
1794 192 1848 226 210

215 244 278 282 qute
295 236 325 282 in
333 238 517 273 evangelistas
531 244 558 268 et
572 241 658 268 Actus
671 242 872 277 apostolorum,
887 251 949 277 quae
962 250 1122 279 supersunt,
1144 246 1367 276 describerentur
1378 269 1386 282 ,
1411 249 1612 278 conferrentur.
1632 250 1767 278 Czeterum
1783 258 1846 277 cum

214 281 476 328 animadverterem,
488 282 679 328 Chrysostomi
693 286 726 313 ad
738 286 854 315 Joannis
868 287 998 323 Theologi
1014 289 1198 325 Apocalypsin
1214 291 1283 318 nihil
1295 297 1414 325 exstare,
1433 293 1668 328 commodumque
1685 293 1712 321 in
1727 293 1846 321 serenis-

214 324 285 372 simi
307 324 444 372 principis
459 327 547 372 nostri
565 327 731 356 bibliotheca
747 330 864 358 Andreas
881 331 1058 360 Caesariensis
1089 324 1213 369 episcOpi
1227 335 1260 362 ad
1279 335 1353 363 illam
1375 324 1462 372 ipsam
1490 324 1708 365 commeniarius
1724 337 1845 367 Graecus.

213 367 259 400 qui
277 367 411 396 hactenus
437 370 465 397 in
482 370 659 400 bibliothecis
672 373 821 401 conclusus
835 374 991 407 delituerat.
1008 383 1069 404 sese
1091 367 1247 412 obtulisset,
1262 379 1297 407 ab
1316 367 1443 408 instituto
1457 386 1554 409 nostro
1580 381 1695 409 minime
1722 381 1845 409 alienum

176 422 182 426 -
212 418 273 461 sum
295 412 460 446 arbitratus,
482 414 505 461 si
521 415 604 461 illum
625 415 824 452 Chrysostomo
839 419 968 446 comitem
989 419 1180 457 adjungerem,
1200 423 1228 450 in
1249 430 1283 451 eo
1303 423 1407 452 Giberti
1424 425 1591 453 Veronensis
1608 425 1729 461 episcopi
1753 432 1845 452 exem-

213 454 288 505 plum
309 461 431 505 secutus,
448 458 495 505 qui
517 458 692 505 OEcumenio
707 461 785 494 olim,
801 461 890 490 Arelas
903 463 961 498 (qui
974 468 1070 492 nostro
1078 454 1190 494 Andrca
1207 471 1287 494 aetate
1304 467 1420 495 inferior
1431 470 1484 505 est)
1499 454 1668 497 collectanea
1689 454 1716 496 in
1737 468 1844 502 Apoca-

213 500 300 547 l_yp_sin
316 501 496 547 appendenda
507 504 623 532 curavit.
636 504 738 534 Nactus
747 506 840 542 itaque
850 507 967 535 alterum
979 508 1095 537 Andreae
1105 508 1281 538 Caesariensis
1294 511 1449 546 exemplum
1463 500 1528 545 ms.,
1545 513 1570 540 id
1586 512 1687 547 negotii
1702 500 1845 543 Frideric-o

213 542 521 590 §Aylburgio,rdoctrinte
545 552 573 574 et
588 547 738 583 diligentia:
753 550 861 578 eximia
874 551 947 584 viro,
972 551 1053 586 dedi,
1082 557 1113 581 ut
1135 554 1314 590 archetypum
1331 542 1481 589 utritmque.
1495 542 1668 590 compararet
1679 575 1686 588 ,
1696 556 1844 583 verborum

211 587 424 633 discrepantiam
434 589 603 624 observaret,
617 593 746 628 notisque
756 598 784 621 et
799 594 938 622 iudicibus
952 595 1112 624 illustraret.
1129 596 1168 623 Ad
1179 587 1347 631 postremum
1359 599 1430 625 sacri
1437 587 1523 633 hujus
1542 587 1633 633 operis
1646 598 1692 625 ubi
1708 599 1843 633 pervenit.

210 630 298 676 abeo
311 631 343 659 0.
358 631 396 658 Μ.
413 633 577 668 appellatus,
595 635 620 662 vi
638 637 725 664 morbi
750 644 861 665 manum
877 639 970 666 statim
993 639 1027 667 de
1040 639 1143 671 tabula,
1160 630 1282 675 mihique
1297 648 1391 673 cursu,
1409 630 1485 676 quod
1502 630 1599 674 aiunt,
1615 630 1740 676 lampada
1756 641 1845 668 tradi-

210 674 260 701 dit.
277 674 421 720 Postremo
436 677 528 712 itaque
547 679 598 706 viri
612 679 695 714 hujus
713 680 779 708 mihi
795 682 957 710 amicissimi
975 683 1122 718 posthumo
1135 683 1213 716 fetui,
1233 674 1316 719 opera
1327 674 1463 712 nostrain
1481 693 1564 712 auras
1575 674 1720 720 producto,
1738 689 1844 712 tutores

209 718 350 767 quaerendi
377 727 440 767 cum
466 725 570 753 essent.
598 729 647 750 vos
672 723 815 752 nominare
828 725 916 753 visum
935 726 996 760 l‘uit,
1013 734 1084 762 quos
1104 727 1127 754 si
1147 718 1261 755 vixisset
1282 728 1341 762 ipse
1354 737 1454 763 parens
1485 729 1516 756 L.
1538 718 1583 756 M.‘
1600 728 1632 762 Q.
1652 728 1844 756 nominaturus

210 761 306 810 Ῐιιξξεθξ
321 771 328 789 :
343 763 530 810 quippequem
542 770 663 794 vestrum
675 767 721 795 alii
737 769 922 806 συμμαθητὴν
935 761 1092 799 habuerunt
1102 761 1410 806 modestissimumpalii
1429 777 1600 808 praeceptore
1614 761 1688 800 lideli
1700 772 1743 799 usi
1757 776 1820 799 sunt
1834 781 1841 798 :

208 805 307 851 reliqui
328 814 403 840 vero,
419 809 466 842 qui
481 809 570 844 ipsum
588 810 665 844 prius
685 812 777 840 minus
795 819 940 846 n0verant,
957 815 1004 842 ubi
1021 822 1084 842 eum
1101 820 1302 850 cognoverunt,
1319 805 1436 851 propter.
1447 805 1536 843 raram
1553 815 1737 844 eruditimtem
1757 820 1784 842 et
1804 815 1846 842 in'

208 848 346 877 defessum
357 851 517 886 ergajremp.
532 852 694 881 litterariam
710 856 831 883 studium
842 862 981 891 amarunt,
998 861 1025 885 et
1037 858 1093 893 jam
1108 848 1196 894 ipsius
1209 848 1379 887 memoriam-
1387 860 1514 887 laudibus
1528 863 1741 894 prosequuntur.
1762 858 1842 892 Quod

208 898 347 926 superest,
361 895 411 922 viri
428 896 604 930 nobilissimi,
621 905 653 925 ao
669 899 777 933 patroni
789 920 798 933 ,
818 907 867 928 vo
883 901 1160 930 vehementeretiam
1176 908 1260 938 atque
1268 904 1350 931 etiam
1367 911 1444 939 rogo,
1465 909 1493 930 ιιι
1507 903 1560 931 hoc
1574 910 1666 931 meum
1682 903 1841 934 consilium,

256 939 478 1008 rr‘fortgmvﬂasw;
488 939 607 968 oﬂicium
623 941 650 969 in
668 942 767 970 bonam
783 947 887 978 partem
903 945 1056 980 accipiatis,
1075 946 1271 982 laboribusque
1287 947 1400 979 nostris,
1426 947 1500 982 quod
1516 946 1617 979 facitis,
1637 946 1727 973 lavere
1744 953 1840 981 ρεῖαν

221 988 254 1008 is.
293 988 307 1008 a
320 990 334 1008 ε
347 989 374 1008 e.

221 988 254 1008 IS.
272 988 286 1007 ν
293 988 374 1008 little.

212 1045 1613 1064 ξψ--κη--Α
1619 1056 1638 1063 _

367 1103 410 1134 De
421 1104 613 1146 Apocalypsi
628 1106 762 1138 Joannis
780 1107 972 1147 Hieronymi
994 1107 1216 1140 testimonium
1233 1108 1267 1139 in
1286 1107 1422 1148 epistola
1441 1108 1479 1139 ad
1497 1108 1680 1140 Paulinum.

241 1187 419 1224 Apocalypsis
432 1187 547 1217 Joannis
562 1193 602 1217 tot
617 1188 699 1216 habet
708 1193 892 1223 sacramenta,
911 1193 979 1224 quot
989 1189 1084 1217 verba.
1101 1188 1202 1217 Parum
1221 1189 1277 1217 dixi
1292 1197 1343 1225 pro
1357 1189 1457 1218 merito
1471 1189 1639 1224 voluminis;
1666 1189 1727 1218 laus
1749 1191 1840 1219 omnis

204 1232 320 1260 inferior
334 1237 377 1260 est
395 1241 402 1260 :
417 1233 444 1260 in
459 1232 550 1261 verbis
566 1232 683 1267 singulis
708 1232 876 1268 multiplices
899 1233 985 1260 latent
1002 1233 1201 1269 intelligentiae.

203 1364 250 1395 De
269 1363 383 1396 horum
404 1364 711 1396 commentariorum
729 1368 858 1396 auctore
875 1364 1065 1396 Theodorus
1082 1365 1232 1397 Peltanus
1245 1366 1405 1406 interpres
1428 1366 1460 1396 in
1477 1365 1612 1405 epistola
1629 1364 1836 1397 dedicatoria.

238 1435 306 1462 Cum
325 1434 369 1462 hic
381 1435 585 1470 Apocalypseos
600 1434 668 1463 liber
684 1438 724 1462 tot
736 1434 837 1463 abditis
853 1435 992 1471 mysteriis
1005 1434 1042 1462 sit
1054 1435 1195 1470 gravidus,
1211 1439 1306 1470 totque
1330 1435 1487 1470 implicatus
1510 1435 1635 1463 tenebris
1650 1438 1677 1462 et
1693 1433 1839 1462 dimculta-

203 1479 286 1511 tibus,
297 1478 400 1506 utiliter
412 1486 473 1506 meo
487 1478 592 1514 judicio
611 1486 723 1513 operam
736 1478 883 1509 collocant.
900 1479 960 1513 qui,
975 1482 1098 1505 veterum
1114 1479 1303 1514 theologorum
1323 1479 1449 1513 vestigiis
1465 1478 1625 1506 insistentes
1638 1497 1647 1510 ,
1662 1478 1838 1513 explicationt

202 1523 275 1549 illius
289 1522 405 1550 viriliter
430 1522 594 1549 incumbunt
607 1530 614 1554 ;
631 1523 770 1557 tantisque
783 1522 838 1550 illis
851 1522 1067 1550 obscuritatibus
1082 1527 1109 1550 et
1124 1523 1243 1550 tenebris
1255 1523 1344 1551 lucem
1359 1523 1480 1558 aliquam
1498 1523 1598 1550 afferre
1610 1523 1794 1555 contendunt,
1811 1528 1838 1550 et

202 1574 263 1601 quae
275 1567 318 1594 vel
335 1567 386 1601 ipsi
398 1566 469 1601 apud
482 1573 511 1594 se
529 1574 583 1594 non
599 1567 704 1602 absque
723 1567 816 1595 labore
835 1567 956 1595 meditati
975 1572 1050 1600 sunt,
1063 1566 1105 1594 vel
1122 1567 1195 1602 apud
1215 1567 1283 1594 alios
1300 1567 1470 1594 orthodoxos
1487 1571 1515 1595 et
1535 1567 1657 1594 eruditos
1673 1567 1838 1602 interpretes

201 1609 325 1636 studiose
338 1610 531 1643 observarunt,
549 1609 699 1637 liberaliter
714 1610 741 1637 in
753 1611 873 1638 medium
886 1610 1042 1640 conferunt.
1058 1610 1131 1638 inter
1145 1611 1196 1638 hos
1215 1615 1305 1638 autem
1318 1610 1360 1638 vel
1372 1611 1490 1645 priumm
1501 1631 1508 1643 ,
1520 1610 1562 1638 vel
1584 1611 1675 1645 primo
1690 1615 1764 1638 certe
1774 1618 1838 1645 pro-

203 1653 305 1680 ximum
317 1653 407 1680 locum
423 1659 598 1688 promeretur
611 1654 736 1682 Andreas
750 1655 883 1683 Caesareae
898 1655 1078 1690 Cappadociae
1092 1654 1328 1689 archiepiscopus.
1347 1653 1416 1681 Nam
1444 1655 1496 1681 etsi
1523 1659 1587 1681 ante
1604 1655 1693 1688 ipsum
1710 1653 1837 1682 Justinus

202 1703 308 1732 martyr
321 1696 547 1732 etphilosophus,
562 1702 590 1725 et
607 1698 728 1726 [renatus
741 1697 936 1734 Lugdunensis
951 1699 1109 1734 episcOpns,
1127 1703 1155 1726 et
1179 1697 1225 1725 alii
1251 1703 1383 1733 praeterea
1408 1697 1534 1725 nonnulli
1549 1697 1734 1733 Apocalypsin
1752 1705 1838 1732 expo-

201 1741 320 1773 suerint,
334 1741 428 1769 nullus
443 1745 534 1769 tamen
550 1749 604 1769 uno
615 1741 667 1769 hoc
678 1741 760 1769 Patre
771 1745 819 1769 aut
829 1743 981 1778 copiosius,
994 1746 1042 1770 aut
1050 1741 1196 1774 eruditius,
1206 1741 1432 1769 autluculcntius
1446 1741 1643 1776 hocprzestitit.
1651 1741 1838 1774 Quamobrem

203 1783 275 1810 haud
288 1784 419 1819 indignus
440 1784 520 1811 nobis
537 1785 612 1812 visus
627 1790 678 1818 est,
693 1785 740 1820 qui
758 1786 784 1812 in
800 1785 921 1820 linguam
933 1785 1058 1814 Latinam
1076 1788 1297 1817 converteretur,
1312 1789 1340 1812 et
1359 1784 1392 1811 ad
1406 1791 1580 1811 communem
1605 1783 1737 1811 Ecclesia:
1754 1791 1834 1811 usum

202 1828 229 1854 itt
244 1827 333 1855 lucem
346 1828 484 1855 ederetur.
501 1827 632 1860 Quamvis
642 1829 717 1856 enim
729 1829 812 1856 homo
823 1829 935 1857 Graccus
946 1834 972 1857 et
988 1829 1148 1864 Cappadox.
1161 1833 1189 1855 et
1203 1828 1275 1863 quod
1294 1829 1327 1855 ad
1344 1828 1401 1855 haec
1413 1828 1471 1855 loca
1483 1828 1592 1860 attinet,
1607 1827 1709 1862 hospes
1726 1835 1837 1863 quoque

201 1877 227 1898 et
243 1872 405 1906 peregrinus
421 1873 467 1904 sit,
478 1872 548 1900 nihil
567 1877 657 1899 tamen
675 1877 722 1900 aut
734 1867 893 1903 et'ronéum.
909 1879 956 1900 aut
968 1873 1129 1904 barbarum,
1146 1877 1194 1900 aut
1205 1871 1413 1900 circulatoriam
1425 1877 1505 1898 sonat
1520 1880 1526 1898 :
1543 1872 1609 1907 quin
1628 1871 1726 1898 miram
1745 1873 1838 1906 potius

201 1915 329 1949 pietatem
348 1916 451 1952 ubique
465 1916 563 1951 spirat,
577 1923 761 1951 magnamque
774 1916 802 1943 in
811 1916 928 1952 singulis
945 1917 1143 1952 propemodum
1158 1915 1270 1951 pagellis
1287 1915 1480 1947 eruditionem,
1496 1920 1523 1942 et
1541 1915 1708 1950 singularem
1724 1915 1837 1950 insuper

200 1959 235 1985 ab
248 1959 376 1987 omnibus
393 1959 544 1987 hatresibus
556 1964 583 1987 et
595 1960 733 1987 haereticis
752 1960 837 1987 animi
852 1960 1047 1988 alienationem
1063 1960 1192 1992 ostendit,
1205 1959 1326 1987 maxime
1340 1967 1404 1986 vero
1413 1959 1448 1986 ab
1462 1957 1627 1993 Origenistis
1643 1963 1671 1985 et
1683 1958 1835 1991 Chiliastis,

200 2002 246 2036 qui
268 2003 415 2031 Ecclesiam
425 2002 596 2031 Catholicam
613 2011 662 2039 per
672 2004 697 2031 id
714 2008 821 2037 tempus
836 2012 891 2039 pra
903 2005 1012 2032 caeteris
1038 2002 1217 2032 infestabant.
1244 2002 1307 2030 Fuit
1323 2003 1416 2037 itaque
1433 2003 1623 2030 commentarii
1637 2002 1720 2038 hujus
1738 2007 1836 2031 auctor

200 2054 254 2072 non
267 2046 349 2074 modo
362 2047 479 2082 insignis
496 2047 643 2082 episcopus
654 2052 802 2082 pastorque
815 2048 939 2082 apprime
957 2048 1074 2082 vigilans
1099 2052 1127 2074 et
1143 2047 1224 2078 ﬂdus,
1241 2050 1270 2073 ut
1294 2051 1431 2073 testantur
1445 2050 1581 2080 quotquot
1595 2045 1678 2073 vitam
1703 2045 1777 2074 illius
1793 2048 1836 2074 vel

200 2089 289 2116 obiter
304 2091 454 2126 attingunt,
467 2097 562 2118 verum
573 2091 682 2126 egregie
696 2098 806 2126 quoque
825 2093 886 2126 pius
908 2098 1062 2126 magnaque
1078 2091 1235 2118 divinarum
1249 2091 1490 2125 humanarumque
1510 2089 1664 2116 litterarum
1680 2090 1836 2118 eruditior":

207 2138 323 2166 trnatus,
334 2139 360 2161 et
377 2142 441 2161 acer
455 2134 572 2169 denique
587 2134 722 2162 hmresum
740 2138 767 2162 et
781 2140 918 2162 sectarum
931 2135 1054 2162 omnium
1070 2135 1168 2162 hostis.

199 2206 1779 2220 ____—____,_________________

653 2277 741 2308 Idem
762 2277 913 2309 Peltanus
934 2277 966 2308 in
985 2276 1122 2316 epistola
1138 2277 1176 2307 ad
1193 2277 1372 2307 Leo-torem.

232 2359 300 2392 Quis
315 2359 506 2387 commentarii
532 2358 614 2394 hujus
634 2363 730 2386 auctor
744 2358 892 2391 exstiterit,
914 2358 1031 2387 candide
1049 2357 1158 2391 Lector,
1175 2359 1254 2391 satis,
1267 2358 1365 2393 opinor
1379 2378 1386 2390 ,
1404 2367 1436 2386 ex
1458 2359 1536 2386 titulo
1550 2359 1599 2386 toti
1621 2359 1696 2393 operi
1721 2360 1835 2394 prtellxo

199 2408 293 2437 aperte
311 2407 430 2430 constat.
444 2403 503 2436 Quo
517 2407 640 2437 tempore
651 2407 743 2430 autem
754 2402 778 2430 is
792 2403 904 2434 vixerit,
917 2407 963 2430 aut
980 2402 1144 2430 Ctesariensi
1166 2401 1294 2430 Ecclesiae
1313 2403 1463 2437 praefuerit.
1486 2403 1512 2430 id
1525 2407 1601 2430 certo
1621 2403 1742 2430 nondum
1757 2411 1834 2431 com-

200 2446 268 2480 peri.
284 2446 388 2474 Basilio
401 2445 498 2482 Magno
514 2447 639 2481 ejusdem
658 2446 732 2474 sedis
746 2446 870 2474 antistite
886 2446 1067 2481 posteriorem
1077 2445 1163 2474 fuisse
1177 2451 1254 2474 extra
1269 2446 1487 2474 controversiam
1500 2451 1554 2478 est,
1570 2451 1600 2474 ut
1615 2447 1663 2481 qui
1680 2455 1733 2474 non
1749 2448 1834 2474 semel

199 2490 226 2516 iu
246 2490 297 2517 hoc
310 2490 511 2518 commentario
526 2491 695 2518 nominetur.
709 2490 843 2518 Caeterum
860 2491 894 2517 ad
909 2490 972 2517 libri
990 2491 1073 2526 hujus
1091 2491 1342 2526 interpretationem
1355 2511 1363 2523 ,
1380 2496 1479 2526 praeter
1496 2491 1643 2518 utilitatem
1669 2499 1753 2526 quam
1770 2491 1834 2517 inde

199 2535 234 2562 ad
247 2535 396 2562 Ecclesiam
415 2536 504 2563 redire
515 2543 596 2571 posse
619 2536 776 2571 sperabam,
789 2535 845 2563 duo
865 2536 1001 2571 przecipue
1017 2542 1060 2562 me
1075 2535 1243 2570 impulerunt
1257 2544 1264 2562 :
1284 2534 1376 2569 operis
1387 2535 1516 2567 brevitas,
1534 2542 1582 2562 seu
1603 2534 1696 2562 verius
1709 2534 1832 2568 ejusdem

201 2578 388 2611 mediocritas,
405 2584 433 2606 et
447 2579 572 2607 codicum
589 2583 720 2614 przeterea
746 2579 906 2606 Grecorum
923 2586 980 2606 non
997 2579 1120 2614 uulgaris
1142 2579 1336 2606 commoditas.
1363 2578 1433 2606 Nam
1451 2583 1550 2614 praeter
1563 2577 1690 2613 praesidia
1701 2596 1708 2607 ,
1724 2583 1786 2610 quae
1800 2577 1834 2603 ad

198 2630 261 2650 eam
280 2630 337 2650 rem
351 2623 574 2651 subministravit
587 2623 759 2658 amplissima
778 2623 823 2650 illa
835 2623 969 2658 principis
981 2622 1105 2650 Bavariae
1123 2623 1301 2654 bibliotheca.
1316 2623 1450 2657 singulari
1472 2622 1568 2650 favore
1593 2626 1621 2648 et
1643 2619 1833 2648 benevolentia

202 2667 303 2694 nobilis
317 2671 345 2694 et
359 2666 492 2695 senatorii
505 2667 612 2695 ordinis
625 2667 689 2700 viri,
710 2667 814 2694 domini
829 2667 936 2700 Quirini
956 2666 1115 2701 Bellingeri,
1148 2666 1223 2694 aliud
1250 2671 1437 2701 pervetustum
1455 2665 1595 2700 exemplar
1605 2671 1638 2691 ex
1658 2663 1764 2698 reipub.
1777 2663 1834 2690 Au-

201 2716 323 2743 gustame
334 2710 501 2739 bibliotheca
514 2710 657 2746 impetravi
671 2720 678 2738 ε
694 2711 767 2746 quod
783 2718 849 2738 sane
861 2710 1009 2745 pluritnutn
1027 2710 1092 2737 mihi
1105 2710 1234 2737 contulit.
1248 2710 1383 2743 Quamvis
1397 2710 1469 2738 enim
1481 2707 1657 2744 quaaducalis
1669 2706 1834 2734 bihliollteca

202 2755 441 2790 suppeditaverat,
458 2755 492 2783 ad
510 2755 547 2788 id,
565 2754 639 2789 quod
656 2755 841 2787 institueram,
856 2758 898 2781 sat
909 2761 970 2782 esse
984 2754 1135 2789 potuerint,
1149 2757 1272 2781 attamen
1292 2755 1470 2789 Augustanus
1480 2752 1566 2780 codex
1583 2751 1677 2778 multis
1693 2749 1759 2778 locis
1772 2757 1836 2785 per-

197 2806 282 2833 quam
299 2806 469 2834 opportunus
488 2799 556 2827 mihi
571 2798 632 2826 luit.
655 2798 778 2827 Habebat
792 2803 882 2826 autem
901 2799 924 2827 is
939 2806 994 2826 non
1011 2799 1127 2826 Andreus
1147 2798 1336 2831 Czesariensis,
1363 2798 1410 2826 sed
1429 2795 1559 2824 Methodii
1578 2795 1688 2822 titulum
1706 2804 1713 2821 :
1735 2802 1834 2821 verum

202 2843 229 2870 id
246 2843 337 2871 minus
354 2848 438 2877 ret-te,
453 2843 476 2872 si
495 2843 605 2878 quidem
619 2843 810 2871 commentarii
829 2843 911 2877 hnjtts
926 2842 1104 2875 architectus,
1118 2849 1183 2869 cum
1215 2842 1243 2869 in
1270 2842 1328 2877 ipsa
1343 2840 1502 2877 przfatione
1515 2859 1523 2872 ,
1542 2844 1598 2866 tum
1628 2838 1692 2866 alihi
1716 2845 1836 2873 persaepe

198 2885 369 2915 hlcthotlium
383 2887 509 2916 nominat
526 2897 532 2916 :
553 2887 739 2916 nihilominus
754 2892 844 2916 tamen
862 2887 907 2922 qui
922 2886 1079 2915 Graecorum
1092 2886 1226 2915 librorum
1242 2886 1361 2915 indicem
1376 2883 1506 2918 coniecit,
1523 2883 1601 2919 culpa
1617 2883 1731 2911 omnino
1747 2888 1833 2911 caret.
