2075 3157
263 160 316 193 195

845 156 1055 188 NICEPHOBI
1076 155 1308 186 PHILOSOPHI

1843 152 1896 186 196

260 222 336 250 spem
355 212 461 242 accedit
483 211 517 240 ad
533 211 664 244 loculum,
685 211 832 246 conﬁtens,
846 216 875 240 et
891 211 1053 240 beneﬁcium
1069 213 1094 243 Α
1108 211 1135 239 ἰη
1147 211 1208 246 ejus
1223 210 1427 239 dormitionem.
1443 209 1509 243 Quae
1530 213 1621 236 autem
1640 208 1665 235 in
1684 208 1811 236 oratione
1827 215 1841 235 a
1855 217 1900 236 me

259 260 334 287 clara
352 267 418 286 voce
431 258 594 293 praedicans.

295 305 341 332 27.
361 305 430 332 Cum
455 311 521 331 vero
542 311 625 339 capsa
648 302 785 338 pontiﬁcis
809 306 906 330 octavo
932 303 976 330 die
995 307 1056 338 post

259 350 334 386 justa
347 350 428 381 facta,
442 349 573 384 quoniam
588 356 643 376 non
658 353 731 376 recte
742 356 773 376 se
786 348 885 376 habere
899 348 1053 379 videbatur.

261 400 415 422 mutaretur
429 395 455 421 in
480 395 633 426 meliorem,
658 402 746 422 novus
768 394 879 428 quidam
896 397 924 421 et
939 393 1055 428 insignis

261 441 330 468 odor
340 439 471 475 unguenti
483 439 672 472 sacratissimi,
687 439 808 474 implevit
821 447 933 467 sensum
946 447 1054 469 eorum.

243 480 305 520 'qui
328 485 451 517 aderant,
471 486 551 513 tacite
575 485 714 512 honorans
731 492 793 511 eum
815 485 862 519 qui
885 485 1003 519 jacebat,
1029 489 1056 512 et

260 531 419 559 describens
445 539 518 562 eam,
542 539 602 565 qua:
620 531 805 558 intercedebat
827 538 889 558 cum
906 530 971 562 Deo,
986 539 1052 558 eon-

258 575 427 612 junctionem
443 580 470 602 et
485 574 710 602 familiaritatem.
727 574 795 602 Nam
810 575 857 609 qui
871 575 940 602 hanc
953 582 1055 603 carun-

259 622 331 653 cula,
350 622 377 649 in
389 629 472 656 quam
490 621 562 648 cadit
577 620 716 652 interitus,
737 620 879 647 Christum
898 621 1057 654 magniﬁca-

259 672 346 699 vcrat,
374 671 400 693 et
430 667 563 702 mysticus
587 666 696 700 quidam
723 665 811 693 bonus
834 666 901 692 odor
918 665 944 693 ei
968 665 1057 694 fuerat

260 717 397 743 ostensus,
414 716 443 738 ut
461 711 537 746 prius
560 711 723 738 chcribitur
740 711 898 745 apostolicis
912 711 1056 746 jcloquiis;

260 757 359 784 merito
375 757 458 784 etiam
474 757 602 790 dignatur
625 757 722 791 gratia,
741 763 802 791 quae
822 757 909 791 spirat
931 764 1057 791 unguen-

260 808 330 834 tum,
360 803 488 830 virtutem
520 803 702 830 immortalem
729 802 893 838 praedicante
921 803 1057 838 operatio-

259 856 335 875 llelll.

294 893 341 922 28.
361 892 456 920 Nonus
485 897 576 920 autem
597 893 815 928 magniﬁcentius
833 894 950 928 pratbuit
970 894 1053 922 mira-
1071 893 1091 920 Β

259 939 362 970 culum,
385 939 419 965 ad
440 939 602 966 beneﬁcium
625 947 787 974 pauperum,
814 940 861 974 qui
885 940 920 968 ab
946 940 1006 975 ipso
1021 941 1055 968 de

259 990 335 1009 more
363 982 516 1015 alebantur,
542 983 581 1009 vel
607 983 697 1018 potius
714 991 728 1010 a
744 984 798 1010 Deo
815 992 863 1018 per
884 985 985 1019 ipsum,
1008 986 1054 1020 qui

258 1028 339 1054 etiam
358 1035 405 1061 per
420 1027 519 1054 Mosem
534 1028 559 1054 in
576 1028 685 1055 deserto
699 1029 862 1056 alimentum
879 1029 948 1064 pluit
964 1030 1053 1058 admi-

224 1094 234 1101 ι
258 1072 364 1100 rabile:
381 1077 408 1099 et
429 1073 518 1100 vidua:
543 1073 734 1108 Sarepbtanae,
760 1074 878 1102 adventu
900 1076 1055 1111 prophetae,

258 1125 373 1152 parvum
390 1118 583 1152 multiplicavit
606 1119 736 1146 viaticum
754 1119 899 1154 :quinque
922 1127 988 1148 vero
1008 1128 1054 1155 pa-

258 1164 351 1196 nibus,
383 1164 505 1198 quinque
534 1164 638 1197 millia;
658 1169 686 1192 et
710 1173 807 1193 rursus
835 1170 957 1200 septem,
987 1167 1056 1193 aluit

258 1214 378 1243 quatuor
391 1209 488 1241 millia,
505 1214 532 1236 et
555 1214 645 1236 certos
661 1215 755 1243 testes,
779 1218 840 1245 qua:
854 1211 971 1238 satietati
989 1212 1054 1238 reli-

258 1256 385 1289 quiarum
399 1262 482 1289 super
494 1255 605 1282 fuerunt
614 1261 734 1290 sportas,
750 1257 876 1292 praebuit.
891 1257 1054 1288 Miraculum

258 1305 350 1327 autem
367 1305 426 1328 erat
439 1301 482 1328 hic
496 1309 607 1337 quoque
621 1302 837 1330 additamentum
855 1304 994 1335 ciborum,
1008 1305 1055 1339 qui

258 1345 461 1373 distribuuntur
476 1348 654 1382 pauperibus.
673 1347 699 1376 Id
714 1356 778 1376 vero
793 1354 852 1376 erat
864 1350 942 1384 panis
955 1356 980 1377 et
995 1350 1055 1377 fru-

258 1397 380 1419 mentum
404 1399 522 1425 coctum,
542 1402 594 1421 non
625 1402 741 1422 numero
765 1395 875 1430 quidem
895 1396 1054 1430 imlcﬁuito,

258 1439 305 1465 sed
322 1444 456 1473 quantum
483 1440 592 1468 deﬁnita
621 1449 748 1468 mensura
779 1442 981 1470 distributionis
1010 1451 1056 1470 so-

257 1484 331 1511 lebat
360 1485 485 1512 sufﬁcere
505 1486 579 1513 mille
603 1487 759 1516 animabus.
785 1487 856 1521 Quin
878 1489 960 1516 etiam
977 1493 1056 1516 erant

259 1537 355 1556 omnes
380 1530 480 1557 eaedem
496 1539 642 1564 mensurae,
669 1540 730 1566 quae
751 1532 894 1566 solebant,
912 1533 992 1560 iidem
1008 1541 1055 1561 co-

258 1575 334 1610 phini
357 1576 403 1610 qui
431 1581 606 1612 acceperunt,
634 1578 737 1605 emdem
766 1586 864 1606 manus
890 1586 985 1606 eorum
1008 1580 1053 1614 qui

259 1622 462 1649 ministrabant.
483 1622 515 1650 Et
534 1631 666 1651 numerus
681 1624 791 1659 quidem
808 1625 857 1652 fuit
872 1631 1055 1660 consumptus

259 1675 366 1699 eorum,
391 1668 437 1702 qui
463 1672 582 1696 tesseras
604 1670 728 1697 ferebant
754 1671 890 1704 manibus,
908 1672 958 1705 (iis
981 1672 1055 1698 enim

259 1714 336 1748 prius
350 1713 514 1746 distributis,
530 1716 727 1744 numerabatur
740 1717 813 1743 mille
827 1717 970 1744 hominum
984 1718 1056 1744 Inul-

258 1759 365 1794 titudo)
387 1766 579 1788 remanserunt
594 1766 685 1789 autem
702 1766 758 1790 tres
776 1763 898 1798 cophini,
912 1764 958 1798 qui
975 1764 1058 1792 suffe-

260 1811 357 1832 cerunt
374 1806 550 1840 pauperibus,
566 1808 612 1842 qui
625 1813 760 1835 venerunt
775 1809 879 1844 absque
897 1810 1020 1837 tesseris.

294 1851 341 1878 29.
361 1851 522 1886 Cujusmodi
550 1859 642 1880 autem
670 1854 721 1881 fuit
747 1855 772 1882 id
789 1855 964 1887 miraculum.
983 1856 1057 1891 quod

260 1896 364 1923 factum
382 1901 424 1924 est
439 1897 465 1923 in
491 1896 607 1925 Leonem
626 1900 781 1934 patricium,
797 1901 844 1935 qui
858 1907 972 1936 praeerat
987 1903 1058 1929 ritili-

260 1943 366 1970 taribus
383 1945 518 1976 numeris,
531 1945 638 1973 dicatur
649 1954 664 1973 a
688 1947 776 1974 nobis.
797 1946 844 1974 Vir
859 1947 904 1974 ille
917 1948 1058 1976 laborabat

260 1988 418 2017 diﬁicultate
434 1990 582 2023 anhelitus,
597 1993 670 2026 quod
688 1992 791 2025 causis,
804 2001 865 2027 qum
881 1993 1056 2027 allluxerunt,

260 2035 399 2062 obstructa
414 2041 508 2063 essent
527 2037 721 2071 instrumenta.
739 2043 767 2066 et
780 2039 919 2067 anhelitus
941 2041 1057 2069 liberum

260 2086 316 2106 non
331 2079 443 2107 haberet
460 2085 591 2109 meatum.
607 2082 660 2116 Qui
676 2090 738 2111 cum
759 2083 827 2111 adeo
845 2084 963 2120 graviter
983 2086 1059 2114 obsi-

260 2124 381 2157 deretur,
392 2129 556 2161 tenuemque
565 2132 593 2154 et
601 2128 869 2162 imbecillamvocem
881 2131 984 2164 ederet,
999 2132 1059 2159 ade-

259 2174 321 2198 rant
334 2171 443 2206 quidem
460 2173 505 2207 qui
523 2173 556 2200 ad
567 2181 630 2201 cum
647 2182 747 2210 genere
762 2176 924 2210 attinebant,
941 2178 1059 2205 maxime

1107 262 1171 285 sunt
1189 257 1383 292 pra=termissa,
1400 257 1428 284 in
1441 255 1562 291 .juvenili
1578 255 1637 290 ejus
1659 259 1738 283 aetate
1753 254 1825 282 facta
1846 255 1899 282 Ini-

1109 304 1214 335 raCula,
1232 311 1264 331 ca
1280 303 1400 330 narrabo
1416 307 1553 337 repetens.

1143 349 1188 378 50.
1205 350 1273 377 Cum
1288 350 1352 377 olim
1374 353 1448 377 esset
1461 352 1541 376 relate
1562 347 1680 383 juvenis,
1702 351 1728 374 ct
1743 346 1899 374 Davidicam

1106 396 1230 432 pulsaret
1241 396 1374 423 citharam
1388 396 1416 423 in
1431 395 1534 430 templo
1547 394 1603 421 Divi
1613 393 1750 421 Theodori
1761 393 1898 429 Martyris.

1107 442 1179 477 qttod
1197 446 1258 470 erat
1273 442 1355 470 situm
1376 449 1458 477 super
1481 441 1618 476 quoddam
1644 441 1841 472 cmmeterium,
1872 439 1898 466 in

1108 488 1180 524 quod
1196 489 1410 523 projieiebantur
1419 487 1551 515 cadavera
1565 487 1822 518 condemnatorum,
1835 486 1901 512 vioit

1107 534 1240 569 quosdam
1274 534 1344 561 duos
1379 537 1489 568 aspectu
1524 532 1670 563 deformes,
1697 531 1796 566 (solent
1826 531 1899 558 enim

1106 580 1256 615 plurimum
1278 579 1356 612 tales,
1380 579 1476 613 quales
1504 583 1580 609 sunt,
1607 576 1748 612 apparere)
1772 577 1843 611 apud
1871 584 1901 603 se

1108 626 1240 652 iracunde
1255 625 1380 652 dicentes
1397 633 1403 651 :
1421 624 1559 651 Abeamus
1575 623 1648 650 hinc.
1668 622 1805 649 Prmsente
1827 622 1899 648 enim

1107 672 1301 704 adolescente,
1320 678 1375 698 non
1401 670 1601 698 sustinebimus
1626 668 1672 697 hic
1702 676 1823 696 manere.
1847 667 1899 700 Qui

1107 718 1217 752 quidem
1235 722 1347 752 repente
1358 715 1541 750 aufugientcs,
1564 714 1646 742 simul
1667 722 1729 741 cum
1748 714 1799 740 hoc
1817 714 1900 740 verbo

1107 768 1288 791 evanuerunt.
1318 754 1376 790 Hoc
1399 762 1521 790 ostendit
1545 764 1718 797 potestatem,
1745 768 1806 796 qua:
1823 761 1900 795 prius

1108 815 1206 838 sancto
1220 811 1247 836 in
1263 817 1309 837 eos
1323 810 1387 837 data
1404 809 1503 836 fuerat.

1144 856 1189 882 5|.
1207 856 1264 883 Hoc
1281 862 1391 890 quoque
1423 853 1574 882 secundum
1596 853 1799 885 conscribatur,
1826 852 1899 887 quod

1108 902 1271 938 praecedenti
1288 901 1340 928 fuit
1352 900 1458 936 aequale
1475 904 1606 934 tempore.
1626 898 1722 927 Mulier
1735 899 1860 931 illustris,
1872 899 1898 925 in

1107 956 1178 983 equo
1193 948 1332 975 transiens
1348 955 1396 982 per
1411 947 1608 974 monasterium
1629 953 1692 972 eum
1713 945 1817 972 mundo
1839 953 1900 972 mu-

1108 994 1197 1025 liebri,
1214 1001 1299 1028 prope
1313 993 1399 1020 fracta
1410 993 1520 1027 delapsa
1533 996 1575 1020 est
1587 992 1614 1019 in
1630 997 1741 1019 terram.
1757 991 1823 1018 Nam
1836 999 1898 1018 cum

1107 1039 1216 1067 divinus
1232 1039 1368 1066 Antonius
1385 1043 1450 1067 tunc
1471 1043 1545 1066 esset
1561 1039 1633 1065 inter
1649 1037 1849 1070 adolescemes,
1873 1041 1900 1064 et

1108 1085 1258 1120 improviso
1273 1089 1348 1112 esset
1362 1093 1377 1111 e
1394 1089 1472 1120 porta
1487 1092 1627 1119 egressus,
1654 1083 1769 1118 contigit
1787 1091 1897 1110 currum

1108 1135 1218 1166 repente
1235 1130 1406 1162 couturbari,
1435 1129 1507 1165 quod
1535 1137 1568 1156 ex
1589 1129 1644 1156 alto
1661 1129 1789 1156 deorsum
1806 1129 1900 1156 detur-

1107 1177 1209 1209 hassct,
1228 1177 1279 1204 nisi
1304 1185 1365 1204 eam
1386 1180 1609 1209 conservassem,
1622 1176 1668 1210 qui
1687 1183 1748 1204 cum
1762 1176 1821 1210 ipsa
1840 1183 1900 1202 am-

1108 1223 1248 1250 bulabant.
1261 1223 1308 1250 llla
1323 1227 1415 1250 autem
1431 1223 1597 1250 conturbata
1615 1230 1649 1249 eo
1659 1221 1733 1257 quod
1749 1221 1898 1253 acciderat,

1108 1268 1294 1296 venerandum
1333 1268 1527 1296 ludiﬁcabatur
1551 1268 1690 1299 habitum,
1717 1272 1746 1295 ut
1772 1267 1798 1294 in
1820 1267 1900 1294 rebus

1108 1313 1269 1348 hujusmodi
1284 1313 1385 1347 solent,
1398 1314 1445 1348 qui
1464 1319 1530 1341 sunt
1543 1313 1634 1348 pusilli
1649 1317 1676 1340 et
1691 1312 1788 1348 abjccti
1803 1311 1898 1339 animi.

1108 1358 1157 1385 Cui
1173 1358 1243 1385 dixit
1256 1359 1279 1385 is
1289 1358 1408 1393 quierat
1422 1358 1599 1393 perfectusin
1613 1358 1758 1393 juventute
1775 1357 1898 1390 :Mulicr,

1107 1404 1164 1430 noli
1179 1412 1240 1431 eum
1262 1404 1402 1432 incessere
1418 1404 1586 1437 maledictis;
1604 1404 1673 1430 lueis
1687 1403 1759 1430 enim
1773 1402 1900 1430 manibus

1108 1451 1204 1478 venies
1216 1451 1249 1477 ad
1265 1450 1338 1478 hunc
1351 1451 1484 1478 habitum.
1500 1450 1562 1478 l‘lmc
1577 1450 1647 1478 dixit
1658 1455 1769 1477 sanctus
1780 1458 1787 1482 ;
1800 1454 1898 1476 etcum

1108 1497 1186 1523 multi
1215 1496 1281 1523 anni
1319 1497 1529 1531 praeteriisscnt,
1559 1496 1592 1524 ad
1623 1496 1748 1523 effectum
1778 1496 1902 1530 pervenit

1109 1542 1260 1576 praedictio,
1284 1550 1350 1570 cum
1366 1542 1424 1577 ipse
1444 1542 1554 1576 quidem
1578 1542 1677 1569 beatus
1699 1541 1795 1568 borum
1828 1545 1901 1569 esset

1108 1588 1221 1619 oblitus,
1244 1587 1343 1615 mulier
1362 1596 1426 1616 vero
1458 1588 1482 1615 ei
1509 1592 1667 1615 revocasset
1685 1587 1711 1614 in
1728 1587 1898 1619 memoriam,

1107 1637 1135 1660 ct
1146 1633 1298 1668 aperuisset
1307 1641 1370 1660 eum
1379 1641 1451 1666 esse,
1461 1634 1508 1673 qui
1518 1634 1577 1661 haec
1587 1638 1653 1661 tunc
1665 1634 1689 1660 ci
1701 1634 1899 1661 denuntiasset.

1412 1698 1528 1726 CAPUT
1554 1699 1588 1726 V.

1108 1754 1222 1783 Sanctus
1241 1756 1374 1783 Antonius
1405 1765 1465 1783 cum
1492 1758 1621 1784 veteribus
1640 1757 1690 1785 SS.
1712 1752 1878 1792 corripit/ratus
1891 1765 1902 1785 :

1338 1793 1476 1820 invocatus
1492 1793 1525 1819 ab
1544 1795 1670 1820 Auctore.

1145 1859 1191 1886 52.
1219 1859 1282 1887 Haec
1298 1866 1456 1888 sanctorum
1476 1862 1561 1896 Deus,
1591 1862 1638 1897 qui
1665 1863 1757 1890 omnia
1787 1862 1852 1890 facit
1876 1868 1903 1890 et

1109 1904 1302 1939 transformat,
1328 1906 1374 1941 qui
1397 1906 1445 1934 dat
1467 1907 1629 1935 alimentum
1649 1909 1723 1935 omni
1748 1909 1835 1940 carni,
1855 1910 1901 1943 qui

1110 1951 1198 1986 aperit
1211 1958 1337 1984 manum,
1349 1957 1376 1979 ct
1389 1953 1483 1988 implet
1497 1961 1577 1980 omne
1585 1955 1686 1980 animal
1696 1955 1901 1987 benedictione;

1109 1997 1158 2031 qui
1173 1997 1307 2032 gloriﬁcat
1324 2006 1382 2032 eos,
1399 1999 1446 2034 qui
1466 1999 1556 2034 ipsum
1571 2000 1736 2035 gloriﬁcant,
1752 2005 1778 2027 ct
1794 2005 1836 2027 est
1851 2001 1903 2026 mi-

1111 2042 1207 2070 rabilis
1232 2044 1259 2070 in
1282 2046 1386 2072 sanctis
1405 2046 1475 2073 suis.
1502 2045 1555 2073 Sed
1573 2046 1703 2080 quoniam
1723 2046 1796 2073 brevi
1819 2047 1904 2073 calice

1111 2088 1247 2116 orationis
1265 2095 1396 2126 tanquam
1415 2099 1515 2126 magno
1533 2091 1614 2122 mari,
1633 2091 1802 2119 admirabilis
1818 2092 1904 2118 Anto-

1111 2135 1168 2168 nii,
1193 2139 1220 2162 ct
1243 2136 1335 2170 magni
1363 2137 1434 2164 inter
1461 2138 1643 2172 patriarchas,
1670 2145 1783 2173 parvam
1821 2138 1903 2164 vitam

1111 2180 1266 2211 hausimus.
1281 2189 1330 2217 age
1343 2189 1376 2209 ex
1389 2183 1533 2210 doctorum
1548 2186 1754 2219 comparatione
1765 2185 1904 2212 discamus

258 2217 394 2252 ejulantes
423 2219 484 2254 (eos
496 2220 580 2253 enim,
599 2221 645 2255 qui
665 2222 827 2256 suntgloria
839 2222 971 2257 insignes,
986 2227 1291 2262 ntorstiscipulum.
1325 2228 1412 2256 Adam
1438 2229 1555 2256 habetur
1582 2231 1608 2256 in
1643 2231 1841 2263 admiratione,
1875 2236 1905 2258 ut

259 2264 348 2297 magis
363 2264 513 2299 exagitat);
533 2265 557 2292 ei
570 2272 661 2292 autern
678 2275 814 2301 nusquam
826 2273 885 2294 erat
901 2268 989 2295 morbi
1011 2276 1057 2296 so—

260 2309 340 2340 lutio,
363 2310 416 2336 nisi
433 2317 448 2336 a
472 2311 531 2337 solo
545 2312 638 2340 divino
653 2312 778 2340 Pastore.
798 2314 911 2342 Accedit
932 2314 1006 2342 enitn
1023 2315 1057 2343 ad

260 2361 323 2380 cum
346 2355 540 2389 dormientem,
555 2362 582 2384 et
605 2366 668 2385 cum
689 2366 752 2386 eum
771 2367 786 2386 e
802 2359 874 2387 lecto
890 2361 1055 2393 excitasset,

260 2399 380 2434 rogatit,
405 2402 637 2435 quemadmodum
662 2405 776 2432 morbus
803 2413 833 2433 se
853 2406 977 2434 haberet.
1004 2407 1056 2440 Qui

261 2449 375 2480 tangens
405 2451 487 2481 caput
514 2453 542 2475 et
567 2450 730 2482 membrum.
755 2451 828 2486 quod
850 2452 975 2484 dolebat,
1003 2461 1056 2480 non

261 2491 417 2519 l’manicum
435 2494 598 2529 remedium,
612 2504 701 2532 neque
716 2497 917 2525 medicamenta
929 2498 1057 2526 Chironis

261 2538 317 2565 suis
342 2539 499 2573 applicabat
524 2542 663 2574 manibus,
680 2542 762 2578 (nam
779 2551 868 2578 neque
887 2543 950 2572 aliis
963 2548 1006 2572 est
1023 2552 1056 2572 ex

261 2584 305 2611 his
333 2585 416 2612 rebus
443 2587 570 2622 curatio)
599 2589 646 2616 sed
675 2597 736 2617 cum
763 2590 935 2618 adhibuisset
963 2599 1056 2626 preces

263 2630 359 2658 marbo
380 2633 588 2667 convenientes,
606 2639 634 2662 et
651 2635 895 2670 incomparabilctu
921 2638 1055 2665 malorum

264 2679 422 2704 nostrorum
452 2683 610 2707 curatorem
645 2681 786 2708 Christum
815 2681 980 2715 invocasset,
1012 2683 1057 2711 ille

261 2720 369 2754 quidem
392 2722 525 2752 liberatur
540 2732 555 2752 a
573 2726 649 2761 gravi
665 2727 776 2761 morbo;
795 2735 875 2755 verus
898 2733 990 2756 autem
1007 2729 1057 2756 fuit

262 2773 373 2799 precum
389 2774 504 2798 eventus
518 2779 525 2798 :
542 2772 668 2807 protinus
683 2773 755 2800 enim
781 2774 932 2807 convaluit,
952 2775 1056 2810 absque

263 2810 459 2847 impedimento
480 2817 643 2846 miraculum
667 2820 805 2854 aperiens,
825 2820 890 2847 etin
907 2825 961 2848 lola
976 2821 1056 2849 domo

261 2865 338 2886 suam
356 2862 471 2891 salutent
491 2865 644 2894 celebrans.
662 2866 725 2894 "i130
742 2871 806 2894 sunt
825 2867 894 2894 facta
919 2867 1056 2902 pontiﬁcis

1112 2273 1279 2308 principium
1306 2279 1334 2300 ct
1354 2275 1429 2301 radix
1448 2276 1568 2310 generis.
1590 2276 1642 2304 Sed
1661 2277 1706 2303 hic
1728 2285 1839 2312 quoque
1856 2276 1905 2303 fuit

1110 2319 1239 2353 princeps
1255 2324 1284 2347 et
1297 2325 1394 2347 auctor
1411 2321 1572 2354 multorum,
1585 2322 1631 2357 qui
1644 2330 1700 2350 non
1716 2328 1781 2350 sunt
1798 2324 1853 2350 uati
1871 2331 1904 2350 «ι

1110 2365 1303 2399 conjunctione
1331 2374 1489 2402 corporum,
1506 2369 1553 2396 sed
1578 2374 1642 2396 sunt
1659 2370 1830 2404 multiplicati
1849 2369 1906 2403 spi-

1110 2410 1181 2438 ritali
1199 2411 1395 2446 conjunctione
1416 2422 1422 2440 :
1439 2414 1540 2448 quibus
1558 2422 1612 2442 non
1633 2416 1793 2450 obtigerunt
1818 2421 1905 2449 paene

1111 2462 1233 2490 paterna-
1249 2458 1453 2493 damnationis;
1477 2461 1523 2487 sed
1542 2461 1677 2488 donormn
1693 2462 1784 2496 potius
1797 2461 1906 2489 heredi-

1109 2507 1204 2536 tatem,
1222 2512 1319 2540 nempe
1346 2506 1428 2533 vitam
1460 2512 1603 2541 aeternam,
1626 2517 1680 2536 non
1705 2516 1833 2539 tuortcm,
1852 2509 1904 2536 sibi

1109 2548 1290 2576 eouciliarunt
1304 2559 1310 2576 :
1324 2557 1372 2585 per
1388 2559 1471 2586 quam
1481 2553 1645 2587 exprimitur
1660 2562 1722 2581 \‘era
1737 2559 1762 2581 et
1775 2561 1904 2589 germana

1108 2598 1224 2628 paterna
1249 2596 1389 2630 cognatio.
1420 2597 1453 2624 Et
1471 2598 1509 2625 illi
1527 2600 1637 2633 quidem
1666 2599 1751 2628 cessit
1781 2599 1902 2627 ferarum

1108 2644 1225 2673 natura;
1241 2642 1289 2668 sed
1304 2650 1358 2670 non
1381 2651 1488 2676 eorum,
1505 2647 1552 2681 qui
1570 2646 1645 2675 intus
1661 2652 1752 2680 erant,
1770 2654 1797 2676 et
1817 2651 1904 2676 colla-

1108 2685 1243 2715 bitabant.
1260 2687 1331 2715 Hinc
1354 2697 1468 2725 serpens
1489 2697 1516 2719 et
1532 2693 1636 2720 invidia
1650 2699 1677 2721 et
1692 2694 1772 2722 dolus
1786 2700 1902 2729 mortem

1108 2739 1172 2760 sunt
1197 2733 1333 2763 fabricati.
1358 2735 1409 2764 Hic
1434 2743 1525 2765 autem
1551 2739 1667 2774 imperio
1696 2742 1813 2769 rationis
1840 2749 1902 2768 cum

1108 2780 1240 2815 quidquid
1254 2787 1295 2809 est
1312 2782 1399 2810 ferum
1413 2789 1439 2812 ct
1456 2791 1564 2820 agreste
1579 2787 1743 2815 reddidisset
1760 2788 1901 2820 ohediens,

1109 2826 1215 2855 nullum
1235 2828 1348 2857 inimico
1365 2831 1399 2858 ad
1416 2831 1541 2859 fraudem
1562 2837 1655 2868 aptum
1677 2835 1904 2871 reliquitinstru-

1110 2879 1241 2901 montum.
1253 2874 1321 2903 Abel
1332 2876 1383 2904 fuit
1395 2878 1502 2912 primus
1515 2885 1644 2913 operator
1660 2881 1716 2910 Deo
1727 2890 1767 2909 ac.
1777 2888 1902 2918 cptnrum
