2075 3157
167 138 218 172 197

557 138 647 169 VITA
666 137 698 168 S.
718 135 879 167 ANTONII
898 135 1057 167 CAULE/E
1076 135 1328 167 PATRIARCHIE
1347 136 1402 166 (ΖΡ.

1748 139 1802 173 198

165 195 386 228 sacriﬁciorum;
402 192 450 221 sed
465 198 656 225 cruentarum,
672 197 700 220 et
712 192 799 227 partis
811 199 873 227 qua:
883 195 957 219 caret
971 198 996 227 Α
1045 190 1090 219 54.
1110 191 1179 218 Cum
1203 191 1279 219 Isaae
1304 191 1438 224 ascendit,
1460 191 1600 221 cmicstem
1627 199 1733 229 patrem
1750 205 1801 226 se-

164 243 282 271 ratione.
307 240 357 268 Hic
384 245 475 267 autem
499 239 640 266 sacrificus
664 237 798 265 ittcruenti
816 237 955 269 sacrificii,

165 289 245 324 cujus
264 289 310 315 illa
323 289 403 314 erant
419 290 500 321 typus
516 289 544 312 et
564 284 661 311 umbra
676 283 782 311 ratione
797 283 957 311 sacrificans

165 341 192 364 et
209 334 321 370 spiritu,
335 337 362 360 et
376 331 500 367 quotidie
517 330 638 365 seipsum
651 329 809 359 immolaris,
822 336 837 355 a
851 328 957 355 ratione

164 382 317 409 alienarum
347 379 432 406 animi
465 377 702 412 perturbationum
735 375 955 407 mortificatione,

164 433 222 455 erat
244 425 346 454 invidia
364 424 491 459 superior
506 428 533 451 et
549 423 608 458 ejus
621 423 742 459 fcetibus,
758 423 821 450 dolo
834 426 861 449 ct
873 421 956 453 caede,

163 478 190 501 et
214 473 342 500 universa
367 471 486 505 denique
515 469 598 496 simili
624 458 731 496 cdtena.
764 468 879 502 Magnus
905 467 958 494 fuit

165 517 249 550 Seth;
271 516 317 544 sed
339 516 435 542 habuit
451 518 564 549 nepotes
589 521 620 541 er
648 514 841 548 conjunctione
855 520 957 547 cogna-

166 562 258 594 tionis,
277 568 339 596 qme
364 559 476 587 fratrem
507 559 663 590 occiderat,
690 559 736 594 qui
770 559 958 593 magnitudine

165 614 312 643 corporum
328 605 521 633 describebant
547 604 641 632 delicti
656 604 883 639 magnitudinem.
907 603 957 631 Hic

165 660 230 680 vero
255 652 330 679 illius
350 651 462 686 quidem
480 650 608 677 virtutem
630 650 785 685 superavit;
803 650 838 677 iis
854 654 956 682 autem,

164 699 210 734 qui
226 707 257 726 ex
273 698 333 732 ipso
344 697 400 724 nati
412 701 492 724 erant
508 695 677 731 spiritaliter,
691 695 798 722 nullum
812 694 870 723 fere
880 695 958 722 dedit

165 743 270 771 aditum
287 750 336 777 per
352 742 423 769 bona
436 749 484 769 sua
497 744 632 776 praecepta
648 745 675 767 et
688 741 803 773 monita,
821 744 851 768 ut
865 744 958 768 essent

164 788 222 815 vitii
242 787 398 822 participes.
423 785 517 813 Enoch
531 790 558 812 et
579 785 636 812 Noe
653 785 698 812 ille
723 785 834 820 quidem
859 785 957 813 beatus

165 833 278 861 ducitur
305 837 415 867 propter
433 830 662 864 translationem;
687 830 732 858 hic
753 836 856 864 autem,
881 830 955 865 quod

1008 245 1096 273 quens
1111 237 1264 271 jubentem,
1282 244 1336 264 non
1361 237 1388 264 in
1411 239 1545 266 tumulum
1563 239 1693 274 aliquem,
1709 243 1756 270 sed
1774 244 1801 271 in

1009 288 1130 311 montem
1147 283 1291 315 virtutum,
1310 287 1425 310 onustus
1455 283 1536 319 lignis
1556 286 1739 314 continentiae.
1750 287 1804 315 Per

1008 333 1070 360 quae
1090 327 1117 353 in
1134 333 1181 353 ara
1197 326 1287 353 cordis
1307 325 1434 354 desiderii
1449 327 1482 354 ad
1502 328 1583 356 neum
1599 330 1687 365 ignem
1704 339 1802 360 accen-

1007 372 1087 403 dens.
1102 378 1131 398 se
1143 371 1261 398 hostiam
1279 371 1395 405 praebuit
1417 378 1567 407 acceptant.
1585 374 1695 402 Invenio
1709 381 1801 406 auten‘.

1008 426 1070 445 eum
1085 418 1163 445 valde
1186 425 1248 445 esse
1267 417 1352 445 Jacob
1371 419 1519 450 imitatum,
1537 428 1588 448 non
1603 422 1690 449 solum
1710 423 1736 449 in
1751 431 1785 450 co
1817 440 1820 446 η

1008 465 1081 500 quod
1099 472 1154 492 non
1172 464 1243 492 ﬁctis
1267 465 1392 493 moribus
1420 467 1494 493 varie
1519 467 1600 494 vitam
1615 475 1694 495 suam
1723 468 1788 495 insti
1817 476 1819 478 '

1007 511 1101 542 tuerit,
1116 511 1165 538 sed
1182 511 1265 538 etiam
1285 511 1312 537 in
1325 518 1368 542 eo,
1385 511 1458 545 quod
1475 513 1586 540 recessit
1613 521 1627 540 a
1653 515 1751 548 patria,
1775 522 1802 543 et

1008 557 1035 584 in
1051 551 1138 584 aliena
1157 558 1267 592 regione
1282 559 1379 592 degere
1393 559 1520 585 statuerit
1539 568 1545 586 :
1561 560 1607 586 sed
1623 567 1676 587 non
1693 567 1799 596 propter

1008 604 1238 632 cohabitationem
1249 604 1406 637 mulierum,
1419 613 1556 638 sororum,
1571 606 1617 633 sed
1628 614 1739 641 propter
1750 609 1804 635 vir-

1008 653 1095 676 tutum
1120 657 1246 677 sororum
1275 650 1454 683 desiderium,
1482 652 1733 686 contemplationis,
1759 654 1802 680 in-

1008 694 1101 730 quam,
1119 700 1145 722 et
1159 696 1291 728 actionis;
1317 700 1346 723 ut
1366 696 1473 723 actione
1495 697 1631 732 particeps
1646 703 1721 725 esset
1734 706 1804 726 con-

1009 742 1210 777 templationis,
1241 747 1268 769 et
1299 750 1361 777 qua:
1380 742 1491 777 quidem
1517 743 1549 770 ad
1578 751 1661 770 unum
1687 744 1802 778 fontem,

1011 796 1108 822 nempe
1126 788 1159 815 ad
1176 782 1294 823 primum
1320 788 1434 821 bonum,
1458 787 1616 816 referuntur
1637 794 1663 816 et
1677 791 1801 825 erigunt;

1008 842 1057 869 per
1073 842 1142 869 quas
1161 834 1388 869 multiplicatione
1408 835 1569 870 insignium,
1587 843 1640 862 non
1664 844 1678 863 a
1696 837 1804 865 ratione

167 886 250 906 onme
275 885 363 914 genus
382 877 564 904 animantium
589 875 761 904 conservarit
788 876 815 903 in
841 876 955 903 diluvio.
974 874 994 901 Β
1010 881 1161 907 alienarum
1175 881 1322 915 pecudum,
1340 881 1387 908 sed
1403 882 1510 909 ratione
1529 881 1717 916 pragdﬂarum,
1738 892 1802 912 ev“-

166 925 267 953 Noster
282 932 348 952 vero
365 924 411 951 hie
423 931 534 959 quoque
546 922 680 958 exemplis
695 929 749 950 non
770 922 896 955 inferior,
917 927 960 950 est

165 971 290 998 moribus
305 969 449 1005 superior:
463 973 490 996 et
505 969 649 996 translatio
660 976 714 995 non
726 968 808 996 habet
822 969 955 1002 lmtitiam,

165 1025 226 1053 quae
245 1025 294 1051 spe
317 1016 415 1043 mortis
447 1016 674 1050 interrumpatur,
694 1015 742 1042 sed
770 1015 832 1042 vitae
850 1021 960 1043 merita:

165 1063 306 1091 successio
325 1069 421 1097 puram
450 1063 567 1097 percipit
591 1062 757 1096 voluptatem
777 1070 784 1088 :
814 1066 841 1089 et
868 1066 959 1089 servat

165 1117 268 1142 arcam,
286 1117 341 1136 non
366 1108 475 1143 plenam
499 1108 686 1135 animantibus
704 1108 819 1135 rationis
839 1108 958 1142 experti-

166 1156 262 1188 tibus;
284 1155 331 1182 sed
358 1153 520 1186 Ecelesiam,
551 1153 631 1187 cujus
661 1153 705 1180 illa
720 1158 786 1180 sunt
813 1154 956 1188 imagines,

167 1201 243 1228 omni
263 1208 362 1235 genere
374 1204 401 1227 et
412 1205 492 1227 aelate
505 1200 623 1227 rationis
637 1199 803 1234 participum
817 1200 956 1228 refertam.

202 1248 247 1274 53.
265 1247 334 1274 Cum
345 1246 482 1274 Abraham
499 1246 634 1273 vocationi
654 1246 724 1280 ejus,
742 1246 788 1280 qui
801 1245 890 1281 ipsum
908 1254 958 1273 vo-

166 1293 259 1319 cavite
268 1296 382 1327 paterna
394 1292 486 1322 domo,
502 1291 664 1326 emigrando
674 1291 836 1326 peregrinus
845 1290 957 1318 effectus

163 1339 258 1374 paruit
273 1346 359 1373 usque
381 1338 415 1365 ad
432 1343 562 1365 mortem.
582 1336 635 1364 Sed
656 1337 700 1364 ille
717 1337 826 1371 quidem
849 1335 957 1371 fugiens

165 1391 287 1412 errorem
313 1384 404 1411 cultus
427 1385 595 1416 dannoaum,
611 1390 691 1417 quem
710 1381 805 1417 fugere
830 1382 872 1409 vel
893 1380 956 1416 ipsa

167 1430 249 1457 docet
261 1435 357 1457 natura
369 1434 396 1456 et
406 1437 494 1460 mens,
510 1436 571 1463 quae
584 1427 727 1455 dominatu
741 1427 888 1454 deterioris
903 1435 956 1454 non

166 1476 279 1502 omnino
290 1475 409 1510 perdidit
421 1475 474 1502 vim
489 1473 645 1509 judicandi,
657 1473 785 1501 tenebras
800 1477 827 1499 et
842 1477 956 1500 mortem

167 1521 227 1548 luce
248 1521 438 1553 commutavit,
456 1525 483 1548 et
496 1521 597 1554 pietate
616 1520 794 1555 impietatem,
814 1527 875 1554 qum
893 1523 959 1546 sunt

167 1575 211 1595 res
231 1575 279 1602 per
303 1575 332 1594 se
369 1567 527 1600 expetenda
554 1565 689 1593 universze
706 1570 821 1596 naturae,
838 1572 900 1599 quae
917 1569 959 1591 est

166 1613 307 1648 particeps
322 1613 449 1640 rationis.
462 1612 511 1639 llic
523 1617 616 1639 autem
630 1619 644 1638 a
658 1613 750 1646 pueris
766 1611 835 1638 lacte
849 1611 959 1645 pietatis

167 1660 316 1691 enutritus,
338 1663 365 1686 et
382 1658 476 1685 vivens
502 1658 529 1684 in
545 1658 590 1689 iis,
616 1665 677 1692 quae
700 1661 779 1684 erant
794 1656 958 1691 expetenda,

168 1705 284 1741 (nullius
303 1705 376 1732 enim
400 1704 438 1731 rei
467 1704 605 1739 fugiendae
620 1711 655 1730 ne
673 1703 818 1738 vestigium
848 1703 958 1737 quidem

168 1751 254 1778 ullum
271 1758 392 1786 unquam
408 1751 568 1784 admiserat)
588 1749 744 1785 perfectiori
758 1748 864 1784 judicio
884 1755 958 1783 qua:-

167 1798 245 1825 rcbat
258 1797 345 1833 magis
362 1797 436 1832 pium
456 1801 557 1824 statum
574 1801 600 1823 et
612 1796 700 1831 magis
715 1795 888 1830 eligendum;
903 1795 958 1822 vita

167 1844 263 1875 vitam,
278 1848 304 1871 et
321 1843 382 1870 luce
398 1843 499 1875 lucem,
516 1847 544 1870 et
557 1842 702 1878 eligendis,
716 1846 746 1869 ut
758 1842 843 1870 semel
856 1842 958 1876 dicam,

167 1893 328 1925 permutans
346 1889 433 1925 magis
449 1889 584 1924 eligenda.
600 1888 740 1921 Quantum
766 1895 831 1916 vero
847 1888 960 1916 interest

168 1935 241 1962 inter
256 1935 393 1970 eligenda,
406 1940 434 1962 et
447 1942 478 1962 ea
491 1942 553 1970 quae
569 1939 634 1962 sunt
648 1935 735 1969 magis
746 1934 887 1969 eligenda;
900 1939 960 1961 tan-

168 1983 226 2006 tum
243 1979 327 2006 etiam
349 1978 463 2006 omnino
481 1978 597 2006 interest
619 1978 690 2005 inter
703 1985 751 2006 eos
775 1978 820 2012 qui
843 1978 956 2013 eligunt.

170 2023 222 2051 Sed
241 2024 379 2051 Abraham
408 2024 520 2058 quidem
545 2031 593 2052 eos
610 2024 731 2058 hospitio
746 2023 897 2058 accipiens,
912 2023 959 2058 qui

169 2071 325 2098 transibant
341 2078 390 2106 per
404 2071 535 2104 Mambre,
552 2072 636 2099 semel
656 2070 816 2105 imprudens
841 2070 960 2104 hospitio

168 2117 275 2152 accepit
295 2117 418 2152 angelos.
437 2117 486 2144 Hic
501 2125 566 2144 vero
583 2117 668 2144 totius
691 2116 765 2145 orbis
793 2121 873 2144 terra
892 2123 961 2150 pau-

170 2170 250 2197 peres
266 2169 397 2198 perpetuo
423 2164 574 2198 excipiens,
604 2163 744 2191 Christum
776 2162 897 2197 hospitio
913 2170 961 2196 per

1011 925 1047 953 sit
1067 926 1182 960 insignis
1198 925 1268 952 inter
1285 926 1466 960 patriarchas.

1045 971 1090 998 55.
1109 972 1201 997 Aaron
1221 971 1273 998 fuit
1295 971 1400 1006 primus
1426 971 1565 1005 pontifex,
1596 971 1644 999 sed
1671 973 1751 1007 typici
1776 978 1803 1000 et

1011 1017 1166 1045 umbratilis
1193 1017 1372 1044 tabernaculi.
1397 1017 1448 1044 llic
1473 1022 1563 1044 autem
1586 1018 1654 1050 veri,
1674 1023 1701 1045 et
1725 1018 1804 1052 cujus

1009 1062 1075 1089 illud
1092 1067 1150 1089 erat
1166 1061 1262 1097 figura.
1282 1063 1350 1090 Cum
1369 1062 1443 1089 Mose
1456 1061 1509 1089 fuit
1525 1062 1584 1089 Dux
1602 1064 1664 1090 novi
1681 1063 1801 1091 lsraelis.

1009 1107 1078 1134 Cum
1098 1107 1225 1135 Samuele
1245 1107 1295 1135 fuit
1319 1115 1397 1135 sacer
1415 1108 1449 1135 ab
1472 1109 1605 1141 infantia,
1630 1113 1656 1136 et
1671 1109 1704 1136 ad
1723 1117 1802 1137 sene-

1009 1157 1111 1180 ctutem
1137 1161 1224 1187 usque
1245 1152 1299 1180 Deo
1321 1154 1455 1180 serviens.
1480 1153 1606 1181 Imitatus
1630 1160 1672 1181 est
1695 1155 1803 1182 Davidis

1009 1201 1258 1232 mnsuetudinem,
1285 1204 1322 1231 et,
1339 1200 1361 1226 si
1379 1200 1432 1230 vis.
1445 1200 1528 1226 etiam
1547 1199 1734 1227 fortitudinem
1754 1206 1803 1228 :ut

1008 1246 1055 1281 qui
1068 1253 1121 1272 non
1140 1245 1272 1272 adversus
1287 1244 1407 1277 Goliath,
1426 1245 1565 1272 hominem
1583 1246 1728 1280 quemdam
1746 1254 1804 1273 ma-

1007 1290 1150 1326 gnitudine
1172 1291 1295 1326 corporis
1319 1291 1492 1325 gloriantem,
1515 1298 1545 1318 se
1569 1295 1643 1318 recte
1666 1292 1800 1326 gesserit;

1008 1338 1055 1365 sed
1083 1337 1214 1364 adversus
1236 1337 1343 1364 Goliath
1370 1337 1417 1372 qui
1436 1337 1586 1372 percipitur
1601 1337 1780 1373 intelligentia
1793 1358 1801 1372 ,

1009 1384 1170 1420 malignum,
1186 1384 1310 1418 inquam,
1323 1387 1350 1411 et
1364 1383 1464 1417 carnis,
1480 1388 1618 1418 expertem
1639 1385 1803 1418 daamonem,

1009 1439 1070 1457 cum
1096 1431 1172 1465 virga
1189 1430 1366 1457 continentia:
1387 1438 1514 1464 egressus
1534 1434 1576 1458 est
1598 1430 1673 1465 virga
1689 1430 1761 1464 fidei,
1778 1437 1805 1458 et

1010 1475 1169 1509 praeclarum
1194 1475 1282 1502 erexit
1309 1480 1453 1511 tropzeum.
1481 1475 1556 1503 Elias
1578 1476 1672 1511 effugit
1690 1476 1804 1504 insidias

1011 1520 1156 1549 Jezabclis.
1178 1520 1227 1548 llic
1252 1526 1343 1549 autem
1362 1521 1477 1549 insidias
1502 1522 1668 1556 impudentis
1688 1524 1802 1557 peccati.

1012 1567 1112 1594 Habuit
1131 1576 1192 1594 cum
1210 1567 1310 1595 Elismo
1333 1568 1469 1602 duplicem
1495 1568 1614 1603 Spiritus
1629 1569 1757 1604 gratiam,
1775 1575 1804 1597 ut

1010 1614 1057 1648 qui
1073 1613 1233 1640 monasticis
1249 1616 1276 1639 et
1291 1613 1508 1640 sacerdotalibus
1524 1613 1605 1640 donis
1624 1619 1696 1640 esset
1719 1621 1804 1641 orna-

1011 1665 1064 1687 tus.
1078 1659 1111 1685 Et
1126 1664 1155 1686 ut
1170 1666 1228 1691 eos,
1243 1659 1290 1692 qui
1306 1659 1489 1692 intercedunt,
1513 1660 1674 1687 omittamus
1693 1665 1804 1695 propter

1010 1704 1226 1737 multitudinem,
1237 1704 1364 1737 Joannis,
1379 1705 1461 1732 vitam
1473 1713 1527 1732 non
1540 1713 1624 1740 agens
1637 1706 1802 1738 solitariam,

1011 1750 1037 1778 in
1053 1750 1141 1777 media
1167 1750 1276 1777 civitate
1300 1750 1423 1778 imitatus
1451 1755 1494 1778 est
1517 1751 1732 1786 philosophiam.
1754 1752 1804 1779 Hic

1011 1803 1120 1830 quoque
1144 1795 1215 1830 quod
1244 1796 1278 1823 ad
1303 1803 1333 1824 se
1363 1796 1508 1829 attinebat,
1537 1797 1654 1825 habebat
1678 1805 1802 1825 mensam

1011 1841 1114 1875 absque
1131 1841 1186 1868 ullo
1202 1845 1346 1876 apparatu,
1362 1847 1389 1868 et
1402 1842 1447 1869 hic
1460 1849 1493 1869 ex
1507 1842 1569 1876 pilis
1586 1847 1714 1870 contexta
1729 1848 1804 1870 veste

1011 1894 1112 1921 corpus
1137 1889 1255 1921 tegebat,
1282 1891 1309 1915 et
1330 1888 1414 1915 veluti
1442 1889 1559 1922 quadam
1585 1889 1697 1923 pellicea
1718 1897 1802 1922 zona,

1011 1942 1108 1970 nempe
1128 1936 1364 1970 perturbationum
1385 1935 1470 1962 animi
1489 1935 1709 1967 tuortificatione,
1731 1936 1804 1962 lum-

1011 1980 1060 2007 hos
1087 1988 1153 2007 suos
1170 1979 1384 2015 constringebat,
1406 1984 1433 2006 ct
1448 1980 1482 2006 ad
1498 1987 1560 2006 eum
1578 1979 1733 2006 confluebat
1749 1986 1802 2007 non

1012 2032 1067 2052 una
1084 2026 1199 2058 civitas,
1220 2033 1308 2060 neque
1334 2033 1387 2053 una
1408 2033 1486 2058 gens,
1505 2025 1553 2053 sed
1571 2026 1658 2053 turba:
1680 2025 1804 2060 plurimae

1011 2073 1112 2107 populo
1129 2072 1279 2107 frequentis
1296 2073 1424 2104 civitatis,
1442 2073 1563 2099 collectae
1574 2079 1606 2099 ex
1620 2080 1702 2099 omne
1717 2080 1804 2107 genus

1012 2119 1139 2154 gentibus
1153 2124 1180 2146 et
1192 2119 1360 2150 civitatibus,
1379 2122 1433 2145 tam
1448 2117 1607 2149 orientales,
1628 2125 1709 2151 quam
1732 2117 1805 2144 occi—

1013 2165 1151 2198 dentales;
1167 2173 1220 2192 non
1244 2172 1313 2199 aqua
1339 2165 1483 2199 ﬁngendae,
1500 2163 1548 2191 sed
1572 2163 1708 2198 spirituali
1728 2163 1803 2198 puri-

170 2214 255 2237 totam
282 2209 366 2236 vitam
381 2209 545 2244 excipiebat,
573 2210 619 2244 qui
636 2202 767 2237 ineffabili
794 2208 961 2243 benignitate
979 2220 999 2247 υ
1015 2211 1125 2238 ﬁcandac
1141 2211 1282 2245 mysterio,
1299 2210 1371 2245 quod
1392 2209 1572 2244 peragebatur
1586 2209 1685 2236 divinis
1700 2209 1804 2236 instru-

169 2263 214 2287 ea,
235 2263 295 2290 quae
310 2260 375 2284 sunt
391 2256 513 2289 illorum,
526 2256 576 2283 sibi
589 2256 715 2283 attribuit
736 2265 742 2283 :
767 2263 814 2290 per
832 2263 891 2289 quae
907 2262 960 2281 non

170 2301 197 2328 in
213 2301 304 2336 specie
329 2301 500 2336 angelorum,
519 2301 567 2329 sed
585 2302 613 2328 in
631 2301 669 2329 rei
690 2302 812 2331 veritate.
838 2301 961 2328 Omnium

169 2347 334 2375 effectricem
351 2347 516 2375 Trinitatem
537 2348 564 2375 in
586 2347 705 2375 animam
724 2348 883 2379 admittens,
908 2355 961 2374 non

171 2392 269 2419 habuit
283 2393 495 2426 promissionem
521 2393 601 2420 unius
619 2393 666 2419 ﬁlii
682 2393 729 2427 qui
745 2393 850 2419 carnali
866 2397 963 2427 przcler

171 2446 250 2472 spem
267 2443 326 2465 erat
338 2439 498 2466 nasciturus
515 2438 732 2473 conjunctione;
751 2438 798 2465 sed
817 2442 847 2465 ut
864 2439 963 2465 multo-

169 2492 230 2510 rum
250 2485 342 2518 potius
368 2484 485 2511 filiorum
506 2485 602 2512 activae
616 2483 797 2519 philosophia:
822 2484 962 2519 conjugio,

169 2530 195 2556 in
216 2530 315 2565 spiritu
343 2535 488 2557 vocaretur
505 2535 594 2565 pater,
613 2530 709 2557 imbuit
738 2530 961 2565 promissionem,

170 2580 197 2602 et
215 2581 316 2611 praeter
330 2583 406 2612 spem
423 2577 490 2604 vidit
508 2576 764 2610 multiplicationem
779 2576 888 2610 dignam
899 2584 964 2611 pro--

170 2622 316 2655 missione,
333 2627 363 2650 ut
377 2622 424 2658 qui
444 2629 499 2650 non
515 2626 700 2650 trecentorum
727 2630 875 2650 vernarum
893 2622 965 2650 irru-

172 2669 285 2702 ptione,
313 2670 462 2696 multorum
494 2677 589 2703 regum
615 2669 780 2703 represserit
807 2669 961 2704 impetum;

170 2714 219 2741 scd
247 2714 321 2741 virili
350 2715 452 2750 impetu
488 2715 631 2750 tripartite:
658 2716 772 2747 animat,
806 2716 963 2742 universam

168 2762 302 2789 everterit
319 2762 406 2790 aciem
423 2770 532 2794 eorum,
555 2762 603 2797 qui
629 2761 806 2795 invadebant,
823 2767 852 2790 et
872 2768 966 2798 tyran-

171 2807 235 2835 uice
248 2807 288 2841 id,
302 2809 375 2844 quod
397 2813 441 2836 est
455 2812 615 2844 cognatum,
630 2816 679 2844 per
702 2809 869 2844 voluptatem
891 2810 963 2838 redi-

170 2853 275 2888 get-ant
287 2854 314 2882 in
329 2855 528 2890 captivitatem,
542 2854 594 2884 sub
609 2855 671 2882 ficta
687 2855 762 2890 regni
780 2857 880 2890 specie.

1014 2256 1114 2283 mentis
1126 2255 1199 2282 illius
1212 2263 1310 2282 manus
1323 2259 1349 2281 ct
1367 2254 1475 2289 linguae,
1491 2258 1519 2280 et
1536 2253 1661 2280 initiabat
1681 2261 1739 2285 eos,
1757 2254 1806 2288 qui

1013 2300 1197 2334 dignabantnr
1210 2299 1404 2327 connnunione
1419 2298 1522 2325 deifirze
1539 2299 1769 2332 participationis.

1049 2345 1093 2372 56.
1122 2345 1316 2380 Apostolorum
1346 2348 1437 2371 autem
1468 2351 1587 2379 sequens
1616 2343 1756 2371 doctrinas
1779 2349 1806 2371 et

1014 2393 1186 2433 traditiones,
1206 2397 1232 2420 et
1252 2393 1291 2420 eis
1304 2400 1380 2420 suam
1397 2393 1480 2419 vitam
1502 2399 1609 2432 semper
1625 2399 1804 2427 componens.

1014 2429 1094 2466 factis
1116 2447 1276 2474 germanum
1301 2439 1477 2466 confirmavit
1492 2429 1665 2474 martyrium,
1691 2438 1717 2465 in
1732 2438 1807 2473 quod

1015 2489 1166 2520 martyrum
1192 2485 1280 2511 zelum
1309 2484 1420 2511 haberet
1437 2492 1487 2519 pro
1512 2484 1624 2519 pietate,
1644 2488 1670 2510 et
1685 2484 1808 2518 quotidie

1015 2539 1064 2558 sua
1082 2535 1234 2558 moreretur
1245 2530 1429 2563 conscientia;
1447 2530 1663 2557 monasticorum
1682 2529 1805 2556 laborum

1014 2578 1143 2605 diuturna
1170 2581 1197 2604 et
1217 2576 1314 2604 acerba
1339 2577 1534 2611 perpessione:
1560 2575 1632 2611 quod
1658 2575 1806 2610 martyrica

1015 2624 1114 2651 virtute
1138 2623 1212 2651 nulla
1242 2623 1269 2650 in
1299 2630 1328 2650 re
1345 2626 1387 2650 est
1411 2622 1555 2657 abjectius.
1584 2621 1713 2649 Omnium
1740 2628 1807 2655 ergo

1015 2675 1172 2697 sanctorum
1195 2674 1223 2696 et
1248 2669 1398 2703 justormn,
1425 2668 1532 2695 illorum
1564 2666 1675 2701 quidem
1704 2673 1805 2698 tnores,

1015 2716 1114 2744 horum
1133 2723 1198 2743 vero
1214 2722 1338 2746 cursum,
1361 2715 1477 2743 aliorum
1493 2718 1583 2740 autem
1599 2712 1746 2743 actionem,
1768 2711 1807 2738 si-

1016 2763 1072 2790 mul
1086 2770 1153 2790 vero
1167 2761 1290 2789 omnium
1307 2761 1340 2788 ad
1357 2761 1474 2796 primum
1493 2759 1606 2790 bonum,
1622 2757 1807 2785 vehementis-

1017 2808 1116 2836 simum
1131 2812 1157 2836 et
1170 2807 1425 2835 constantissimum
1442 2805 1564 2833 imitatus
1578 2808 1618 2833 est
1628 2804 1804 2832 desiderium.

1017 2855 1077 2888 Quo
1093 2863 1166 2883 nunc
1183 2860 1276 2890 aperte
1295 2854 1400 2887 fruens,
1425 2858 1553 2888 protegas
1574 2857 1600 2881 et
1624 2852 1767 2882 defendas.
1791 2859 1808 2877 ο
