2075 3157
263 165 316 198 199
848 157 1026 188 ANDREAS
1045 156 1082 186 CA

1080 153 1302 186 ESARIENSIS
1844 146 1899 180 200

262 221 386 250 divinum
408 223 435 247 et
452 224 562 245 sacrum
579 221 672 252 caput,
690 223 799 243 sacrum
815 223 936 251 gregem,
953 219 981 241 et
1003 213 1058 240 tuis
1071 217 1097 246 Α
1109 220 1202 240 serves
1223 217 1319 238 navem
1341 209 1367 236 in
1383 213 1441 236 tuto
1460 211 1538 243 portu
1562 205 1660 233 divinae
1675 203 1900 252 tranquillitatis.

263 267 390 301 precibus
403 265 550 292 corrobora
562 251 668 298 sceptra
683 262 803 297 pietatis,
818 266 845 289 et
859 268 970 288 manum
986 267 1054 294 prre-
1106 266 1203 287 omnes
1220 257 1319 285 sedans
1336 255 1458 282 Iurbines
1472 259 1500 282 et
1511 256 1686 287 tempestates
1698 251 1900 300 improborum:

264 300 329 341 beas
347 313 397 347 piae
424 310 561 346 potentiae,
582 309 676 336 mundi
698 316 779 336 curas
805 315 866 335 eum
885 315 918 334 eo
943 305 1056 341 partici:
1107 310 1135 332 et
1157 304 1277 331 obruens
1300 302 1419 328 insultas
1444 300 1630 347 inimicorum,
1654 301 1709 324 tam
1732 303 1839 347 eorum,
1856 304 1902 346 qni

266 367 333 394 paus
376 364 402 385 et
418 342 571 384 inter-cedas
588 355 658 390 apud
686 355 770 381 Deum
789 354 922 381 assistens
938 353 997 379 sine
1013 352 1055 377 in-
1108 350 1160 377 sub
1173 349 1267 376 oculos
1298 347 1417 378 cadunt,
1446 353 1528 380 quam
1561 344 1608 378 qui
1643 342 1843 394 n_on"cadunt,
1876 342 1901 392 in

267 388 441 431 iermissiunc
464 409 514 436 pro
529 409 572 433 eo,
599 388 671 436 quod
696 400 792 430 orasti.
820 406 882 426 cum
898 406 973 425 esses
994 405 1055 424 cum
1109 395 1220 422 Christo
1237 393 1301 421 .lesu
1321 393 1436 420 Domino
1458 396 1563 422 nostro,
1582 391 1625 417 cui
1640 389 1726 423 gloria
1741 388 1903 436 ctpotentin

267 449 338 483 ipso,
355 453 381 476 et
392 449 451 483 ejus
465 434 528 474 vitm
541 434 688 474 interesses
702 455 708 472 :
725 450 752 472 et
765 445 933 472 mundanam
950 444 974 471 ei
991 451 1058 470 con-
1110 449 1183 468 nunc
1198 445 1225 468 et
1239 447 1358 474 semper,
1374 443 1401 466 ct
1417 438 1445 465 in
1460 437 1560 465 saucula
1576 436 1750 467 saeculorum,
1768 434 1866 461 Atucn.

273 549 1894 577 Μ

1811 561 1893 568 --η

828 661 1336 756 ANDREAS

440 840 736 886 CJESARE/E
774 834 1162 883 CAPPADOCIIE
1202 829 1734 877 ABCHIEPISCOPUS.

940 1041 1243 1098 NOTITIA

766 1165 833 1196 (Cas.
844 1164 931 1193 Ouum,
948 1163 981 1188 De
998 1161 1084 1193 script.
1097 1161 1192 1190 κείω,
1207 1163 1266 1185 tom.
1283 1159 1313 1191 ll,
1326 1167 1350 1191 p.
1363 1159 1394 1184 95
1407 1159 1416 1191 )

310 1339 433 1367 Andreas
445 1337 577 1365 Caesarea!
592 1335 783 1370 Cappadocum
799 1335 1034 1370 archiepiscopus,
1050 1335 1083 1363 de
1097 1343 1153 1371 quo
1169 1335 1270 1363 eximie
1290 1335 1455 1363 Guillelmus
1467 1334 1557 1363 Cavus
1569 1334 1596 1362 in
1612 1334 1736 1362 Historia
1750 1335 1910 1369 scriptorum

274 1383 527 1412 ecclesiasticarum,
547 1380 580 1406 ad
596 1387 697 1406 annum
712 1378 772 1406 500.
793 1387 854 1415 pag.
869 1379 931 1411 579,
948 1379 991 1406 his
1008 1379 1099 1406 verbis
1115 1388 1121 1406 :
1140 1389 1150 1405 ‹
1172 1379 1293 1407 Andreas
1320 1379 1452 1407 Caesarea:
1463 1379 1655 1414 Cappadocum
1673 1379 1910 1413 archiepiscopus.

275 1427 375 1454 vixisse
391 1425 499 1452 videtur
515 1424 590 1450 circa
608 1423 712 1450 exitum
729 1423 816 1450 seculi
831 1431 857 1450 vt
876 1431 907 1450 ac
928 1423 1051 1451 lloruisse
1067 1431 1140 1450 anno
1155 1423 1220 1450 500.
1235 1423 1341 1451 Incerta
1361 1423 1433 1450 enim
1453 1430 1568 1458 prorsus
1591 1423 1666 1451 illius
1684 1427 1762 1455 aetas,
1778 1430 1828 1450 nec
1855 1422 1909 1450 ulla

274 1471 334 1504 ejus
350 1469 421 1504 apud
447 1473 555 1495 veteres
575 1467 689 1493 mentio.
713 1466 739 1492 Id
761 1471 865 1493 tantum
890 1470 1008 1499 certum,
1034 1474 1096 1493 eum
1121 1471 1184 1502 post
1202 1467 1334 1494 Basiliam
1355 1474 1386 1494 ac
1401 1466 1531 1502 Cyrillum
1559 1467 1774 1494 Alexandrinum
1801 1472 1829 1494 et
1846 1471 1910 1495 ante

275 1514 406 1542 Aretham
421 1512 620 1539 Ctesarienscm
636 1510 791 1545 scripsisse.
811 1510 929 1545 Scripsit
941 1510 979 1538 .ad
1003 1510 1152 1537 Macarinm
1174 1509 1321 1544 quemdam
1343 1510 1554 1537 Commentarios
1572 1511 1600 1537 in
1621 1510 1819 1546 Apocalypsim,
1841 1517 1910 1545 quos

274 1558 371 1585 Latine
398 1556 480 1583 vertit
495 1556 657 1582 Theodorus
675 1554 814 1585 Peltanus.
842 1554 906 1582 Soc.
921 1554 998 1582 Jesu.
1015 1555 1131 1582 Exstant
1148 1553 1353 1581 Graeco-Latine
1378 1554 1412 1581 ad
1431 1553 1511 1581 ﬁnem
1532 1554 1801 1581 Commentariorum
1822 1554 1910 1580 sancti

273 1600 465 1637 Chrysostomi
484 1600 511 1626 in
529 1599 704 1634 Euangelinm
733 1598 859 1631 Joannis,
886 1599 913 1625 in
929 1599 1050 1626 editione
1066 1597 1223 1625 Morelliana
1239 1603 1314 1624 tomo
1331 1596 1398 1624 Vill.
1417 1607 1426 1623 ›
1449 1598 1488 1624 ita
1503 1597 1593 1625 Carus
1609 1597 1666 1624 fere
1691 1597 1857 1624 verbotenus
1877 1605 1912 1623 ex

275 1645 454 1676 Bellarmino,
475 1651 555 1678 quem
571 1644 655 1670 etiam
674 1650 729 1669 non
753 1643 924 1669 nominatum
941 1642 1094 1676 expressit;
1111 1649 1193 1676 quam
1222 1641 1289 1668 mihi
1308 1642 1417 1676 culpam
1439 1647 1494 1668 tam
1520 1649 1592 1676 saepe
1615 1642 1716 1673 Carus,
1737 1641 1805 1668 alius
1828 1643 1910 1668 etiam

275 1697 346 1723 smpc
361 1688 532 1720 exscribens,
557 1686 715 1721 exprobrat.
739 1685 831 1712 Unum
852 1690 943 1712 tamen
967 1685 1151 1713 Bellarminus
1166 1684 1250 1717 addit.
1273 1687 1345 1720 quod
1361 1686 1451 1713 Carus
1472 1687 1635 1721 suppressit,
1652 1694 1749 1720 nempe
1762 1686 1828 1721 quia
1848 1694 1911 1713 cu.n

276 1742 330 1760 non
355 1733 467 1768 legisset
492 1731 713 1759 Commentarios
729 1731 799 1758 istos
815 1730 932 1757 Andreae
953 1730 1130 1758 Cmsariensis
1156 1730 1267 1756 nomine
1286 1729 1445 1764 inscriptos,
1472 1737 1566 1757 errare
1583 1735 1646 1764 post
1663 1730 1859 1757 Bellarminum
1876 1730 1912 1756 ti-

276 1778 355 1804 muit.
371 1777 454 1803 Addit
473 1783 538 1810 ergo
555 1775 749 1806 Bellarminus,
765 1774 903 1801 Andream
919 1774 946 1800 in
962 1773 1165 1801 Commentario
1181 1772 1319 1800 Basiliam
1340 1773 1533 1801 Cwauriensem
1548 1781 1615 1807 saepe
1630 1774 1724 1801 citare.
1741 1773 1818 1806 Quod
1838 1779 1913 1800 certe

276 1821 375 1848 falsum
389 1825 441 1853 est,
459 1827 539 1854 quem
557 1826 590 1846 ne
607 1818 691 1845 semel
707 1818 818 1853 quidem
831 1817 858 1844 in
879 1817 1077 1845 Commentario
1091 1824 1142 1845 suo
1155 1816 1278 1844 Andreas
1292 1816 1429 1851 allegavit,
1444 1817 1507 1845 licet
1519 1817 1701 1852 plurimorum
1715 1817 1825 1844 Patrum
1842 1817 1911 1844 alio-

275 1873 337 1892 rum
354 1869 381 1892 et
393 1864 476 1891 verba
489 1867 521 1891 et
538 1870 637 1889 nomen
649 1863 676 1889 in
691 1870 774 1897 opere
789 1869 839 1889 suo
857 1862 1037 1897 expresserit.
1052 1861 1138 1890 Porro
1152 1868 1220 1889 mss.
1238 1861 1346 1888 codices
1358 1860 1439 1896 hujus
1452 1861 1663 1894 Commentarii,
1685 1861 1806 1889 maxime
1820 1861 1847 1888 in
1870 1861 1912 1889 bi-

276 1908 422 1936 bliothecis
438 1907 558 1938 variant,
575 1910 606 1933 ut
624 1906 706 1933 habet
726 1905 892 1934 Lambecius
910 1905 981 1933 libro
997 1914 1022 1933 IV
1036 1914 1083 1933 seu
1098 1910 1172 1932 torno
1187 1905 1454 1933 Commentariorum
1471 1905 1643 1933 bibliothecae
1658 1905 1791 1933 Caesarea:
1807 1904 1911 1932 Vindo-

276 1952 419 1982 bonensis,
436 1951 469 1978 ad
486 1951 596 1978 codices
614 1957 681 1976 mss.
701 1948 871 1984 theologicos
885 1948 995 1977 Graecos
1010 1950 1070 1982 172,
1089 1950 1140 1977 175
1154 1954 1181 1976 et
1201 1949 1263 1982 ΓΗ,
1280 1956 1342 1984 pag.
1362 1949 1426 1982 180,
1441 1950 1483 1977 his
1496 1950 1587 1977 verbis
1606 1958 1612 1977 :
1905 1950 1908 1952 ’

316 2005 325 2021 ι
343 1996 435 2022 Codex
452 2003 504 2022 ms.
519 1994 705 2028 Theologicus
719 1993 832 2021 Graecus
848 1993 909 2026 172,
930 1997 970 2021 est
989 1994 1161 2025 chartaccus.
1178 1992 1354 2020 mediocriter
1369 1993 1511 2028 antiquus,
1528 1994 1554 2020 in
1572 1993 1648 2026 folio,
1663 1997 1826 2028 constatque
1839 1992 1913 2020 foliis

278 2040 340 2070 ΕΟ,
356 2045 383 2067 et
399 2039 432 2066 ad
449 2039 587 2066 Andream
599 2037 768 2064 Taumarum
784 2037 988 2072 Epidauriotam
1002 2037 1066 2065 olim
1080 2037 1221 2072 pertinuit.
1238 2036 1403 2064 Continetur
1419 2044 1463 2070 eo,
1481 2037 1592 2064 Andron:
1614 2036 1785 2064 thsaricnsis
1800 2038 1827 2064 in
1841 2037 1912 2071 Cap-

277 2085 403 2120 padocia,
421 2083 611 2118 archiepiscopi
628 2082 840 2110 Commentarins
856 2083 883 2109 in
899 2082 1084 2117 Apocalypsin:
1098 2082 1186 2108 sancti
1201 2080 1314 2108 Joannis
1325 2081 1440 2115 apostoli
1454 2086 1478 2108 et
1493 2081 1673 2116 euangelium.
1689 2081 1768 2115 cujus
1789 2080 1913 2115 praelatio

277 2128 441 2156 inscribitur
462 2132 544 2162 atque
562 2127 659 2162 incipit
675 2127 727 2154 hoc
743 2127 824 2153 modo
839 2136 845 2153 :
870 2126 993 2161 Ἀνδρέου
1009 2126 1096 2161 ἀρχιετ

1094 2125 1227 2152 πισκόπου
1245 2125 1417 2160 Καισαρείας
1438 2125 1640 2156 Καππαδοκίας
1655 2124 1797 2159 ἐπιστολή.
1818 2126 1913 2161 Κυρίῳ

278 2178 329 2204 μου
342 2169 449 2204 ἀδελφῷ
463 2170 510 2196 καὶ
526 2168 740 2204 συλλειτουργῷ.
752 2168 886 2199 Πολλάκις
902 2168 1026 2203 αἰτηθεὶς
1043 2169 1119 2203 παρὰ
1134 2169 1240 2196 πολλῶν
1255 2169 1284 2202 ἐξ
1300 2170 1422 2204 ἀγάπης,
1440 2169 1555 2204 μείζονα
1569 2169 1618 2204 τῆς
1633 2169 1702 2204 ἐμῆς
1715 2169 1857 2204 δυνάμεως
1874 2169 1913 2201 ὡς

277 2213 436 2248 ἐσχηκότων
462 2213 609 2247 ὑπόληψιν,
636 2217 689 2240 etc.
713 2213 773 2247 lpse
789 2218 881 2238 autem
896 2211 1096 2239 Commentariu

1093 2220 1116 2240 ts
1135 2213 1232 2249 incipit
1252 2214 1295 2241 his
1312 2213 1427 2241 verbis:
1449 2213 1635 2248 Ἀποχάλυψις
1657 2212 1707 2247 μὲν
1723 2212 1796 2239 ἔστιν
1818 2213 1834 2247 ἡ
1857 2212 1912 2238 τῶν

277 2256 409 2290 κρυπτῶν
425 2255 584 2290 μυστηρίων
599 2256 726 2290 δήλωσις.
743 2255 987 2289 καταυγαζομένου
998 2255 1046 2281 τοῦ
1059 2256 1227 2291 ἡγεμονικοῦ
1240 2258 1295 2284 εἴτε
1315 2257 1359 2284 διὰ
1375 2257 1455 2284 θείων
1469 2257 1628 2292 ὀνειράτων,
1645 2256 1712 2287 εἴτε,
1730 2261 1785 2283 etc.
1804 2255 1914 2284 Prin-us

283 2300 357 2326 hunc
373 2299 620 2330 Commentariun),
635 2299 681 2325 sed
696 2298 792 2325 Latine
807 2302 912 2324 tantum
927 2298 1014 2325 edidit
1029 2298 1190 2328 Theodorus
1202 2300 1331 2328 Peltanus
1349 2300 1411 2328 Suc.
1429 2301 1504 2333 Jesu,
1522 2293 1688 2336 lngolstadii,
1709 2300 1781 2335 typis
1804 2299 1914 2327 Davidis

283 2342 400 2368 Sarlorii
423 2341 505 2373 1584,
524 2341 597 2368 ἱη-ι.
614 2341 715 2368 Eodem
731 2348 839 2375 quoque
855 2341 936 2368 modo
950 2346 1039 2370 exstat
1054 2343 1124 2370 idem
1141 2344 1360 2372 Commentarios
1373 2345 1399 2371 in
1413 2344 1508 2379 Magna
1529 2344 1699 2371 Bibliotheca
1718 2349 1839 2371 veterum
1860 2343 1914 2370 Pa-

280 2391 353 2413 trum
374 2385 586 2413 Grmco-Latina
605 2384 765 2415 Parisiensi,
780 2385 844 2411 antti
862 2385 941 2419 1654,
959 2390 1034 2414 tomo
1051 2386 1069 2419 Ι,
1084 2396 1099 2414 a

819 2385 844 2411 ni
862 2385 941 2419 1654,
959 2390 1034 2414 tomo
1051 2386 1069 2419 Ι,
1084 2396 1099 2414 a
1111 2389 1237 2415 columna
1254 2389 1323 2416 1529
1338 2397 1425 2424 usque
1437 2390 1468 2416 ad
1482 2389 1536 2416 col.
1557 2388 1635 2415 1622.

316 2430 378 2461 172,
401 2429 492 2457 Codex
519 2436 572 2456 ms.
601 2427 784 2463 Theologicus
809 2428 931 2462 Graccus,
956 2435 998 2457 est
1019 2431 1192 2462 chartaceus.
1214 2432 1389 2460 mediocriter
1414 2433 1554 2467 antiquus,
1570 2432 1597 2459 in
1623 2437 1734 2466 quarto,
1751 2435 1914 2466 constatque

280 2475 351 2502 l'oliis
368 2474 428 2502 lSI.
443 2473 606 2500 Continetur
623 2480 666 2505 eo,
683 2473 795 2500 Andreae
810 2473 982 2501 Cwsaricnsis
1002 2475 1029 2501 in
1047 2475 1216 2509 Cappadocia
1238 2476 1428 2510 archiepiscopi
1453 2476 1665 2503 Commentario:
1680 2476 1708 2502 in
1725 2475 1914 2509 Apocalypsin:

278 2518 364 2545 sancti
385 2517 499 2544 Joannis
522 2517 638 2551 apostoli
655 2522 679 2544 et
696 2517 874 2552 evangelium,
895 2519 942 2545 sed
960 2526 1101 2553 perperam
1122 2519 1282 2546 attribuitur
1306 2519 1428 2553 Origeni,
1445 2524 1475 2546 ut
1490 2520 1582 2547 videre
1609 2524 1648 2546 est
1666 2527 1698 2546 ex
1717 2519 1796 2546 titulo
1813 2518 1914 2546 Przcl‘a-

280 2562 376 2594 tionis,
400 2561 447 2595 qui
469 2561 505 2588 ibi
522 2561 586 2588 talis
601 2566 644 2588 est
659 2569 666 2587 ε
684 2561 732 2592 Εἰς
746 2561 795 2596 τὴν
817 2561 864 2587 τοῦ
883 2561 960 2595 ἁγίου
981 2562 1099 2588 ἁποστόλ

1095 2571 1130 2589 .ου
1146 2563 1193 2589 καὶ
1210 2563 1405 2597 εὐαγγελιστοῦ
1434 2563 1558 2590 Ἰωάννου
1573 2563 1621 2590 τοῦ
1641 2563 1773 2598 Θεολόγου
1793 2563 1914 2590 Ἀποκά-

277 2605 357 2640 λυψιν
382 2604 513 2640 ἐξήγησις
536 2604 704 2639 Ὠριγένους,
721 2604 888 2639 θαυμαστῶς
902 2605 952 2640 τὴν
968 2606 1096 2640 audaciai

1096 2616 1104 2634 ι
1120 2608 1224 2642 ταύτης
1242 2609 1283 2639 εἰς
1299 2608 1357 2642 φῶς
1375 2609 1545 2643 παράγουσα.
1565 2608 1625 2643 Ipsa
1648 2616 1758 2643 quoque
1787 2607 1915 2635 Praefatio

278 2650 380 2676 ibidem
393 2649 421 2676 in
437 2648 573 2683 principio
590 2652 633 2675 est
649 2648 758 2680 mutila,
773 2652 802 2675 et
817 2649 896 2683 quasi
914 2649 1021 2684 integra
1037 2659 1097 2679 esse

1095 2656 1120 2685 ιι,
1137 2652 1233 2686 incipit
1247 2652 1300 2679 hoc
1315 2652 1397 2679 modo
1416 2661 1422 2679 :
1440 2653 1597 2688 Προοίμιον.
1613 2651 1726 2687 Πρῶτον
1747 2653 1796 2687 μὲν
1815 2651 1863 2678 οὖν
1876 2651 1914 2683 ὡς

278 2692 357 2719 οἶσθα
372 2693 421 2720 καὶ
447 2691 539 2723 αὐτὸς,
566 2692 642 2718 πᾶσα
658 2691 836 2722 θεόπνευστος
857 2693 973 2728 Γραφὴ,
991 2700 1045 2723 etc,
1067 2694 1097 2721 Ιη

1096 2704 1099 2721 t
1117 2696 1203 2722 t-ancti
1228 2695 1342 2731 apostoli
1367 2701 1445 2731 atque
1465 2697 1631 2731 evangelium
1655 2695 1769 2723 Joannis
1790 2695 1915 2729 Theologi

279 2737 480 2771 Apocalypsim,
496 2735 711 2762 Commentariur
728 2736 860 2771 Origenis,
872 2737 989 2764 mirabili
1002 2739 1078 2766 modo
1090 2740 1279 2767 obscuritatem
1295 2739 1368 2766 illius
1384 2739 1418 2765 ad
1435 2740 1518 2766 lacent
1529 2739 1674 2766 adducens.

319 2789 327 2805 ι
343 2781 437 2807 Codex
460 2786 512 2806 ms.
534 2779 586 2806 174
604 2779 776 2813 theologicus
788 2779 910 2814 Graecus,
926 2773 971 2808 esi
984 2783 1147 2812 chartaceus
1162 2788 1189 2811 et
1209 2784 1287 2811 bonae
1306 2789 1386 2815 notae,
1405 2784 1430 2810 in
1446 2784 1472 2815 4,
1490 2788 1649 2818 constatque
1662 2783 1734 2811 foliis
1749 2783 1793 2815 83,
1813 2783 1860 2818 qni
1879 2784 1914 2810 al

280 2822 411 2850 Joannem
429 2823 609 2856 Sambucum,
637 2828 666 2850 ut
687 2823 744 2858 ipse
760 2824 839 2852 solita
854 2826 971 2860 propria:
988 2834 1086 2855 manus
1104 2828 1285 2862 inscriptione
1301 2832 1428 2860 testatur,
1444 2828 1508 2854 olim
1527 2828 1667 2862 pertinuit.
1690 2828 1852 2855 Continetur
1867 2835 1911 2855 eo.

281 2867 392 2894 Andron:
407 2867 587 2904 Cmaricnsis
601 2868 627 2895 in
651 2867 822 2903 Cappadocia
842 2870 1033 2905 archiepiscopi
1053 2871 1265 2899 Conmtcntarius
1281 2873 1307 2899 t'n
1323 2871 1509 2908 Apocalypsin:
1526 2872 1611 2899 sancti
1625 2870 1738 2899 Joannis
1759 2871 1870 2907 apostoli
1888 2875 1915 2898 et
