2075 3157
161 167 212 200 ’201
893 161 1058 193 ΝΟἸῚΤΙΛ.
1736 156 1790 190 ΞΟΞ

162 221 341 257 euangelium,
357 220 404 248 sed
420 227 562 255 perperam
572 219 609 248 ibi
621 217 780 246 attribuitur
792 215 929 243 Mcthodio
941 213 1088 244 monacho,
1104 215 1133 239 ιιι
1147 219 1180 240 ex
1194 211 1318 248 sequenti
1332 210 1510 257 inscriptione
1523 211 1616 257 videre
1626 216 1666 257 est
1675 220 1696 257 _:_
1711 211 1790 239 Ἀπο-

163 254 280 299 adludit:
292 265 339 291 τοῦ
360 254 439 298 hinc
456 254 606 291 ἀποστόλου
622 262 671 289 καὶ
685 259 881 295 εὐαγγελιστοῦ
905 259 1043 289 Ἰωάννου,
1059 257 1106 285 τοῦ
1123 256 1306 292 ὴγαπημένου
1322 256 1368 282 καὶ
1383 255 1521 288 Θεολόγου,
1531 254 1582 282 ὑπὸ
1592 255 1729 299 Maedica
1745 265 1792 291 pto-

163 297 247 344 vaxot'i
263 297 478 344 éppquani‘ea.
494 307 668 341 Apocalypsis
683 306 769 333 sancti
786 303 900 338 apostoli
914 308 938 329 ct
954 310 982 329 eo

972 301 1123 337 vangelistte
1135 299 1259 332 Joannis,
1272 299 1361 326 dilecti
1376 304 1400 325 et
1417 299 1539 334 theologi,
1555 307 1571 325 (ι
1587 297 1721 326 ΜειΙιοιΙὶο
1736 308 1791 326 mo-

164 341 247 380 nacho
264 341 450 387 interpretata.
469 351 601 378 Similiter
615 351 698 378 etiam
713 349 825 378 ibident,
842 348 868 374 iu
889 347 942 374 line
955 346 978 381 ej

972 346 1078 381 jusdcm
1095 343 1294 371 Commentarii
1318 342 1435 377 legitur:
1451 342 1536 373 Τέλος
1550 341 1599 376 τῆς
1619 341 1791 377 Ἐξηγήσεως

164 397 296 423 Μεθυδίου
314 385 433 430 μόναχοῦ
449 396 489 426 εἰς
504 395 554 430 τὴν
573 393 759 426 Ἀποκάλυψιν
779 391 904 417 Ἰωάννου
930 389 978 416 τοῦ

973 390 978 416 i
998 388 1141 422 Θεολόγςιυ.
1162 386 1236 414 Finis
1252 386 1438 420 Expositionis
1463 385 1592 412 Methodii
1620 387 1742 413 monachi
1765 387 1792 413 in

163 429 350 475 Apocalypsim
376 429 489 465 Joannis
516 437 651 472 Theotogi.
679 436 785 469 Quibus
802 438 910 461 constat
931 437 1072 460 auctorem
1089 432 1178 475 bujus_
1191 429 1395 475 Commentarii
1421 437 1482 475 esse
1506 430 1624 475 maxime
1640 430 1793 475 incertum;

163 472 226 510 cum
244 472 317 509 nunc
329 482 445 508 Andreae
458 481 590 508 Caesareae
603 481 629 507 in
645 478 818 514 Cappadocia
834 475 1060 510 archiepiscopo,
1073 482 1147 502 nunc
1162 473 1274 508 Origeni
1291 473 1398 501 auctori
1419 472 1622 508 antiquissimo,
1641 481 1716 500 nunc
1738 473 1793 501 Me-

164 527 257 555 thodio
273 527 418 557 monacho,
432 526 458 552 in
472 533 539 552 mss.
554 525 697 551 codicibus
714 522 878 553 ascribatur,
892 521 924 547 ad
936 527 1016 554 quem
1034 518 1171 553 pertinere
1184 516 1317 544 creditur.

200 580 210 596 ι
233 570 355 604 Denique
370 569 457 596 codex
470 577 523 595 ms.
541 567 712 602 theologicus
726 566 839 593 Graecus
856 563 909 592 248
926 570 1001 590 num.
1018 561 1064 592 24,
1080 564 1106 588 et
1118 559 1227 604 quidem
1241 566 1256 586 a
1272 559 1320 604 iol.
1332 559 1402 604 124,
1422 560 1529 604 pag._i,
1545 567 1633 594 usque
1647 559 1680 587 ad
1697 558 1793 588 folium

163 613 227 646 I75,
249 602 355 647 νειμ-2,
383 613 453 639 idetn
486 613 609 639 continet
632 611 736 644 absque
761 609 873 636 nomine
896 606 1029 637 auctoris,
1056 610 1086 631 ut
1102 604 1183 631 habet
1210 602 1374 647 Lambecius
1395 608 1469 630 toruo
1492 602 1511 630 V
1528 604 1795 632 Commentariorum

164 646 450 691 bujusibibliotbecae.
464 663 527 690 pag.
544 655 604 682 141.
624 663 633 680 t
650 654 752 682 Prattcr
768 652 839 680 istud
854 651 980 679 exstabat
994 649 1058 676 olim
1073 648 1101 674 itt
1118 646 1285 691 patriarchio
1301 646 1621 691 Constantinopolitano,
1640 647 1679 674 vel
1695 648 1796 674 etiam-

163 689 228 728 num
243 705 333 728 exstat
348 708 402 727 ms.
420 700 453 727 Β.
469 699 582 726 Andreae
595 699 724 726 Cwsarcce
741 696 916 730 Cappadocia
934 692 1111 728 metropolitat
1126 690 1278 724 Expiicatio
1298 690 1325 717 in
1346 691 1457 717 visiones
1471 689 1594 718 Danietis
1607 691 1750 726 prophetat,
1767 697 1798 720 ut

138 774 140 776 _
162 744 245 770 habet
261 743 396 770 Antonius
411 742 578 770 Possevinus
591 742 625 768 ad
638 741 740 768 calcem
757 739 906 774 Apparatus
920 737 1002 768 sacri,
1021 743 1047 771 p.
1065 743 1104 768 m,
1118 735 1163 762 15.
1209 750 1226 770 κ,

199 787 296 814 Exstat
310 794 421 821 quoque
435 786 461 813 itt
478 785 642 812 bibliotheca
663 783 809 810 Bodleiano
826 782 852 809 iu
870 788 937 808 mss.
955 779 1128 808 Baroccianis
1146 779 1241 806 codice
1256 778 1321 812 2l2,
1339 786 1415 806 num.
1433 778 1465 811 Δ,
1486 779 1602 806 Andreae
1622 778 1796 807 Cazsarimsit

161 831 279 866 episcopi
291 830 504 857 Commentarios
517 830 545 855 in
562 828 748 862 Apocalypsim
761 826 855 853 Graece
868 825 916 852 i'ol.
931 823 980 851 108

975 824 999 851 l:
1017 822 1152 866 nomen;
1164 821 1286 857 αἰτηθεὶς
1300 822 1364 853 ὑπό,
1377 826 1430 849 etc.
1449 821 1570 857 ltemQue
1587 823 1613 849 in
1630 823 1794 851 bibliotheca

164 865 258 901 nostra
272 872 540 908 Lugdune-Batava,
557 873 629 899 inter
643 879 710 898 mss.
730 870 838 898 codices
856 868 967 896 Graecos
981 866 1067 894 [saaci
1090 865 1192 898 Vossii,
1210 866 1244 893 ab
1261 867 1322 901 ejus
1338 866 1493 894 haeredibus
1509 870 1625 902 emptos,
1642 867 1737 895 codice
1751 867 1796 901 26,

164 926 192 944 n.
208 918 235 947 5,
255 917 368 943 Andreae
385 916 514 944 Cwsarew
523 915 713 949 archiepiscopi
729 912 943 941 Commentarius
957 912 984 937 in
998 909 1195 945 Apocalypsim.

201 971 355 998 Bernardus
379 970 414 997 de
434 969 623 1000 Montfaucon,
640 967 796 996 monachus
813 966 1006 994 Benedictinus
1030 965 1252 1000 congregationis
1277 965 1370 992 Sancti
1390 964 1476 992 Mauri
1497 965 1523 992 in
1541 956 1638 998 Gallia,
1657 965 1685 994 in
1703 966 1798 994 Diario

164 1014 272 1045 Italico.
296 1022 371 1041 attno
402 1013 482 1045 1702,
499 1012 614 1040 Parisiis
633 1012 658 1039 in
685 1011 713 1044 4,
744 1011 815 1046 apud
830 1010 962 1037 Joannem
985 1009 1104 1037 Anissou
1131 1009 1276 1044 impresso,
1292 1015 1353 1043 cap.
1370 1008 1415 1040 15,
1435 1008 1577 1043 splendide
1592 1009 1741 1037 admodum
1759 1010 1798 1037 lo-

164 1059 257 1093 quitur
269 1058 302 1085 de
319 1057 483 1084 bibliotheca
500 1057 699 1083 monachorum
717 1054 810 1081 Sancti
832 1053 925 1080 Basilii
943 1052 1048 1085 Romae,
1065 1059 1148 1087 quam
1165 1052 1264 1079 Petrus
1286 1051 1443 1084 Mennitius,
1461 1052 1567 1080 ordinis
1586 1053 1744 1087 praefectus,
1758 1054 1798 1081 in—

164 1104 238 1137 genti
257 1101 415 1129 Graecorum
433 1108 501 1128 mss.
519 1100 598 1134 copia
615 1098 740 1126 codicum
756 1097 910 1128 adornavit,
928 1104 998 1131 quos
1014 1096 1041 1123 in
1061 1095 1145 1123 variis
1159 1095 1212 1122 sibi
1230 1095 1361 1130 subjectis
1384 1095 1518 1123 Calabriae
1535 1097 1727 1129 monasteriis,
1747 1106 1798 1125 ne-

164 1146 270 1180 «tectos
286 1145 458 1178 intactosque
478 1143 573 1178 jacere
597 1143 748 1169 audiverat.
767 1140 823 1168 Hos
838 1141 909 1168 inter
924 1140 1019 1172 libros,
1037 1139 1133 1174 pagina
1148 1138 1212 1170 216,
1227 1143 1371 1166 enumerat
1393 1139 1477 1174 hujus
1494 1141 1586 1174 operis
1602 1141 1672 1168 duos
1689 1141 1799 1170 codices

165 1189 276 1216 Graecos
304 1195 371 1215 mss.
397 1188 423 1214 iu
441 1187 492 1214 hac
512 1186 678 1213 bibliotheca
697 1189 847 1216 exstantes,
863 1183 905 1211 his
917 1183 1007 1210 verbis
1024 1192 1031 1210 :
1046 1192 1055 1208 ε
1074 1183 1166 1210 Codex
1185 1181 1366 1217 bombycinus
1385 1190 1432 1209 xtv
1457 1183 1551 1210 saeculi
1570 1192 1578 1210 :
1597 1184 1722 1218 Ἀνδρέου
1751 1186 1799 1212 τοῦ

164 1232 319 1265 ἁγιωτάτου
337 1229 552 1265 ἀρχιεπισκὸπου
571 1228 739 1263 Καισαρείας
754 1227 802 1262 τῆς
832 1227 1040 1259 Καππαδοκίας,
1054 1227 1104 1262 τῆς
1118 1227 1188 1261 πρὸς
1201 1226 1234 1253 τὸ
1251 1226 1367 1262 Ἀργέω,
1381 1227 1423 1258 είς·
1435 1227 1483 1262 τὴν
1505 1227 1690 1263 Ἀποκάλυψιν
1711 1230 1800 1265 ἑρμη-

165 1276 236 1302 νεία.
250 1275 379 1302 lnilium:
395 1274 527 1304 Πολλάκις
543 1272 666 1308 αἰτηθεὶς
678 1272 740 1303 ὑπό,
753 1276 806 1299 etc.
824 1271 882 1298 lloc
893 1275 947 1304 est,
960 1272 980 1297 Α

979 1272 1072 1299 ηηιίνεω
1082 1271 1244 1299 sanctissimi
1263 1271 1453 1306 archiepiscopi
1465 1271 1595 1300 Cmareaz
1610 1272 1798 1308 Cappadocia.

165 1320 202 1345 ad
218 1324 332 1345 montem
357 1321 492 1353 Argwum,
510 1316 693 1351 interpretatio
719 1317 747 1342 in
764 1314 961 1350 Apocalypsim,
979 1320 1032 1343 etc.
1051 1315 1127 1350 Opus
1150 1323 1284 1343 excusqu
1302 1323 1365 1343 cum
1391 1316 1561 1343 sanctissimi
1582 1315 1697 1344 Joannis
1713 1317 1797 1353 Chry-

165 1362 283 1389 sustomi
297 1362 439 1397 operibus.
453 1365 479 1388 et
496 1362 613 1388 Andreae
629 1360 753 1387 Cretensi
774 1359 854 1393 rulgo
875 1358 1057 1393 adjudicatur.
1075 1358 1142 1386 llcm
1159 1367 1222 1394 pag.
1239 1359 1303 1392 221,
1321 1359 1356 1387 de
1372 1359 1467 1386 codice
1480 1359 1567 1386 altero
1581 1364 1609 1387 et
1623 1361 1800 1396 antiquiore,

165 1406 281 1433 Andrea
296 1405 429 1433 Cretensis
446 1405 472 1431 in
487 1403 673 1438 Apoculypsim
691 1403 717 1429 in
740 1402 836 1429 codice
853 1402 1028 1438 bombycino,
1047 1403 1105 1435 ubi,
1123 1403 1222 1431 deletis
1237 1403 1271 1431 iis
1285 1410 1346 1438 qua:
1358 1403 1436 1438 prius
1453 1402 1554 1437 scripta
1573 1402 1692 1437 fuerant,
1709 1410 1800 1432 erant-

166 1459 221 1485 que
243 1458 271 1476 χι
284 1449 388 1481 saeculi,
407 1450 459 1475 hoc
474 1448 590 1475 Andreae
605 1455 674 1482 opus
694 1447 861 1481 descriptum
881 1446 942 1473 fuit.
956 1447 1073 1474 Andrca:
1089 1447 1221 1475 Cat-sarcre
1235 1447 1263 1474 in
1282 1447 1455 1482 Cappadocia
1476 1447 1618 1482 episcopo,
1633 1448 1706 1475 idem
1730 1456 1800 1485 opus

167 1495 294 1529 superius
312 1492 471 1520 ascribitur.
485 1501 495 1518 ι
510 1491 574 1519 Haec
586 1491 741 1518 Bernardus
757 1491 791 1517 de
805 1490 983 1517 lilonti'aucon
997 1490 1057 1517 loco
1074 1491 1171 1518 citato.

205 1538 336 1565 Ditlusius
349 1537 401 1564 ista
418 1537 509 1568 retuli,
527 1541 556 1562 ut
573 1536 720 1563 maximam
737 1539 843 1569 partem
856 1534 1014 1561 Gmcorum
1031 1541 1099 1560 mss.
1115 1533 1242 1560 codicum
1255 1533 1282 1560 iu
1297 1532 1413 1568 Europae
1429 1533 1603 1562 bibliothecis
1619 1538 1800 1570 exstantium,

167 1581 283 1608 Andrea‘
296 1581 430 1608 Caesareas
443 1579 637 1614 Cappadocum
652 1578 858 1613 archiepiscopo
872 1576 1008 1604 faventem
1024 1584 1085 1603 esse
1102 1576 1188 1604 lector
1198 1577 1293 1603 audiat
1310 1585 1317 1603 ;
1330 1584 1448 1611 quorum
1462 1585 1533 1606 unus
1548 1583 1653 1606 tantum
1665 1578 1799 1615 Origenis,

168 1626 223 1653 duo
243 1624 373 1651 Methodii
392 1625 532 1656 monachi,
554 1630 628 1650 unus
645 1623 762 1649 Andreae
784 1621 934 1652 Cretensis,
952 1620 1075 1655 quinque
1097 1625 1188 1646 autem
1202 1619 1320 1647 Andreae
1338 1620 1516 1648 Cassariensis
1537 1621 1736 1658 archiepiscopi
1752 1631 1798 1651 no-

169 1677 231 1696 men
244 1676 300 1703 prae
314 1676 344 1695 se
360 1667 457 1695 ierant.
474 1666 560 1701 Majas
581 1671 671 1693 autem
688 1665 778 1692 adhuc
793 1668 985 1700 argumentum
1002 1664 1035 1691 ad
1048 1663 1312 1692 Commentationem
1327 1664 1394 1692 huic
1406 1665 1522 1692 Andreae
1535 1666 1738 1695 attribuendam
1751 1667 1802 1695 de-

168 1717 325 1741 sumerctnr
341 1719 373 1738 ex
388 1711 595 1738 Commentario
606 1709 726 1741 Arethaa,
743 1709 874 1736 Ctesarea:
891 1707 1085 1742 Cappadocum
1106 1708 1317 1744 archiepiscopi,
1336 1709 1362 1735 in
1379 1708 1585 1745 Apocalypsitn,
1600 1710 1693 1738 Graece
1706 1717 1733 1745 et
1746 1711 1801 1739 La-

169 1757 226 1784 line
243 1754 358 1782 Parisiis
374 1762 447 1781 anno
466 1753 531 1781 1651
550 1754 584 1781 ad
599 1753 702 1780 calcem
718 1753 839 1787 Operum
850 1751 1012 1779 (Ecumenii
1027 1753 1174 1787 impresso,
1193 1761 1255 1788 pag.
1271 1753 1335 1786 640,
1353 1753 1405 1780 sub
1430 1754 1482 1781 hoc
1499 1754 1627 1782 lemmate
1644 1763 1651 1782 :
1675 1755 1722 1782 Ἐκ
1747 1756 1802 1783 τῶν

175 1800 288 1836 Ἀνδρέᾳ
309 1799 348 1834 τῷ
374 1799 577 1834 μακαριωτάτῳ
599 1798 809 1834 ἀρλιεπισκόπῳ
826 1797 995 1832 Καισαρείας
1019 1796 1220 1828 Καππαδοκίας
1238 1796 1278 1827 είς
1308 1796 1357 1832 τὴν
1389 1796 1575 1832 Ἀποκάλυψιν
1600 1799 1801 1833 πεπονημένων

168 1844 323 1878 θεαρέστως
340 1842 451 1877 σύνοψις
473 1842 586 1877 σχαλικὴ
611 1841 797 1876 πιριτεθεῑσσι
820 1841 872 1867 ὑπὸ
891 1840 989 1875 Ἀρέθα
1006 1840 1117 1873 ἀναξίου
1140 1842 1292 1867 ἐπισκόπου
1316 1841 1366 1875 τῆς
1393 1840 1564 1876 Καισαρείας
1589 1842 1802 1876 Καππαδοκίας.

168 1887 262 1914 Brevis
275 1888 398 1921 quoniam
413 1886 567 1920 Explicatio
581 1893 613 1912 ea:
629 1885 832 1912 Commentariis
845 1885 992 1911 beatissimi
1007 1884 1119 1911 Audrccc
1135 1883 1264 1911 Casarear
1279 1882 1458 1918 Cappadocia:
1471 1885 1660 1921 archiepiscopi
1677 1887 1801 1915 diuinitus

168 1931 326 1963 elaboratis,
341 1931 463 1964 exposita
473 1929 506 1956 ab
520 1929 618 1956 Aretho
632 1929 740 1964 indigno
755 1928 886 1955 thsarece
903 1928 1079 1963 Cappadocia
1089 1928 1220 1962 episcopo.
1242 1928 1309 1955 Cum
1326 1932 1416 1955 autent
1430 1929 1475 1956 hic
1485 1929 1604 1964 scriptor
1618 1929 1661 1957 vix
1670 1935 1733 1958 ante
1749 1938 1802 1958 sa:-

169 1974 225 2002 euli
239 1982 267 2002 ix
288 1974 408 2001 medium
429 1973 574 2008 scripsisse
595 1973 669 2000 hunc
683 1972 917 1999 Conttnentarium
934 1973 1075 2004 credatur,
1097 1972 1214 1999 Arctbas
1236 1971 1366 1999 Ecclesia:
1385 1971 1508 2007 ejusdem
1525 1974 1749 2010 archiepiscopus
1775 1980 1804 2003 ct

170 2018 288 2045 Andreae
300 2024 456 2050 successor,
472 2017 519 2052 qui
531 2024 605 2043 anno
619 2016 672 2044 9H
687 2020 765 2042 certo
778 2015 921 2050 praefuisse
936 2016 1045 2052 legitur,
1061 2017 1138 2044 testis
1154 2018 1269 2045 idoneus
1283 2021 1310 2044 et
1324 2017 1398 2044 omni
1413 2018 1576 2052 exceptione
1592 2019 1680 2054 major
1693 2024 1752 2053 est,
1767 2021 1802 2048 ad

170 2062 435 2089 commentationem
453 2061 524 2088 hanc
538 2061 654 2088 Andre:
667 2059 861 2095 praedecessori
887 2062 1076 2094 asserendam,
1089 2061 1169 2096 cujus
1184 2061 1218 2088 ab
1233 2065 1313 2088 aetate
1332 2060 1412 2089 annis
1427 2061 1461 2088 60
1481 2061 1523 2088 vel
1539 2062 1647 2090 circiter
1666 2064 1803 2091 recentior

171 2106 260 2133 fuisse
275 2106 401 2133 habetur.

207 2161 269 2188 Jam
287 2160 320 2188 ad
335 2160 469 2188 editiones
488 2160 572 2195 hujus
587 2159 690 2195 operis,
713 2166 773 2194 qua:
785 2166 883 2187 omnes
898 2159 949 2186 sub
963 2158 1079 2186 Andreae
1094 2158 1225 2187 Caesarem
1248 2158 1441 2194 Cappadocum
1468 2159 1667 2196 archiepiscopi
1692 2161 1804 2188 nomine

174 2209 298 2235 exstant,
320 2205 474 2232 veniamus.
494 2204 616 2231 Primam
639 2203 762 2230 omnium
779 2211 810 2230 ex
830 2211 897 2230 mss.
921 2203 1064 2231 codicibus
1082 2203 1213 2231 Bavarico
1237 2209 1265 2231 et
1285 2204 1457 2238 Augustano,
1475 2204 1561 2231 edidit
1581 2204 1677 2232 Latine
1697 2209 1803 2232 tantum

171 2247 335 2276 Theodorus
352 2248 482 2276 Peltanus
505 2248 571 2275 Soc.
594 2246 671 2278 Jesu,
689 2254 761 2274 anno
779 2247 859 2279 1581,
874 2245 1042 2281 lugolstadii,
1064 2247 1092 2274 in
1121 2247 1150 2274 4.
1184 2247 1304 2274 Alteram
1320 2246 1414 2274 Graece
1431 2252 1458 2274 et
1473 2247 1567 2275 Latine
1589 2255 1653 2276 cum
1670 2256 1737 2276 mss.
1756 2256 1803 2276 co-

172 2292 282 2319 dicibus
298 2292 438 2323 collatam,
463 2292 591 2326 uotisque
605 2291 769 2318 illustratum
792 2289 948 2318 Fridericus
969 2290 1126 2326 Silburgius
1142 2289 1328 2326 Heidelberg-aa
1342 2297 1416 2318 anno
1430 2291 1512 2323 1596,
1529 2291 1556 2318 in
1571 2291 1648 2325 folio,
1664 2300 1725 2328 qum
1739 2301 1804 2321 eum

171 2334 308 2369 Operibus
322 2335 412 2363 sancti
428 2335 542 2362 Joannis
556 2334 745 2370 Chrysostomi
761 2333 978 2362 Graeco-Latinis
995 2334 1127 2362 editionis
1140 2334 1318 2361 Commeliuat
1331 2333 1442 2369 adjungi
1459 2335 1539 2368 solet,
1555 2340 1638 2371 atque
1657 2337 1740 2364 etiam
1756 2337 1805 2364 lla-

173 2379 255 2406 betur
276 2383 351 2406 tonio
380 2378 437 2405 Vlll
454 2379 620 2405 Morelliana:
644 2377 774 2404 editionis
800 2377 1018 2405 Graeco-Latinae
1035 2377 1200 2406 Parisiensis
1224 2378 1251 2405 in
1270 2377 1348 2405 folio.
1365 2378 1456 2406 Editio
1471 2377 1564 2406 a'utem
1586 2379 1693 2408 Peltani
1707 2380 1805 2409 Latina

173 2423 284 2450 transiit
297 2423 324 2450 in
342 2422 535 2449 Bibtiothecam
557 2421 679 2448 Veterum
695 2420 809 2447 Patrum
827 2421 952 2449 omnium
966 2421 1026 2449 l'ere
1038 2421 1201 2454 editionum,
1219 2421 1283 2448 anni
1302 2421 1381 2454 l589,
1396 2421 1510 2450 Parisiis
1523 2426 1598 2451 torno
1612 2423 1633 2457 l,
1648 2425 1702 2452 col.
1719 2425 1804 2458 1262;

173 2466 255 2498 i609,
270 2466 384 2494 Parisiis
398 2471 473 2494 torno
488 2466 508 2499 l,
524 2465 577 2493 col.
592 2465 682 2497 1049;
706 2464 787 2497 1624,
802 2464 916 2493 Parisiis
928 2470 1005 2492 tomo
1019 2465 1040 2497 l,
1055 2466 1109 2493 col.
1124 2465 1211 2499 1529;
1232 2465 1311 2498 1654,
1332 2464 1446 2493 Parisiis
1474 2466 1501 2493 in
1517 2465 1612 2503 Magtta
1635 2467 1804 2496 Bibliotheca

174 2511 303 2538 Veterum
315 2509 427 2536 Patrum
442 2514 516 2537 tomo
525 2508 547 2541 1,
561 2509 614 2536 col.
625 2508 696 2536 1529
709 2516 798 2543 usque
808 2508 841 2536 ad
853 2508 906 2536 col.
920 2509 1001 2536 1622.
1017 2508 1065 2536 Sic
1079 2513 1170 2537 autem
1184 2508 1388 2542 inmutatione
1402 2509 1506 2538 Latinas
1515 2519 1572 2538 sua:
1584 2512 1720 2539 versionis
1732 2519 1805 2538 attno

173 2554 255 2587 1581,
268 2553 425 2588 lngolstadii
438 2553 465 2580 in
479 2553 506 2586 ι,
516 2553 596 2580 editae
609 2551 771 2580 Theodorus
783 2552 929 2579 Peltanus:

212 2610 221 2625 ι
238 2599 306 2632 Quis
318 2599 515 2626 Commentarii
530 2598 612 2633 hujus
628 2603 725 2626 auctor
740 2598 885 2630 exstiterit,
901 2598 1016 2626 candide
1035 2596 1145 2627 Lector,
1165 2597 1235 2625 satis
1257 2597 1367 2632 opinor,
1384 2605 1419 2625 ex
1441 2598 1520 2626 titulo
1536 2599 1585 2626 toti
1603 2598 1678 2633 operi
1693 2597 1804 2632 pradixo

170 2649 265 2679 aperte
280 2648 398 2670 constat.
414 2641 475 2676 Quo
488 2647 611 2676 tempore
626 2647 716 2670 autem
733 2641 834 2669 vixerit
863 2646 912 2669 aut
934 2642 1099 2670 Caesariensi
1125 2641 1257 2670 Ecclesiae
1275 2642 1426 2677 praefuerit,
1443 2643 1470 2670 id
1493 2647 1568 2670 certo
1586 2643 1706 2669 nondum
1728 2649 1805 2668 cont-

181 2688 250 2722 peri.
267 2686 370 2714 Basilio
381 2685 480 2721 Magno
492 2686 614 2721 ejusdem
628 2685 702 2713 sedis
714 2685 837 2714 antistite
849 2686 1032 2721 posteriorem
1049 2686 1147 2718 fuisse.
1163 2690 1240 2714 extra
1255 2687 1473 2715 controversiam
1490 2690 1543 2719 est,
1567 2690 1597 2713 ut
1620 2685 1667 2720 qui
1687 2693 1742 2712 non
1758 2692 1805 2712 se-

172 2731 228 2759 mel
240 2730 268 2757 in
285 2730 338 2757 hoc
354 2729 560 2757 Commentario
575 2729 743 2756 nominetur.
755 2729 891 2757 Caeterum
906 2730 941 2758 ad
962 2730 1024 2758 libri
1040 2730 1122 2765 hujus
1137 2730 1403 2765 interpretationem,
1431 2736 1530 2765 praeter
1556 2729 1703 2756 utilitatem
1721 2736 1804 2763 quam

173 2776 238 2803 inde
258 2775 286 2801 in
307 2773 461 2802 Ecclesium
483 2773 574 2801 redire
592 2780 673 2808 posse
685 2773 841 2808 sperabam,
859 2774 914 2802 duo
929 2775 1065 2810 praecipue
1079 2782 1123 2802 me
1140 2774 1311 2810 impulerttnt
1337 2783 1344 2802 :
1368 2775 1461 2809 operis
1488 2773 1608 2801 brevitas
1635 2780 1684 2800 seu
1713 2774 1806 2800 verius

171 2818 297 2853 ejusdem
316 2817 504 2848 mediocritas,
517 2821 545 2844 et
558 2817 683 2844 codicutn
701 2817 859 2845 Graecorum
875 2823 1006 2853 praterea
1024 2826 1078 2846 nou
1091 2819 1160 2847 levis
1175 2819 1369 2847 commoditas.
1383 2817 1453 2845 Nam
1478 2822 1577 2853 praeter
1593 2817 1720 2852 praesidia
1746 2825 1807 2852 quae

171 2863 207 2890 ad
232 2870 295 2891 eam
310 2869 368 2889 rem
384 2861 570 2895 suppeditavit
589 2861 759 2896 amplissima
775 2860 821 2890 illa
840 2861 972 2898 principis
987 2861 1111 2891 Bavarite
1126 2862 1304 2896 bibliotheca,
1319 2862 1452 2898 singulari
1465 2860 1560 2889 favore
1573 2866 1599 2889 et
1618 2862 1808 2890 benevolentia

331 2910 469 2940 Ρλτιιοι..
486 2910 545 2941 GR.
561 2908 641 2940 CVI.

1614 2911 1632 2940 '7
