2075 3157
267 132 321 166 203
855 138 1034 170 ANDREAS
1053 140 1322 171 CESARIENSIS-
1848 140 1902 175 2M

269 194 368 222 nubilis
383 197 411 221 et
426 194 672 223 senatoriiordinis
688 194 751 229 viri,
767 195 873 224 domini
888 197 996 230 Quirini
1019 198 1169 234 llellingeri
1186 209 1193 226 :
1210 199 1283 226 aliud
1301 202 1486 233 pervetustum
1511 198 1654 233 exemplar
1678 204 1712 225 ex
1740 197 1901 234 reipublicae

268 238 434 272 Augustarue
449 238 613 265 bibliotheca
628 239 783 274 impetravi,
803 241 875 275 quod
889 248 957 268 sane
971 241 1121 276 plurimum
1139 243 1205 269 mihi
1222 243 1348 270 contulit.
1365 241 1498 274 Quamvis
1512 241 1585 268 enim
1604 249 1666 276 quae
1680 241 1787 268 ducalis
1801 241 1902 269 biblio-

272 281 351 308 theca
367 282 600 317 suppeditaverat,
620 283 654 310 ad
667 283 692 310 id
707 283 779 318 quod
793 283 979 318 institueram,
997 285 1064 312 satis
1077 293 1138 313 esse
1155 286 1303 321 potuerint,
1319 285 1496 320 Augustanus
1507 289 1598 311 tamen
1614 285 1700 312 codex
1723 285 1817 312 multis
1832 285 1900 313 locis

266 332 399 359 perquam
415 330 590 360 opportunus
606 326 672 353 mihi
689 325 751 354 fuit.
767 326 988 355 Habebatautcm
1007 329 1030 356 is
1047 335 1101 355 non
1114 329 1231 355 Andrea:
1243 328 1433 360 Ctesariensis,
1448 328 1494 355 sed
1508 327 1637 354 Methodii
1654 327 1777 355 titulum.
1798 328 1899 356 Verum

267 368 293 395 id
312 369 402 395 minus
418 374 502 400 recte.
520 368 655 404 siquidem
672 369 872 397 Commentarii
898 372 981 406 hujus
996 371 1171 403 architectus,
1189 379 1252 399 cum
1272 372 1299 398 in
1320 372 1378 406 ipsa
1407 370 1578 406 praefatione,
1605 375 1662 398 tum
1688 371 1754 398 alibi
1778 378 1900 406 persaepe

265 412 430 446 llethodium
447 415 580 440 nominat.
597 413 786 442 Nihilominus
803 419 893 442 tamen
906 416 953 450 qui
969 414 1126 443 Graecorum
1145 415 1279 443 librorum
1296 415 1416 443 indicem
1430 415 1562 446 coniecit,
1583 415 1664 448 culpa
1679 415 1794 442 omnino
1811 421 1898 443 caret.

264 455 332 483 Nam
350 464 412 484 cum
427 456 523 492 prima:
539 457 652 493 pagellae
671 458 906 492 desiderarentur,
926 458 1082 494 nulliusque
1101 459 1168 487 certi
1189 459 1313 487 auctoris
1338 466 1438 486 nomen
1455 459 1521 486 illud
1547 458 1674 486 volumen
1690 459 1833 493 praeﬁxum
1848 459 1899 486 ha-

265 500 351 533 heret,
366 501 501 535 probabili
515 501 614 529 ductus
634 501 738 529 ratione
750 501 906 535 ,Methodio
923 510 1003 538 quem
1022 502 1050 530 in
1061 502 1176 530 Joannis
1197 503 1389 539 Apocalypsim
1407 502 1553 538 scripsisse
1578 503 1715 534 audierat,
1741 509 1812 537 opus
1829 503 1897 531 illud

264 544 396 571 attribuit.
419 553 428 570 ι
1871 574 1873 576 Ι

300 587 363 615 Haec
380 587 521 620 Peltanus,
540 588 646 623 primus
664 589 746 624 hujus
773 590 863 625 operis
879 589 980 622 editor,
1006 590 1053 625 qui
1076 590 1102 617 in
1121 589 1216 617 multis
1239 594 1345 625 peccat,
1371 589 1452 625 cujus
1478 597 1588 617 errores
1615 589 1686 616 duos
1703 589 1896 617 animadverti.

262 631 396 664 Primum,
409 631 473 658 dum
491 633 529 659 ait
545 633 618 659 hunc
639 637 779 660 auctorem
795 632 900 660 Basilio
921 633 1019 668 Magno
1037 633 1156 668 ejusdem
1171 634 1241 660 sedis
1258 633 1379 661 antistite
1396 634 1570 669 posteriorem
1591 633 1684 668 fuisse,
1701 638 1778 660 extra
1793 638 1894 660 contra

263 676 375 702 ueniam
390 681 439 707 est,
455 681 484 702 ut
499 676 545 711 qui
559 685 610 703 non
622 676 703 703 semel
717 677 744 703 in
761 676 809 703 hoc
827 676 1025 704 Commentario
1045 678 1204 705 nominetur.
1227 677 1284 705 Hoc
1304 677 1378 705 enim
1395 685 1490 705 verum
1521 685 1575 704 non
1597 682 1649 709 est,
1674 681 1701 704 et
1725 678 1863 712 quomodo
1880 686 1895 705 ιι

263 718 408 753 Theodoro
426 719 539 746 Peltano
555 720 607 747 dici
625 721 757 755 potuerit,
777 728 831 748 non
848 720 928 747 video
944 729 951 747 :
970 720 1070 755 quippe
1085 728 1146 748 cum
1169 721 1271 747 nullam
1302 728 1417 756 prorsus
1443 720 1535 748 Basilii
1559 720 1738 748 Caesariensis
1758 721 1897 755 archiepi-

262 763 336 797 scopi
354 762 396 790 vel
412 762 527 791 alterius
545 763 670 798 ejusdem
685 764 816 798 nominis,
838 764 1006 791 mentionem
1022 764 1064 791 vel
1079 764 1238 791 citationem
1251 763 1343 794 faciat.
1360 767 1390 791 ut
1400 764 1467 791 mihi
1485 768 1614 791 accurate
1633 763 1732 798 legenti
1757 765 1893 792 constitit.

263 807 322 833 lmo
335 806 357 833 si
374 807 544 842 conjecturis
560 808 756 843 indulgendum
774 812 858 841 esset,
874 815 937 836 cum
950 811 1005 835 tam
1023 808 1171 835 multorum
1185 807 1351 842 scriptorum
1376 806 1564 842 antiquiorum
1583 806 1755 841 frequentem
1777 807 1895 834 utentio-

263 858 324 876 nem
342 850 436 883 iaciat,
453 850 594 885 altumque
611 852 643 878 de
656 851 762 879 Basilio
777 851 946 879 Ctesariensi
959 850 1099 878 silentium
1113 851 1242 878 observet
1261 859 1268 878 :
1283 851 1347 878 inde
1359 856 1523 885 argumento
1535 851 1675 878 contrario
1689 858 1739 878 nec
1755 850 1895 885 improba-

261 893 309 919 bili
330 893 469 927 conjicere
481 894 586 927 liceret,
612 901 752 922 auctorem
775 894 848 922 illius
869 895 956 921 fuisse
976 894 1112 921 Andream
1131 894 1214 921 istum
1239 893 1439 921 Caesariensem
1466 893 1715 928 archiepiscopum,
1737 894 1783 928 qui
1810 894 1896 922 dubio

261 937 367 971 procul,
389 937 478 964 locum
497 937 614 973 aliquem
632 938 734 965 Basilio
749 937 846 972 Magno
860 938 983 972 ejusdem
995 938 1069 966 sedis
1083 937 1199 965 antistiti
1215 945 1279 965 cum
1293 937 1354 964 aliis
1367 937 1552 972 scriptoribus
1567 937 1698 971 dedisset,
1712 938 1785 966 unde
1810 945 1891 966 suum

260 981 496 1008 Commentarium
515 980 618 1014 hausit,
637 989 688 1009 nec
702 982 736 1008 ab
757 989 790 1008 eo
806 981 918 1009 cilando
942 986 970 1009 et
985 981 1128 1016 allegando
1152 988 1266 1016 prorsus
1292 985 1484 1015 temperasset.
1514 980 1652 1008 Secundus
1664 989 1743 1009 error
1757 987 1810 1015 est,
1827 982 1893 1010 dum

260 1032 321 1059 cap.
339 1024 386 1057 65,
407 1029 468 1060 post
485 1025 634 1060 allegatum
654 1025 800 1056 lt'enaeum,
815 1025 882 1052 citat
896 1024 1064 1052 Methodium
1081 1024 1266 1060 patriarcham
1289 1024 1629 1059 Constantinopolitanum
1646 1024 1689 1053 his
1711 1025 1804 1054 verbis
1829 1035 1838 1058 ς
1860 1025 1892 1053 Et

261 1077 372 1103 magnus
388 1070 543 1104 patriarcha
557 1069 709 1096 Metltodt'us
724 1069 753 1096 in
764 1077 884 1096 sermone
901 1069 935 1097 de
956 1068 1181 1100 ltesurrectione,
1206 1068 1238 1095 de
1261 1068 1302 1094 Itis
1320 1069 1358 1095 ita
1373 1068 1476 1101 scribit,
1500 1072 1554 1095 etc.
1577 1068 1635 1096 Hac
1661 1068 1736 1097 enim
1763 1070 1864 1098 citatio-
1877 1077 1894 1097 e

261 1113 426 1140 haberemus
443 1118 547 1147 aperte,
566 1113 730 1148 scriptorem
748 1113 822 1140 hunc
838 1120 891 1140 non
905 1121 968 1140 esse
982 1112 1166 1148 antiquiorem
1190 1111 1297 1139 ultimis
1312 1112 1405 1139 saeculi
1421 1119 1448 1139 ιχ
1473 1111 1655 1146 temporibus.
1681 1111 1750 1139 Nam
1778 1112 1842 1140 licet
1856 1113 1893 1140 ad

263 1155 431 1183 Mclhodium
446 1156 554 1192 Olympi
570 1157 729 1192 episcopum
748 1161 853 1191 spectet
866 1156 935 1183 liber
950 1155 983 1183 de
998 1156 1202 1183 Resurreetione
1215 1163 1297 1190 quem
1307 1155 1421 1190 profert,
1438 1162 1501 1182 cum
1517 1160 1608 1183 tamen
1625 1156 1701 1183 illum
1719 1156 1847 1184 indoetus
1863 1162 1892 1184 et

261 1200 389 1228 incautus
403 1201 455 1227 istc
471 1200 591 1235 scriptor
604 1201 656 1228 sub
668 1200 781 1227 nomine
794 1200 886 1236 Magni
901 1200 1063 1234 patriarcha:
1077 1200 1206 1227 Methodii
1223 1199 1356 1234 proferat,
1371 1200 1474 1227 diserte
1488 1200 1540 1227 hac
1555 1200 1771 1228 hallucinatione
1784 1205 1893 1228 atatem

260 1251 339 1270 suam
356 1244 457 1278 prodit,
478 1251 562 1278 seque
579 1244 680 1271 vixisse
698 1247 760 1279 post
777 1248 900 1278 tempora
915 1243 1043 1271 .llethodii
1055 1243 1216 1277 patriarcha
1234 1242 1538 1278 Constantinopolitani,
1562 1251 1644 1279 quem
1672 1252 1735 1271 cum
1752 1243 1891 1274 Methodio

260 1286 366 1322 Olympi
389 1287 478 1322 Lycite
494 1295 541 1314 seu
575 1286 717 1314 Patarensi
744 1287 875 1322 episcopo
904 1287 1037 1315 confudit.
1066 1286 1220 1314 Methodius
1241 1293 1353 1318 atttern,
1381 1287 1539 1322 patriarcha
1565 1287 1890 1323 Constantinopolitanus

259 1339 332 1358 anno
347 1331 400 1359 842
414 1331 502 1359 factus
515 1339 530 1358 a
547 1331 678 1359 Michaele
691 1331 722 1358 Ill
734 1330 981 1368 Porphyrogenito,
1005 1339 1078 1360 anno
1091 1331 1143 1359 847
1163 1331 1207 1359 die
1222 1331 1256 1358 id
1267 1330 1341 1358 Junii
1356 1331 1433 1364 obiit,
1447 1335 1477 1357 ut
1498 1331 1599 1359 habent
1608 1331 1675 1359 Acta
1687 1331 1802 1359 Joannis
1815 1332 1890 1359 Aua-

259 1377 376 1403 ehorcta:
387 1377 458 1411 apud
471 1375 628 1403 Simeonem
644 1375 869 1411 Metaphrastem.
884 1375 1037 1404 Floruisset
1049 1383 1115 1410 ergo
1129 1375 1208 1410 juxta
1224 1375 1297 1403 hanc
1323 1374 1429 1402 Peltani
1445 1374 1611 1408 versionem,
1628 1375 1673 1403 hic
1693 1375 1818 1403 Andreas
1832 1374 1892 1403 Ca:-

258 1420 389 1448 saricnsis
414 1419 637 1454 archiepiscopus
651 1419 708 1446 sive
725 1427 891 1455 anonymus,
910 1425 971 1455 post
983 1419 1103 1447 medium
1122 1418 1213 1447 saeculi
1234 1418 1311 1451 noni,
1329 1417 1412 1445 annis
1424 1417 1534 1445 circiter
1549 1417 1585 1445 50
1604 1417 1742 1446 Methodio
1766 1420 1887 1454 patriar-

259 1465 311 1491 tha
325 1464 522 1498 citatojunior.
541 1463 578 1490 Ita
594 1468 667 1491 certe
681 1463 761 1498 juxta
777 1463 902 1490 Latinam
923 1463 1004 1498 hujus
1015 1463 1068 1490 loci
1080 1461 1233 1490 versionem
1252 1461 1280 1488 in
1295 1460 1462 1488 Bibliotheca
1482 1460 1604 1488 Veterum
1629 1461 1744 1489 Patrum
1762 1463 1892 1491 editionis

258 1508 339 1540 1589,
354 1507 470 1535 Parisiis
483 1512 560 1534 tomo
577 1507 598 1540 l,
617 1507 673 1534 col.
687 1506 769 1539 1262,
784 1507 873 1541 capite
883 1506 930 1538 65,
944 1506 998 1534 col.
1015 1504 1095 1537 raso,
1107 1507 1135 1530 et
1147 1503 1175 1530 in
1189 1502 1251 1530 aliis
1264 1502 1434 1531 editionibus
1446 1503 1586 1535 omnibus,
1596 1510 1684 1538 usque
1697 1503 1730 1530 ad
1741 1503 1891 1532 Maximam

258 1552 471 1587 Lugdunensem
490 1550 555 1577 anni
574 1550 655 1578 16⁸12.
674 1550 727 1577 Sed
743 1550 838 1578 Graeca
862 1550 946 1577 editio
966 1549 1048 1584 hujus
1067 1548 1159 1583 operis
1178 1547 1247 1575 inter
1263 1546 1354 1582 Opera
1378 1546 1410 1574 Ι).
1426 1547 1617 1583 Chrysostomi
1637 1548 1678 1576 sic
1696 1548 1796 1576 habet:
1817 1549 1847 1576 '0
1861 1549 1890 1576 δὲ

260 1596 350 1631 μέγας
365 1595 497 1627 Μεθόδιος
509 1595 538 1621 ὲν
555 1593 595 1630 τῷ
609 1594 679 1629 Περι
699 1593 898 1627 ἀναστάσεως
914 1594 987 1629 λόγῳ
1003 1593 1079 1621 αὑτοί

1069 1593 1087 1620 ta
1101 1591 1212 1625 ἐξέθετο
1231 1591 1336 1624 οὕτως’
1363 1591 1498 1620 editionis
1517 1591 1698 1620 Commelinte
1723 1593 1788 1620 anni
1807 1593 1888 1627 l596,

259 1637 447 1673 lleidelbergte
466 1636 494 1664 in
509 1636 570 1669 l'ol.,
588 1644 672 1664 serm.
689 1635 734 1668 ἥ,
752 1635 874 1663 sectione
890 1635 935 1668 65,
953 1643 1015 1670 pag.
1030 1636 1076 1664 96.

291 1681 351 1708 Jam
369 1681 402 1709 ad
416 1685 525 1709 aetatem
537 1688 595 1716 qua
608 1681 712 1708 vixisse
723 1684 750 1708 et
761 1680 905 1714 scripsisse
919 1680 965 1708 hic
980 1685 1077 1708 auctor
1101 1680 1234 1712 creditur,
1257 1679 1431 1708 accedamus.
1450 1678 1571 1708 Joannes
1594 1677 1714 1707 Jacobus
1741 1679 1845 1708 Frisius
1861 1680 1890 1707 in

257 1724 427 1752 Bibliotheca
450 1723 596 1750 universali
615 1723 752 1750 Andream
767 1722 900 1750 Caesarem
922 1724 1082 1758 episcopum
1109 1731 1182 1751 anno
1198 1723 1263 1755 579,
1278 1726 1306 1751 et
1332 1723 1463 1750 Aretham
1489 1722 1612 1758 ejusdem
1635 1722 1709 1750 sedis
1735 1723 1889 1751 antistitem

257 1776 329 1796 anno
344 1768 395 1795 587
409 1767 552 1802 assignat;
565 1774 647 1802 quem
681 1770 794 1794 secutus
812 1771 854 1793 est
876 1766 1093 1802 Christophorus
1108 1767 1235 1796 Helvicus
1252 1767 1281 1795 in
1299 1767 1413 1794 Theatra
1429 1767 1569 1800 historico,
1585 1774 1648 1802 pag.
1670 1766 1734 1799 106,
1757 1767 1888 1795 editionis

257 1811 396 1847 llarpurgi
412 1810 556 1838 Cattorum
576 1811 658 1842 1638,
675 1811 701 1837 in
718 1809 795 1837 lolio.
815 1809 854 1836 ita
872 1815 901 1837 ιιι
917 1810 1015 1838 ambos
1026 1812 1078 1839 tibi
1093 1814 1267 1849 synclironos
1282 1813 1443 1841 constituat.
1454 1812 1617 1840 Guillelmus
1630 1813 1738 1840 Caveus
1750 1813 1777 1840 in
1795 1813 1889 1840 [liuo-

255 1855 299 1882 ria
316 1855 355 1882 rei
369 1855 510 1882 litterariae
524 1863 570 1882 seu
587 1855 620 1881 de
635 1854 810 1888 scriptoribus
827 1853 1035 1888 Ecclesiartlcie,
1051 1857 1188 1884 Andream
1204 1864 1276 1884 anno
1292 1856 1354 1889 500,
1369 1864 1430 1891 pag.
1442 1855 1507 1889 579,
1522 1856 1653 1884 Aretham
1671 1863 1746 1883 anno
1760 1857 1812 1884 5J0
1828 1857 1887 1884 alli-

257 1904 313 1935 gat,
332 1899 531 1927 Bellarminum
543 1899 594 1926 hac
610 1899 637 1926 in
652 1903 730 1934 parte
744 1898 933 1926 caecutientem
944 1898 1099 1934 amplexus.
1116 1899 1236 1928 Jacobus
1263 1900 1424 1928 Perizonius
1443 1900 1470 1927 in
1490 1899 1598 1928 erudita
1622 1898 1822 1928 Dissertatione
1838 1901 1888 1928 ad-

255 1951 352 1971 versus
369 1943 540 1971 Gronoviutn
554 1942 688 1978 collegam
704 1942 735 1969 de
749 1947 833 1970 marte
848 1941 928 1970 Judte
943 1947 969 1970 et
983 1950 1043 1970 voce
1058 1952 1073 1970 τ

1067 1943 1108 1970 ιοῦ
1119 1943 1305 1979 ἀπάγχεσθαι,
1333 1951 1396 1978 cap.
1416 1944 1445 1976 4,
1467 1951 1531 1978 pag.
1548 1943 1595 1976 40,
1614 1943 1649 1971 de
1670 1943 1714 1971 his
1731 1943 1838 1971 duobus
1850 1945 1886 1971 ita

256 1988 388 2024 loquitur.
411 1997 421 2014 ι
440 1989 474 2015 At
487 1987 606 2014 Arethas
622 1987 676 2015 iste
691 1987 830 2014 contraxit
849 1987 966 2014 Andreae
981 1986 1158 2015 Caesariensis
1178 1985 1400 2013 Commentarios
1416 1985 1443 2012 in
1466 1985 1618 2020 epitomen,
1637 1989 1719 2019 atque
1730 1985 1792 2012 ideo
1808 1985 1886 2013 locu-

256 2032 346 2060 tiones
362 2032 454 2059 sinon
474 2031 555 2066 plane
567 2037 676 2062 omnes,
691 2035 719 2057 ut
733 2030 869 2066 pleraeque
882 2035 946 2057 sunt
969 2029 1041 2058 illius
1066 2029 1194 2060 Andreae,
1219 2028 1266 2063 qui
1289 2028 1384 2056 seculo
1400 2036 1440 2061 tv,
1462 2027 1599 2056 successit
1620 2027 1723 2055 Basilio
1743 2027 1842 2063 Magno
1858 2029 1888 2056 in

254 2076 453 2103 Caesariensem
472 2074 653 2110 Cappadociae
665 2075 865 2109 episcopatum.
883 2073 936 2101 Sed
951 2077 978 2101 et
991 2073 1108 2100 Arethas
1119 2073 1178 2108 ipse
1194 2072 1310 2100 refertur
1327 2072 1362 2099 ad
1381 2072 1514 2100 saeculum
1532 2079 1570 2104 vr,
1591 2077 1674 2106 atque
1689 2072 1727 2099 ita
1738 2072 1818 2108 longe
1833 2080 1885 2099 an-

255 2121 358 2156 tiquior
378 2124 420 2147 est
434 2118 644 2154 jurisconsultis
660 2118 710 2153 qui
729 2117 849 2145 Basilica
863 2117 1052 2148 confecerunt.
1066 2121 1094 2144 et
1109 2123 1226 2152 quorum
1250 2121 1340 2143 tamen
1365 2115 1531 2143 auctoritate
1554 2115 1587 2143 ad
1609 2115 1778 2150 probandam
1808 2116 1885 2143 verbi

254 2163 431 2199 ἀπάγχεσθαι
446 2162 686 2198 signiﬁcationem,
701 2160 787 2187 utitur
801 2160 841 2187 vir
855 2160 1027 2188 clarissimus
1042 2159 1177 2188 llunrirus
1193 2159 1361 2194 Stephanus,
1378 2167 1405 2194 ν.
1422 2159 1468 2188 68.
1481 2169 1490 2185 ι
1513 2159 1578 2187 liae
1601 2159 1711 2187 incaute
1733 2159 1773 2186 vir
1787 2159 1888 2187 doctus

255 2207 380 2242 scripsit.
400 2207 483 2241 cujus
494 2206 587 2233 verbis
600 2205 696 2240 paucis
711 2208 768 2231 tres
783 2211 892 2230 errores
905 2203 1011 2230 insunt.
1030 2203 1137 2230 Primus
1155 2204 1218 2231 dum
1230 2203 1368 2231 Andream
1383 2202 1515 2231 Caesarea:
1532 2203 1727 2238 Cappadocum
1750 2203 1886 2238 archiepi-

254 2258 368 2285 scopum
384 2250 485 2278 saeculo
503 2257 529 2276 tv
544 2249 677 2282 assignat,
693 2247 740 2282 qui
758 2247 850 2274 medio
866 2246 959 2274 saeculi
972 2254 997 2273 nt
1014 2247 1135 2274 anterior
1151 2252 1270 2275 nonest.
1287 2247 1425 2274 Secundus
1442 2247 1506 2275 dum
1523 2247 1661 2274 Andream
1676 2246 1802 2274 eumdem
1818 2255 1884 2274 suc-

255 2294 375 2321 cessisse
391 2294 478 2328 inquit
494 2292 597 2320 Basilio
625 2291 723 2325 Magno
737 2289 871 2318 Caesarea;
899 2289 1094 2325 Cappadocum
1120 2291 1341 2326 archiepiscopo,
1365 2291 1411 2326 qui
1435 2298 1508 2318 anno
1536 2291 1590 2318 569
1608 2290 1756 2325 episcopus
1781 2290 1885 2324 factus,

253 2347 328 2367 anno
342 2339 395 2366 578
414 2339 464 2367 sub
490 2338 624 2366 Gratiano
648 2342 676 2365 et
692 2336 887 2364 Valentiniano
903 2342 1029 2363 mortuus
1054 2339 1096 2362 est
1113 2334 1243 2363 Kalendis
1261 2334 1396 2367 Januarii,
1411 2335 1490 2369 juxta
1515 2334 1663 2361 Baronium
1693 2334 1720 2361 in
1737 2333 1886 2361 Annalibus

252 2384 451 2412 ecclesiasticis.
468 2382 574 2410 Tertius
589 2382 654 2409 dum
673 2381 803 2409 Aretham
819 2380 922 2408 sacculo
937 2388 961 2407 vt
978 2380 1074 2412 rcl'erl,
1100 2386 1180 2413 quem
1200 2382 1294 2413 postea
1308 2379 1410 2406 saeculo
1427 2386 1443 2405 x
1461 2379 1495 2406 ad
1512 2386 1614 2405 annum
1631 2376 1684 2405 9N
1710 2383 1737 2405 et
1757 2377 1812 2405 920
1825 2378 1881 2404 ela-

254 2429 344 2457 ruisse
361 2427 550 2464 probabimus.
1454 2445 1456 2448 .

287 2471 349 2499 Jam
368 2471 462 2504 igitur,
477 2474 507 2497 ιιι
520 2469 610 2497 aetatis
625 2468 758 2503 epocham
774 2467 977 2502 aggrediamur,
992 2471 1055 2501 post
1071 2470 1204 2494 attcntam
1219 2465 1417 2492 Commentarii
1431 2465 1524 2500 hujus,
1539 2469 1569 2492 ut
1588 2464 1693 2500 aliquid
1709 2464 1744 2492 ab
1755 2471 1788 2492 eo
1806 2464 1885 2499 expi-

252 2523 406 2547 scaremur,
424 2514 606 2548 iteratamque
621 2505 766 2540 lectionem
785 2511 867 2539 :dico
881 2511 954 2538 hunc
964 2511 1103 2538 Andream
1119 2509 1315 2537 Caesariensem
1337 2509 1587 2544 archiepiscopum,
1600 2508 1682 2544 hujus
1703 2508 1888 2543 expositionis

250 2559 438 2591 collectorem,
453 2557 507 2586 sub
518 2556 614 2585 saeculi
630 2560 736 2584 tantum
751 2563 778 2583 1x
794 2555 916 2583 medium
931 2554 1088 2590 scripsisse,
1106 2559 1188 2589 atque
1206 2553 1275 2580 adeo
1285 2556 1312 2580 et
1324 2551 1521 2580 Bellarminum
1537 2557 1565 2580 et
1578 2552 1741 2585 scriptorem
1756 2552 1816 2586 ejus
1832 2551 1885 2579 Ca-

249 2613 342 2637 veum,
358 2604 439 2632 annis
451 2610 560 2631 errasse
574 2610 639 2630 cccc
649 2601 692 2629 vel
709 2601 829 2633 circiter,
845 2601 872 2628 in
890 2604 969 2628 :etate
986 2600 1067 2628 istius
1081 2597 1352 2640 assignandaglonge
1364 2598 1470 2632 turpius
1481 2605 1563 2633 quam
1580 2604 1631 2632 ego
1649 2597 1674 2623 in
1686 2600 1766 2624 aetate
1777 2595 1885 2623 Simeo-

248 2649 292 2676 nis
309 2647 502 2684 lletaphrastis
517 2647 667 2682 assignata.
684 2645 733 2674 llis
746 2645 916 2681 argumentis
931 2645 1032 2672 ductus
1046 2643 1085 2671 ita
1101 2643 1203 2671 sentio.
1217 2642 1242 2669 l.
1256 2641 1361 2670 Auctor
1373 2641 1456 2677 hujus
1474 2641 1664 2670 commentarii
1690 2641 1717 2668 in
1748 2640 1886 2675 Apoaalys

250 2694 331 2726 psim,
345 2683 454 2721 exialiis
470 2691 630 2720 transcribit
642 2690 922 2726 atquetranscribere
934 2697 964 2718 se
975 2688 1135 2724 proﬁtetur,
1148 2686 1221 2722 quod
1233 2686 1343 2713 saeculis
1365 2685 1497 2714 Ecclesia:
1517 2686 1640 2721 quinque
1666 2689 1694 2712 et
1720 2692 1767 2712 sex
1787 2683 1887 2718 primis

250 2737 403 2764 inauditum
418 2737 481 2769 fuit,
496 2735 647 2771 steculique
659 2735 724 2762 noni
738 2735 892 2770 proprium,
906 2738 936 2761 ut
954 2732 1055 2761 eruditi
1076 2738 1173 2758 omnes
1198 2734 1309 2757 norunt.
1329 2729 1400 2765 Ergo
1421 2730 1465 2758 hic
1481 2734 1579 2757 auctor
1601 2733 1706 2764 spectat
1726 2731 1833 2754 tantum
1850 2727 1886 2754 ad

249 2781 378 2808 arculum
397 2781 526 2810 Ecclesiae
546 2789 582 2809 Ix.
601 2780 627 2808 ld
645 2779 795 2815 probamus
808 2786 841 2806 ex
856 2778 923 2813 ipsis
942 2777 1024 2812 hujus
1039 2774 1237 2805 Commentarii
1264 2774 1366 2807 verbis,
1390 2779 1419 2802 ut
1443 2774 1585 2809 prolitetur
1597 2779 1728 2807 expresse
1743 2776 1839 2815 auctor
1855 2771 1884 2798 in

250 2823 373 2859 Prologo.
389 2824 499 2852 Constat
521 2833 633 2860 namque
646 2814 742 2850 beatas
758 2822 819 2850 illos
832 2823 901 2849 viros
914 2821 1057 2856 Patresque
1076 2825 1192 2851 nostros,
1209 2817 1365 2853 Gregorium
1379 2818 1550 2853 T/ieologum,
1568 2817 1701 2852 Cyrillum
1719 2814 1883 2860 Alexandri-

248 2875 323 2901 num,
336 2858 470 2904 multoque
486 2870 556 2896 hisce
571 2858 726 2897 vetustiores
746 2866 871 2901 Papiam,
891 2865 1033 2898 lrentt'um,
1061 2863 1227 2890 Remedium
1247 2867 1271 2889 et
1295 2862 1477 2898 Hippolytum,
1503 2863 1622 2890 divinant
1641 2861 1744 2896 ﬁdeque
1771 2858 1883 2894 digitum
