2075 3157
191 191 245 223 205
905 187 1072 219 NOTITIA.
1764 195 1816 225 2‘06

189 255 245 275 esse
256 254 270 273 ι
281 253 392 279 quorum
408 244 584 271 monumentis
596 244 733 271 occasione
746 247 865 277 accepta,
880 251 926 269 nos
947 243 981 269 ad
996 242 1044 268 hoc
1062 242 1205 269 consilium
1219 243 1335 269 reninms
1346 243 1441 270 :sicuti
1454 244 1553 271 multas
1560 253 1662 280 quoque
1673 250 1817 276 sententias

187 299 220 318 ea:
235 290 385 317 earumdem
400 289 504 322 scriptis
517 289 708 319 muluovimus,
725 288 815 322 hisque
828 287 926 313 nostris
940 285 1145 314 Commentariis
1159 285 1330 313 inseruimus.
1343 287 1374 313 Et
1388 294 1448 321 cap.
1465 287 1476 313 1
1494 296 1501 314 :
1515 288 1600 323 Atque
1613 289 1668 316 lucc
1680 290 1817 323 hactenus,

187 339 317 368 quatenus
333 338 437 359 constat
452 337 569 357 nostram
586 330 798 365 Etcpositionem,
815 333 968 356 satictotum
990 329 1101 356 Patrum
1115 329 1222 356 vocibus
1238 335 1316 364 atque
1333 331 1472 359 sententiis
1488 333 1642 367 neutiquam
1669 334 1816 362 adversari.

188 377 255 411 Cap.
276 377 306 402 l7
324 385 331 402 :
350 375 403 407 Qui
420 382 480 401 vero
493 375 663 409 rerepliorem
677 374 813 401 doctorum
829 373 954 400 Ecclesire
964 374 1121 400 sententiam
1133 373 1228 405 secuti,
1244 373 1299 400 lucc
1312 378 1440 408 tanquam
1455 375 1608 409 futurorum
1619 379 1818 411 prmdictioncm

189 421 307 454 accipere
322 419 436 449 malunt,
451 422 504 445 etc.
519 417 587 452 Cap.
601 417 636 444 23
651 426 658 444 :
674 417 806 444 Cancrum
824 424 870 450 per
890 421 1004 442 montem
1022 425 1146 452 magnum
1164 416 1301 443 diabolum
1320 418 1488 453 designatum
1509 420 1684 453 arbitramur,
1707 422 1737 448 id
1749 424 1820 456 quod

189 464 350 500 quihusdam
361 470 464 497 quoque
479 461 631 488 doctoribus
648 462 730 488 risum
751 465 800 488 est.
817 460 913 495 Capite
927 460 963 487 50
978 469 984 487 :
1001 459 1054 487 Per
1080 461 1127 487 hos
1145 465 1234 492 testu,
1264 461 1382 496 plerique
1398 463 1532 490 doctorem
1558 471 1712 499 acceperunt
1727 466 1819 494 Enoclt

189 513 215 535 ει
227 507 328 539 Eliam,
342 506 387 541 qui
402 506 451 532 sub
462 505 555 533 siccati
570 504 650 539 ﬁnem
664 505 800 539 accepturi
814 509 876 531 sunt
895 511 913 530 a
929 503 994 536 Deo,
1012 508 1065 530 etc.
1082 503 1133 536 Qui
1149 511 1216 539 ergo
1233 504 1274 532 sic
1295 505 1428 539 loquitur,
1445 514 1500 534 non
1515 509 1608 535 saeculi
1632 517 1648 536 v
1665 510 1712 536 sed
1731 518 1757 537 IX
1776 516 1823 538 uta

191 552 339 586 plurimum
356 550 485 577 omnibus
498 553 633 577 emunctae
649 548 725 576 naris
742 548 891 575 videbitur.
905 546 1040 574 Praeterea
1057 551 1206 582 perpetuus
1221 552 1264 575 est
1288 548 1315 575 in
1342 548 1476 577 citatione
1490 555 1518 578 et
1546 552 1730 585 appellatione
1746 559 1820 581 vetc-

190 602 263 622 mm.
281 595 349 628 Cap.
368 593 380 620 ¹1
405 593 473 620 citat
484 592 681 627 Epiphaniam,
697 597 725 619 et
740 593 837 619 eodem
854 591 944 625 capite
959 590 1123 625 Gregorium
1140 590 1309 626 'l‘heologum
1323 593 1406 619 semel
1422 597 1448 619 et
1462 593 1573 621 iterum.
1591 594 1734 630 Capitibus
1753 597 1818 624 item

189 639 209 665 2
227 643 254 665 et
270 638 288 664 '5
305 641 332 664 et
348 636 365 664 9
383 636 523 668 eumdem,
540 636 621 671 quasi
636 636 663 662 in
677 635 868 670 Apocalypsim
883 633 1120 662 Commentarium
1131 634 1284 668 scripserit.
1296 635 1391 669 Capite
1405 635 1612 671 5Epiphanium
1627 643 1655 666 et
1667 638 1796 668 Irenaeum
1810 649 1818 674 ;

193 686 253 713 cap.
273 679 307 705 15
322 678 507 708 Methodium:
524 685 585 712 cap.
605 677 638 704 16
658 676 806 704 Eusebium
822 676 1018 703 Caesariensem
1039 677 1086 704 lib.
1104 685 1130 704 ts
1144 677 1272 706 Historia;
1285 678 1481 708 Ecclesiastica:
1498 688 1558 716 cap.
1573 682 1607 715 8;
1631 690 1691 717 cap,
1711 684 1744 711 18
1764 684 1820 712 Ire.

193 731 300 754 meum;
314 730 376 758 cap.
392 722 428 749 55
440 721 608 750 Methodium
619 730 628 755 ;
639 729 701 756 cap.
722 721 757 749 34
771 721 799 748 S.
819 721 970 748 Antonium
985 720 1012 747 in
1037 720 1101 748 Vitis
1123 721 1255 755 Patrum;
1268 730 1329 756 cap.
1347 723 1381 749 56
1395 722 1562 751 Mothodium
1579 730 1605 752 et
1626 725 1800 762 Hippolytum
1812 749 1820 760 ,

192 774 254 801 cap.
273 766 308 794 38
326 765 595 801 Hippolytum;cap.
609 765 645 792 44
661 766 689 793 in
702 765 754 792 line
767 764 927 799 Dionysium
959 764 1167 799 Areopagitam;
1193 771 1254 799 cap.
1285 765 1320 792 41
1347 765 1421 793 Vitas
1444 765 1567 798 Patrum,
1588 769 1678 802 quoad
1707 771 1820 804 attgelos

193 811 333 838 custodes.
347 810 414 844 Cap.
427 809 463 836 49
475 809 615 843 ambigere
631 808 739 836 videtur
755 815 789 835 an
815 815 896 843 paena
920 808 1074 835 daemonum
1089 814 1122 835 ac
1138 808 1331 836 damnatorum
1354 815 1455 837 :ctorna
1472 810 1563 837 futura
1587 813 1632 843 sit,
1662 812 1726 839 licet
1751 811 1821 842 nihil

192 854 313 881 deﬁniat.
329 853 396 887 Cap.
411 853 447 880 55
461 852 636 887 Hippolytum
651 856 678 879 et
690 852 822 878 Irenaeum
838 852 926 884 citat;
940 858 1000 886 cap.
1018 850 1054 878 63
1066 851 1196 878 Irenazum
1212 856 1239 878 ct
1253 859 1381 887 magnum
1396 852 1582 886 Methodium;
1598 855 1687 890 capite
1703 855 1737 882 66
1757 855 1822 890 Epi-

194 896 338 930 phanium.
353 895 405 928 Qui
416 895 501 930 igitur
517 895 568 922 hos
580 901 678 922 omnes
690 895 785 922 Patres
799 899 830 921 ut
845 894 906 920 ﬁdei
921 901 978 921 suae
994 894 1115 930 regulam
1130 894 1245 929 profert,
1272 895 1310 923 ab
1337 896 1448 923 illorum
1480 898 1649 931 temporibus
1673 905 1703 925 se
1729 899 1822 926 multis

195 946 332 966 annorum
344 938 478 966 centuriis
501 945 564 965 csse
579 941 716 965 remotum
731 937 843 968 indicat.
860 944 894 964 ac
909 936 1025 970 proinde
1041 937 1182 965 hominem
1192 945 1254 966 esse
1268 938 1382 966 Graeciae
1397 940 1491 967 media:
1512 941 1553 968 vel
1569 940 1719 968 interioris.
1736 941 1764 968 2.
1775 942 1816 969 At-

195 981 293 1009 tribuit
303 981 349 1009 hic.
359 985 455 1009 auctor
466 980 694 1008 Commentarium
709 981 737 1007 in
752 979 942 1015 Apocalypsin:
957 979 986 1006 S.
1001 979 1133 1016 Gregorio
1147 981 1332 1015 Nazianzeno,
1349 983 1431 1018 idque
1446 992 1498 1010 non
1519 992 1575 1011 uno
1588 985 1615 1012 in
1637 985 1708 1018 loco,
1726 986 1823 1020 capiti-

195 1025 246 1053 bus
260 1025 391 1052 nimirum
406 1025 432 1058 1,
449 1025 478 1056 2,
490 1025 507 1052 5
521 1029 548 1053 et
563 1025 591 1053 9.
603 1024 673 1052 Cum
685 1031 751 1059 ergo
768 1024 855 1059 hujus
870 1023 1069 1052 Commentarii
1098 1025 1190 1053 nullus
1213 1030 1334 1054 veterum
1364 1027 1531 1061 meminerit,
1550 1036 1604 1055 non
1625 1027 1822 1065 Hieronymus,

194 1069 284 1105 ipsius
297 1069 423 1104 Gregorii
437 1068 604 1096 Nazianzeni
615 1068 782 1103 discipulus,
793 1068 840 1103 qui
854 1067 915 1103 ejus
923 1067 1011 1103 Opera
1024 1073 1119 1097 exacte
1130 1076 1253 1097 recenset
1268 1070 1298 1097 in
1312 1070 1382 1098 libro
1393 1070 1425 1098 de
1440 1071 1613 1106 scriptoribus
1625 1072 1823 1105 ecclesiasticis,

194 1121 258 1147 cap.
275 1112 345 1147 197;
363 1121 418 1140 non
441 1112 551 1146 Suidas,
569 1113 616 1147 qui
635 1120 666 1140 ea
677 1112 853 1140 exactissime
867 1116 1030 1147 prosecutus
1046 1117 1086 1140 est
1110 1112 1137 1140 in
1156 1112 1269 1146 Lexico,
1287 1113 1372 1141 verbo
1387 1114 1557 1149 Γρηγόριο;;
1580 1123 1636 1143 non
1654 1115 1770 1144 Photius
1796 1117 1823 1143 in

195 1156 366 1184 Bibliotheca
381 1164 391 1183 :
415 1156 478 1183 inde
506 1155 668 1189 coniicimus
682 1161 823 1183 auctorem
840 1155 914 1183 hunc
927 1163 987 1183 esse
1004 1157 1164 1184 rccentioris
1178 1156 1301 1189 Gracche,
1323 1157 1488 1186 scribentem
1510 1164 1571 1194 post
1596 1159 1825 1187 Commentarium

197 1201 226 1228 in
241 1200 429 1235 Apocalypsim
447 1199 476 1227 S.
493 1199 625 1234 Gregorio
637 1198 809 1226 Nazianzeno
822 1198 994 1233 suppositum
1013 1208 1020 1226 :
1041 1200 1087 1234 qui
1106 1207 1165 1227 mos
1184 1200 1342 1228 Graecorum
1370 1202 1553 1230 recentiorum
1583 1203 1643 1230 fuit.
1667 1203 1694 1230 5.
1720 1204 1825 1238 Allegat

199 1245 244 1272 hic
261 1245 331 1272 idem
348 1248 446 1272 auctor
457 1251 519 1278 cap.
538 1243 574 1270 44
590 1242 751 1278 Dionysium
766 1243 957 1277 Areopagitam
976 1243 1018 1269 his
1033 1243 1124 1271 verbis
1142 1252 1150 1270 :
1169 1243 1246 1277 Quod
1267 1245 1353 1280 angeli
1365 1245 1470 1279 phialas
1495 1246 1536 1272 ira
1560 1246 1649 1273 diuina
1666 1247 1768 1282 plenas,
1794 1255 1825 1274 cz

196 1293 313 1324 quatuor
325 1287 500 1320 animalibus,
515 1295 628 1322 quorum
646 1287 716 1321 apud
740 1287 896 1321 prop/telam
921 1285 1090 1314 Ezechielem
1105 1295 1207 1321 quoque
1233 1287 1263 1321 fit
1291 1288 1399 1320 utentia,
1425 1289 1583 1322 accipiant:
1606 1289 1655 1316 hoc
1680 1291 1826 1317 secundum

198 1340 322 1366 maguum
336 1331 494 1367 Dionysium
511 1331 647 1366 signiﬁcat
660 1330 799 1365 agibilium
816 1331 938 1358 notitiam
953 1339 970 1358 a
981 1330 1086 1364 primis,
1106 1330 1197 1357 ordine
1211 1331 1327 1366 quodam
1343 1332 1377 1358 ad
1394 1331 1461 1358 alios
1478 1338 1501 1359 et
1515 1332 1583 1359 alios
1598 1333 1750 1364 dimanare.
1769 1339 1823 1361 etc.

200 1375 252 1403 Ubi
269 1376 398 1410 supponit
416 1383 499 1410 opera
514 1374 569 1402 divi
592 1374 715 1410 Dionysii
743 1374 926 1411 Areopagitae,
943 1381 1025 1409 quem
1049 1381 1175 1408 magnum
1195 1374 1351 1409 Dionysium
1380 1380 1472 1408 vocat,
1499 1376 1629 1404 omnibus
1657 1384 1719 1405 esse
1751 1382 1825 1404 nota.

199 1420 282 1455 Atqui
300 1420 367 1447 nihil
384 1428 503 1452 unquam
520 1419 642 1447 auditum
656 1419 689 1446 de
706 1419 834 1453 operibus
857 1418 930 1450 istis,
948 1422 1012 1445 ante
1037 1417 1211 1444 collationem
1233 1418 1380 1452 quamdam
1396 1418 1731 1453 Consmntinopolitanam
1753 1428 1826 1448 anno

199 1464 253 1491 555
267 1463 338 1491 inter
355 1462 514 1491 Catholicos
532 1467 558 1490 et
579 1462 753 1494 Severianus,
772 1461 954 1497 allegantibus
971 1461 1121 1493 haereticis,
1139 1461 1290 1489 Catholicis
1303 1461 1502 1496 rcjieientibus.
1517 1463 1620 1490 Auctor
1633 1471 1697 1498 ergo
1717 1464 1763 1498 qui
1775 1464 1826 1492 ho.-

200 1507 307 1539 scrihit,
325 1514 376 1534 nec
393 1507 520 1534 ﬂoruisse
534 1506 638 1533 sacculo
654 1514 681 1537 v,
698 1513 747 1533 nec
763 1505 796 1532 ad
815 1505 881 1532 illud
899 1509 1024 1540 spectare
1038 1507 1138 1539 potest,
1151 1512 1208 1538 quo
1218 1504 1309 1539 ignota
1321 1505 1436 1531 omnino
1452 1510 1533 1532 erant
1548 1513 1630 1540 opera
1654 1505 1683 1533 S.
1701 1506 1824 1542 Dionysii

200 1550 382 1586 Areopagitre,
400 1558 460 1585 quae
472 1555 537 1578 tunc
552 1557 568 1576 a
581 1549 739 1576 Severianis
758 1549 876 1576 coulicta
889 1549 974 1576 fuisse
998 1547 1134 1576 Catholici
1153 1547 1312 1574 credebant.
1328 1548 1355 1575 4.
1371 1547 1433 1575 Haec
1449 1548 1583 1576 scribendi
1597 1549 1667 1576 ratio
1678 1557 1710 1576 es
1721 1550 1827 1577 laciniis

200 1599 325 1622 veterum
342 1594 452 1621 l'atrum
470 1593 553 1622 simul
568 1593 672 1628 junctis
686 1592 787 1620 saeculo
800 1601 825 1619 is
841 1593 959 1627 primum
974 1592 1086 1628 incepit,
1102 1592 1130 1619 in
1149 1599 1183 1619 eo
1197 1592 1323 1625 invaluit,
1338 1596 1366 1619 et
1382 1600 1469 1628 usque
1481 1593 1514 1620 ad
1532 1594 1624 1621 saeculi
1639 1594 1720 1628 hujus
1740 1595 1822 1622 tinem

201 1638 383 1666 continuavit.
397 1636 479 1664 Iusta
491 1637 564 1663 enim
581 1635 773 1666 'l‘rithemium.
791 1635 962 1663 Walal'ridus
985 1635 1100 1663 Strabus
1120 1642 1192 1662 anno
1205 1635 1269 1668 850,
1288 1634 1410 1662 Glossam
1427 1636 1595 1664 ordinarium
1617 1637 1643 1664 in
1656 1637 1826 1673 Scriptorum

203 1689 312 1709 sacram
329 1689 363 1709 ex
377 1681 537 1716 fragmentis
556 1685 716 1708 sanctorum
735 1679 857 1711 Patrum,
876 1684 960 1706 totam
978 1678 1119 1706 collectam
1141 1678 1262 1713 scripsit,
1282 1686 1297 1705 a
1313 1679 1403 1713 seipso
1416 1679 1483 1707 nihil
1501 1680 1726 1716 proferens,_qni,
1742 1682 1828 1710 abbas

202 1724 349 1753 Fuldensis
365 1714 438 1752 anno
453 1724 507 1752 842
522 1723 622 1755 factus,
637 1731 709 1750 anno
724 1722 777 1750 849
804 1727 930 1750 mortuus
955 1723 1095 1750 scribitur.
1112 1722 1198 1750 Jonas
1214 1729 1337 1759 quoque,
1353 1714 1507 1758 episcopus?
1521 1714 1731 1753 Aurelianensis
1753 1733 1828 1754 anno

202 1769 252 1797 821
276 1768 375 1800 lactus,
392 1768 465 1795 circa
486 1774 587 1794 annum
599 1766 652 1794 830
666 1766 752 1793 libros
770 1770 824 1792 tres
837 1764 877 1792 De
891 1765 1062 1793 institutione
1074 1765 1205 1793 laicorunt
1230 1767 1398 1800 composuit,
1416 1775 1449 1794 ex
1467 1768 1613 1796 sententiis
1632 1774 1756 1797 veterum
1775 1769 1829 1797 Pa-

203 1817 276 1839 trum
292 1812 398 1847 integre
413 1811 635 1845 collectos,quos
650 1817 682 1836 ex
699 1817 765 1836 mss.
787 1808 930 1836 codicibus
945 1808 1036 1837 Lucas
1057 1809 1192 1837 Acherius
1207 1809 1322 1838 Parisiis
1336 1818 1410 1838 anno
1423 1811 1493 1839 1665
1511 1812 1538 1839 in
1549 1812 1566 1839 4
1580 1813 1676 1840 tomol
1692 1813 1831 1849 Spicilegii

202 1856 324 1883 edendos
341 1855 451 1890 sategit.
470 1853 537 1881 Post
556 1861 659 1882 annum
677 1852 729 1880 850
744 1851 859 1880 Photius
880 1852 927 1880 ille
941 1860 1068 1887 magnus,
1085 1853 1274 1882 adlmclaicus
1290 1853 1428 1882 exsistens
1441 1859 1468 1881 et
1480 1854 1577 1882 oliiciis
1591 1855 1701 1890 imperii
1711 1857 1830 1892 publicis

203 1898 240 1926 ab
255 1898 418 1933 imperatore
432 1901 593 1931 occupatus.
616 1895 803 1931 Μυριόσισλον
821 1902 869 1923 seu
884 1895 1077 1923 Bibliotltecant
1092 1904 1124 1925 ex
1151 1897 1263 1932 scriptis
1283 1904 1387 1925 ccuxx
1406 1902 1528 1925 veterum
1546 1900 1689 1934 opusculis
1709 1900 1830 1936 collegit.

205 1942 234 1969 in
248 1949 302 1976 qua
317 1941 409 1968 onuiia
424 1940 480 1968 fere
495 1940 662 1967 verbotcnns
679 1946 710 1966 ex
725 1939 788 1966 aliis
807 1943 928 1973 accepta,
941 1939 963 1966 si
982 1946 1115 1967 eunsuras
1129 1948 1232 1975 paucas
1247 1941 1403 1975 praemissas
1414 1942 1555 1977 operibus,
1571 1951 1633 1978 quae
1655 1944 1738 1971 simul
1756 1952 1832 1972 com-

205 1985 336 2021 portavit,
355 1984 488 2020 excipias.
505 1983 585 2011 Circa
599 1990 702 2010 annum
716 1982 768 2009 870
790 1983 963 2016 Anastasius,
990 1982 1121 2010 Romana:
1149 1984 1277 2011 Ecclesia:
1293 1985 1530 2019 hihliothecarius,
1546 1987 1656 2022 scripsit
1680 1987 1831 2015 Historiam

205 2028 429 2056 Ecclesiasticam
445 2035 493 2055 seu
508 2025 759 2061 Chronugraphiam
778 2023 968 2059 Triparlitam,
984 2033 1017 2055 ex
1037 2026 1145 2061 Georgii
1164 2026 1294 2062 Syncelli,
1319 2027 1494 2062 Theophanis
1507 2029 1677 2059 confessoris
1702 2036 1729 2058 et
1754 2031 1832 2059 Nice-

207 2073 286 2108 phori
305 2072 471 2107 patriarcha
489 2069 785 2103 Constantinopolitani
802 2068 959 2101 Chronicis,
977 2069 1011 2096 ab
1028 2070 1111 2104 ipsoc
1126 2069 1220 2097 Graeca
1232 2070 1323 2105 lingua
1339 2071 1365 2097 in
1375 2070 1500 2098 Latinam
1517 2073 1669 2106 translatis,
1683 2075 1831 2101 maximam

208 2120 315 2151 partem
335 2115 507 2149 dcsumplaln
529 2114 625 2148 :quod
644 2114 703 2147 ipse
731 2113 758 2139 in
782 2111 947 2140 Praelatione
971 2112 1089 2147 ingenue
1111 2113 1190 2140 fateri
1213 2121 1268 2140 non
1282 2114 1431 2142 erubescit.
1455 2114 1520 2142 Jure
1546 2115 1628 2150 igitur
1654 2117 1751 2143 merito
1767 2124 1831 2144 cum

207 2160 335 2186 Andreas
348 2159 480 2186 Cesarese
499 2157 693 2195 Cappadocum
710 2156 947 2191 archiepiscopus,
961 2157 1056 2183 eadem
1073 2156 1202 2184 mothodo
1227 2155 1462 2183 Commentarium
1484 2165 1565 2184 suum
1593 2158 1619 2184 in
1643 2158 1831 2193 Apocalypsim

209 2202 364 2237 scripserit,
379 2209 452 2229 nullo
463 2201 516 2229 840
532 2201 573 2229 vel
590 2201 705 2229 circiter
718 2200 902 2235 assignandus
919 2200 1035 2227 videtur.
1061 2199 1125 2227 Haec
1140 2200 1172 2227 ad
1188 2194 1407 2227 confutationem
1422 2200 1560 2228 Guilielmi
1577 2201 1658 2229 Cavei
1676 2202 1803 2230 dillusius
1818 2211 1833 2230 ιι

209 2247 290 2274 nobis
303 2247 404 2281 scripta
422 2250 497 2273 sunt.
1582 2250 1587 2254 -

246 2290 308 2316 Alia
323 2297 434 2324 qucque
448 2289 654 2316 Commentaria
671 2289 786 2316 Androm
801 2287 988 2315 attribuuntur
1003 2293 1018 2314 a
1032 2286 1121 2313 Caveo
1134 2286 1168 2314 ad
1183 2293 1284 2314 annum
1292 2285 1355 2319 500,
1366 2293 1420 2321 quo
1432 2294 1493 2313 eum
1509 2286 1643 2322 assignat,
1657 2293 1730 2314 ιοιιιο
1747 2287 1767 2315 ΙΙ
1784 2296 1832 2315 seu

211 2337 291 2368 parte
308 2341 326 2360 ιι
340 2333 467 2360 Historia
479 2332 621 2360 litterario:
637 2337 734 2365 praeter
748 2327 978 2359 Commentarium'
995 2330 1022 2356 iu
1043 2329 1228 2364 Apocalypsin:
1245 2329 1406 2364 praefatum;
1427 2337 1524 2364 nempe
1544 2329 1762 2365 Therapeuticam
1781 2333 1836 2367 spi-

210 2377 336 2404 ritualem
361 2377 507 2411 scripsisse
524 2377 634 2408 asserit,
652 2384 686 2403 ex
702 2376 782 2410 cujus
807 2376 877 2402 libro
899 2374 1021 2402 secundo
1045 2372 1197 2408 fragmenta
1223 2374 1346 2408 quaedam
1369 2373 1506 2400 habentur
1531 2374 1557 2400 in
1586 2374 1692 2410 Eclogt's
1714 2377 1835 2403 asceticis

209 2420 326 2448 Joannis
348 2421 511 2455 patriarcha.-
537 2420 704 2452 Antiocheni,
731 2419 796 2446 lolio
815 2419 860 2450 58,
880 2426 941 2453 pag.
963 2419 991 2448 τὶ,
1016 2426 1028 2443 a

1016 2418 1050 2443 ah
1069 2418 1111 2445 his
1130 2418 1239 2445 verbis:
1255 2417 1309 2444 Ποῦ
1336 2418 1365 2444 αἱ
1385 2417 1470 2453 ψυχαὶ
1487 2419 1555 2453 μετὰ
1572 2419 1621 2454 τὴν
1638 2420 1771 2455 ἐκδημίαν
1785 2421 1833 2446 τοῦ

213 2464 341 2499 σώματος
361 2463 541 2499 ἀπέρχονται,
558 2464 592 2490 de
620 2463 720 2497 quibus
745 2463 807 2490 vide
835 2462 1012 2490 Lambecium
1030 2461 1032 2488 l

1030 2461 1100 2489 libro
1127 2469 1142 2489 v
1168 2461 1447 2494 Commentariorum,
1479 2462 1576 2490 codice
1599 2470 1651 2490 ms.
1681 2464 1834 2498 theologica

210 2507 307 2534 Greco
321 2507 385 2538 95!.
403 2515 481 2534 num.
498 2508 521 2539 l,
538 2515 599 2542 pag.
617 2507 679 2534 105.
695 2507 784 2542 Atque
798 2506 899 2533 caedem
916 2505 970 2532 illae
983 2505 1118 2532 habentur
1140 2505 1167 2532 in
1185 2504 1261 2532 Noua
1279 2504 1445 2533 Bibliotheca
1465 2514 1529 2533 mss.
1544 2506 1662 2533 codicum
1683 2507 1834 2533 aureorum

212 2551 372 2578 Latinorum
385 2555 465 2585 atque
481 2550 656 2581 Gallicorum,
679 2559 726 2577 seu
740 2549 886 2585 Specimine
901 2549 1072 2584 antiquarum
1088 2548 1230 2575 lectionum
1253 2548 1419 2580 Grarcarum,
1436 2548 1595 2576 Latinarum
1612 2554 1637 2576 et
1656 2549 1834 2581 Gallicarum,

212 2603 246 2622 ex
261 2602 330 2622 mss.
348 2594 492 2622 codicibus
515 2593 606 2629 Regia
628 2593 779 2621 Galliarum
795 2593 974 2620 Bibliotheca
989 2592 1164 2627 potissimum
1179 2592 1305 2625 collecta,
1328 2596 1356 2620 et
1369 2592 1442 2620 edita
1459 2600 1474 2620 a
1499 2593 1624 2628 Philippo
1640 2592 1748 2619 Labbeo
1770 2592 1834 2619 Soc.

211 2638 291 2670 Iesu,
308 2638 424 2666 Parisiis
448 2645 522 2665 anno
543 2637 625 2669 1655,
650 2637 677 2664 in
694 2637 721 2669 4,
739 2637 811 2672 apud
837 2635 969 2664 Joannem
988 2636 1116 2663 Henanlt.
1133 2635 1190 2663 Illic
1216 2640 1293 2670 parte
1309 2644 1338 2669 ιι,
1357 2643 1418 2671 pag.
1439 2636 1485 2669 82,
1515 2637 1627 2663 Andrea.’
1647 2635 1836 2669 archiepiscopi

213 2683 346 2711 Caesarem
357 2682 515 2716 quastione:
531 2689 563 2708 επ
577 2681 644 2708 libro
666 2680 886 2714 Therapeulicon,
903 2689 954 2714 quo
972 2679 1067 2707 abeant
1078 2679 1175 2707 anima
1191 2683 1250 2713 post
1263 2684 1374 2707 mortem
1386 2680 1516 2714 corporis,
1531 2680 1557 2706 in
1574 2679 1657 2714 Regio
1673 2679 1766 2706 codice
1783 2686 1834 2706 ms.

213 2726 311 2753 Cra-co
326 2725 389 2758 950,
406 2727 487 2759 quem
507 2725 659 2752 oscitanter
671 2724 786 2751 Andrem
800 2723 974 2751 Cretensium
986 2723 1193 2757 archiepiscopo
1210 2723 1369 2758 assignasse
1383 2731 1427 2752 me
1439 2723 1579 2750 recordor.

250 2769 286 2795 At
305 2768 402 2795 Petrus
421 2767 587 2795 Lambecius
604 2767 673 2794 libro
691 2776 719 2794 ιιι
747 2767 1015 2794 Commentariorum
1035 2766 1208 2794 bibliotheca:
1233 2766 1366 2794 Caesareae
1381 2766 1600 2794 Viudoboncusis
1616 2772 1678 2800 pag.
1702 2764 1738 2791 40
1755 2764 1838 2792 Com-

217 2812 427 2849 irentaria‘duo
441 2811 495 2842 alia
512 2811 564 2846 ipsi
579 2810 705 2837 attribuit
723 2811 817 2839 codice
833 2818 886 2837 ms.
916 2810 1071 2845 theologico
1085 2810 1180 2838 Crteco
1194 2810 1229 2837 26
1249 2811 1292 2838 his
1308 2811 1399 2838 verbis
1413 2818 1420 2837 ε
1439 2819 1448 2835 ι
1467 2809 1622 2836 Vicesimus
1641 2814 1736 2836 sextus
1752 2809 1839 2837 codex

215 2857 423 2891 manuscriptus
439 2855 624 2890 Theolngicus
638 2854 750 2882 Grmcus
762 2860 805 2881 est
829 2854 1004 2887 chartaceus,
1017 2855 1146 2890 antiquus
1162 2876 1169 2887 ,
1183 2855 1210 2882 in
1225 2854 1301 2888 folio,
1315 2859 1476 2889 constatque
1490 2853 1561 2880 foliis
1576 2853 1628 2880 329
1637 2858 1664 2880 et
1675 2854 1709 2880 ab
1721 2854 1840 2889 Angerio

212 2900 381 2933 Busbechio,
402 2905 431 2927 ut
447 2901 505 2935 ipse
522 2899 601 2926 solita
627 2899 746 2933 propria:
765 2906 863 2926 manus
881 2898 1083 2934 subscriptione
1099 2902 1225 2932 testatur,
1241 2898 1481 2933 Constantinopoli
1498 2898 1564 2925 olim
1588 2902 1762 2933 comparatus
1778 2896 1840 2926 luit.
