2075 3157
208 185 265 218 209
571 189 874 224 COMMENTARIUS
894 193 935 223 IN
955 193 1027 224 APO

1020 194 1217 227 lCALYPSlN.
1235 209 1271 214 —
1290 197 1483 231 PROtEMIA.
1786 198 1839 232 210

208 250 271 276 qua!
288 242 317 287 in
326 243 510 279 evangelistas
524 250 551 273 et
565 246 651 274 Actus
663 247 864 282 apostolorum.
879 256 942 283 qum
955 255 1114 285 supersunt,
1137 252 1360 282 describerentur
1371 274 1380 287 ,
1404 255 1605 284 conferrentur.
1624 255 1760 284 Czeternm
1776 263 1838 283 cum

207 286 469 334 animadverterent,
481 288 672 334 Chrysostomi
686 291 719 319 ad
731 291 846 320 Joannis
860 293 991 328 Theologi
1007 294 1190 330 Apocalypsin
1207 297 1276 324 nihil
1288 286 1407 331 exstare,
1425 299 1661 334 commodumque
1677 299 1705 326 in
1720 299 1839 326 serenis-

207 329 278 377 simi
300 330 437 377 principis
452 332 540 377 nostri
559 332 724 362 bibliotheca
740 335 856 364 Andreae
874 336 1051 366 Caesariensis
1081 329 1205 374 episc0pi
1220 341 1253 367 ad
1272 341 1346 369 illam
1368 329 1455 377 ipsam
1483 329 1700 370 commeniarius
1716 342 1837 373 Gmcus.

206 373 253 406 qui
270 373 404 402 hactenus
430 375 458 403 in
475 375 652 405 bibliothecis
665 379 814 407 conclusus
828 380 984 412 delituerat.
1001 388 1062 409 sese
1084 373 1240 417 obtulisset,
1255 385 1290 412 ab
1309 373 1436 414 instituto
1449 391 1547 415 nostro
1573 387 1688 414 minime
1714 386 1838 414 alienum

169 427 175 432 -
205 424 266 466 sum
288 417 453 452 arbitratus,
475 419 498 466 si
515 420 598 466 illum
618 421 817 457 Chrysostomo
832 424 961 452 comitem
982 425 1173 462 adiungerem,
1193 429 1221 456 in
1242 436 1275 456 eo
1295 429 1399 457 Giberti
1416 431 1584 459 Veronensis
1601 430 1722 466 episcopi
1746 437 1838 457 exem-

206 460 281 510 plum
302 467 425 510 secutus,
441 464 489 510 qui
510 463 685 510 OEcumenio
700 466 778 500 olim,
793 466 883 496 Aretas
895 468 954 503 (qui
967 474 1062 498 nostro
1071 460 1183 499 Andrea
1200 477 1280 500 aatate
1297 472 1413 501 inferior
1424 475 1477 510 est)
1493 460 1661 503 collectanea
1681 460 1709 502 in
1729 473 1837 507 Apoca-

206 506 293 553 lypsin
309 507 489 553 appendenda
500 509 616 537 curavit.
629 509 731 539 Nactus
741 511 833 547 itaque
843 512 959 540 alterum
972 513 1088 543 Andreae
1097 514 1274 544 Caesariensis
1287 517 1442 552 exemplum
1456 506 1521 550 ms,
1538 518 1563 545 id
1579 517 1681 553 negotii
1695 506 1837 548 Frideriro

206 547 369 595 Sﬂylburgio,
380 551 514 579 doctrina:
538 557 566 580 et
581 553 730 589 diligentia
745 555 854 583 eximiae
868 556 940 590 viro,
964 557 1045 591 dedi,
1075 563 1105 586 ut
1128 559 1307 595 archetypum
1324 547 1473 594 utrumque
1488 547 1679 595 compararet,
1689 561 1837 589 verborum

204 593 417 639 discrepantiam
427 595 596 629 observaret,
610 598 739 634 notisque
749 603 777 627 et
791 600 930 628 indicibus
945 600 1105 629 illustraret.
1122 601 1161 629 Ad
1172 593 1340 636 postremum
1352 604 1422 630 sacri
1429 593 1516 638 hujus
1535 593 1626 639 operis
1640 604 1685 631 ubi
1701 604 1836 638 pervenit,

305 637 336 664 Ο.
351 636 390 664 Μ.
407 639 570 673 appellatus,
589 641 613 668 vi
631 642 718 669 morbi
742 650 854 671 manum
870 645 963 672 statim
985 645 1020 672 de
1033 645 1136 677 tabula.
1153 635 1275 680 mihique
1290 654 1384 678 cursu,
1402 635 1478 681 quod
1495 635 1592 679 aiunt,
1608 635 1733 682 lampada
1749 646 1838 674 tradi—

203 679 254 706 dit.
270 679 415 726 Postremo
429 682 521 718 itaque
539 684 591 711 viri
605 684 688 720 hujus
706 686 772 713 mihi
788 687 949 716 amicissimi
968 689 1115 722 posthumo
1128 688 1205 722 fetui,
1226 679 1309 724 opera
1320 679 1418 717 nostra
1429 690 1456 717 in
1474 698 1557 718 auras
1568 679 1713 726 producto,
1731 694 1836 717 tutores

202 723 343 768 quaerendi
370 732 432 751 cum
459 731 563 758 essent.
592 735 640 755 vos
665 729 808 757 nominare
821 730 909 758 visum
928 732 989 765 fuit,
1005 740 1077 767 quos
1097 733 1120 760 si
1139 723 1254 760 vixisset
1275 734 1333 768 ipse
1347 742 1447 768 parens
1478 733 1509 761 L.
1531 723 1576 761 M.‘
1593 733 1625 767 ρ.
1645 733 1837 761 nominaturus

203 766 299 815 ί¹¹ξξεθξ
314 776 321 794 ε
335 768 523 815 (ιυίρρεςιεεηι
535 775 656 799 Vestrum
668 773 714 800 alii
730 774 915 811 συμμαθητὴν
928 766 1084 805 habuerunt
1095 766 1339 811 modestissimum,
1347 766 1403 805 alii
1422 782 1592 813 praeceptore
1606 766 1681 805 lideli
1693 777 1736 805 nsi
1749 782 1813 805 sunt
1827 786 1834 803 :

201 810 300 857 reliqui
320 819 396 845 vero,
412 814 459 848 qui
474 814 563 849 ipsum
581 815 658 850 prius
678 817 770 846 minus
788 810 932 852 noverant,
950 820 997 848 ubi
1014 828 1077 848 eum
1093 825 1295 856 cognoverunt,
1312 810 1429 857 propter.
1440 810 1529 849 raram
1545 821 1730 849 eruditionem
1749 825 1776 847 et
1797 820 1838 847 in"

201 853 339 882 defessum
351 857 510 892 ergajremp.
525 857 687 887 litterariam
703 861 824 888 studium
835 867 974 896 amarunt,
991 867 1018 891 et
1030 863 1086 899 jam
1101 853 1188 899 ipsius
1202 853 1507 892 memoriam'landibus
1521 868 1734 899 prosequuntur.
1755 863 1835 897 Quod

201 903 340 932 superest,
354 900 404 927 viri
421 901 597 935 nobilissimi.
614 911 646 930 ao
662 905 791 938 patroni,
811 912 860 933 vos
876 906 1154 935 vehementeretiam
1169 913 1252 943 atque
1261 909 1342 936 etiam
1360 917 1437 944 rogo,
1458 914 1486 936 ut
1499 909 1553 936 hoc
1567 916 1659 936 meum
1675 908 1834 939 consilium,

249 944 471 1013 ﬂ‘fortpwvﬂdtw;
481 945 600 974 cilicium
616 947 644 974 in
661 947 760 975 bonam
776 953 880 983 partem
896 950 1049 985 accipiatis,
1068 951 1264 987 laboribusque
1280 952 1394 984 nostris,
1419 952 1492 987 quod
1509 952 1610 984 facitis,
1629 951 1720 979 lavere
1737 959 1833 986 perga‘

214 993 247 1013 is.
286 993 300 1013 a
313 991 367 1013 ete.

201 989 247 1013 tis.
264 989 367 1014 Valete.

205 1051 1606 1069 ——-_—_ﬂ"-—————g
1612 1061 1630 1069 -

360 1109 403 1139 De
414 1110 606 1151 Apocalypsi
621 1111 755 1143 Joannis
773 1112 965 1152 Hieronymi
987 1112 1209 1145 testimonium
1226 1113 1260 1144 in
1278 1112 1414 1153 epistola
1433 1113 1472 1144 ad
1490 1113 1673 1146 Paulinum.

234 1193 412 1230 Apocalypsis
426 1193 540 1222 Joannis
554 1198 595 1222 tot
610 1193 692 1221 habet
701 1198 885 1227 sacramenta,
904 1199 972 1229 quot
982 1194 1077 1222 verba.
1094 1194 1195 1222 Parnm
1214 1194 1269 1222 dixi
1285 1202 1335 1230 pro
1350 1195 1450 1223 merito
1464 1195 1632 1229 voluminis;
1659 1195 1720 1223 laus
1742 1197 1833 1224 omnis

198 1237 313 1265 inferior
327 1242 370 1265 est
387 1247 395 1266 :
410 1237 437 1265 in
451 1237 543 1266 verbis
559 1238 676 1273 singulis
702 1237 868 1273 multiplices
892 1238 978 1266 latent
995 1238 1194 1275 intelligentiae.

196 1369 243 1400 De
262 1369 376 1401 horum
397 1369 704 1401 commentariorum
722 1373 851 1402 auctore
867 1369 1058 1402 Theodorus
1074 1371 1226 1402 Peltanus
1238 1371 1398 1411 interpres
1421 1371 1453 1402 in
1471 1370 1605 1410 epistola
1621 1369 1829 1402 dedicatoria.

231 1440 300 1467 Cum
318 1440 362 1468 hic
374 1440 577 1476 Apocalypseos
593 1440 661 1468 liber
677 1443 717 1467 tot
728 1440 830 1468 abditis
846 1440 985 1476 mysteriis
998 1439 1035 1467 sit
1047 1440 1187 1476 gravidus,
1203 1445 1299 1476 totque
1323 1440 1480 1476 implicatus
1503 1440 1628 1468 tenebris
1643 1443 1670 1467 et
1686 1439 1833 1467 dimeulta-

196 1484 279 1516 tibus,
290 1483 392 1511 utiliter
405 1491 466 1511 meo
480 1483 586 1519 judicio
604 1491 716 1519 operam
729 1483 876 1514 collocant.
893 1484 953 1518 qui,
969 1488 1091 1510 veterum
1107 1484 1297 1519 theologorum
1316 1484 1442 1518 vestigiis
1458 1484 1618 1511 insistentes
1631 1502 1640 1514 ,
1655 1483 1831 1518 explicationt

195 1528 268 1554 illius
282 1527 399 1555 viriliter
423 1527 586 1555 incumbunt
599 1535 607 1559 ;
624 1528 762 1562 tantisque
775 1527 830 1555 illis
844 1528 1060 1555 obscuritatibus
1075 1532 1102 1555 et
1117 1529 1236 1556 tenebris
1248 1529 1337 1556 lucem
1352 1529 1473 1563 aliquam
1491 1528 1591 1555 afferre
1603 1529 1787 1560 contendunt,
1804 1534 1831 1556 et

195 1580 256 1606 quae
267 1572 311 1599 vel
328 1572 378 1607 ipsi
391 1572 462 1607 apud
475 1579 505 1599 se
521 1580 575 1599 non
592 1572 697 1607 absque
715 1573 809 1600 labore
828 1572 948 1600 meditati
968 1577 1043 1605 sunt,
1056 1572 1098 1599 vel
1115 1573 1187 1607 apud
1208 1573 1276 1600 alios
1293 1572 1463 1600 orthodoxos
1480 1576 1508 1600 et
1528 1572 1650 1600 eruditos
1666 1573 1831 1607 interpretes

194 1615 318 1642 studiose
332 1615 524 1648 observarunt,
542 1614 692 1643 liberaliter
707 1615 734 1642 in
746 1616 866 1643 medium
879 1615 1035 1643 conferunt.
1051 1615 1124 1644 Inter
1138 1617 1188 1643 hos
1207 1620 1298 1643 autem
1311 1616 1353 1643 vel
1365 1616 1483 1650 primum
1494 1637 1501 1649 ,
1513 1616 1555 1643 vel
1577 1617 1668 1651 primo
1683 1621 1757 1644 certe
1767 1623 1831 1651 pro-

195 1659 298 1686 ximum
309 1658 400 1686 locum
416 1665 590 1693 promeretur
605 1660 729 1688 Andreas
743 1661 876 1688 Caesareae
891 1660 1071 1695 Cappadocia:
1085 1659 1321 1694 archiepiscopus.
1340 1658 1409 1686 Nam
1437 1660 1489 1686 etsi
1515 1664 1580 1686 ante
1597 1660 1686 1693 ipsum
1702 1658 1831 1687 Justinus

196 1709 300 1738 martyr
314 1702 540 1738 etphilosophus,
555 1707 583 1731 et
599 1703 720 1732 lrenatus
734 1703 929 1739 Lugdunensis
944 1705 1102 1740 episcopus,
1120 1708 1147 1731 et
1172 1703 1218 1730 alii
1244 1707 1376 1738 praeterea
1401 1703 1526 1730 nonnulli
1542 1702 1727 1738 Apocalypsin
1745 1710 1830 1738 expo-

194 1747 313 1778 suerint,
326 1746 421 1774 nullus
436 1750 527 1774 tamen
542 1754 598 1774 uno
608 1746 660 1774 hoc
671 1746 753 1774 Patre
764 1751 812 1775 aut
822 1748 974 1783 copiosius.
987 1752 1035 1775 aut
1043 1746 1189 1779 eruditius,
1199 1751 1247 1774 aut
1255 1746 1425 1774 luculentius
1439 1746 1490 1773 hoc
1497 1746 1636 1782 praestitit.
1644 1746 1832 1779 Quamobrem

196 1789 268 1816 haud
281 1789 412 1824 indignus
433 1789 513 1817 nobis
530 1790 605 1817 visus
619 1794 671 1823 est,
686 1790 733 1825 qui
751 1791 777 1817 in
793 1791 914 1826 linguam
926 1790 1051 1819 Latinam
1069 1793 1290 1823 converteretur,
1305 1794 1333 1817 et
1352 1789 1385 1817 ad
1399 1797 1574 1816 communem
1598 1788 1729 1817 Ecclesia
1747 1796 1828 1816 usum

195 1833 221 1860 in
236 1833 326 1861 lucem
339 1833 478 1860 ederetur.
494 1833 625 1866 Quamvis
635 1835 710 1862 enim
721 1834 805 1861 homo
815 1834 928 1862 Graecus
938 1839 965 1862 et
981 1834 1141 1869 Cappadox,
1154 1838 1182 1861 et
1195 1834 1269 1869 quod
1287 1835 1320 1860 ad
1337 1834 1394 1861 haec
1406 1833 1464 1860 loca
1477 1833 1585 1865 attinet,
1600 1833 1702 1867 hospes
1719 1841 1830 1868 quoque

193 1883 220 1903 et
235 1878 398 1912 peregrinus
414 1878 459 1910 sit,
471 1877 541 1905 nihil
559 1881 650 1905 tamen
668 1882 716 1906 aut
727 1873 886 1908 elronéum.
902 1884 949 1906 aut
961 1878 1122 1910 barbarum,
1139 1882 1187 1905 aut
1198 1877 1406 1905 circulatorium
1418 1882 1498 1904 sonat
1513 1886 1519 1904 ε
1536 1877 1602 1912 quin
1620 1877 1719 1904 miram
1738 1877 1831 1912 potius

194 1921 322 1954 pietatem
341 1921 444 1957 ubique
457 1922 556 1956 spirat,
570 1928 754 1956 magnamque
767 1921 794 1948 in
804 1921 921 1957 singulis
938 1922 1137 1957 propemodum
1151 1920 1263 1957 pagellis
1280 1921 1473 1952 eruditionem,
1489 1925 1516 1948 et
1534 1920 1701 1955 singularem
1717 1920 1830 1956 insuper

193 1964 228 1990 ab
240 1964 368 1992 omnibus
385 1964 537 1992 hmresibus
549 1969 577 1992 et
588 1965 726 1993 haereticis
745 1966 830 1992 Animi
845 1966 1040 1993 alienationem
1056 1965 1185 1998 ostendit,
1198 1964 1318 1992 maxime
1333 1972 1397 1991 vero
1406 1964 1441 1991 ab
1455 1963 1621 1999 Origenistis
1636 1969 1664 1991 et
1676 1963 1828 1997 Chiliastis,

193 2008 238 2042 qui
259 2008 408 2036 Ecclesiam
417 2007 589 2037 Catholicam
606 2016 655 2044 per
665 2009 690 2036 id
707 2013 814 2043 tempus
829 2017 884 2044 pra:
896 2010 1004 2037 caeteris
1031 2007 1209 2037 infestabant.
1237 2007 1301 2036 Fuit
1316 2008 1409 2042 itaque
1426 2008 1616 2035 commentarii
1630 2007 1713 2043 hujus
1731 2013 1829 2037 auctor

192 2059 246 2078 non
259 2052 342 2080 modo
355 2052 472 2087 insignis
488 2053 636 2088 episcopus
647 2057 795 2088 pastorque
807 2053 932 2087 apprime
950 2053 1067 2088 vigilans
1092 2057 1120 2079 et
1135 2052 1218 2084 ﬁdus,
1234 2055 1263 2078 ut
1287 2056 1423 2078 testantur
1438 2055 1574 2086 quotquot
1588 2051 1671 2078 vitam
1696 2051 1770 2079 illius
1786 2053 1829 2079 vel

192 2095 280 2122 obiter
296 2096 447 2131 attingunt,
460 2103 555 2124 verum
565 2096 675 2131 egregie
689 2103 799 2131 quoque
818 2098 879 2131 pius
901 2103 1056 2131 magnaque
1071 2096 1228 2123 divinarum
1242 2096 1484 2130 humanarumque
1503 2094 1656 2122 litterarum
1673 2095 1828 2123 eruditione

199 2143 316 2172 )rnatus,
326 2146 353 2167 et
369 2147 433 2167 acer
448 2139 566 2175 denique
579 2139 715 2167 hzeresum
733 2144 760 2167 et
774 2144 911 2167 sectarum
924 2140 1047 2167 omnium
1062 2140 1161 2168 hostis.

191 2212 1299 2225 _——-——-————————_-——

646 2282 734 2313 idem
754 2283 905 2314 Peltanus
927 2283 958 2313 in
979 2281 1114 2322 epistola
1131 2282 1169 2313 ad
1186 2283 1364 2313 Lectorem.

223 2365 294 2398 Quis
308 2365 498 2392 commentarii
525 2364 607 2399 hujus
627 2369 724 2392 auctor
737 2364 885 2396 exstiterit,
907 2364 1024 2392 candide
1042 2363 1150 2396 Lector,
1168 2364 1247 2397 satis,
1260 2364 1359 2399 opinor
1372 2383 1379 2396 ,
1397 2373 1428 2392 ex
1451 2364 1530 2391 titulo
1543 2364 1592 2391 toti
1614 2364 1689 2399 operi
1714 2366 1828 2399 pnelixo

191 2414 285 2443 aperte
304 2412 423 2435 constat.
436 2408 496 2441 Quo
510 2413 633 2442 tempore
644 2412 736 2435 autem
747 2408 771 2436 is
785 2408 897 2439 vixerit,
910 2412 956 2435 aut
972 2407 1137 2435 Caesariensi
1159 2407 1286 2436 Ecclesiae
1305 2409 1456 2443 pmfuerit.
1479 2408 1505 2436 id
1518 2412 1594 2436 certo
1614 2408 1735 2436 nondum
1750 2417 1828 2436 com-

191 2452 261 2486 peri.
277 2452 380 2479 Basilio
393 2451 491 2487 Magno
507 2452 632 2487 ejusdem
651 2451 724 2479 sedis
739 2451 863 2479 antistite
879 2451 1060 2486 posteriorem
1070 2451 1156 2479 fuisse
1171 2457 1247 2480 extra
1262 2452 1481 2480 centroversiam
1493 2457 1547 2484 est,
1562 2457 1593 2480 ut
1608 2452 1656 2487 qui
1673 2460 1726 2479 non
1742 2453 1827 2480 semel

191 2496 218 2522 in
238 2497 290 2523 hoc
303 2496 504 2524 commentario
519 2495 688 2524 nominetur.
702 2495 836 2523 Caeterum
853 2495 887 2522 ad
902 2495 965 2523 libri
983 2496 1066 2531 hujus
1083 2497 1335 2531 interpretationem
1348 2516 1356 2528 ,
1373 2501 1472 2531 pneler
1488 2497 1636 2524 utilitatem
1662 2504 1746 2532 quam
1763 2496 1827 2522 inde

190 2541 225 2567 ad
239 2541 389 2568 Ecclesia“:
408 2541 497 2569 redire
507 2548 589 2576 posse
611 2541 769 2576 sperabam.
782 2541 838 2568 duo
858 2541 994 2576 przecipue
1010 2548 1053 2568 me
1069 2541 1236 2575 impulerunt
1250 2549 1257 2567 :
1277 2540 1369 2575 operis
1379 2541 1509 2572 brevitas,
1527 2548 1576 2568 seu
1597 2540 1688 2567 verius
1702 2539 1825 2573 ejusdem

193 2584 380 2617 mediocritas,
398 2590 426 2612 et
440 2585 565 2612 codicum
581 2589 712 2620 praeterea
739 2584 899 2612 Grecorum
917 2591 973 2610 non
991 2585 1113 2619 vulgaris
1135 2584 1329 2612 commoditas.
1356 2583 1425 2611 Nam
1444 2588 1544 2620 pratter
1556 2583 1701 2619 praesidia.
1717 2589 1778 2616 qua
1793 2582 1827 2608 ad

190 2636 254 2656 eam
273 2636 330 2656 rem
343 2628 566 2657 subministravit
580 2629 752 2664 amplissima
770 2628 816 2655 illa
828 2628 962 2663 principis
974 2628 1098 2655 Bavariae
1115 2628 1294 2659 bibliotheca,
1309 2628 1443 2663 singulari
1465 2627 1561 2655 favore
1586 2632 1613 2653 et
1636 2624 1826 2653 benevolentia

194 2672 296 2700 nobilis
310 2677 337 2700 et
352 2672 486 2700 senatorii
498 2672 604 2700 ordinis
618 2672 681 2705 viri,
703 2672 807 2699 domini
822 2672 930 2705 Quirini
949 2671 1108 2707 Rellingeri,
1141 2671 1216 2699 aliud
1242 2676 1430 2706 pervetustum
1448 2670 1588 2705 exemplar
1598 2677 1631 2696 ex
1651 2668 1756 2703 reipub.
1769 2668 1827 2695 Au-

193 2721 315 2749 gustana:
327 2715 494 2743 bibliotheca
506 2716 650 2751 impetravi
663 2725 671 2743 :
687 2716 760 2751 quod
775 2723 842 2743 sane
855 2715 1002 2750 plurimum
1020 2715 1085 2742 mihi
1098 2715 1227 2742 contulit.
1241 2715 1376 2748 Quamvis
1390 2716 1462 2743 enim
1474 2722 1536 2749 quae
1544 2713 1649 2741 ducalis
1661 2712 1827 2739 bibliotheca

194 2760 434 2795 suppeditaverat,
451 2761 485 2788 ad
502 2760 540 2793 id,
558 2760 631 2795 quod
649 2760 834 2792 institueram,
849 2764 892 2787 sat
902 2767 963 2787 esse
976 2759 1128 2794 potuerint,
1142 2762 1266 2786 attamen
1285 2760 1463 2794 Augustanus
1473 2757 1559 2785 codex
1576 2756 1670 2783 multis
1685 2755 1752 2783 locis
1765 2763 1829 2790 per-

188 2811 274 2838 quam
292 2811 462 2839 opportunus
481 2805 548 2832 mihi
563 2804 624 2832 luit.
647 2804 770 2832 Habebat
784 2809 875 2831 autem
894 2804 917 2832 is
932 2811 987 2831 non
1003 2804 1120 2831 Andreae
1140 2803 1330 2836 Czesaricnsis,
1355 2803 1403 2831 sed
1422 2800 1553 2829 Methodii
1571 2800 1680 2828 titulum
1699 2809 1706 2828 ς
1728 2807 1826 2827 verum

194 2848 221 2875 id
237 2849 329 2876 minus
347 2854 431 2882 recte,
446 2848 469 2877 si
488 2849 598 2884 quidem
612 2848 802 2877 commentarii
822 2848 904 2883 hujus
919 2847 1098 2880 architectus,
1112 2855 1176 2875 eum
1209 2847 1236 2874 in
1262 2847 1321 2882 ipsa
1336 2845 1496 2881 prafatione
1508 2864 1516 2877 ,
1535 2849 1591 2871 lum
1620 2844 1685 2870 alibi
1709 2851 1828 2878 persaepe

191 2891 362 2920 Methodium
376 2892 502 2921 nominat
519 2902 526 2921 :
546 2892 732 2921 nihilominus
746 2897 836 2921 tamen
855 2892 900 2928 qui
914 2891 1072 2920 Graecorum
1085 2891 1219 2920 librorum
1235 2891 1354 2920 indicem
1369 2888 1499 2923 coniecit,
1516 2889 1594 2924 culpa
1610 2888 1723 2917 cumino
1740 2894 1825 2917 caret.
