2075 3157
264 197 320 229 223

853 198 1017 229 ANDRE/E
1036 198 1295 229 CIESARIENSIS

1848 189 1901 227 224

235 271 245 294 χ
265 255 335 282 Ιίιῖοε
351 260 424 289 saepe
436 255 493 290 jam
506 254 572 283 olim
590 258 674 288 venit,
687 262 776 290 neque
789 262 910 289 unquam
923 262 1010 290 usque
1024 255 1053 282 ad

1112 256 1283 290 θμουμένους
1305 256 1337 290 τῇ
1363 253 1570 290 θεαρχικωτάτῃ
1585 253 1631 280 καὶ
1659 253 1774 288 βασιλίδι
1793 252 1899 287 Τριάδι.

264 299 357 328 saeculi
370 301 634 327 consummationem
658 299 750 327 venire
769 299 888 328 desinet.
905 299 1015 327 Interim
1030 300 1056 327 in

264 348 350 373 altero
366 347 413 373 illo
422 354 491 378 avo,
505 346 601 380 majori
611 346 689 380 copia
701 350 728 373 et
739 345 863 373 ubertate
876 346 902 373 in
915 353 982 373 suos
996 354 1059 374 sese

262 391 392 418 eﬂ'undet.
414 391 465 418 Per
485 395 588 426 septem
605 398 689 426 porro
712 391 836 426 spiritus,
854 396 958 426 septem
971 399 1058 426 ange-

262 436 314 468 los,
330 436 431 470 quibus
447 435 634 464 Ecclesiarum
646 444 712 465 cura
725 442 753 465 et
769 437 932 472 gubernatio
944 439 1058 466 deman-

264 482 327 508 data
340 486 393 514 est,
412 483 537 516 acclpere
563 482 637 510 licet.
659 482 692 510 lii
707 483 793 515 enim,
806 487 938 518 tanquam
959 483 1055 517 dispa-

262 528 300 555 ris
317 529 460 563 potestatis
476 537 539 556 cum
553 537 683 565 supremo
701 530 748 557 illo
763 530 888 563 numine,
911 531 1053 557 omnium-

260 580 314 608 que
351 574 446 608 regina
480 573 600 606 Triade,
633 581 687 602 non
723 578 977 607 connumeranlur;
1009 574 1057 602 sed

260 622 392 652 tanquam
421 619 545 653 primarii
573 619 647 647 illius
678 621 794 648 serviet
805 619 976 654 administri,
1002 628 1056 648 una

260 670 323 690 cum
341 664 399 698 ipsa
414 664 550 692 interdum
571 666 760 694 nominantur.
785 666 873 702 Cujus
890 667 929 694 rei
951 666 1057 694 illustre

260 709 416 744 exemplum
442 711 635 739 subministrat
664 712 744 740 nobis
760 712 841 741 divus
868 712 980 740 Paulus.
1011 713 1057 740 Ait

259 755 330 781 enim
348 762 355 781 :
375 754 468 782 Testor
483 765 575 785 coram
595 757 662 791 Deo,
676 763 702 785 et
722 758 828 787 Christo
847 758 930 792 Iesu,
953 763 978 786 et
1004 759 1057 786 ele-

259 801 308 827 ctis
325 801 426 837 angelis
443 803 467 830 ⁸.
481 803 534 831 Sed
552 805 670 833 fortasse
692 809 808 841 possunt
823 806 882 833 haec
897 805 952 833 alio
969 805 1053 833 etiam

261 844 340 871 utodo
367 850 395 872 et
414 854 496 874 sensu
515 856 570 875 non
595 849 711 877 omnino
736 850 909 878 incommode
929 851 1054 885 exponi;

261 897 359 924 nempe
372 896 403 918 ut
418 899 467 927 per
482 900 544 920 eum
560 895 605 928 qui
620 899 669 926 est,
685 900 710 922 et
727 896 773 930 qui
792 900 862 928 erat,
888 902 913 923 et
928 896 975 931 qui
992 904 1053 924 nen-

1110 300 1167 326 ἀ).λ“
1185 299 1223 331 ὡς
1240 299 1350 331 δούλους
1364 299 1434 334 αὑτῇ
1448 299 1764 333 συμμνημονευομένους
1778 305 1784 311 ·
1801 298 1838 328 ὡς
1854 298 1900 323 καὶ

1108 346 1122 372 ὁ
1138 345 1210 377 θεῖος
1229 344 1307 372 εἶπεν
1334 345 1497 376 ’Δπόστολος
1510 353 1517 360 ·
1533 343 1771 379 Διαμαρτύρομαι
1789 350 1839 369 σοι
1854 343 1903 369 ἐν-

1107 391 1203 418 ώπιον
1225 391 1302 428 [τοῦ]
1329 391 1404 418 Θεοῦ
1424 391 1474 418 καὶ
1492 391 1552 418 τῶν
1575 390 1728 417 ἐκλεκτῶν
1751 389 1900 424 ἀγγέλων.

1110 439 1189 469 Ἴσως
1202 437 1231 464 δὲ
1248 437 1296 464 καὶ
1310 437 1413 472 ἑτέρως
1424 437 1505 464 τοῦτο
1517 437 1681 472 νοηθήσεται
1691 444 1699 452 ·
1713 436 1758 463 διὰ
1773 436 1823 470 μὲν
1839 435 1901 466 τοῦ,

1107 484 1125 509 ὁ
1147 483 1200 516 ὢν,
1216 483 1274 516 καὶ,
1304 484 1321 510 ὁ
1338 481 1389 518 ἦν,
1405 483 1476 516 ικαὶ,
1494 483 1511 509 ὁ
1534 482 1708 517 ἐρχόμενος,
1726 482 1773 508 τοῦ
1792 481 1901 516 [ἰατρὸς

1109 529 1322 564 σημαινομένου,
1355 528 1404 555 τοῦ
1430 528 1606 564 περιέχοντος
1629 529 1659 554 ὲν
1684 527 1775 561 ἑαυτῷ
1792 527 1902 553 πάντων

1107 575 1162 601 τῶν
1176 573 1264 601 ὄντων
1277 575 1329 610 τήν
1346 583 1375 601 τε
1391 574 1490 610 ἀρχὴν,
1508 573 1544 601 τά
1557 582 1586 600 τε
1603 573 1685 609 μέσα,
1701 573 1794 600 καὶτὰ
1807 573 1901 599 τελευ-

1106 623 1170 648 ταῖα
1184 630 1192 638 ⁸
1212 621 1255 648 διὰ
1268 622 1297 648 δὲ
1313 621 1372 648 τῶν
1384 621 1460 649 ἑπτὰ
1472 620 1660 655 πνευμάτων,
1685 619 1739 646 τῶν
1754 619 1901 654 ἐνεργειῶν

1106 668 1155 695 τοῦ
1185 667 1319 699 ζωοποιοῦ
1344 667 1524 701 ῐΙνεύματος·
1545 667 1588 693 διὰ
1614 667 1643 693 δὲ
1669 666 1716 693 τοῦ
1752 666 1900 700 ἑπομένου,

1107 714 1227 748 Χριστοῦ
1240 713 1288 740 τοῦ
1309 713 1387 745 Θεοῦ,
1403 713 1451 740 τοῦ
1464 713 1499 740 δι’
1514 713 1589 748 ἡμᾶς
1608 710 1756 747 ἀνθρώπου
1786 709 1902 745 γενομέ-

1107 769 1153 786 νου
1165 767 1171 774 ’
1190 758 1327 794 πολλαχοῦ
1349 760 1404 794 γὰρ
1422 758 1578 794 ἀδιαφόρως
1605 757 1708 791 ἑκάστη
1739 756 1817 791 eain-l1
1835 755 1902 782 ὑπό-

1108 813 1201 837 στασις
1211 805 1252 840 τῷ
1268 804 1425 839 Ἀποστόλῳ
1439 804 1622 840 προτάττεται
1643 804 1690 830 καὶ
1709 802 1898 829 ὑποτάττεται.

1106 851 1152 877 Διὸ
1167 850 1307 877 κάνταῦθά
1320 859 1388 885 φησι
1401 858 1408 866 ·
1425 850 1478 877 Kal
1493 849 1553 876 ἀπὸ
1571 848 1677 884 Ἰησοῦ
1696 848 1838 882 Χριστοῦ,
1853 849 1902 874 καὶ

1106 896 1141 923 τὰ
1156 895 1231 930 ἑξῆς.

259 939 334 961 turus
351 939 400 967 est,
415 937 503 964 solum
516 937 623 966 Patrem
641 940 826 974 signiﬁcatum
843 940 1030 975 intelligamus
1049 949 1056 967 :
1082 941 1219 976 siquidem
1237 942 1260 969 is
1283 948 1355 968 unus
1381 940 1505 968 omnium
1538 947 1598 976 quae
1620 947 1738 975 usquam
1764 940 1791 967 in
1806 946 1900 967 rerum

259 984 358 1007 natura
372 986 495 1016 exstant,
511 984 656 1019 principia,
673 990 700 1012 et
712 985 851 1018 media,et
867 985 935 1014 lines
953 986 980 1013 in
1009 993 1071 1014 sese
1096 986 1301 1021 complectitur.
1331 985 1383 1013 Per
1401 990 1500 1020 septem
1522 989 1614 1012 autem
1638 985 1758 1019 spiritus,
1790 989 1894 1019 septem

260 1026 362 1054 viviﬁci
393 1027 507 1062 spiritus
525 1029 706 1063 charismata,
730 1031 773 1058 vel
800 1032 912 1059 totidem
931 1031 1055 1066 ejusdem
1071 1039 1167 1066 opera.
1183 1031 1234 1059 Per
1249 1039 1312 1059 cum
1345 1035 1436 1058 autent
1464 1031 1510 1066 qui
1533 1039 1595 1058 mox
1612 1031 1800 1066 subiungitur,
1818 1031 1900 1058 Chri-

259 1080 331 1102 stum
352 1073 437 1102 Deum
451 1079 479 1102 et
492 1075 639 1104 Dominum
652 1082 790 1112 nostrum,
802 1080 848 1114 qui
863 1080 950 1107 nostri
965 1087 1049 1107 causa
1066 1079 1156 1107 factus
1175 1085 1218 1107 est
1247 1079 1342 1108 homo.
1370 1080 1498 1106 Pluribus
1520 1087 1639 1114 namque
1652 1079 1721 1107 locis
1733 1079 1833 1107 divina:
1848 1081 1900 1116 hy-

258 1123 382 1153 postases
404 1119 475 1154 apud
493 1120 655 1155 Apostolum
682 1122 752 1150 citra
779 1129 886 1152 eertum
912 1124 1031 1159 aliquem
1062 1124 1196 1152 delectum
1220 1129 1247 1152 et
1270 1129 1479 1160 praeponuntur,
1506 1129 1534 1152 et
1564 1128 1776 1160 postponuntur.
1804 1124 1899 1158 Quare

260 1164 313 1192 hoc
341 1172 452 1199 quoque
472 1166 534 1193 loco
557 1167 697 1201 praedictis
723 1175 787 1196 mox
814 1170 962 1202 subditur,
987 1169 1022 1196 Et
1041 1169 1130 1197 aJesu
1143 1169 1262 1202 Christo,
1278 1175 1305 1198 ct
1320 1178 1382 1205 quae
1396 1174 1560 1204 sequuntur.

296 1209 317 1244 l,
333 1210 360 1237 5.
371 1209 423 1243 Qui
434 1216 474 1239 ut
485 1213 558 1240 leuis
567 1214 667 1247 ﬁdelis,
678 1215 869 1251 primogenita:
878 1221 1054 1249 mortuorum,
1070 1218 1093 1247 B

258 1261 282 1282 et
298 1256 419 1292 princeps
433 1266 524 1293 regum
537 1264 624 1286 terrm.

297 1300 357 1335 Ipse
374 1303 447 1330 enim
464 1307 507 1331 est
518 1304 566 1338 qui
585 1305 664 1333 ﬁdele
679 1306 866 1334 testimonium
888 1309 940 1336 sub
955 1307 1054 1336 Pontio

258 1344 346 1374 Pilato
369 1347 441 1380 tulit,
467 1348 571 1384 quique
595 1350 623 1377 in
640 1351 770 1379 omnibus
795 1352 876 1380 dictis
891 1353 949 1381 suis
971 1361 1053 1381 verax

257 1391 367 1419 exsistit
382 1401 391 1420 :
408 1393 608 1428 primogenitus
621 1395 717 1435 itidem
736 1404 769 1424 cx
788 1398 914 1431 mortuis,
939 1403 968 1426 et
986 1399 1052 1431 vita,

257 1442 285 1464 et
311 1439 489 1468 resurrectio.
509 1440 617 1474 Quibus
647 1442 721 1470 enim
745 1443 791 1471 ille
820 1443 988 1476 dominatur,
1013 1445 1052 1472 illi

257 1488 386 1518 mortem,
408 1490 438 1512 ut
450 1486 577 1514 solebant
600 1488 648 1523 qui
663 1489 728 1516 olim
753 1497 769 1517 e
786 1490 857 1518 vivis
871 1491 1052 1524 excedebant,

259 1529 379 1564 amplius
396 1539 452 1559 non
469 1534 693 1567 gustabunt;sed
706 1535 733 1562 in
748 1542 857 1563 omnem
873 1536 1053 1564 aeternitatem

259 1575 331 1603 beati
360 1576 460 1605 victuri
477 1584 552 1606 sunt.
572 1578 693 1607 Vocatur
717 1585 808 1608 autem
823 1581 877 1609 hoc
897 1582 957 1610 loco
973 1581 1054 1609 Prin-

257 1629 317 1655 ceps
339 1630 430 1658 regum
454 1628 542 1657 term,
564 1629 595 1653 ut
609 1625 673 1654 alibi
687 1625 743 1653 Rex
761 1635 864 1662 regum,
877 1632 905 1655 et
922 1628 1052 1656 Dominus

260 1668 457 1696 dominantium
470 1677 480 1696 :
496 1674 591 1704 utpote
602 1671 698 1699 eadem
714 1672 829 1700 omnino
845 1680 908 1700 eum
919 1674 997 1702 Patre
1005 1682 1054 1710 po-

259 1712 347 1740 tentia
377 1718 403 1741 et
429 1715 549 1742 essentia
579 1717 719 1751 praeditus.
748 1718 810 1746 Alia
841 1718 924 1746 etiam
947 1720 1053 1748 ratione

258 1756 387 1793 Princeps
402 1767 494 1794 regunt
517 1765 595 1789 terra!
611 1763 775 1798 appellatur,
803 1764 868 1799 quia
885 1766 1051 1800 peculiarem

259 1805 286 1832 in
304 1805 366 1833 illos
378 1806 551 1836 dominatum
565 1810 672 1838 obtinet
688 1811 734 1846 qui
755 1812 874 1840 terrenis
893 1813 1051 1848 cupiditati-

258 1851 310 1878 bus
322 1851 458 1886 imperare
469 1854 634 1882 didicerunt.
646 1855 724 1889 Quod
740 1857 764 1884 si
781 1856 932 1893 Gregorius
948 1865 1051 1893 cogno—

259 1901 353 1925 mento
367 1897 524 1934 Theologus
543 1902 707 1929 sententiam
736 1901 762 1937 5
790 1902 877 1936 illam,
894 1902 947 1936 Qui
957 1908 1007 1935 est,
1025 1910 1050 1931 et

257 1943 303 1977 qui
320 1949 390 1977 erat,
405 1949 431 1972 et
444 1946 490 1981 qui
517 1952 642 1974 venturus
659 1952 699 1975 est
717 1949 893 1983 omnipotens,
917 1949 945 1977 in
961 1949 1049 1977 solum

257 1988 400 2017 Christum
429 1996 502 2020 recte
516 1994 668 2025 transtulit,
698 1994 768 2022 nihil
794 1999 870 2023 vetat
901 1996 1051 2031 quominus

257 2035 372 2062 alteram
392 2035 467 2064 illam
486 2046 548 2073 quae
571 2046 635 2066 mox
654 2040 844 2076 consequitur,
860 2041 896 2069 ad
921 2042 1048 2069 eumdem

256 2089 366 2116 quoque
377 2083 588 2112 transferamus.
598 2084 646 2112 Est
659 2086 733 2113 enim
748 2086 811 2114 huic
824 2087 904 2122 plane
920 2092 1049 2123 cognata.

255 2133 283 2153 et
302 2135 403 2155 nomon
415 2127 587 2164 Omnipotens
602 2138 680 2166 atque
694 2131 854 2166 adjunctum
869 2133 952 2161 habet
967 2138 1051 2168 atque

257 2173 315 2200 lucc
328 2181 459 2209 praesens,
477 2183 565 2211 neque
580 2177 634 2204 ulla
648 2185 764 2212 prorsus
787 2186 907 2213 persona
923 2179 986 2207 istic
1003 2180 1051 2206 atl-

254 2217 380 2252 jungitur
402 2224 450 2247 aut
469 2228 502 2248 ex
524 2222 715 2256 superioribus
746 2224 890 2259 repetitur,
908 2225 942 2251 ad
967 2233 1049 2260 quam

257 2266 397 2294 transferri
417 2268 515 2302 possit.
541 2268 598 2297 Hoc
624 2274 716 2297 autem
739 2270 811 2302 loco.
828 2278 890 2298 cum
922 2272 1049 2306 proxime

257 2310 473 2343 pneeedentibus
487 2313 578 2340 statim
603 2314 766 2342 adnectalur
787 2314 853 2343 illud
869 2324 876 2343 :
894 2315 929 2342 Et
955 2325 971 2343 ο
983 2315 1050 2343 Iesu

257 2356 363 2384 Christo
375 2376 384 2391 ,
398 2357 471 2386 clare
499 2358 665 2393 insinuatur.
681 2368 805 2395 sensum,
821 2369 903 2396 quem
919 2369 970 2390 nos
987 2363 1048 2390 red~

256 2401 386 2436 dizlimus,
402 2406 577 2433 commodum
605 2405 759 2442 rationique
784 2411 813 2435 et
836 2408 977 2435 contextui
993 2416 1047 2442 οιι-

257 2447 323 2482 pido
342 2454 556 2478 consentaneum
576 2459 647 2480 esse.
675 2451 743 2479 Nam
771 2453 792 2479 si
819 2454 954 2481 sententia
974 2454 1019 2481 illa
1040 2462 1048 2481 :

256 2492 311 2526 Qui
322 2498 372 2527 est,
384 2498 410 2521 et
430 2495 478 2529 qui
497 2500 565 2528 erat,
580 2501 605 2523 et
617 2497 663 2531 qui
677 2503 801 2524 neruum
813 2502 864 2530 est,
878 2498 912 2525 de
923 2498 982 2525 solo
1002 2498 1049 2526 Dei

256 2538 357 2573 Verbo,
369 2544 417 2567 aut
436 2539 498 2568 Filii
516 2549 632 2575 persona
657 2542 816 2576 dissereret,
844 2550 1048 2578 supervacaneo
1064 2554 1087 2583 ι)

255 2585 380 2620 profecto
394 2585 542 2614 adderetur
563 2596 571 2614 :
585 2587 619 2614 Et
633 2596 650 2615 ιι
666 2587 732 2615 Iesu
748 2588 854 2616 Christo
867 2597 877 2621 ;
901 2597 958 2624 quo
973 2589 1046 2618 hunc

255 2631 351 2659 abillo
376 2632 535 2660 distinctum
555 2641 618 2662 esse
643 2634 755 2670 planum
774 2634 869 2668 fleret;
892 2636 1046 2670 praesertim

227 2688 230 2690 ν
255 2684 330 2710 cum,
345 2678 441 2705 eodem
460 2677 593 2715 Gregorio
620 2683 697 2712 teste,
725 2686 806 2707 voces
819 2687 881 2714 quae
906 2678 933 2707 in
961 2679 1047 2707 Deum

256 2724 433 2757 conveniunt,
443 2725 500 2759 pari
513 2725 627 2754 honoris
637 2727 734 2761 gradu,
743 2726 899 2762 aequalique
912 2725 1048 2761 dignitate

257 2769 285 2795 iu
300 2770 423 2806 singulas
438 2779 579 2808 personas,
591 2777 619 2800 et
641 2780 737 2801 onmes
754 2772 837 2801 simul
860 2773 888 2801 in
906 2772 1048 2801 communi

257 2818 431 2852 conveniant,
447 2819 481 2848 iis
496 2819 630 2848 duntaxat
646 2820 778 2856 exceptis,
791 2827 854 2856 qua:
869 2819 902 2848 ad
919 2819 1049 2856 hyposta-

294 2907 304 2922 ⁸
322 2905 330 2933 l
345 2904 415 2933 Tim.
433 2907 515 2940 v,‘2l.

1150 1217 1181 1243 '0
1195 1216 1312 1251 μάρτυς
1329 1218 1346 1244 ὀ
1365 1216 1484 1249 πιστὸς,
1511 1218 1528 1244 ὁ
1554 1217 1743 1251 πρωτότοκος
1762 1216 1822 1252 [ἐκ]
1838 1216 1900 1244 τῶν·

1104 1262 1228 1296 νεκρῶν,
1248 1262 1299 1289 καὶ
1319 1264 1335 1289 ό
1347 1262 1448 1297 ἅρχων
1464 1261 1523 1288 τῶν
1536 1261 1694 1294 ,βασιλέων
1701 1260 1755 1295 τῆς
1767 1261 1835 1295 γῆς.

1139 1307 1225 1339 Αὐτὸς
1241 1307 1294 1342 γάρ
1311 1308 1386 1334 ἐστιν
1407 1307 1422 1334 ὀ
1440 1307 1621 1342 μαρτυρήσας
1646 1306 1690 1332 ἐπὶ
1717 1306 1829 1332 Ποντίου
1852 1307 1901 1332 ll:-

1105 1352 1187 1380 λάτου
1200 1360 1208 1369 ·
1220 1354 1234 1379 6
1255 1352 1327 1388 [καὶ]
1345 1352 1443 1384 πιστὸς
1458 1353 1487 1379 ὲν
1502 1353 1569 1379 πᾶσι
1593 1353 1650 1382 τοῖς
1665 1351 1754 1386 λόγοις
1768 1351 1850 1378 αὐτοῦ
1864 1360 1871 1367 ·
1885 1352 1900 1378 ό

1104 1399 1136 1425 ὲκ
1151 1398 1256 1433 νεκρῶν
1272 1398 1457 1433 πρωτότοκος,
1470 1397 1509 1429 ὡς
1524 1397 1581 1432 ζωὴ
1599 1397 1647 1424 καὶ
1661 1397 1814 1428 ἀνάστασις
1828 1405 1835 1411 ·
1855 1394 1893 1423 ὢν

1104 1445 1159 1480 γὰρ
1169 1444 1251 1476 αὐτὸς
1264 1445 1408 1479 κατάρχει,
1420 1444 1525 1476 οὐκέτι,
1540 1443 1633 1475 καθὼς
1656 1443 1681 1469 ol
1699 1443 1833 1478 πρότερον
1850 1443 1898 1469 θα-

1104 1491 1196 1523 νόντες
1207 1491 1256 1518 καὶ
1266 1491 1445 1522 ἀναστάντες.
1455 1489 1566 1524 ὄψονται
1576 1489 1702 1521 θάνατον,
1713 1488 1772 1515 ἀλλ’
1782 1489 1906 1520 αἰωνιως·

1104 1535 1244 1571 ζήσονται.
1258 1536 1368 1572 ’Λρχων
1381 1535 1410 1561 δὲ
1423 1535 1478 1561 τῶν
1492 1534 1638 1569 βασιλέων,
1649 1534 1687 1566 ὡς
1698 1534 1830 1566 Βασιλεὺς
1844 1534 1899 1560 τῶν

1104 1579 1315 1616 βασιλευόντων,
1341 1580 1389 1607 καὶ
1405 1579 1509 1615 Κύριος
1533 1578 1588 1606 τῶν
1617 1579 1823 1615 κυριευόντων.
1851 1579 1900 1606 καὶ

1105 1625 1250 1660 ὶσοσθενὴς
1263 1625 1303 1661 τῷ
1316 1625 1405 1661 Πατρὶ
1421 1625 1469 1652 καὶ
1489 1624 1644 1659 ὀμοούσιος.
1658 1625 1714 1652 Καὶ
1740 1625 1843 1661 ἑτέρως
1857 1625 1897 1654 δὲ.

1103 1673 1196 1708 ἄρχων
1210 1672 1265 1699 τῶν
1286 1672 1422 1708 βασιλέων
1447 1671 1499 1706 τῆς
1514 1670 1577 1706 γῆς,
1594 1671 1649 1697 τῶν
1668 1672 1774 1706 γηΐνων
1799 1671 1898 1697 ἐπιου-

1105 1718 1187 1754 μιιῖιν,
1201 1718 1321 1752 λέγεται.
1337 1718 1368 1744 El
1383 1717 1412 1744 δὲ
1428 1716 1616 1752 τῷ,μακαρίῳ
1634 1717 1778 1752 Γρηγορῖῳ
1792 1717 1808 1751 ἡ
1825 1716 1898 1751 χρῆ-

1104 1772 1146 1796 σις
1164 1763 1236 1798 αὕτη
1246 1763 1305 1796 τοῦ,
1326 1765 1343 1790 ὀ
1358 1762 1411 1796 ὢν,
1427 1762 1484 1795 καὶ,
1501 1764 1518 1789 ὁ
1534 1761 1583 1798 ἦν,
1602 1763 1661 1795 καὶ,
1679 1763 1696 1790 ό
1723 1762 1897 1796 ἐρχόμενος.

1103 1810 1120 1836 ό
1136 1809 1361 1843 παντοκράτωρ,
1376 1808 1416 1840 εις
1429 1808 1476 1835 τὸν
1498 1808 1618 1843 Χριστὸν
1635 1808 1807 1843 ἔξιῐληπται,
1820 1808 1899 1834 οὐδὲν

1103 1856 1218 1887 ἀπεικὸς
1234 1855 1269 1882 τὰ
1287 1855 1347 1890 μετ’
1364 1855 1454 1889 ὀλίγον
1469 1855 1645 1890 ῥηθησόμενα
1660 1854 1768 1886 τούτοις
1782 1853 1893 1889 ἐμφερῆ

1103 1901 1194 1935 λόγια,
1221 1901 1262 1932 εἰς
1287 1900 1368 1927 αὐτὸν
1387 1899 1595 1935 ἀναφέρεσθαι’
1616 1898 1659 1930 οἷς
1681 1899 1768 1931 καὶ,ὁ
1787 1905 1898 1924 παντο-

1103 1947 1229 1982 κράτωρ.
1245 1946 1428 1982 πρόσκειται·
1445 1947 1492 1972 καὶ
1515 1945 1611 1980 ἑτέρου
1630 1943 1780 1979 προσώπου
1802 1944 1897 1970 ἐπεισι-

1103 1992 1200 2027 αγωγὴ
1229 1991 1245 2027 ἢ
1277 1990 1449 2026 ἐπανάληψις
1472 1990 1502 2016 οὐ
1522 1989 1763 2025 προστεθήσεταιο
1778 1987 1913 2015 ἐνταῦθα·

1102 2039 1157 2074 γὰρ
1168 2039 1186 2074 ἡ
1199 2037 1333 2073 ἐπαγωγὴ
1346 2037 1406 2069 τοῦ,
1423 2036 1479 2064 Καὶ
1498 2035 1558 2063 ἀπὸ
1577 2035 1676 2069 Ἰησοῦ
1692 2034 1834 2069 Χριστοῦ,
1851 2034 1897 2060 τὸν

1102 2084 1250 2112 ἐκτεθέντα
1264 2083 1331 2120 παρ’
1348 2082 1427 2118 ἡμῶν
1456 2081 1519 2108 νοῦν
1549 2080 1678 2116 βεσαιοῦν
1700 2080 1836 2114 φαίνεται.
1851 2079 1898 2115 Τῷ

1102 2131 1158 2166 γὰρ
1176 2131 1241 2166 περὶ
1258 2129 1340 2164 μόνου
1354 2128 1403 2155 τοῦ
1417 2127 1486 2154 Θεοῦ
1502 2126 1591 2161 Λόγου
1606 2125 1805 2161 διαλεγομένῳ,
1822 2123 1894 2161 [καὶ]

1102 2177 1153 2212 τῆς
1162 2176 1261 2210 Tuam;
1274 2173 1462 2205 ὑποστάσεως,
1475 2172 1607 2208 περισσὺν
1619 2169 1653 2207 ἦν
1666 2171 1783 2205 ἐπάγειν
1798 2170 1879 2201 εὐθὺς
1888 2177 1895 2184 ·

1102 2222 1156 2249 Kal
1167 2221 1226 2248 ἀπὸ
1239 2219 1341 2254 Ἰησοῦ
1356 2218 1485 2254 Χριστοῦ
1495 2226 1503 2235 θ
1528 2218 1573 2246 ἵνα
1591 2217 1687 2244 τοῦτον
1702 2217 1815 2252 ὲμφάνῃ
1829 2216 1898 2250 παρ’

1101 2267 1205 2293 ἐκεῖνον
1226 2266 1331 2302 ἕτερον,
1356 2264 1411 2292 τῶν
1437 2263 1600 2300 θεοπρεπῶν
1629 2262 1727 2298 φωνῶν
1756 2261 1898 2297 ὸμοτίμως

1101 2311 1317 2347 ὲφαρμοζουσῶν
1338 2310 1442 2346 ἑκάστῃ
1460 2309 1539 2344 θεῐκῇ
1560 2309 1722 2340 ὑποστάσει,
1749 2308 1799 2334 καὶ
1816 2307 1895 2341 κοινῇ

1100 2359 1161 2390 ταῖς
1175 2357 1260 2393 τρισὶ,
1277 2356 1348 2392 πλὴν
1360 2356 1415 2383 τῶν
1433 2355 1586 2390 ἰδιοτήτων,
1606 2354 1690 2389 ἡγουν
1704 2353 1836 2387 σχέσεων,
1854 2351 1896 2383 ὥς

1101 2412 1184 2440 φησιν
1199 2402 1304 2440 [αὐτὸς]
1327 2403 1342 2429 ὁ
1358 2401 1490 2436 Θεολόγος
1512 2400 1664 2435 Γρηγύριος
1680 2398 1750 2435 [καὶ]
1777 2399 1827 2432 τῆς
1845 2397 1896 2424 τοῦ

1101 2451 1190 2485 Λόγου
1212 2449 1459 2484 ὲνανθρωπήσεως.
1477 2446 1534 2474 Καὶ
1548 2446 1628 2481 δῆλον
1645 2445 1675 2478 ἐξ
1698 2441 1737 2471 ὧν
1751 2445 1798 2470 τὸν
1812 2443 1897 2479 Τρισ-

1102 2496 1181 2530 άγιον
1191 2494 1246 2522 τῶν
1258 2494 1386 2529 Σεραφὶμ
1402 2492 1498 2528 ὕμνον,
1514 2492 1544 2518 ὲν
1565 2491 1616 2526 μὲν
1629 2490 1668 2525 τῷ
1682 2488 1843 2524 Εὑαγγελίῳ
1854 2489 1896 2520 εἰς

1100 2542 1146 2569 τὸν
1162 2541 1227 2568 Υῑδν
1244 2540 1418 2576 μανθάνομεν
1433 2537 1574 2572 λέγεσθαι,
1598 2537 1627 2563 ὲν
1642 2536 1671 2562 δὲ
1685 2537 1718 2571 τῇ
1736 2533 1896 2570 δημηγορία

1099 2587 1145 2614 τοῦ
1161 2586 1279 2618 Παύλου,
1292 2587 1325 2621 τῇ
1340 2585 1370 2612 ὲν
1385 2585 1447 2616 ταῖς
1462 2584 1610 2619 Πράξεσιν,
1631 2583 1672 2614 εἰς
1685 2582 1718 2607 τὺ
1734 2580 1849 2614 Πνεῦμα
1861 2579 1894 2605 τὸ

1103 2635 1181 2668 ἅγιον
1196 2641 1204 2649 ·
1218 2633 1247 2658 ιν
1261 2632 1291 2659 δὲ
1305 2633 1339 2667 τῇ
1353 2631 1408 2658 τῶν
1429 2629 1553 2666 φρικτῶν
1573 2627 1734 2664 μυστηρίων
1747 2626 1894 2661 προσφορᾷ

1102 2681 1142 2711 si;
1158 2679 1204 2706 τδν
1224 2678 1349 2713 Πατέρα,
1370 2677 1438 2714 πρὸς
1460 2676 1490 2703 ὃν
1511 2676 1561 2710 τὴν
1580 2674 1709 2709 τοιαύτην
1727 2673 1811 2707 εὐχὴν
1824 2672 1893 2699 εἰθί-

1102 2725 1193 2761 σμεθα
1206 2725 1303 2756 ποιεῖν,
1322 2722 1415 2755 καθὼς
1437 2722 1486 2749 καὶ
1511 2721 1551 2757 τῷ
1584 2720 1714 2756 μακαρίῳ
1738 2717 1894 2753 Ἐπιφανίιρ

1101 2773 1211 2808 εῐρηται
1229 2771 1259 2798 ἐν
1275 2770 1315 2806 τῷ
1327 2770 1400 2805 λόγῳ
1412 2768 1521 2803 [αὑτοῦ]
1533 2767 1573 2803 τῷ
1588 2768 1638 2799 Εις
1654 2766 1688 2793 τὸ
1710 2764 1834 2800 Πνεῦμα
1857 2763 1892 2790 τὸ

1102 2819 1199 2855 ἅγιον.
1212 2818 1266 2846 Καὶ
1280 2816 1368 2845 ταῦτα
1384 2816 1433 2852 μὲν
1452 2814 1520 2851 πρὸς
1542 2814 1573 2841 τὸ
1596 2812 1682 2847 δεῖξαι
1702 2811 1741 2848 μὴ
1756 2809 1912 2854 ιναντιοῦσ.
