2075 3157
151 165 209 197 225
640 158 947 190 COMMENTARIUS
963 158 1004 188 IN
1023 157 1290 188 APOCALYPSIN.
1737 159 1794 192 226

152 223 218 249 σθαι
229 221 289 252 ταῖς
305 218 456 255 Πατρικαῖς
468 216 571 252 φωναῖς
584 214 634 250 τὴν
648 214 788 249 ἡμετέραν
800 213 947 248 ὑπόληψιν·

1010 221 1070 240 ιροη
1087 213 1292 248 proprietatem,
1321 217 1369 241 aut
1384 213 1464 241 Verbi
1490 213 1705 242 incarnationem
1735 223 1797 250 spe-

150 268 231 302 ημείς
248 265 275 291 δὲ
292 264 341 290 σὺν
354 263 416 298 Θεῷ
429 262 479 297 τῆς
497 259 662 291 ἀκολουθίας
677 258 819 293 ἐχώμεθα.

1010 263 1092 286 :tant.
1101 259 1249 294 Potestque
1261 260 1313 287 hoc
1330 259 1394 288 inde
1408 267 1517 295 quoque
1531 261 1700 292 confirmari,
1726 262 1799 296 quod

151 315 284 348 hymnum
301 309 492 343 scraphicum,
520 313 603 340 quem
630 304 773 340 τρισάγιον
793 304 943 339 appellant,
976 305 1022 331 uni
1041 304 1111 332 Filio
1126 306 1152 332 in
1179 305 1334 341 Evangeliis
1364 306 1496 333 tributum
1524 306 1668 341 legamus;
1683 307 1710 334 iu
1725 307 1801 335 Pau-

152 361 208 386 lina
232 364 297 385 vero
326 355 479 387 concione,
505 360 567 388 qua:
590 352 618 380 in
652 351 841 387 apostolorum
869 351 945 378 Actis
973 355 1071 384 exstat,
1100 352 1150 379 soli
1166 352 1280 386 Spiritui
1307 359 1420 386 sancto;
1435 353 1463 379 in
1479 360 1557 380 sacra
1570 357 1661 380 autem
1677 358 1799 381 tremen-

151 406 250 433 dorum
262 402 456 439 mysteriorum
475 399 624 431 oblatione,
645 398 697 425 soli
712 396 798 425 Patri.
811 396 853 424 Ad
868 396 944 423 illum
966 403 1096 431 namque,
1127 401 1158 423 ut
1182 396 1263 424 beato
1290 395 1444 431 Epiphanio
1464 396 1491 423 in
1513 397 1640 425 oratione
1663 405 1746 432 quam
1763 399 1796 426 de

153 453 257 487 Spiritu
272 454 370 480 sancto
384 448 479 479 edidit,
493 447 593 481 placet,
610 445 746 480 ejusmodi
772 444 958 479 precationem
988 443 1109 478 dirigere
1139 443 1344 470 consuevimus.
1374 442 1464 478 Atque
1488 443 1547 471 hrec
1569 444 1712 477 hactenus,
1744 453 1800 479 quo

152 500 256 528 certius
283 500 390 525 constet
403 499 526 523 nostram
554 492 754 528 expositionem
790 497 949 537 sanctorum
966 491 1078 519 Patrum
1107 491 1220 519 vocibus
1243 496 1325 526 atque
1356 492 1500 519 sententiis
1517 493 1677 527 neutiquam
1701 493 1800 520 adver-

152 546 221 573 sari.
236 543 288 571 Sed
304 543 337 570 ad
353 542 509 569 institutum
527 539 617 566 denuo
628 543 810 565 revertamur.

192 591 235 623 Τῷ
253 589 446 623 circumferant
468 585 548 620 ἡμᾶς
572 584 622 612 καὶ
647 585 798 612 λούσαντι
810 583 891 618 ἡμᾶς
917 584 952 611 ἐκ

152 637 215 665 τῶν
239 634 392 670 ἁμαρτιῶν
407 632 516 668 [ἡμῶν]
536 632 571 658 ἐν
585 631 626 663 τῷ
647 632 749 665 αἵματι
770 630 884 658 αὐτοῦ·
902 630 953 657 καὶ

153 683 301 714 ἐποίησεν
325 679 405 714 ἡμᾶς
423 677 577 711 βασιλεῖς,
601 677 650 704 καί
673 677 760 711 ιερεῑς
773 675 814 709 τῷ
827 675 889 709 Θεῷ
903 676 953 703 καὶ

153 729 248 763 Πατρι
262 727 367 754 αὑτοῦ.
383 724 470 757 Αὐτῷ
479 725 498 757 ἠ
510 724 585 756 δόξα
597 724 647 751 καὶ
659 724 692 750 τὸ
701 723 812 757 κράτος
823 724 867 756 εις
879 723 951 756 τοὺς

154 775 267 808 αἰῶνας
283 772 342 800 τῶν
358 771 484 800 αἰώνων.
503 770 607 805 Ἀμήν.

192 822 298 856 Τούτῳ,
316 819 410 854 φησὶν,
429 819 446 853 ἡ
461 817 526 850 δόξα
543 817 643 852 πρέπει
667 816 706 852 τῷ
720 816 753 843 δι’
769 815 880 850 ἀγάπην
895 815 950 842 τῶν

155 866 266 902 δεσμῶν
291 865 339 892 τοῦ
358 865 476 892 θανάτου
494 864 570 899 ἡμᾶς
598 862 722 895 λύσαντι,
745 862 794 889 καὶ
822 861 877 898 [ἐκ]
895 861 950 887 τῶν

156 913 209 948 τῆς
238 911 378 947 ἁμαρτίας
413 909 533 946 κηλίδων
566 909 696 935 λούσαντι
715 909 749 944 τῇ
776 907 887 942 ὲκχύσει
903 906 950 932 τοῦ

157 957 293 990 ζωοποιοῦ
312 956 429 991 αἳματος
445 953 530 981 αὑτοῦ
545 956 594 981 καὶ
610 953 706 984 ὓδατος
718 960 726 968 ο
744 952 792 979 καὶ
805 951 950 986 ποιήσαντι

157 1006 233 1040 ἡμᾶς
265 1003 402 1039 βασίλειον
429 1002 600 1036 ἱεράτευμα·
625 999 689 1026 ἀντὶ
718 999 826 1032 ἀλόγων
850 996 952 1023 θυσιῶν

158 1050 256 1077 θυσίαν
274 1048 365 1081 ζῶσαν
390 1047 442 1083 τὴν
467 1046 583 1082 λογικὴν
615 1045 745 1080 λατρείαν
776 1043 828 1080 [τῷ
851 1041 952 1078 lla-cpi]

158 1095 377 1131 προσφέροντας.

969 896 988 922 ιι

193 1185 274 1214 Ἰδοὺ
291 1185 409 1219 ἔρχεται
421 1183 498 1218 μετὰ
512 1181 572 1208 τῶν
583 1180 722 1215 νεφελῶν
735 1188 742 1195 ·
757 1180 804 1206 καί
825 1179 954 1213 ὄψονται

158 1232 254 1259 αὐτὸν
268 1229 328 1262 πᾶς
341 1228 506 1263 ὀφθαλμὸς,
528 1227 577 1254 καὶ
601 1227 712 1258 οἵτινες
727 1226 822 1253 αὑτὸν
835 1223 955 1256 ἐξεκέν-

161 1286 271 1312 τησαν.
300 1276 351 1302 καὶ
366 1275 513 1309 κόψονται
523 1273 570 1300 ἐπ’
585 1272 681 1300 αὑτὸν
699 1271 794 1300 πᾶσαι
809 1272 838 1297 αἱ
861 1269 955 1305 φυλαί

161 1323 217 1357 τῆς
229 1321 293 1357 γῆς.
312 1320 380 1352 Na),
398 1319 489 1354 ἀμήν.

203 1369 232 1394 Ὀ
245 1368 300 1402 γὰρ
322 1365 451 1397 ἐνταῦθα,
476 1363 571 1398 φησὶν,
586 1362 623 1394 ὡς
646 1361 734 1398 ἀμνὸς
759 1359 954 1396 σφαγιασοεὶς,

162 1413 244 1450 [iam]
258 1414 288 1439 ὲν
305 1413 339 1446 τῇ
356 1410 479 1446 πατρικῇ
501 1409 564 1444 δόξῃ
581 1407 678 1443 κριτὴς
696 1407 744 1434 ἐπὶ
761 1406 817 1433 τῶν
834 1405 956 1440 νεφελῶν

162 1459 305 1486 ἐλεύσεται
314 1465 322 1473 ·
336 1457 392 1483 εἴτε
407 1454 564 1490 ἀσωμάτων
575 1453 729 1488 νοουμένων
743 1452 889 1487 δυνάμεων
902 1450 957 1477 τῶν

162 1503 310 1538 νεφελῶν,
327 1502 384 1529 ett-5
411 1500 482 1537 [καὶ]
500 1499 631 1526 τοιούτων
655 1499 754 1534 οἵαπερ
778 1497 858 1525 αὐτὸν
874 1498 904 1524 ὲν
918 1496 957 1532 τῷ

163 1549 298 1584 Θαϐωρίῳ
312 1548 371 1583 ὄρει
385 1548 434 1574 σὺν
451 1547 508 1578 τοῖς
536 1545 624 1579 ἁγίοις
654 1544 792 1580 μαθηταῖς
808 1542 954 1576 ἐκάλυψεν.

162 1595 328 1630 Ἐρχόμενον
348 1593 378 1619 δὲ
389 1592 472 1620 αὑτὸν
488 1590 559 1627 μετὰ
576 1589 666 1625 δόξης,
687 1590 741 1620 πᾶς
759 1588 807 1623 μὲν
820 1587 958 1622 ὀφθαλμὸς

162 1644 260 1678 ὄψεται
272 1650 279 1657 ⁸
295 1642 320 1668 οἱ
336 1641 365 1667 δὲ
393 1639 624 1675 έκκεντήσαντες,
644 1637 692 1664 καὶ
712 1637 799 1662 πᾶσαι
830 1636 857 1662 αἱ
875 1634 958 1669 φυλαὶ

163 1690 215 1723 τῆς
229 1688 282 1722 γῆς
300 1688 328 1714 αἱ
342 1688 376 1722 τῇ
402 1685 518 1720 ἀπιστίᾳ
533 1683 712 1719 ἑμμείνασαι.
730 1682 872 1716 κόψονται.
889 1681 957 1713 Nai,

163 1735 258 1770 ἀμὴν,
275 1733 336 1760 ἀντὶ
352 1731 412 1766 τοῦ,
432 1732 542 1762 πάντως
553 1739 561 1747 ·
582 1730 616 1756 δι’
632 1726 663 1756 οὒ
689 1729 735 1755 τὸν
753 1728 835 1755 αὑτὸν
849 1726 912 1754 νοῦν
925 1727 959 1762 τῇ

164 1790 196 1808 τε
219 1779 354 1815 Ἑλληνίδι
374 1779 407 1814 τῇ
424 1786 455 1804 τε
479 1775 602 1812 Ἐϐραΐδι
627 1775 735 1811 γλώττῃ
765 1775 905 1810 ὲσήμανε·
930 1771 960 1798 τὸ

164 1827 220 1862 γὰρ
244 1825 345 1860 Ἀμὴν,
362 1833 372 1851 ι
397 1824 504 1858 γένοιτο
522 1832 531 1848 ι
547 1821 745 1858 ἑρμηνεύεται.

164 1860 246 1907 plane
261 1872 383 1899 futurum
398 1874 457 1903 est;
474 1869 609 1904 siquidem
630 1867 685 1900 ναί,
703 1865 862 1894 hominibus
878 1862 980 1891 Graecis
1005 1860 1075 1887 idem
1103 1862 1218 1907 prorsus

1038 583 1061 615 1,
1076 584 1103 616 5,
1118 583 1145 611 6.
1166 583 1220 616 Qui
1237 584 1332 611 dilexit
1348 592 1407 615 nos,
1424 590 1448 611 et
1473 584 1539 611 lauit
1569 592 1616 611 nos
1647 592 1663 611 a
1685 586 1800 619 pereatis

1003 631 1102 657 nostris
1114 637 1161 663 per
1186 631 1342 665 sanguinem
1362 638 1440 656 suum
1457 637 1466 656 :
1482 635 1507 656 et
1526 630 1587 664 fecit
1607 638 1655 657 nos
1680 639 1799 664 regnum.

1003 679 1028 701 et
1041 675 1191 701 sacerdotes
1220 674 1284 707 Deo,
1297 679 1322 701 et
1343 674 1420 700 Patri
1437 682 1494 701 tuo.
1520 673 1579 708 Ipsi
1603 674 1689 709 gloria
1706 679 1730 701 et
1750 675 1802 701 im-

1003 720 1108 753 perium
1121 719 1150 746 in
1166 720 1265 747 uetula
1281 719 1452 746 awculorum.
1470 719 1564 746 Amen.

1035 809 1126 841 Illum,
1149 808 1248 843 inquit,
1267 807 1347 836 decet
1363 808 1461 840 honor,
1490 809 1576 843 gloria
1590 813 1617 836 et
1635 809 1799 844 impr-rium.

1006 855 1052 890 qui
1078 855 1187 883 ardenti
1207 855 1341 883 charitate
1366 854 1506 885 incensus,
1529 863 1579 883 sua
1599 860 1687 884 morte
1715 864 1802 891 genus

1003 905 1127 928 nostrum
1147 909 1162 928 a
1185 901 1281 928 mortis
1295 901 1413 929 vinculis
1438 900 1577 932 liberavit,
1603 901 1801 937 sanguinisque

1002 947 1104 975 vivitici
1113 951 1140 975 et
1150 955 1229 982 aqua
1240 947 1383 980 eil‘usione,
1395 954 1409 973 a
1421 951 1598 981 peccatorum
1608 948 1736 975 sordibus
1749 955 1800 974 uos

1003 993 1109 1025 abluit,
1137 1001 1170 1020 ac
1208 993 1236 1020 in
1267 993 1372 1028 regium
1406 993 1592 1021 sacerdotium
1626 993 1765 1028 cooptavit
1792 1002 1800 1021 :

1003 1038 1105 1074 quippe
1128 1037 1175 1073 qui
1203 1038 1345 1065 brutarum
1379 1037 1556 1065 victimarum
1574 1037 1646 1069 loco,
1682 1037 1801 1065 hostiam

1003 1084 1093 1111 vivam
1107 1083 1268 1118 cultttmque
1283 1087 1357 1111 certa
1373 1083 1480 1110 ratione
1496 1086 1681 1114 constantem,
1703 1083 1757 1110 Deo
1772 1092 1802 1110 et

1005 1129 1079 1157 Patri
1099 1130 1155 1164 jam
1176 1137 1248 1156 nunc
1264 1129 1424 1157 otTeramus.

1010 1179 1017 1186 ‘
1040 1174 1060 1207 l,
1077 1174 1104 1202 7.
1121 1174 1190 1201 Ecce
1199 1174 1267 1200 venit
1278 1181 1338 1200 cum
1355 1173 1479 1204 nubibus,
1492 1179 1515 1201 et
1532 1172 1628 1200 videbit
1640 1181 1700 1199 eum
1714 1174 1802 1200 omnis

1005 1220 1110 1252 oculus,
1125 1225 1149 1247 et
1164 1220 1209 1255 qui
1228 1227 1289 1246 eum
1316 1225 1496 1254 pupugerunt.
1516 1218 1551 1245 Et
1574 1218 1700 1254 plangeat
1723 1227 1804 1254 super

1005 1274 1065 1294 eum
1083 1274 1173 1293 omne:
1187 1265 1271 1293 tribus
1288 1270 1367 1293 terra:
1381 1273 1390 1293 :
1404 1265 1506 1298 Etiam,
1520 1264 1613 1291 Amen.

1042 1355 1094 1389 Qui
1118 1355 1163 1382 hic
1179 1353 1239 1389 (ait)
1265 1354 1348 1381 veluti
1367 1361 1456 1389 agnus
1474 1352 1526 1379 fuit
1547 1351 1698 1387 iugulatus,
1714 1352 1737 1379 is
1754 1360 1801 1387 pa—

1008 1406 1083 1429 terna
1103 1401 1190 1435 gloria
1204 1405 1232 1428 et
1253 1400 1395 1434 majestate
1415 1403 1576 1429 exornatus,
1590 1397 1677 1426 Judex
1693 1399 1757 1425 olim
1776 1399 1802 1425 iu

1007 1446 1128 1474 nubibus
1139 1449 1182 1472 est
1202 1449 1335 1472 venturus
1356 1452 1363 1471 :
1386 1443 1444 1472 sive
1472 1443 1583 1470 nubium
1610 1443 1742 1470 vocabulo
1758 1452 1804 1470 ra-

1008 1492 1129 1520 diantem
1142 1492 1273 1519 virtututn
1295 1489 1420 1524 corporis
1448 1490 1602 1524 expertium
1632 1489 1803 1523 splendorem

1010 1537 1130 1572 accipias
1153 1545 1161 1564 :
1180 1537 1238 1564 sive
1257 1536 1344 1564 nubes
1365 1534 1513 1570 ejusmodi.
1541 1534 1698 1569 cujusmodi
1714 1535 1802 1569 ipsum

1014 1590 1067 1610 una
1078 1587 1146 1610 ‘cum
1161 1581 1306 1617 discipulis
1331 1581 1358 1607 in
1385 1585 1478 1607 monte
1492 1579 1602 1607 Thabor
1620 1586 1762 1614 operuere.
1784 1580 1805 1606 E

1013 1628 1083 1656 cmlo
1099 1633 1181 1661 porro
1192 1634 1255 1653 cum
1273 1625 1362 1661 gloria
1383 1629 1411 1652 et
1435 1625 1578 1659 majestate
1592 1623 1803 1651 descendentem

1010 1674 1101 1702 omnis
1114 1673 1223 1708 quidem
1236 1671 1334 1699 oculus
1348 1669 1573 1705 conspicabitur;
1593 1669 1612 1696 ii
1627 1675 1719 1696 autem
1739 1668 1804 1698 soli,

1011 1719 1058 1756 qui
1074 1719 1151 1746 illtuu
1165 1719 1355 1752 pupugeruut,
1379 1722 1472 1749 eatque
1492 1714 1579 1741 tribus
1601 1718 1690 1746 terrae,
1704 1720 1764 1747 qua:
1778 1713 1804 1738 iu

1011 1764 1125 1802 perﬁdia
1137 1763 1171 1791 ad
1188 1763 1270 1790 tinem
1295 1762 1383 1796 usque
1407 1760 1562 1796 perstitere,
1579 1759 1709 1794 plaugcnt
1723 1762 1750 1785 et
1765 1757 1805 1784 la-

1013 1810 1210 1841 menlabuntur
1227 1815 1310 1843 super
1331 1814 1408 1834 eum.
1436 1804 1498 1837 Νω,
1510 1805 1603 1838 Amen,
1618 1804 1671 1832 hoc
1695 1808 1748 1834 est,
1766 1803 1803 1830 ita

1251 1857 1332 1882 sonat
1361 1852 1434 1888 quod
1461 1851 1582 1880 Hebraeis
1612 1851 1705 1878 Amen.
1723 1850 1805 1877 Amen

165 1924 258 1946 autem
275 1918 497 1952 interpretatum,
508 1900 587 1942 idem
610 1914 752 1942 hominum
766 1911 850 1939 menti
866 1910 956 1940 oﬂ‘ert,
971 1905 1044 1942 quod
1062 1903 1136 1936 Fiat,
1149 1901 1192 1930 vel
1207 1900 1305 1928 Ratum
1321 1903 1389 1927 esto.

202 1963 277 1999 Ἐγώ
290 1964 349 1998 ειμι
358 1962 392 1989 τὸ
405 1970 424 1989 a
435 1961 484 1988 καὶ
495 1961 528 1988 τὸ
537 1969 569 1993 ω,
577 1959 621 1994 [ὴ]
638 1959 717 1994 ἁρχὴ
727 1958 776 1985 καὶ
787 1957 844 1993 [τὸ]
859 1956 955 1988 τέλος,

165 2011 250 2045 ,λέγει
264 2010 373 2043 Κύριος
388 2008 405 2035 ό
418 2007 501 2040 Θεὸς,
513 2008 530 2034 ὀ
541 2005 594 2038 ὢν,
613 2005 664 2033 καί
681 2006 696 2032 ό
711 2002 762 2040 ἦν,
777 2003 827 2030 καὶ
846 2004 863 2030 ό
873 2002 958 2036 ἐρχόο

163 2064 268 2092 μενος,
284 2054 325 2088 [ὁ]
337 2051 560 2086 παντοκράτωρ.

207 2103 245 2129 Τδ
256 2102 296 2134 δὲ,
311 2099 386 2135 Ἐγώ
405 2100 463 2134 εἰμι
492 2098 526 2125 τὸ
552 2105 572 2124 a
587 2095 638 2123 καὶ
650 2096 684 2122 τὸ
701 2103 733 2127 ω,
747 2094 762 2121 ό
780 2092 898 2130 Χριστὸς
916 2091 960 2117 ὲν-

166 2147 257 2175 ταῦθα
271 2146 399 2182 δηλοῦται
411 2152 418 2161 ’
437 2145 485 2172 ἀτε
499 2143 567 2174 Θεὸς
582 2142 630 2168 καὶ
645 2140 757 2176 κρατῶν
766 2139 821 2166 τῶν
837 2139 958 2168 πάντων,

166 2192 288 2228 ἄναρχός
315 2200 345 2218 τε
361 2190 429 2226 ὁμοῦ
444 2189 492 2216 καὶ
518 2187 709 2222 ἀτελεύτητος,
725 2185 764 2212 ὢν
790 2185 838 2212 καὶ
856 2182 959 2218 προὼν,

167 2224 321 2274 καὶ-ἀέρας
348 2224 399 2264 οὐξι
416 2236 497 2272 ἔχων,
513 2235 551 2266 ὡς
573 2233 613 2269 τῷ
632 2233 721 2268 Πατρὶ
742 2230 895 2261 ωναῖδιος·
911 2228 959 2255 καὶ
978 2224 997 2251 υ

167 2285 214 2312 διὰ
226 2284 308 2311 τοῦτο
326 2282 476 2310 ἀποδώσων
490 2281 600 2315 ἑκάστῳ
617 2279 672 2306 τῶν
698 2275 907 2312 πεπραγμένων
928 2274 963 2300 τὰ

168 2331 309 2365 ἐπίχειρα.

204 2418 283 2453 Ἐγὼ
298 2417 436 2450 Ἰωάννης
449 2417 466 2444 d
484 2415 619 2450 ἀδελφὸς
633 2413 720 2449 ὑμῶν
733 2412 783 2440 καί
796 2417 963 2446 συγκοινω-

169 2464 225 2497 νὸς
243 2464 279 2490 ἐν
294 2462 331 2497 τῇ
352 2459 455 2497 θλίψᾶι
476 2461 527 2489 καὶ
540 2461 587 2498 [ἐν
600 2459 649 2495 τῇ]
663 2458 808 2491 βασιλείᾳ
821 2456 871 2483 καὶ
887 2456 963 2482 ὐπο-

167 2508 251 2545 μονῇ
276 2508 381 2542 Ἰησοῦ
405 2506 545 2541 Χριστοῦ,
562 2505 710 2541 ἐγενόμην
727 2503 763 2529 ἐν
777 2501 814 2536 τῇ
828 2500 915 2534 νήσῳ
927 2498 964 2533 τῇ

171 2554 346 2589 καλουμένῃ
363 2552 482 2587 Πάτμῳ,
501 2551 550 2578 διὰ
565 2551 620 2578 τὸν
634 2550 728 2584 λόγον
749 2546 802 2575 τοῦ
817 2545 891 2573 Θεοῦ
913 2545 964 2573 καὶ

172 2600 244 2638 [διὰ]
260 2600 319 2634 τὴν
331 2598 500 2634 μαρτυρίαν
513 2596 616 2630 Ἰησοῦ
632 2592 796 2638 [Χριστοῦ].

213 2644 284 2679 Ἐγὼ
302 2644 343 2678 δὲ,
354 2643 402 2670 ita
418 2641 543 2677 ἀδελφὸς,
559 2640 654 2676 φησὶν,
675 2638 753 2674 ὑμῶν
770 2636 819 2670 ὣν,
836 2636 885 2664 καὶ
898 2643 965 2670 συγ-

171 2692 302 2723 κοινωνὸς
316 2692 345 2718 tv
360 2690 421 2722 ταῖς
441 2688 486 2715 διὰ
501 2686 620 2723 Χριστὸν
646 2684 781 2719 θλίψεσιν,
803 2683 917 2713 εἰκότως
934 2681 966 2707 τὸ

172 2739 333 2772 ἀξιόπιστον
349 2736 416 2772 παρ’
431 2735 498 2770 ὑμῖν
512 2733 674 2767 κέκτημαι·
690 2729 736 2757 διὰ
749 2730 806 2764 γὰρ
822 2728 873 2764 τὴν
895 2735 966 2763 μαρ-

171 2784 268 2819 τυρίαν
290 2781 391 2818 Ἰησοῦ,
407 2781 519 2816 Πάτμον
534 2778 620 2806 οἰκεῖν
647 2776 698 2811 τὴν
715 2776 797 2811 νῆσον
814 2774 965 2802 καταδικα-

173 2830 260 2863 σθεὶς,
288 2828 457 2864 ἀπαγγέλλω
481 2827 546 2863 ὑμῖν
567 2824 602 2853 τὰ
615 2823 760 2861 ἑωραμένα
775 2830 820 2858 μοι
842 2822 871 2849 έν
896 2821 964 2856 αὐτῇ

174 2876 325 2912 μυστήρια.

1044 1951 1073 1986 6
1096 1947 1221 1983 l,8.Ego
1249 1954 1308 1974 sum
1330 1945 1409 1978 alpha
1427 1949 1451 1970 et
1471 1951 1575 1978 omega,
1601 1942 1758 1979 principium
1783 1946 1808 1967 et

1009 1994 1161 2031 [iniudicit
1174 1993 1304 2020 Dominus
1323 1990 1404 2021 Deus,
1435 1989 1481 2024 qui
1505 1993 1556 2020 est,
1574 1992 1600 2015 et
1626 1987 1672 2022 qui
1690 1992 1764 2018 erat,
1783 1992 1808 2014 et

1010 2043 1055 2078 qui
1079 2045 1202 2068 uenturus
1213 2043 1262 2071 est,
1275 2038 1448 2072 omnipotens.

1051 2085 1102 2113 llic
1118 2086 1193 2112 locus
1207 2083 1350 2118 perspicue
1367 2081 1508 2108 Christum
1524 2078 1660 2112 designat,
1681 2081 1710 2103 ut
1723 2076 1768 2111 qui
1781 2081 1808 2104 et

1016 2132 1088 2160 Deus
1101 2131 1227 2162 exsistat,
1245 2133 1272 2156 et
1287 2128 1444 2155 absolutum
1463 2126 1489 2153 in
1506 2132 1603 2153 omnes
1631 2123 1806 2150 dominatum

1014 2177 1148 2210 obtineat,
1163 2181 1192 2204 et
1207 2175 1298 2203 omnis
1319 2171 1448 2208 principii
1472 2179 1506 2198 ae
1530 2170 1592 2198 linis
1608 2176 1708 2204 expers
1723 2169 1805 2195 vivat.

1013 2223 1064 2257 Qui
1081 2223 1154 2250 idem
1165 2221 1248 2248 etiam
1264 2224 1316 2251 est,
1334 2223 1360 2247 et
1375 2221 1446 2251 erat,
1457 2221 1484 2245 et
1500 2217 1581 2243 tinem
1607 2216 1727 2250 ignorat.
1742 2221 1798 2248 pcr-

1014 2269 1133 2304 iudeque
1171 2272 1253 2301 atque
1283 2266 1364 2294 Pater
1388 2271 1447 2291 aevo
1473 2261 1640 2297 sempiterno
1666 2260 1757 2291 durat,
1781 2263 1806 2285 el

1014 2316 1164 2351 unicuique
1179 2314 1244 2341 olim
1258 2320 1307 2348 pro
1322 2317 1435 2346 operum
1454 2317 1565 2338 suorqu
1578 2308 1685 2335 ratione
1695 2312 1722 2334 et
1737 2314 1804 2341 qua-

1015 2361 1101 2393 litate,
1117 2360 1158 2387 vel
1177 2357 1287 2394 praemia
1316 2356 1450 2388 exsolvet,
1469 2358 1518 2381 aut
1543 2352 1677 2388 supplicia
1699 2351 1806 2378 inlcrct.

1051 2406 1072 2439 I,
1096 2406 1125 2434 9.
1141 2404 1198 2440 Ego
1220 2404 1338 2431 Joannes
1359 2403 1443 2437 frater
1461 2405 1554 2433 vester,
1578 2404 1602 2426 et
1628 2398 1762 2433 particeps
1782 2398 1808 2423 in

1018 2452 1193 2480 tribulatione
1212 2455 1237 2477 et
1256 2457 1347 2484 regno,
1370 2453 1395 2475 et
1414 2447 1545 2482 patientia
1569 2447 1596 2473 in
1619 2445 1724 2472 Christo
1735 2443 1808 2470 Jesu.

1018 2499 1058 2533 [ai
1077 2499 1106 2525 in
1121 2497 1212 2524 intuta
1233 2503 1292 2530 qua
1312 2494 1464 2530 appellatur
1487 2492 1611 2525 Patntos,
1626 2495 1732 2526 propter
1751 2497 1794 2516 ver

1016 2544 1079 2571 bum
1090 2543 1149 2576 Dei,
1164 2547 1189 2570 et
1206 2540 1387 2570 testimonium
1401 2539 1478 2567 ἐστι.

1051 2633 1166 2668 Quando
1184 2631 1295 2668 (inquit)
1323 2635 1350 2659 et
1377 2634 1468 2658 vester
1490 2629 1583 2658 frater,
1600 2629 1628 2653 et
1652 2627 1806 2651 vestrarum

1015 2681 1194 2709 atllictionum
1215 2679 1308 2706 socius
1325 2685 1398 2709 sum,
1415 2675 1513 2704 merito
1528 2672 1600 2707 apud
1616 2677 1665 2697 vos
1683 2667 1763 2695 ﬁdem
1780 2671 1808 2694 et

1015 2726 1208 2755 auctoritatem
1220 2725 1345 2752 obtinere
1357 2723 1453 2750 debeo.
1466 2720 1533 2748 Nam
1560 2720 1670 2753 propter
1684 2714 1804 2742 testimo-
1841 2739 1849 2749 ι

1016 2775 1092 2803 nium
1107 2773 1173 2802 Iesu
1183 2772 1285 2801 Christi
1299 2771 1332 2799 ad
1346 2769 1465 2798 insulam
1480 2766 1594 2794 Patmon
1615 2762 1759 2797 relegatus.
1780 2765 1807 2788 et

1016 2825 1046 2847 ut
1061 2819 1098 2847 ibi
1124 2823 1231 2846 aetatem
1260 2823 1380 2853 agerem,
1403 2813 1611 2842 condemnatus,
1629 2807 1757 2844 mysteria
1780 2810 1809 2833 et

1017 2873 1117 2894 arcana
1136 2872 1197 2900 quae
1212 2864 1240 2892 in
1260 2863 1309 2891 illa
1326 2861 1394 2895 vidi,
1409 2858 1487 2887 vobis
1501 2855 1644 2885 denuntio.
