2075 3157
182 129 237 162 223

665 129 970 161 COMMENTARIUS
991 129 1031 159 IN
1052 129 1317 163 APOCALYPSIN.

1766 134 1822 167 230

182 187 286 222 πυρός’
302 187 366 219 τοὺς
386 187 436 223 μὲν
460 186 556 222 ἁγίους
583 186 759 221 φωτίζοντες,
776 185 840 216 τοὺς
850 185 879 212 δὲ
894 184 974 220 βεσὴ-

1028 189 1078 212 est.
1095 186 1183 220 Atque
1207 186 1235 213 in
1263 185 1324 221 ejus
1343 185 1380 213 rei
1401 190 1592 220 argumentum
1616 187 1694 216 canis
1716 190 1824 223 capillis

181 232 245 265 λους
260 232 444 267 φλογίξοντες.

1034 233 1146 265 opertus
1163 230 1295 258 cernitur.
1311 228 1389 258 Oculi
1408 235 1498 258 autem
1518 231 1579 267 ejus
1595 233 1687 268 ignitae
1706 233 1824 263 ﬂammae

182 280 303 314 speciem
318 288 375 315 pra
397 287 428 308 se
441 279 543 307 lerunt.
565 278 697 312 Quamvis
714 278 787 306 enim
811 278 840 306 bi
865 281 978 306 sanctos
1007 276 1146 304 illustrant
1169 282 1197 305 ct
1212 282 1351 311 recreant,
1385 279 1512 307 homines
1533 284 1624 308 tamen
1653 280 1784 316 profanos
1796 285 1824 309 et

183 326 332 353 sceleratos
351 326 504 353 incendunt
517 325 632 359 direque
646 324 823 352 excruciant.

219 371 274 398 Kal
283 373 310 398 οί
323 370 416 404 πόδες
434 370 528 398 αὐτοῦ
541 369 637 405 ὅμοιοι
651 369 874 405 χαλκολιϐάνῳ,
889 369 930 403 ὡς
944 369 980 396 ἐν

185 417 300 451 καμίνῳ
315 415 534 450 πεπυρωμένοι.

221 461 292 492 Τοὺς
304 460 389 493 πόδας
402 461 450 487 καὶ
464 461 478 488 ὀ
495 460 567 493 θεῖος
588 460 740 496 Γρηγόριος
759 461 810 496 τὴν
825 459 896 495 μετὰ
912 468 977 495 σαρ-

185 505 233 536 κδς
252 505 365 540 ἐνόησεν
386 506 557 541 οἰκονομίαν·
580 506 663 537 πόδες
685 505 741 541 γὰρ
757 505 840 532 αὑτοῦ
855 507 871 541 ἡ
887 505 956 540 σάρξ
969 512 977 520 ⁸

184 548 257 587 ᾗτινι
279 551 295 584 ἡ
325 549 422 585 θεότης
449 551 584 584 autem,
604 550 655 586 τὴν
680 550 820 586 ἡμετέραν
840 551 980 586 σωτηρίαν

186 595 398 631 κατειργάσατο.
417 596 501 628 Πόδες
517 597 546 623 δὲ
564 597 612 623 καὶ
633 597 658 623 oi
671 596 829 628 ἀπόστολοι,
843 597 880 626 ὡς
896 596 978 631 θεμέ-

185 642 237 668 λιοι
248 641 300 676 τῆς
316 641 494 677 Ἐκκλησίας.
508 642 711 674 Χαλκολίῦανος
726 642 755 669 δέ
773 642 859 674 ἐστιν,
879 643 908 669 ὃν
923 651 976 677 φα-

184 695 227 713 σιν
243 687 269 713 οι
285 687 375 722 ίατροὶ
389 687 477 723 εὐώδη
499 686 571 714 εἶναι
586 687 771 724 θυμιώμενον,
785 688 831 715 τὸν
848 689 913 724 παρ’
927 689 976 715 αὐ-

182 733 241 764 τοῖς
255 732 426 767 καλούμενον
443 733 547 768 ᾶρῤενα
576 732 718 768 [λίϐανον].
741 734 777 760 Ἦ
795 733 841 760 καὶ
855 733 956 767 ἑτέρως
969 741 976 749 ·

183 777 284 812 χαλκοῦ
304 777 365 812 μὶν,
380 779 430 813 τῆς
454 778 630 814 ἀνθρωπίνης
640 787 649 795 θ
664 779 775 806 λιϐάνου
787 779 826 811 δὲ,
838 780 887 815 τῆς
901 778 977 811 θείας

183 824 335 858 νοουμένης
354 823 474 858 φύσεως,
490 823 536 860 [δι’
548 821 598 860 ὦν]
610 824 750 852 δείκνυται
762 824 810 852 καὶ
831 824 862 851 τὸ
877 824 976 857 εὑῶδες

1069 367 1088 399 Ι,
1108 367 1151 395 l5.
1170 368 1205 395 Et
1232 369 1309 403 pedes
1328 369 1386 404 ejus
1408 370 1509 398 similes
1532 371 1695 405 aurichalco.
1712 373 1779 400 sicut
1797 372 1825 399 in

1032 413 1138 440 camino
1155 414 1271 441 ardenti.

1069 457 1120 485 Per
1133 459 1209 492 pedes
1226 458 1416 488 Nazianzenus
1430 461 1532 489 Christi
1548 463 1699 490 secundum
1711 471 1822 491 carnem

1033 505 1216 531 oeconomiam
1239 505 1422 541 signiﬁcatam
1445 507 1603 541 existimat;
1624 510 1760 544 siquidem
1777 517 1823 537 sa-

1027 555 1172 578 crosancta
1186 558 1262 584 caro,
1290 551 1426 580 divinitati
1446 552 1521 580 illius
1554 554 1652 588 pedum
1669 555 1732 583 loco
1750 563 1819 590 quo-

1028 595 1174 623 dammodo
1193 597 1308 625 exstitit.
1327 598 1394 625 Nam
1411 603 1436 626 ct
1450 607 1499 634 per
1513 599 1587 627 illam
1613 601 1646 628 ad
1674 609 1724 629 nos
1738 603 1823 634 venit,

1027 646 1054 668 et
1069 645 1192 669 nostram
1208 651 1317 671 rursum
1343 644 1458 672 salutem
1475 653 1524 680 per
1548 647 1673 673 eauulem
1692 648 1821 681 patravit.

1029 685 1100 713 Sunt
1119 692 1210 715 autent
1227 688 1309 723 pedes
1328 690 1372 717 isti
1396 690 1501 718 similes
1524 691 1718 725 cIta/colibauo,
1739 693 1766 720 id
1782 699 1825 720 est

1028 732 1101 759 tlturi
1119 734 1260 767 masculo;
1278 735 1330 762 hoc
1358 736 1433 763 enim
1462 736 1618 771 incensum,
1633 737 1823 773 gratissimum

1028 777 1140 805 odorem
1153 786 1282 815 spargere
1294 780 1371 808 solet.
1387 780 1464 814 Quod
1484 782 1508 809 si
1522 789 1614 815 voces,
1630 783 1702 810 unde
1721 790 1823 810 nomen

1028 823 1081 851 hoc
1095 824 1237 859 conﬂatur,
1269 833 1395 854 seorsum
1427 828 1628 862 interpreteris,
1657 836 1705 864 per
1719 837 1757 856 aes
1773 829 1824 856 hu-

182 868 233 902 τῆς
244 869 375 901 πίστεως,
389 869 438 895 καὶ
452 869 483 896 τὸ
497 869 652 906 ἀσύγχυτον
665 870 717 905 τῆς
731 869 867 902 ὲνὼσεως.
881 870 916 897 Ἦ
929 870 976 897 τοῦ

1030 877 1110 897 mana
1125 869 1228 898 Christi
1243 876 1353 905 natura,
1366 880 1414 907 per
1434 873 1497 900 llius
1521 878 1614 901 autem
1631 873 1723 901 divina
1746 873 1823 908 ejus-

183 914 287 949 χαλκοῦ
309 915 360 950 μὲν
383 915 528 951 δηλοῦντος
543 915 574 942 τὸ
597 916 645 943 τοῦ
662 916 842 952 κηρύγματος
859 915 976 952 εὔηχον·

182 960 231 986 τοῦ
244 960 273 986 δὲ
292 960 415 992 λιϐάνου.
431 961 481 996 τὴν
497 961 552 988 τῶν
570 962 657 988 ἐθνῶν
680 963 850 998 ὲπιστροφήν
862 970 870 978 ·
883 961 944 989 ὅθεν
959 962 978 998 ἡ

184 1004 290 1041 Νύμφη
303 1005 434 1041 ἔρχεσθαι
450 1006 606 1035 κελεύεται,
625 1007 711 1039 Πὸδες
722 1006 769 1033 τοῦ
784 1007 906 1042 Χριστοῦ
927 1007 977 1034 καὶ

182 1053 207 1078 οἱ
223 1052 379 1085 ἀπόστολοι,
397 1055 430 1088 τῇ
455 1053 565 1088 καμίνῳ
581 1053 637 1080 τῶν
657 1053 822 1089 πειρασμῶν
836 1053 978 1089 πυρωθέν-

182 1105 228 1129 τες
241 1099 313 1125 κατὰ
327 1099 378 1134 τὴν
391 1099 439 1125 τοῦ
455 1099 618 1126 διδασκάλου
636 1098 764 1134 μίμησιν.

1032 914 1093 942 dem
1119 915 1271 944 substantia
1287 917 1433 945 denotatur
1455 927 1462 946 :
1487 926 1536 953 per
1556 923 1702 953 utrumque
1716 926 1781 947 vero
1796 924 1825 947 et

1026 961 1088 989 ﬁdei
1113 960 1274 997 fragrantia,
1293 967 1322 990 et
1342 963 1487 991 iuconl‘usa
1516 969 1676 992 naturarum
1703 964 1777 992 inter
1793 972 1824 992 se

1026 1008 1093 1035 unio
1104 1012 1187 1042 atque
1200 1008 1368 1044 conjunctio.
1385 1010 1440 1037 Aut
1453 1018 1501 1045 per
1523 1018 1560 1038 tes
1577 1011 1670 1038 suavis
1690 1010 1822 1046 pradica-

1027 1053 1110 1080 tiouis
1127 1061 1214 1081 sonus
1229 1054 1415 1089 signiﬁcatur;
1434 1063 1483 1090 per
1499 1055 1562 1083 thus
1581 1061 1673 1084 autem
1700 1057 1824 1092 gentium

1026 1099 1060 1126 ad
1076 1099 1155 1126 ﬁdem
1168 1100 1329 1133 conversio;
1359 1100 1392 1127 ad
1412 1108 1494 1135 quant
1518 1102 1624 1136 Sponsa
1650 1102 1678 1130 in
1702 1101 1824 1129 Canticis

183 1143 326 1171 invitatur.
346 1143 408 1171 Alio
421 1139 601 1172 etiam‘seusu
618 1144 746 1179 apostoli,
762 1143 865 1171 Christi
891 1143 975 1178 pedes
990 1143 1044 1171 dici
1064 1148 1192 1178 possunt,
1205 1148 1235 1171 ut
1244 1144 1290 1179 qui
1300 1144 1389 1173 solida
1412 1145 1539 1174 Ecclesia:
1567 1146 1622 1174 sint
1633 1147 1824 1182 fundamenta,

182 1194 211 1216 et
237 1190 271 1216 ad
290 1189 413 1224 magistri
437 1190 593 1224 exemplum
620 1189 647 1216 in
685 1189 846 1217 tentationis
873 1188 981 1216 camino
993 1188 1101 1224 egregie
1116 1189 1223 1223 probati
1237 1193 1264 1216 et
1279 1189 1440 1218 examinati.

218 1235 275 1262 Kal
288 1235 307 1268 ἠ
321 1234 407 1269 φωνὴ
427 1235 521 1262 αὑτοῦ
542 1235 582 1267 ὡς
595 1234 681 1269 φωνὴ
701 1234 821 1262 ὑδάτων
833 1233 974 1261 πολλῶν·

182 1281 233 1307 καὶ
247 1280 326 1315 ἔχων
337 1281 373 1307 ὲν
383 1280 421 1314 τῇ
435 1279 521 1315 δεξιᾷ
531 1280 626 1307 αὑτοῦ
634 1280 765 1315 ἀστέρας
778 1280 866 1313 ἑπτὰ,
879 1279 928 1306 καί
942 1279 977 1306 ἐκ

181 1327 238 1353 τοῦ
250 1327 399 1361 στόματος
418 1326 513 1353 αὑτοῦ
524 1327 658 1360 ῥομφαία
675 1326 820 1360 δίστομος
833 1325 916 1357 ὀξεῖα
929 1325 983 1350 ἐκέ

182 1372 369 1407 πορευομένη
382 1380 391 1388 ·
406 1373 454 1398 καὶ
469 1372 488 1406 ἠ
500 1372 569 1406 ὄψις
580 1372 674 1399 αὑτοῦ
686 1371 726 1404 ὡς
737 1372 754 1398 d
765 1371 853 1406 ἥλιος
861 1370 979 1405 φαίνων

182 1418 218 1444 ἐν
233 1417 270 1451 τῇ
284 1417 409 1451 δυνάμει
425 1417 531 1444 αὐτοῦ.

219 1463 287 1499 [Τὴν
301 1462 330 1489 δὲ
344 1463 437 1499 φωνὴν
457 1461 542 1489 αὑτοῦ
564 1463 603 1494 ὡς
628 1462 722 1498 φωνὴν
749 1461 855 1488 ὑδάτων
872 1460 978 1487 πολλῶν

183 1507 270 1544 λέγει]
287 1508 412 1538 εἰκότως.
431 1508 516 1544 Κοινὴ
529 1508 585 1544 γὰρ
598 1509 614 1542 ἡ
635 1508 711 1543 φωνὴ
728 1506 812 1534 αὑτοῦ
825 1515 853 1533 τε
868 1507 914 1533 καὶ
928 1505 976 1532 τοῦ

185 1555 362 1589 Πνεῦματος·
380 1551 410 1580 οὗ
425 1555 544 1590 ποταμοὶ
564 1555 597 1582 ὲκ
614 1553 665 1588 τῆς
681 1553 786 1584 κοιλίας
799 1552 854 1578 τῶν
873 1551 976 1578 πιστῶν

185 1599 289 1631 ζῶντος
310 1599 406 1631 ὓδατος
440 1599 588 1634 ἔρρευσαν,
611 1599 659 1626 καὶ
683 1598 724 1630 είς
740 1598 832 1624 πᾶσαν
860 1596 910 1632 τὴν
926 1597 978 1632 γῆν

184 1645 348 1680 διαπρύσιον
363 1646 479 1681 ἤχησαν.
499 1646 632 1680 Ἀστέρας
648 1644 680 1671 δὲ
694 1643 774 1676 ἑπτὰ,
794 1641 974 1678 παρακατιὼν

184 1690 257 1724 τοὺς
279 1690 340 1718 τῶν
370 1690 560 1725 Ἐκκλησιῶν
595 1698 677 1725 φησιν
706 1689 865 1725 ἀγγέλους.
892 1687 978 1722 Ῥομ-

183 1737 280 1771 scatur
293 1737 322 1764 δὲ
348 1738 506 1773 δίστομον,
521 1737 570 1772 τὴν
593 1737 665 1764 κατὰ
687 1735 744 1763 τῶν
759 1734 867 1762 ἀσεϐῶν
896 1742 980 1768 φησιν

184 1783 334 1817 ἀπόφασιν,
360 1782 409 1818 τὴν
432 1782 594 1817 τομωτέραν
624 1780 694 1816 ὑπὲρ
722 1781 814 1807 πᾶσαν
839 1779 980 1815 μάχαιραν

184 1827 316 1861 δίστομον
327 1835 335 1843 ·
348 1827 365 1862 ῆ
377 1827 425 1854 καὶ
443 1825 516 1862 [τὴν]
532 1826 751 1862 περιτέμνουσαν
774 1826 913 1860 μάχαιραν
932 1824 979 1851 τοῦ

185 1873 357 1908 Πνεύματος,
371 1872 416 1899 τὸν
427 1872 500 1903 ἐντὸς
514 1871 593 1907 ἡμῶν
608 1871 762 1907 ἄνθρωπον.
782 1872 817 1898 Τὸ
834 1871 869 1897 δὲ
884 1871 980 1905 πρόσ-

185 1927 270 1945 ωπον
288 1917 384 1946 αὐτοῦ
405 1919 527 1953 φαίνειν
546 1918 586 1950 ὡς
601 1918 699 1952 ἣλιον,
715 1917 766 1944 οὐκ
783 1916 915 1952 αἰσθητὴν
928 1916 978 1952 τὴν

185 1964 296 1999 αἴγλην,
321 1963 391 1991 ἀλλὰ
407 1964 518 1999 νοητὴν,
540 1963 631 1999 δῆλον.
659 1963 764 1996 Ἤλιος
780 1963 836 1998 γάρ
849 1963 913 1988 ἐστι
933 1962 978 1988 δι-

185 2010 363 2043 καιοσύνης,
380 2011 413 2045 τῇ
430 2010 519 2045 οἰκείᾳ
533 2009 648 2045 δυνάμει
663 2009 711 2036 καὶ
734 2008 844 2043 ἑξουσίᾳ
870 2016 976 2035 καταυ-

185 2056 297 2089 γάζων·
314 2055 344 2081 οὺ
372 2054 465 2086 καθὼς
492 2055 506 2081 ὸ
532 2054 662 2089 αἰσθητὸς
679 2054 769 2089 ἥλιος,
789 2052 837 2081 ὅτε
860 2055 975 2088 κτίσμα,

186 2100 320 2135 θεοσδότῳ
335 2099 387 2133 [δὲ]
405 2101 519 2135 δυνάμει
534 2101 581 2127 καὶ
603 2100 668 2136 θείῳ
682 2100 886 2135 προστάγματι.

1061 1231 1084 1265 Ι,
1107 1228 1151 1265 15.
1174 1233 1216 1259 16.
1233 1232 1265 1260 Et
1287 1241 1337 1260 vos:
1365 1232 1439 1261 illius
1463 1239 1592 1270 tanquam
1619 1244 1670 1263 vos:
1691 1245 1823 1272 aquarum

1026 1277 1172 1304 multarunt
1186 1285 1195 1304 :
1208 1283 1233 1305 et
1248 1278 1361 1306 habebat
1371 1280 1399 1305 in
1413 1279 1508 1307 dextra
1523 1289 1572 1308 sua
1592 1281 1683 1309 stellas
1698 1287 1795 1316 septem
1811 1292 1822 1316 ,-

1025 1324 1094 1349 etde
1108 1331 1150 1350 ore
1162 1324 1218 1357 ejus
1238 1324 1345 1359 gladius
1364 1330 1477 1359 utraque
1498 1332 1576 1360 parte
1591 1332 1685 1355 acutus
1703 1328 1794 1356 exibat
1812 1349 1820 1356 .

1027 1373 1052 1396 et
1066 1368 1148 1403 facies
1160 1369 1227 1404 ejus,
1247 1370 1315 1397 sicut
1335 1370 1376 1398 sol
1387 1371 1454 1398 lucet
1469 1372 1495 1398 in
1515 1372 1611 1399 virtute
1621 1381 1681 1401 sua.

1063 1456 1140 1485 Haud
1158 1457 1259 1492 injuria
1276 1465 1328 1485 vox
1342 1457 1415 1485 illius
1438 1465 1572 1493 aquarum
1588 1460 1761 1488 multitudini
1775 1469 1821 1489 as-

1028 1503 1174 1530 similatur.
1189 1502 1263 1530 Nam'
1282 1511 1335 1530 una
1349 1504 1500 1539 eademque
1511 1504 1584 1532 illius
1600 1510 1627 1532 et
1643 1506 1757 1540 spiritus
1771 1515 1821 1534 vox

1028 1553 1080 1577 cst.
1096 1550 1145 1576 Ast
1173 1549 1287 1584 spiritus
1315 1549 1339 1576 vi
1358 1551 1387 1576 lit
1412 1554 1441 1576 ut
1464 1557 1543 1584 aqua;
1569 1551 1636 1577 vivae
1655 1555 1791 1580 torrentes
1807 1561 1822 1580 c

1028 1595 1149 1623 ﬁdelium
1166 1601 1261 1624 ventre
1287 1595 1389 1628 ﬁuant,
1410 1597 1538 1631 clareque
1554 1605 1601 1627 per
1621 1602 1757 1626 terrarum
1773 1607 1823 1626 or-

1028 1642 1089 1668 bem
1109 1646 1268 1676 personent.
1285 1640 1371 1669 Porro
1386 1647 1475 1669 autem
1493 1650 1564 1677 quos
1581 1643 1626 1670 hic
1639 1644 1743 1675 stellas.
1760 1645 1824 1672 illos

1028 1686 1110 1721 paulo
1122 1690 1184 1721 post
1194 1691 1298 1721 septem
1309 1686 1491 1715 Ecclesiarum
1506 1688 1613 1723 angelos
1628 1689 1754 1724 appellat.
1770 1689 1823 1717 Per

1028 1732 1147 1767 gladium
1169 1737 1261 1760 autem
1293 1733 1425 1768 utrimque
1447 1739 1555 1761 acutum
1582 1735 1821 1764 condemnationis

1029 1778 1175 1811 sententia,
1193 1786 1276 1813 quam
1287 1783 1382 1805 contra
1399 1779 1498 1814 impios
1512 1779 1678 1814 l’ultninabit,
1696 1781 1821 1808 insinua-

1029 1827 1084 1851 tur.
1101 1823 1137 1850 Ea
1150 1823 1224 1850 enim
1247 1823 1345 1858 quovis
1360 1824 1473 1859 ancipiti
1508 1824 1599 1860 gladio
1626 1826 1822 1860 penetrabilior

1028 1870 1105 1902 erit;
1122 1873 1169 1896 aut
1190 1875 1265 1897 certe
1296 1870 1329 1897 de
1350 1869 1443 1905 gladio
1476 1870 1608 1905 Spiritus,
1626 1879 1682 1906 quo
1705 1871 1821 1899 interior

1029 1913 1112 1941 homo
1128 1913 1345 1947 circumciditur,
1372 1918 1414 1941 est
1428 1913 1473 1942 hic
1488 1922 1591 1943 sermo.
1606 1915 1685 1949 Quod
1698 1923 1762 1944 vero
1779 1917 1821 1952 [a-

1027 1960 1079 1987 cies
1094 1959 1149 1994 ejus
1169 1960 1256 1986 instar
1267 1960 1332 1987 solis
1346 1959 1437 1987 lucida
1448 1961 1566 1993 dicatur,
1582 1961 1608 1989 id
1632 1969 1685 1989 non
1705 1963 1739 1990 ad
1757 1971 1821 1990 sen-

1027 2005 1104 2033 silem
1122 2005 1240 2040 aliquam
1258 2006 1345 2033 lucem
1363 2007 1406 2033 vel
1423 2006 1607 2041 splendorem,
1624 2009 1670 2035 sed
1684 2009 1719 2035 ad
1743 2016 1822 2036 men—

1027 2051 1063 2078 tis
1074 2050 1284 2078 illustrationem
1296 2051 1391 2078 referri
1403 2052 1493 2079 debet.
1506 2052 1732 2087 Quandoquidem
1745 2054 1774 2089 ε
1782 2059 1822 2080 sot

1024 2095 1142 2130 justitite
1155 2095 1181 2121 vi
1197 2095 1308 2130 propria
1326 2099 1353 2122 et
1367 2099 1502 2129 potestate
1524 2096 1597 2124 lucet
1615 2101 1643 2124 et
1664 2098 1794 2125 illutnina:
1810 2105 1821 2130 ~,

186 2154 242 2174 non
255 2146 291 2173 ita
307 2150 398 2174 autem
415 2147 457 2174 sol
475 2146 520 2174 ille
533 2146 580 2181 qui
609 2146 750 2174 obtutibus
775 2146 877 2173 nostris
894 2143 1017 2180 quotidie
1045 2139 1184 2175 obiicitur.
1207 2139 1232 2167 Is
1258 2140 1332 2167 enim
1365 2143 1498 2175 tauquam
1524 2149 1570 2170 res
1602 2147 1694 2170 creata
1722 2143 1822 2171 virtute

185 2200 269 2229 quam
284 2199 298 2219 a
317 2192 372 2219 Deo
388 2192 503 2227 accepit,
520 2191 606 2219 lucem
627 2193 741 2227 spargit,
766 2192 894 2227 illiusque
907 2192 976 2219 adeo
987 2190 1067 2225 jussu
1083 2193 1184 2214 munus
1201 2193 1283 2214 suum
1306 2187 1374 2215 obit.

222 2238 337 2267 Καίῦτε
347 2236 429 2265 elder
439 2238 544 2271 αὐτὸν,
555 2238 652 2265 ἔπεσα
660 2238 735 2271 πρὸς
743 2238 814 2271 τοὺς
824 2237 919 2270 πόδας
927 2239 977 2264 αὺ-

1068 2232 1088 2266 l,
1109 2233 1151 2265 Π,
1171 2233 1213 2260 l8.
1230 2233 1265 2260 Et
1281 2241 1341 2260 eum
1355 2235 1476 2262 cidissem
1499 2242 1569 2267 eum,
1586 2235 1670 2262 cecidi
1689 2236 1723 2262 nd
1745 2236 1823 2270 pedes

185 2283 240 2310 τοῦ
247 2283 287 2316 ὼς
294 2283 411 2317 νεκρός·
422 2283 469 2310 καὶ
481 2283 611 2317 ἐπέθηκε
618 2283 676 2316 τὴν
681 2282 785 2315 δεξιὰν
791 2281 885 2310 αὐτοῦ
896 2282 980 2317 χεῖρα

185 2329 233 2354 ἐπ’
242 2328 305 2363 ἐμὲ,
313 2328 420 2362 λέγων’
434 2329 481 2363 Μὴ
492 2329 597 2363 φοϐοῦ·
609 2328 667 2363 ἐγώ
677 2330 736 2362 ειμι
746 2330 762 2354 ὁ
772 2327 888 2362 πρῶτος
902 2329 950 2355 καί
963 2328 979 2354 d

185 2375 327 2409 ἔσχατος·
337 2374 480 2407 κοιὸἄῦν,
492 2375 541 2401 καί
555 2375 703 2409 ἐγενόμην
716 2374 836 2408 νεκρός·
853 2373 901 2400 καὶ
915 2372 979 2400 laci:

188 2420 245 2451 ζῶν
258 2422 317 2455 ειμι
342 2421 386 2454 είς
407 2420 479 2453 τοὺς
502 2420 614 2453 αἰῶνας
627 2420 688 2446 τῶν
702 2420 826 2446 αίώνων.
842 2419 979 2455 Immin}

188 2467 241 2494 Kal
259 2467 318 2500 ἔχω
335 2467 387 2499 τὰς
408 2466 532 2499 κλεῖδας
545 2466 598 2493 τοῦ
612 2465 744 2493 θανάτου
759 2465 871 2492 καὶτοῦ
891 2465 976 2498 ᾆδον.

224 2511 331 2537 Tettst
354 2511 384 2537 δὲ
415 2511 569 2537 πεπονθότα
599 2511 644 2537 τὸν
661 2511 810 2537 ἀπόστολον
832 2510 920 2545 Ἰησοῦ
941 2509 980 2545 τῷ

189 2557 236 2583 Ιτοῦ
252 2557 332 2592 Ναυῆ
347 2558 394 2584 καὶ
408 2557 518 2592 Δανιὴλ,
535 2558 580 2584 διὰ
595 2558 625 2584 τὺ
642 2557 757 2589 ἀσθενὲς
774 2558 825 2593 τῆς
842 2557 978 2592 ἀνθρωπί-

190 2612 238 2638 νης
251 2603 370 2638 φύσεως,
382 2603 540 2639 ἀνέρρωσεν
554 2605 568 2630 ὸ
584 2603 712 2639 Χριστὸς,
729 2604 820 2638 φήσας
829 2603 917 2639 αὐτῷ·
929 2603 979 2637 Μὴ

188 2649 284 2685 φοσοῦ
298 2657 304 2663 ·
322 2649 352 2676 οὐ
368 2649 423 2685 γὰρ
443 2649 599 2676 θανατῶσαι
630 2658 659 2675 σε
689 2649 868 2683 παραγέγονα
880 2657 888 2665 ·
913 2649 977 2683 ὅσγε

189 2696 308 2731 ἄναρχος
321 2695 359 2722 ὢν
387 2696 435 2722 καὶ
460 2695 653 2730 ἀιελεύτητος,
670 2695 705 2721 δι’
721 2695 794 2729 ὑμᾶς
814 2694 911 2731 νεκρὸς
932 2694 978 2726 γέ-

188 2749 272 2774 τονα’
291 2739 350 2775 [καὶ
364 2739 418 2775 ἔχω
433 2739 482 2772 τὰς
498 2739 573 2772 κλεῖς
585 2739 633 2766 τοῦ
647 2739 764 2766 θανάτου
780 2739 830 2766 καὶ
839 2738 887 2765 τοῦ
901 2738 976 2774 ᾅδου,

189 2787 249 2821 ἦτοι
264 2784 311 2812 τοῦ
327 2784 445 2820 ψυχικοῦ
463 2785 510 2811 καὶ
528 2783 691 2820 σωματικοῦ
710 2782 853 2819 ﬂava-.00.]

1031 2279 1088 2314 ejus
1114 2283 1241 2314 tanquam
1263 2285 1392 2308 mortuus.
1419 2281 1455 2308 Et
1481 2281 1568 2315 posuit
1585 2281 1722 2309 dexteram
1744 2291 1823 2311 suam

1031 2334 1110 2360 super
1126 2333 1176 2357 me,
1191 2326 1297 2358 dicens;
1313 2325 1380 2354 Noli
1400 2328 1492 2355 timere
1515 2335 1525 2354 :
1540 2335 1587 2362 ego
1608 2336 1667 2354 sum
1681 2329 1782 2362 primus
1795 2335 1822 2356 et

1031 2371 1209 2403 nouissimus;
1225 2376 1252 2398 et
1272 2372 1357 2405 vivus,
1369 2378 1394 2400 et
1419 2373 1459 2407 fui
1476 2377 1617 2405 mortuus;
1637 2378 1661 2400 et
1687 2381 1745 2401 ecce
1762 2382 1823 2401 suns

1030 2417 1115 2444 vivens
1126 2416 1153 2442 in
1165 2416 1265 2443 alecula
1283 2416 1456 2448 mentorum,
1477 2422 1502 2444 et
1517 2417 1600 2444 habeo
1621 2418 1706 2445 claves
1727 2420 1823 2446 mortis

1029 2466 1054 2489 et
1066 2461 1175 2496 inferni.

1063 2506 1137 2534 Idem
1163 2514 1263 2541 passus
1298 2511 1340 2534 est
1369 2507 1511 2542 apostolus
1537 2508 1611 2543 quod
1636 2507 1722 2535 Iosue
1749 2508 1822 2535 ﬁlius

1029 2551 1113 2586 Nave,
1133 2557 1160 2578 et
1171 2552 1302 2586 propheta
1317 2551 1412 2579 Daniel
1433 2561 1441 2579 :
1465 2560 1546 2588 quem
1564 2553 1679 2588 proinde
1690 2552 1819 2580 Christus

1029 2597 1065 2626 ob
1081 2602 1185 2625 naturae
1199 2597 1415 2625 imbecillitatem
1429 2598 1627 2630 corroboravit,
1642 2597 1743 2632 talique
1754 2604 1820 2624 era-

1030 2644 1102 2671 tione
1119 2643 1313 2678 compellavit:
1340 2642 1417 2671 Nihil
1438 2649 1541 2671 metuas
1563 2653 1570 2671 :
1586 2649 1675 2677 neque
1693 2642 1768 2670 enim
1785 2643 1820 2670 ob

1029 2689 1055 2717 id
1071 2689 1124 2717 huc
1139 2691 1210 2723 veni,
1226 2693 1255 2717 ut
1269 2690 1351 2717 morti
1369 2693 1396 2717 te
1410 2689 1519 2717 dedam.
1543 2688 1650 2717 Etenim
1665 2695 1728 2715 cum
1744 2690 1819 2723 prin-

1028 2735 1091 2770 cipii
1114 2735 1231 2770 ﬁnisque
1251 2744 1349 2771 expers
1377 2743 1485 2767 essem,
1517 2739 1633 2762 mortem
1675 2734 1820 2762 hominum

1028 2789 1111 2810 causa
1128 2781 1201 2810 ultro
1214 2782 1309 2810 subire
1322 2789 1378 2809 non
1392 2781 1526 2809 dubitavi.
1548 2780 1620 2813 Quin
1640 2782 1738 2809 mortis
1753 2788 1821 2815 qne—

178 2837 243 2869 'qtte
256 2836 284 2859 et
300 2831 399 2859 inferni
413 2831 514 2866 claves,
530 2831 581 2859 hoc
591 2835 643 2866 est,
659 2830 813 2858 absolutam
837 2831 863 2858 in
882 2830 980 2857 anima:
1005 2833 1031 2856 et
1065 2829 1190 2863 corporis
1212 2833 1343 2862 mortem,
1362 2831 1523 2863 potestatem
1535 2827 1632 2855 habeo.
