2075 3157
171 180 225 212 233
657 175 961 207 COMMENTARIUS
980 176 1021 206 IN
1042 175 1309 207 APOCALYPSIN.
1753 175 1804 207 ⁸234

171 238 242 273 dato
255 245 263 253 '
285 236 352 272 πρὸς
380 235 408 262 δὲ
426 236 524 271 τούτῳ,
539 236 579 262 ὅτι
601 236 648 263 καὶ
661 237 696 263 τὰ
718 237 786 273 ἔργα
800 237 854 263 τῶν
869 237 967 273 αἰσχρ-
981 264 985 272 1

1034 243 1070 263 >ro
1095 234 1227 271 apostolis
1246 240 1276 261 se
1298 231 1488 263 venditabant,
1505 230 1649 266 diligenter
1674 231 1807 265 inquirat,

171 282 280 318 ουργῶν
309 281 481 309 Νικολαϊτῶν
505 281 670 317 μεμίσηκεν.
706 282 903 317 Ἐπεμέμψατο
930 282 970 315 δὲ,

1034 283 1160 317 alsosque
1183 285 1339 315 compertos
1365 277 1513 314 prudenter
1544 277 1679 312 repudiet.
1703 276 1812 304 Laudat

171 329 213 356 ὅτι
237 329 288 364 τὴν
315 328 386 363 πρὸς
415 328 462 354 τὸν
491 327 606 362 πλησίον
637 328 748 363 ἀγάπην
768 328 816 355 καὶ
845 327 970 355 εὐποιίαν

1034 328 1130 355 andem
1143 326 1216 361 quod
1234 325 1341 360 impura
1357 323 1555 351 Nicolaitarum
1571 330 1654 358 opera
1669 326 1811 350 aversetur

173 375 281 411 ἑχλίανε
296 382 303 389 ο
323 373 392 408 πρὸς
407 373 442 408 ἢν
462 373 548 408 αὐτὴν
565 373 671 409 [πάλιν]
688 374 733 401 διὰ
756 374 811 401 τῶν
829 373 893 409 ἑξῆς
922 374 969 400 ἁν-

1034 373 1167 407 ισιαιυίιυο
1185 371 1348 399 detestetur.
1366 369 1401 397 At
1414 376 1479 396 vero
1498 368 1573 404 quod
1596 368 1713 403 primam
1744 367 1813 394 dile-

177 420 340 446 εκαλὲσατο·
353 419 387 445 δι’
399 416 437 446 ὧν
454 428 522 455 φησι
538 427 545 436 ⁸
563 420 601 447 Τὰ
617 418 719 454 πρῶτα
734 420 807 454 ἔργα
823 420 968 454 ποίησον.

1036 419 1151 450 tionem,
1174 417 1338 451 solitamque
1368 423 1431 451 erga
1466 421 1566 450 egenos
1606 413 1813 442 beneﬁcentiam

175 466 334 497 remissius,
349 472 432 499 quam
449 473 499 501 par
513 469 583 498 erat,
593 469 746 497 exerceret,
759 465 785 492 id
795 465 863 492 vitio
878 465 960 493 vertit
976 473 983 492 :
1003 464 1037 493 ad
1050 472 1133 500 quam
1162 463 1278 499 proinde
1299 462 1373 489 illam
1386 462 1477 489 denuo
1500 467 1631 488 revocare
1649 457 1789 487 contendit
1805 466 1813 486 :

176 511 230 538 huc
247 518 366 546 namque
393 511 512 546 pertinet
541 509 722 538 comminatio
743 517 827 545 quam
856 517 920 538 mox
933 509 1088 545 subiungit,
1125 512 1153 536 et
1176 507 1258 536 verba
1285 506 1422 542 illa:Age
1455 506 1650 542 pwnitentiam,
1681 505 1814 540 etprima

176 565 256 592 opera
270 558 366 592 facito.

210 607 245 633 El
259 605 294 632 δὲ
312 605 367 640 μὴ,
384 605 511 640 ἔρχομαί
530 612 581 632 σοι
597 605 686 640 ταχὺ,
701 605 753 632 καὶ
777 605 893 638 κινήσω
915 606 973 640 τὴν

1063 603 1100 637 ll,
1120 604 1146 637 5,
1165 603 1192 630 ϐ.
1211 603 1261 631 εἰη
1293 607 1392 634 autem,
1420 602 1523 629 ueniam
1550 601 1598 628 tibi
1636 601 1737 634 cito,et
1758 609 1816 628 mo-

177 653 311 687 .luxrlar
325 659 384 679 σου
400 651 447 687 [ἐκ
463 651 516 679 τοῦ
536 652 632 679 τόπου
658 651 777 688 αὑτῆς],
792 652 847 679 ἐὰν
865 651 909 687 μὴ
921 661 975 686 με-

1034 651 1086 678 rebo
1106 650 1296 678 candelabrum
1320 654 1395 676 tuum
1414 648 1518 676 deloco
1538 655 1599 679 suo.
1621 648 1673 674 nisi
1690 649 1818 682 poeniten-

178 698 344 732 τανοήσῃς.
371 697 461 724 Ἀλλὰ
479 697 572 724 τοῦτο
586 697 667 732 ἔχεις
682 698 727 725 ὅτι
741 697 842 733 μισεῖς
857 697 894 724 τὰ
905 697 978 733 ἔργα

1038 698 1092 724 iam
1102 698 1195 732 egeris.
1216 695 1268 724 Sed
1278 697 1327 723 hoc
1350 696 1440 729 habes,
1456 695 1518 730 quia
1531 694 1612 722 odisti
1629 694 1704 729 facta
1731 693 1817 721 Nico-

178 744 239 771 τῶν
253 743 453 776 Νικολαϊτῶν,
469 744 488 770 d
506 744 588 778 κάγὼ
597 743 689 779 μισῶ.

223 799 340 834 Κίνησις
367 798 409 835 [δὲ
428 799 479 834 τῆς
493 799 617 834 λυχνίας,
634 799 694 834 ἦτοι
719 799 781 836 τῆς]
810 799 974 834 Ἐκκλησίας

180 846 267 878 ἐστὶν,
286 846 304 881 ἠ
331 845 381 878 τῆς
403 845 479 877 θείας
495 846 610 881 ’χάριτος
631 847 772 881 γύμνωσις
787 855 795 863 -
815 846 850 873 δι’
863 844 897 882 ἧς
916 845 976 882 [γυ-

182 890 324 926 μνώσιως]
341 891 370 917 ὲν
386 891 460 925 σάλῳ
478 891 526 917 καὶ
539 890 656 918 κλύδωνι
674 891 726 918 ὑπὸ
742 891 797 918 τῶν
811 893 861 927 τῆς
887 900 973 927 πονη-
991 882 1012 910 Β

182 937 244 972 pia:
263 936 429 972 πνευμάτων
444 936 492 963 καὶ
505 937 561 963 τῶν
581 937 795 973 ὑπουργούντων
814 938 907 969 αὐτοῖς
922 946 973 964 πο-

182 981 275 1017 νηρῶν
300 980 455 1015 ἀνθρώπων
481 980 658 1016 καθίσταται.
678 982 757 1013 Τινὲς
787 981 816 1008 δὲ
848 981 898 1017 τὴν
925 981 975 1016 τῆς

182 1027 294 1062 λυχνίας
313 1027 433 1061 κίνησιν,
449 1027 495 1054 τὸν
508 1027 702 1063 ἁρχιερατικδν
718 1027 767 1063 τῆς
782 1027 897 1063 Ἐφέσου
913 1027 977 1063 θρό-

183 1082 239 1106 νον,
253 1073 290 1105 ὡς
306 1073 335 1100 ὲν
351 1075 385 1108 τῇ
405 1073 521 1108 βασιλίδι
533 1073 729 1109 μετατεθέντα,
743 1073 874 1109 ἐνόησαν.
895 1074 936 1101 Τὰ
950 1074 979 1100 δὲ

182 1119 253 1154 ἔργα
275 1119 330 1145 τῶν
343 1119 613 1151 Νικολαϊτῶν,ὅπως
634 1119 691 1146 eisi.
705 1119 746 1155 τῷ
769 1119 830 1154 Θεῷ
859 1119 975 1154 μισητὰ,

184 1165 305 1199 ἐντυχών
321 1173 363 1196 τις
384 1165 418 1199 τῇ
442 1164 559 1200 βδελυρᾷ
578 1164 671 1192 αὐτῶν
696 1163 813 1200 αἱρέσει,
829 1164 975 1199 γνώσεται.

1024 743 1170 774 luiturum;
1185 750 1247 777 qum
1261 745 1285 768 et
1301 749 1347 776 ego
1358 740 1412 768 odi.

1059 797 1208 825 Ecclesium
1218 797 1276 825 loco
1287 798 1384 825 moueri
1400 797 1471 824 haud
1484 796 1658 824 incommode
1672 796 1817 829 asseritur.

1024 852 1088 872 cum
1110 844 1202 872 divina
1229 844 1317 879 gratia
1344 843 1498 871 denudatur
1514 842 1671 877 :siquidem
1694 849 1750 870 uno
1765 842 1818 870 hoc

1030 890 1125 927 gratiae
1154 890 1283 926 praesidio
1306 889 1448 921 destituta,
1478 896 1527 924 per
1548 888 1679 923 nequitia:
1704 888 1818 923 spiritus

1028 937 1211 972 libminesquo
1247 936 1407 970 sceleratos,
1434 935 1554 963 elIicacia
1578 935 1736 963 eorumdem
1761 936 1818 970 spi-

1028 982 1133 1011 rituum
1149 989 1253 1018 organa
1269 987 1294 1009 et
1309 981 1499 1014 administros,
1520 981 1548 1008 in
1565 981 1654 1009 fcedos
1675 979 1775 1008 ﬂuctus
1791 985 1820 1008 et

1028 1033 1204 1064 tempestates
1217 1028 1299 1056 facile
1314 1027 1472 1063 conjicitur.
1488 1027 1557 1055 Sunt
1574 1027 1756 1054 nihilominus
1771 1026 1819 1061 qui

1027 1083 1075 1110 per
1092 1075 1246 1103 candelabri
1263 1074 1408 1102 motionem
1434 1074 1508 1102 sedis
1531 1073 1686 1109 pontiﬁciae,
1704 1080 1766 1108 quae
1790 1072 1819 1101 iu

1028 1121 1165 1157 Ephesin'a
1180 1121 1292 1149 civitate
1307 1120 1446 1156 quondam
1464 1120 1600 1153 exstabat,
1616 1120 1645 1147 in
1657 1120 1760 1155 regiam
1776 1119 1818 1147 ci-

1027 1165 1139 1193 vitatem
1165 1165 1376 1192 translationem
1397 1165 1562 1200 intelligant.
1580 1164 1716 1192 Caeterum
1731 1171 1814 1199 quam

183 1210 303 1238 obscena
317 1209 427 1244 Deoque
447 1217 530 1238 exosa
543 1208 739 1237 Nieolaitarum
764 1209 868 1238 iuerint
901 1217 997 1244 opera,
1033 1209 1101 1238 illud
1126 1209 1225 1237 diversi
1248 1209 1440 1237 commentarii
1462 1209 1496 1237 de
1514 1209 1675 1237 exsecrabili
1710 1209 1820 1238 illorum

185 1255 283 1282 haeresi
305 1254 408 1282 dudum
434 1259 497 1282 ante
518 1254 595 1287 editi,
618 1253 771 1282 meridiana
795 1255 856 1282 luce
875 1254 977 1282 clarius
999 1254 1158 1282 ostendunt.

227 1303 256 1328 '0
273 1302 352 1337 ἔχων
375 1299 443 1335 οὖς,
470 1302 632 1329 ἀκουσάτω
643 1301 673 1329 τι
701 1301 735 1329 τὸ
752 1301 874 1337 Πνεῦμα
894 1301 978 1337 λέγει

186 1347 252 1380 ταῖς
274 1347 470 1381 Ἐκκλησίαις
483 1355 490 1363 ·
511 1346 555 1379 Τῷ
578 1346 709 1380 νικῶντι,
725 1346 811 1374 δώσω
824 1346 906 1380 αὐτῷ
921 1355 979 1382 φα-

189 1392 256 1427 τεῑν
277 1393 313 1419 ἐκ
331 1392 385 1420 τοῦ
404 1392 501 1425 ξύλου
520 1392 576 1427 τῆς
593 1392 678 1427 ζωῆς,
698 1393 716 1420 ὅ
734 1393 820 1420 ἐστιν
839 1393 874 1420 ἐν
894 1394 980 1428 μέσῳ

188 1438 242 1466 τοῦ
256 1438 443 1473 παραδείσου
457 1438 511 1466 τοῦ
524 1439 609 1466 Θεοῦ.

219 1495 252 1521 ⁸ο
260 1493 339 1529 ἔχων
347 1491 403 1527 οὗς
412 1493 585 1522 ἀκουσάτω.
597 1494 776 1530 -Σαρχικδν
792 1495 842 1530 μὲν
856 1492 903 1527 οὖς
926 1496 980 1527 πᾶς
995 1517 1017 1530 η
1032 1482 1035 1483 ν

189 1540 345 1576 ἄνθρωπος.
375 1540 561 1575 πνευματικὸν
582 1540 610 1567 δὲ
638 1542 655 1568 ό
674 1541 878 1576 πνευματικὸς
900 1541 980 1576 μόνος

189 1587 321 1622 κέκτηται
337 1593 345 1601 ·
362 1586 431 1622 ὅπερ
452 1587 500 1613 καὶ
519 1586 558 1622 τῷ
591 1586 690 1621 Ἡσαΐᾳ
715 1586 917 1622 προστέθειται.
937 1586 983 1623 Τῷ

189 1633 218 1659 δὲ
234 1631 348 1667 τοιούτῳ
360 1631 472 1659 νικῶντι
490 1631 537 1658 τὸν
553 1631 622 1667 πρὸς
635 1632 699 1663 τοὺς
707 1631 838 1667 δαίμονας
853 1631 982 1666 πόλεμον,

190 1678 287 1705 δώσειν
303 1677 504 1712 ἐπαγγέλλεται
514 1678 612 1712 φαγεῖν
627 1677 660 1703 ὲκ
676 1677 724 1703 τοῦ
735 1676 813 1709 ξύλου
828 1676 878 1711 τῆς
892 1676 982 1711 ζωῆς·

192 1724 320 1750 τουτέστι
335 1724 485 1758 μετασχεῖν
501 1723 556 1750 τῶν
570 1722 617 1749 τοῦ
635 1722 779 1757 μέλλοντος
800 1722 900 1753 αἰῶνος
915 1722 984 1756 ἁγα-

192 1770 258 1797 οῶν.
278 1769 512 1805 Περιφραστικῶς
525 1769 580 1804 γὰρ
596 1768 641 1795 διὰ
659 1769 706 1795 τοῦ
724 1768 804 1802 ξύλου
824 1767 952 1804 δηλοῦται
966 1768 983 1803 ἡ

191 1817 250 1852 ζωὴ
276 1817 293 1852 ἡ
315 1816 441 1847 αίὼνιοςο
460 1812 499 1842 ὦν
515 1816 647 1850 ἑκάτερον
666 1816 681 1842 6
704 1815 822 1851 Χριστός
845 1815 930 1846 ἔστιν,
946 1813 984 1845 ῶς

192 1872 278 1898 φησιν
290 1863 305 1889 6
321 1861 459 1897 Σολομῶν,
477 1862 525 1888 καὶ
541 1862 555 1888 6
570 1860 668 1897 παρὼν
679 1861 829 1892 ἀπόστολος
849 1860 982 1895 ἑτέρωθι·

192 1910 206 1936 ὁ
220 1910 282 1945 μὲν,
299 1909 364 1944 περὶ
383 1910 431 1946 τῆς
443 1909 544 1944 Σοφίας
557 1908 656 1942 λέγων·
675 1909 778 1936 Ξύλον
792 1908 868 1943 ζωῆς
880 1908 966 1934 ἐστιν
975 1915 985 1924 ⁸

190 1957 206 1983 6
221 1956 260 1989 δὲ,
274 1955 406 1988 ὡσαύτως
422 1955 486 1990 περὶ
509 1955 556 1982 τοῦ
582 1953 702 1990 Χριστοῦ
716 1960 724 1968 ‘
749 1954 847 1986 Αὐτός
871 1953 956 1981 ἐστιν
969 1954 986 1979 ὁ

192 2001 335 2035 ἀληθινὸς
346 2001 429 2034 Θεὸς,
444 2000 494 2028 καὶ
504 2001 523 2035 ἠ
535 1999 590 2034 ζωὴ
604 2000 759 2035 ὴαιώνιος.
768 1999 799 2026 El.
813 1999 905 2026 τοίνυν
915 1998 987 2026 ὲκεί-

193 2057 248 2075 νων
257 2048 349 2083 τυχεῖν
359 2047 504 2083 ἐφιέμεθα,
517 2047 566 2081 τὴν
579 2046 651 2074 κατὰ
662 2046 716 2073 τῶν
727 2045 820 2073 πλθῶν
833 2046 911 2080 νῐκην
921 2045 986 2081 [πα-

196 2092 559 2130 ρακαλῶ1κατορθώσωμεν.
574 2092 637 2124 Τοῖς
651 2092 706 2127 γὰρ
718 2091 811 2123 πόνοις
828 2091 856 2118 αί
873 2090 987 2126 ἀμοιϐαὶ

193 2141 305 2172 ⁸πάντως
324 2139 434 2175 ιψονται
451 2147 458 2155 ·
476 2139 569 2174 χάριτι
588 2138 635 2165 καὶ
658 2137 850 2174 φιλανθρωπίᾳ
862 2136 910 2164 τοῦ
931 2137 988 2163 Κυ-

1068 1302 1109 1334 11,
1131 1302 1156 1329 7.
1183 1301 1235 1335 Qui
1261 1301 1338 1328 habet
1362 1309 1463 1332 aurem,
1493 1301 1587 1328 audiat
1615 1301 1680 1336 quid
1704 1300 1822 1336 Spiritus

1033 1348 1106 1375 dicat
1128 1347 1255 1375 Ecclesiis
1272 1356 1278 1374 :
1303 1347 1423 1375 Vincenti
1437 1347 1506 1374 dabo
1523 1348 1597 1375 edere
1616 1348 1648 1375 de
1664 1347 1735 1383 ligno
1751 1350 1822 1384 vita,

1033 1394 1103 1429 quod
1115 1399 1154 1422 est
1169 1394 1196 1422 in
1212 1394 1339 1429 paradiso
1358 1393 1405 1421 Dei
1433 1394 1493 1421 mei.

1071 1496 1170 1522 Aurem
1193 1502 1353 1530 corpoream
1374 1494 1467 1522 nullus
1495 1503 1551 1523 non
1569 1495 1726 1524 mortalium
1741 1498 1825 1526 sorti-

1033 1546 1095 1575 tur;
1113 1541 1262 1577 δρὶγὶςθιεηι
1291 1545 1393 1574 autem,
1411 1540 1544 1576 spiritalis
1575 1545 1682 1569 tantum
1702 1551 1709 1570 :
1728 1543 1823 1579 cujus-

1034 1588 1108 1616 modi
1123 1588 1197 1616 auris
1219 1587 1357 1623 prophetas
1379 1586 1458 1615 Isaiae
1478 1586 1585 1622 obtigit.
1601 1587 1712 1615 Homini
1731 1589 1825 1625 itaque

1034 1641 1068 1662 ex
1084 1634 1177 1669 praelia
1197 1634 1270 1668 quod
1289 1639 1384 1661 contra
1401 1633 1541 1660 dmmones
1555 1632 1670 1668 geritur,
1683 1634 1825 1664 victoriam

1035 1679 1177 1713 referenti,
1192 1686 1254 1707 esca
1270 1679 1304 1707 de
1324 1679 1398 1713 ligno
1411 1678 1475 1705 vitae
1489 1678 1618 1714 decerpta
1630 1680 1802 1714 promittitur
1816 1691 1824 1716 ;

1036 1732 1135 1760 nempe
1147 1730 1312 1753 aeternorum
1328 1724 1464 1752 banorum
1489 1725 1713 1760 communicatio,
1739 1726 1827 1762 siqui-

1035 1771 1097 1799 dem
1115 1779 1163 1806 per
1176 1776 1285 1799 aeternas
1302 1771 1364 1798 vitae
1392 1770 1496 1805 lignum
1510 1769 1645 1804 ejusmodi
1663 1771 1735 1799 bona
1752 1773 1826 1800 desi-

1036 1817 1114 1853 gnari
1127 1818 1226 1846 solent.
1237 1818 1500 1852 Utrumque'autem,
1511 1820 1540 1845 ut
1548 1816 1678 1845 Salomon
1693 1818 1826 1852 insinuat,

1036 1869 1063 1892 et
1077 1871 1198 1899 praesens
1213 1863 1381 1899 evangelista
1398 1863 1498 1892 alicubi
1515 1863 1618 1892 diserte
1642 1863 1769 1897 aﬂlrmat,
1783 1869 1825 1892 est

1036 1909 1175 1938 Christus.
1192 1909 1241 1937 llle
1254 1909 1327 1937 enim
1353 1909 1387 1937 de
1400 1909 1533 1945 sapientia
1552 1910 1636 1938 verba
1662 1909 1777 1943 faciens,
1792 1910 1825 1939 iis

1037 1957 1084 1992 qui
1099 1957 1308 1992 apprehendunt
1322 1957 1407 1989 illam,
1429 1956 1513 1984 instar
1528 1956 1594 1992 ligni
1618 1956 1679 1983 vine
1693 1963 1755 1985 esse
1765 1963 1828 1992 pro-

1038 2003 1167 2036 nuntiat;
1194 2001 1313 2030 Joannes
1342 2006 1432 2029 autem
1445 2001 1478 2029 de
1503 2001 1613 2029 Christo
1625 2001 1651 2029 in
1670 2002 1745 2029 hunc
1771 2009 1827 2030 mo-

1038 2048 1104 2075 dum
1121 2048 1218 2076 scribit
1230 2057 1237 2075 :
1251 2047 1302 2075 Hic
1316 2051 1357 2076 est
1371 2055 1446 2074 verus
1465 2047 1639 2079 Deus,etvita
1651 2053 1748 2074 a-terna
1758 2047 1780 2075 '.
1797 2047 1827 2074 Si

1038 2092 1122 2127 igitur
1134 2096 1235 2119 aeterna
1245 2092 1288 2119 illa
1307 2091 1376 2119 bona
1391 2091 1525 2126 consequi
1543 2091 1748 2124 desideramus,
1763 2098 1828 2118 con-

1039 2140 1081 2162 tra
1096 2135 1180 2162 animi
1193 2134 1413 2170 perturbationes
1433 2134 1581 2170 carnisque
1594 2134 1749 2170 voluptates
1764 2142 1829 2163 acre

195 2187 255 2220 ρίου
270 2185 349 2221 ἡμῶν
369 2185 460 2220 Ἰησοῦ
474 2183 608 2221 Χριστοῦ.
624 2184 686 2220 μεθ’
706 2180 737 2210 οὗ
764 2183 805 2220 τῷ
825 2183 913 2219 Harp!
924 2183 984 2218 ἅμα

1039 2185 1180 2209 certamen
1203 2180 1523 2215 ineamus,victoriaqne
1544 2180 1626 2215 potiri
1653 2181 1735 2208 enixe
1759 2187 1829 2208 eoa-

194 2232 243 2258 καὶ
262 2230 303 2266 τῷ
324 2231 395 2266 ἁγίῳ
410 2230 563 2265 Πνεύματι,
576 2229 640 2263 δόξα
655 2228 715 2265 ίνῦν
731 2229 779 2256 καὶ
793 2229 849 2262 ἀεὶ,
870 2227 930 2264 καὶ]
945 2227 987 2260 είς

193 2278 260 2309 τοὺς
268 2276 371 2308 αἰῶνας
385 2275 441 2303 τῶν
451 2275 570 2303 αἰώνων.
585 2275 683 2310 Ἀμήν.

1040 2227 1197 2259 tendamus,
1227 2226 1451 2262 quandoquidem
1467 2234 1514 2261 per
1528 2225 1636 2254 Domini
1646 2226 1743 2260 [nostri
1763 2225 1828 2254 Jcsu

1039 2271 1141 2300 Christi
1159 2271 1275 2307 gratiam
1288 2275 1371 2306 atque
1389 2271 1564 2298 clementiam
1579 2270 1736 2298 istiusmodi
1753 2270 1830 2298 labo-

194 2331 240 2352 res
252 2330 302 2351 sua
320 2322 444 2350 mercede
461 2329 602 2357 nunquam
625 2320 838 2348 frustrabuntur.
870 2319 926 2355 ipsi
947 2326 1002 2347 una
1015 2326 1078 2347 eum
1098 2318 1179 2346 Patre
1201 2322 1230 2346 et
1261 2317 1365 2353 Spiritu
1391 2322 1485 2345 sancto
1503 2317 1539 2345 sit
1561 2317 1646 2353 gloria
1672 2317 1701 2345 in
1729 2318 1830 2346 saecula

194 2369 367 2398 saeculorum.
383 2368 481 2396 Amen.

409 2424 538 2451 ΚΕΦΔΑ.
561 2423 599 2451 Δ’.
613 2423 724 2450 ΛΟΓοΣ
740 2423 778 2450 B'.

199 2493 239 2520 Τὰ
262 2490 439 2526 δηλωθέντα
455 2491 496 2524 τῷ
519 2491 574 2525 τῆς
601 2490 776 2525 Σμυρναίων
804 2489 989 2524 Ἐκκλησία(-

524 2526 651 2561 ἀγγέλῳ.

234 2596 288 2624 Καὶ
312 2595 352 2629 τῷ
365 2596 483 2630 ἀγγέλῳ
512 2595 568 2630 τῆς
592 2596 627 2622 ἐν
653 2595 776 2629 Σμύρνῃ
810 2593 990 2626 Ἐκκλησία(-

197 2643 331 2677 nuiwa
346 2642 420 2670 Τάδε
436 2642 517 2676 λέγει
535 2643 550 2668 δ
567 2641 682 2676 πρῶτος
706 2641 753 2667 καὶ
769 2642 786 2668 ό
799 2640 939 2674 ἔσχατος,
956 2638 990 2672 ὃς

197 2689 319 2724 ἐγένετο
328 2688 447 2723 νεκρὸς,
465 2687 515 2714 καὶ
525 2686 643 2721 ἔζησεν.

235 2745 348 2780 Πρῶτός
379 2743 479 2780 [ἐστιν]
495 2744 539 2778 ¹ὼς
568 2743 653 2775 θεός·
671 2742 795 2778 ἔσχατος,
815 2741 852 2773 ὡς
889 2739 991 2776 ἄνθρω-

199 2797 252 2821 πος
271 2788 316 2815 ἐπ’
328 2789 453 2824 ἐσχάτων
464 2787 521 2816 τῶν
539 2788 643 2824 καιρῶν
655 2786 785 2823 γεγονὼς,
804 2786 852 2814 καὶ
873 2786 918 2813 διὰ
937 2785 987 2820 τῆς

235 2880 246 2897 '
258 2879 268 2907 1
283 2878 362 2908 Joan.
373 2880 452 2912 v,20.

343 2926 480 2957 Parnou.
497 2928 555 2958 Gn.
568 2927 648 2957 CVI.

1255 2419 1373 2447 CAPUT
1389 2418 1435 2446 IV.
1458 2418 1575 2447 SERMO
1600 2419 1634 2447 11.

1041 2488 1196 2524 Cujusmodi
1212 2487 1381 2522 Smyrnensis
1392 2486 1518 2515 Ectlesiw
1531 2487 1624 2522 angelo
1633 2488 1686 2514 sint
1701 2487 1829 2514 indicata.

1076 2589 1109 2622 ll,
1124 2590 1150 2617 9.
1162 2588 1255 2626 10151
1269 2588 1360 2624 angelo
1374 2588 1494 2624 Smyrna:
1505 2588 1631 2615 Ecclesia:
1642 2586 1725 2614 scribe
1742 2594 1751 2613 .'
1767 2585 1830 2613 Ille:

1044 2637 1107 2665 dicit
1124 2637 1226 2672 primus
1238 2640 1262 2663 et
1275 2636 1442 2669 novissimus,
1453 2636 1498 2670 qui
1509 2635 1560 2670 fuit
1572 2637 1702 2666 mortuus.
1716 2637 1741 2660 et
1758 2633 1830 2660 vivit.

1079 2738 1153 2765 Idem
1169 2737 1297 2766 Christus
1314 2741 1355 2765 est
1369 2737 1473 2772 primus
1486 2740 1513 2764 et
1526 2735 1711 2763 novissimus:
1726 2734 1832 2771 primus

1043 2784 1164 2820 quidem,
1190 2789 1221 2812 ut
1242 2783 1335 2818 Deus;
1359 2782 1525 2811 novissimus
1550 2785 1654 2815 autem,
1679 2785 1710 2809 ut
1732 2780 1830 2814 homo;

1618 2922 1637 2953 8
