2075 3157
254 166 306 197 9.37

727 165 1026 196 COMMENTARIUS
1044 166 1083 196 [Ν
1104 166 1362 198 APOCALYPSIN.

1795 169 1848 201 £38

253 222 366 257 μάρτυς
379 231 438 256 μου
452 223 469 248 ό
494 222 611 254 πιστὸς,
623 221 657 254 ὃς
669 221 838 255 ἀπεκτάνθη
867 223 934 255 παρ’
944 221 1024 255 ὑμῖν,

1056 221 1170 256 ,ﬁdelis,
1194 223 1238 256 qui
1258 223 1358 249 occisus
1381 228 1419 249 ut
1446 224 1514 256 apud
1529 231 1581 254 vos,
1603 224 1647 250 ubi
1670 224 1784 252 Satanas
1800 227 1849 252 ha-

252 266 329 293 ὅπου
341 268 357 292 ὀ
376 266 509 299 Σατανᾶς
524 267 662 293 κατοικεῖ.

303 320 428 352 ’Δντίπας
442 322 470 347 δέ
495 320 560 356 [τις]
574 320 703 355 τοῦνομα,
722 321 826 356 μάρτυς
848 321 876 346 ὲν
891 320 1028 356 Περγάμῳ

207 368 210 370 ’
254 366 364 400 γέγονεν
379 367 575 401 ἀνδρειότατος,
585 364 669 400 οὗπερ
682 366 801 399 ἀνέγνων
813 365 843 391 τὸ
863 366 1026 400 μαρτύριον·

253 409 282 437 οὖ
301 411 347 437 νῦν
362 412 376 438 ό
400 411 594 447 εὐαγγελιστὴς
608 411 675 446 πρὸς
689 411 800 443 ἔνδειξιν
815 411 862 445 τῆς
876 419 906 437 τε
920 411 1029 437 ἐκείνων

254 455 402 490 ὑπομονῆς,
434 456 482 490 τῆς
512 464 542 482 τε
571 456 625 482 τῶν
645 456 859 490 πεπλανημένων
889 456 1028 490 ὠμότητος

254 500 266 525 ὲ
270 508 324 535 μνη
326 500 406 535 μόνευ
411 509 465 527 σεν.

294 638 383 664 Ἀλλὰ
393 638 451 672 ἔχω
465 641 539 666 κατὰ
548 640 605 666 σοῦ
621 640 715 673 ὀλίγα,
727 639 772 666 ὅτι
786 639 864 673 ἔχεις
881 639 945 666 ἐκεῖ
960 649 1029 674 κρα-

253 682 379 715 τοῦντας
410 683 465 716 τὴν
494 684 621 718 διδαχὴν
650 684 787 718 Βαλαάμ·
814 684 848 716 ὃς
871 684 1030 711 ἐδίδασκεν

251 727 287 752 ἐν
302 727 341 760 τῷ
348 729 468 762 Βαλαὰμ
479 729 531 754 τὸν
547 729 646 756 Βαλὰκ
657 729 766 760 ,βαλεῖν
777 729 951 756 σκάνδαλον
957 729 1028 757 ἑνώ-

252 780 322 798 πιον
338 772 397 798 τῶν
411 773 483 799 υιῶν
496 773 708 809 ¹1σραὴλ,[καὶ]
721 774 826 808 φαγεῖν
850 774 1028 801 εἰδωλόθυτα

252 817 300 842 καὶ
313 818 490 851 πορνεῦσαι·
506 819 598 851 οὕτως
616 819 696 852 ἔχεις·
713 819 760 845 καὶ
782 819 822 845 σὺ
840 820 1023 853 κρατοῦντας

251 861 309 894 τὴν
320 861 448 896 διδαχὴν
464 862 523 889 τῶν
529 863 712 889 Νικολαϊτῶν
723 863 840 898 [ὁμοίως
850 863 870 899 ].
884 864 923 897 ἢν
938 865 1025 898 μισῶ.

293 916 344 942 Δύο
359 916 386 943 δὲ
400 917 514 952 χαλεπὰ.
525 918 562 948 ὡς
577 917 675 950 ἔοικεν,
686 919 702 953 ἡ
714 919 790 950 πόλις
803 919 871 953 αὕτη
880 920 1025 954 ἐκέκτητο·

253 960 306 997 [τὸ]
332 964 395 994 τοὺς
420 964 468 998 μὲν
495 963 618 995 πλείονας
637 965 770 1000 ’Έλληνας
783 963 863 1001 [εἶναι
883 967 910 993 ὲν
925 966 1003 1002 αὑτῇ]
1018 975 1024 983 ·

253 1006 282 1038 ἐξ
297 1007 384 1033 αὐτῶν
393 1008 420 1034 δὲ
431 1008 483 1034 τῶν
497 1009 599 1035 πιστῶν
612 1009 825 1044 ὠνομασμένων,
838 1011 902 1041 τοὺς
913 1011 1024 1046 αἰσχρο-

253 1051 347 1081 ποιοὺς
366 1052 528 1084 Νικολαῖτας
548 1053 751 1087 ὐποσπαρέντας
776 1054 815 1089 τῷ
832 1054 898 1090 σίτῳ
919 1057 1026 1090 πονηρὰ

253 1094 369 1126 ζιζάνια.
382 1096 426 1121 Διὸ
451 1097 498 1123 καὶ
515 1097 560 1123 τοῦ
574 1097 687 1132 Βαλαὰμ
709 1099 906 1132 ἐμνημόνευσε,
926 1100 1023 1132 φήσας·

256 1140 308 1171 ὀς
318 1139 477 1166 ἐδίδασκεν
494 1141 528 1167 ἐν
551 1141 591 1173 τῷ
606 1142 728 1176 Βαλαὰμ
746 1142 800 1168 τὸν
820 1143 933 1169 Βαλάκ.
949 1143 1026 1178 Δηλοϊ

251 1183 331 1209 δὲδιὰ
348 1184 449 1211 τούτων
459 1185 503 1212 τὸν
522 1187 616 1220 νοητὸν
629 1186 742 1220 Βαλαὰμ
754 1186 801 1212 τὸν
814 1186 935 1214 διάὸολον
949 1188 978 1214 ὲν
988 1188 1026 1222 τῷ

253 1228 385 1264 αξσθητῷ,
399 1229 444 1256 τὸν
460 1230 549 1257 Βαλὰκ
561 1231 664 1263 διδάξαι
683 1231 714 1258 τὸ
731 1231 803 1258 κατὰ
816 1232 872 1258 τῶν
896 1233 1028 1267 Ἰσραηλι-

253 1272 307 1299 τῶν
318 1273 474 1307 σκάνδαλον,
491 1275 619 1310 πορνείαν
634 1276 681 1302 xui.
691 1276 909 1311 εἰδωλολατριαν,
923 1277 962 1312 Τῇ
973 1277 1027 1312 γὰρ

253 1318 360 1353 ικείνης
371 1320 449 1355 ἡδονῇ
461 1321 501 1353 τις
524 1320 624 1354 ταύτην
635 1321 673 1356 τῷ
691 1321 1027 1357 Βεελφετὼρτελτσθέντες

255 1363 499 1399 κατεκυλίσθησαν.

255 1414 303 1441 per
328 1409 519 1436 scortationem
547 1409 631 1437 illexit
651 1410 724 1437 illum
753 1411 785 1438 ad
815 1411 995 1438 idololatriam
1016 1420 1024 1438 :

1078 266 1153 292 bitat.

1114 319 1162 353 ιι
1179 319 1293 352 Quidam
1316 320 1428 354 Antipas
1449 322 1569 355 nomine,
1593 322 1760 351 fortissimus
1782 331 1848 351 con-

1078 363 1317 398 stantissimusque
1345 364 1444 392 Christi
1470 371 1572 401 tuartyr
1584 367 1685 394 exstitit
1708 366 1849 402 Pergami.

1078 407 1158 441 cujus
1172 415 1221 442 ego
1235 409 1396 443 martyrium
1408 410 1472 436 olim
1485 410 1546 444 legi.
1561 410 1636 438 Facit
1652 417 1739 438 autem
1765 412 1851 438 Evan-

1078 452 1173 487 gelista
1190 453 1353 487 peculiarem
1366 454 1438 481 illius
1449 455 1501 482 hoc
1517 456 1577 483 loco
1597 456 1774 488 mentionem,
1793 461 1850 484 tum

1078 504 1132 530 quo
1148 497 1267 524 ﬁdelium
1279 499 1400 526 civitatis
1414 499 1486 528 illius
1506 502 1592 528 virtus
1606 505 1686 536 atque
1700 502 1850 529 constantia

1079 542 1160 576 plana
1175 542 1230 575 liat,
1254 547 1310 570 tum
1334 543 1415 570 etiam
1443 551 1498 579 quo
1523 546 1697 573 seductorem
1727 546 1848 581 ejusdem

1080 586 1274 614 immanitatem
1287 588 1322 615 ob
1346 589 1440 616 oculos
1458 590 1537 618 nobis
1553 596 1646 626 ponat.

1114 641 1146 673 ll,
1161 642 1203 674 Η,
1216 642 1257 669 l5.
1266 642 1317 670 Sed
1332 643 1412 670 habeo
1421 645 1544 673 adversus
1552 651 1575 673 te
1587 656 1672 682 pauca
1687 658 1696 676 :
1705 651 1767 684 quia
1775 652 1851 679 liabet

1079 685 1135 711 illic
1150 691 1262 713 tenentes
1276 687 1423 715 doctrinam
1442 689 1564 722 Balaam,
1582 693 1626 726 qui
1645 693 1752 720 docebat
1769 695 1852 723 Bolae

1079 731 1180 756 mittere
1190 732 1343 758 stolidalum
1367 741 1453 760 coram
1474 735 1536 768 ﬁliis
1553 735 1649 769 Israel,
1664 739 1738 766 edere
1754 745 1777 767 et
1795 742 1850 775 for-

1079 776 1163 802 nicari
1183 777 1243 802 :im
1270 778 1348 804 habes
1370 784 1393 805 et
1411 784 1437 805 tu
1457 785 1570 808 tenentes
1593 782 1740 810 doctrinam
1767 783 1851 813 Nico-

1079 819 1213 853 lailarum,
1228 829 1305 855 quam
1321 824 1374 849 odi.

1114 918 1233 952 Duobus,
1250 925 1279 947 ut
1289 922 1405 955 videtur,
1422 923 1480 951 hazc
1495 925 1590 952 civitas
1603 926 1709 961 ﬂagitiis
1724 928 1854 957 obstricta

1080 964 1221 991 tenebatur
1239 985 1246 997 ,
1275 966 1364 1001 iisque
1401 968 1512 996 minime
1538 970 1706 1004 vulgaribus.
1728 972 1793 1000 Nam
1827 979 1855 1002 et

1080 1008 1180 1035 multos
1204 1009 1292 1037 adhuc
1319 1017 1436 1045 paganos
1459 1013 1529 1040 intra
1548 1021 1577 1040 se
1593 1013 1700 1042 fovebat
1715 1024 1722 1042 :
1737 1020 1765 1042 ct
1782 1016 1854 1044 inter

1079 1060 1125 1081 eos
1152 1055 1198 1089 qtti
1219 1055 1374 1083 Christiano
1394 1058 1503 1085 nomine
1524 1060 1713 1092 censebantur,
1726 1063 1852 1096 permulti

1078 1098 1184 1133 impuro
1208 1099 1372 1129 Nicolaismo
1388 1104 1573 1137 contaminati,
1590 1110 1617 1132 et
1631 1107 1700 1134 inter
1714 1107 1767 1135 loci
1779 1109 1852 1138 illius

1080 1144 1257 1178 ortliodoxos,
1276 1147 1387 1180 perinde
1406 1147 1462 1175 lere
1485 1154 1567 1184 atque
1583 1150 1675 1178 lolium
1698 1152 1768 1180 inter
1782 1154 1852 1182 triti-

1080 1195 1141 1215 cum
1164 1189 1241 1222 solet,
1258 1191 1374 1219 intersiti
1395 1194 1641 1228 comperiebantur.
1662 1196 1750 1232 Atque
1772 1205 1804 1226 ea
1819 1199 1853 1226 de

1076 1239 1157 1261 causa
1181 1234 1371 1271 Balaami,qui
1394 1238 1521 1272 populum
1549 1239 1724 1269 lsraeliticum
1756 1243 1853 1272 callide

1077 1277 1105 1304 in
1127 1285 1247 1306 errorem
1275 1281 1428 1314 induxerat,
1442 1283 1607 1312 mentionem
1628 1284 1703 1313 facit.
1717 1286 1849 1315 Caeterum

1077 1331 1124 1358 per
1138 1329 1280 1353 externum
1294 1331 1320 1354 el.
1334 1328 1462 1356 sensilem
1480 1329 1553 1358 hunc
1564 1329 1723 1359 Balaamum
1739 1333 1786 1368 qui
1811 1333 1852 1362 ls-

1077 1368 1141 1396 raeli
1170 1377 1218 1404 per
1238 1370 1363 1399 Balacum
1392 1372 1504 1401 insidias
1530 1378 1667 1403 struxerat
1697 1377 1851 1412 (siquidem

1056 1413 1146 1440 carnis
1177 1414 1248 1441 enim
1273 1415 1410 1451 voluptate
1424 1417 1537 1451 deliniti,
1563 1425 1595 1446 eo
1610 1419 1712 1455 delapsi
1737 1425 1810 1454 sunt,
1823 1426 1853 1450 ut

256 1452 329 1479 idolo
350 1452 509 1489 Beelphcgor
527 1455 635 1489 publice
659 1456 853 1490 immolarent).
870 1457 1023 1483 insinuatur
1037 1456 1146 1485 Balaam
1179 1459 1320 1495 mysticus,
1355 1469 1449 1496 nempe
1464 1462 1589 1490 diabolus
1615 1469 1643 1491 et
1671 1452 1796 1494 —Satanas.

291 1509 486 1541 Merardmror
498 1507 554 1536 οὖν
571 1518 578 1525 ·
596 1511 622 1536 ει
636 1510 669 1536 δὲ
681 1511 866 1545 μὴ,ἐρχομαι
880 1518 929 1537 σοι
941 1510 1025 1545 ταχὺ,

1114 1512 1145 1545 ll,
1162 1512 1204 1540 16.
1219 1513 1346 1541 Similiter
1366 1516 1542 1550 paenitentiam
1558 1526 1604 1553 age
1617 1526 1626 1546 :
1638 1519 1660 1545 si
1680 1527 1730 1554 quo
1756 1522 1851 1555 minus,

255 1552 304 1578 καὶ
323 1552 483 1586 πολεμήσω
499 1553 562 1588 μετ’
581 1553 679 1581 αὐτῶν
702 1555 737 1580 ἐν
766 1554 802 1588 τῇ
819 1555 954 1589 ῥομφαίᾳ
971 1555 1024 1582 τοῦ

1056 1552 1176 1584 inertiam
1206 1559 1252 1585 tibi
1276 1560 1337 1593 eito,
1360 1566 1385 1587 et
1406 1561 1524 1596 pugnabo
1545 1551 1604 1589 cum
1633 1551 1691 1591 illis.
1711 1565 1737 1590 in
1763 1551 1851 1600 gladio

254 1598 403 1630 στόματός
411 1606 480 1631 μου.

302 1651 346 1676 Ἐν
358 1652 390 1686 τῇ
403 1651 500 1693 ἀπειλῇ
514 1651 542 1678 δὲ
565 1653 582 1686 ἡ
600 1652 797 1690 φιλανθρωπία.
815 1654 852 1680 Οὐ
871 1653 935 1689 γὰρ,
948 1652 1027 1681 Μετὰ

253 1696 322 1729 σοῦ,
338 1698 431 1731 φησὶν,
454 1698 531 1731 ἀλλὰ,
557 1699 620 1732 μετ’
637 1698 760 1725 ἐκείνων
784 1698 957 1733 πολεμήσω,
972 1698 1026 1725 τῶν

252 1741 399 1769 νοσούντων
413 1743 519 1769 ἀνίατα.

295 1842 325 1868 '0
341 1844 419 1876 ἔχων
441 1841 506 1876 οὖς.
525 1843 681 1871 ἀκουσάτω
703 1845 730 1871 τι
745 1845 777 1872 τὸ
801 1845 920 1880 Πνεῦμα
945 1846 1027 1880 λέγει

254 1887 317 1920 ταῖς
341 1887 532 1922 Ἐκκλησίαις
544 1896 551 1903 ³
579 1889 621 1922 Τῷ
637 1890 756 1917 νικῶντι
776 1890 861 1917 δώσω
876 1891 955 1924 αὐτῷ
972 1899 1027 1926 φα-

253 1931 316 1964 γεῖν
325 1931 383 1958 ἀπὸ
396 1932 446 1959 τοῦ
455 1932 555 1966 μάννα
571 1932 624 1960 τοῦ
640 1934 843 1968 κεκρυμμένου
859 1943 867 1951 ·
880 1935 927 1961 καὶ
943 1935 1027 1962 δώσω

252 1975 331 2008 αὐτῷ
352 1976 456 2011 ψῆφον
473 1978 598 2012 λευκὴν,
610 1979 658 2005 καὶ
674 1978 722 2005 ἐπὶ
743 1979 800 2013 τὴν
817 1979 921 2014 ψῆφον
934 1981 1027 2014 ὄνομα

252 2021 357 2048 καινὸν
380 2024 590 2057 γεγραμμένον,
622 2023 638 2050 ὃ
652 2024 765 2058 ,οὐδεὶς
790 2022 873 2051 οἶδεν
903 2026 929 2051 εὶ
951 2025 994 2059 μὴ
1011 2028 1027 2052 o’

251 2066 419 2100 λαμϐάνων.

293 2121 397 2148 Hdt-ra
410 2122 438 2150 δὲ
453 2124 666 2158 κεκρυμμένον,
677 2124 691 2150 ὸ
703 2124 784 2159 ἄρτος
798 2124 846 2160 τῆς
860 2123 942 2160 ζωῆς,
957 2125 972 2150 ὁ
983 2125 1026 2151 οὺ-

252 2167 354 2201 ράνιος,
369 2168 511 2203 οὐρανόθεν
519 2169 553 2195 δι’
570 2169 643 2204 ἡμᾶς
654 2169 802 2203 κατελθὼν,
821 2170 867 2196 καὶ
890 2169 1027 2205 βρώσιμος

1078 1603 1131 1629 oris
1145 1603 1205 1630 mei.

1112 1658 1163 1691 En,
1181 1663 1209 1686 ut
1222 1659 1291 1687 inter
1314 1659 1401 1689 minas
1427 1661 1578 1690 clementia
1601 1671 1708 1699 quoque
1726 1669 1754 1692 et
1775 1666 1852 1694 beni-

1078 1702 1189 1737 gnitatis
1203 1711 1257 1730 non
1270 1703 1446 1732 obliviscatur
1457 1715 1464 1733 :
1477 1714 1564 1741 neque
1577 1708 1649 1735 enim
1665 1709 1713 1741 ait,
1725 1708 1852 1745 Pugnabo

1077 1746 1214 1774 adversum
1229 1753 1270 1780 te;
1283 1749 1330 1776 sed
1344 1750 1381 1777 ait
1395 1758 1403 1777 :
1419 1749 1544 1785 Pugnabo
1565 1757 1656 1780 contra
1670 1754 1741 1786 illos,
1756 1763 1853 1791 nempe

1076 1792 1210 1822 obscenos
1223 1794 1386 1828 Nicolaitas,
1401 1796 1445 1830 qui
1457 1796 1600 1824 insanabili
1614 1799 1706 1826 morbo
1717 1799 1850 1829 laborant.

1112 1850 1145 1881 ll,
1157 1850 1197 1878 l7.
1211 1850 1263 1883 Qui
1274 1851 1349 1879 habet
1363 1860 1464 1885 aurem,
1477 1852 1641 1888 audiatun
1650 1853 1765 1889 Spiritus
1779 1856 1850 1883 dicat

1079 1893 1203 1922 Ecclesiis
1223 1903 1232 1922 .'
1255 1895 1372 1923 Vincenti
1393 1897 1460 1924 dabo
1485 1905 1583 1924 manu
1605 1897 1805 1931 absconditum;
1825 1903 1850 1926 et

1077 1939 1145 1966 dabo
1170 1939 1211 1966 illi
1236 1940 1366 1968 calculum
1392 1941 1533 1968 candidum
1548 1946 1572 1968 et
1594 1942 1622 1970 in
1635 1943 1737 1971 calculo
1760 1952 1852 1972 nomen

1078 1992 1172 2011 nouunt
1186 1985 1322 2019 scriptum,
1333 1985 1400 2020 quod
1414 1993 1489 2013 nemo
1500 1987 1559 2019 scit,
1575 1988 1628 2014 nisi
1640 1988 1687 2020 qui
1703 1989 1806 2022 occipit.

1115 2120 1215 2147 Manno
1238 2120 1417 2147 absconditum
1428 2125 1470 2148 est
1485 2121 1603 2149 caelestis
1614 2121 1675 2149 vitae
1690 2121 1779 2156 panis,
1792 2121 1850 2157 qui,

1079 2170 1170 2193 nostra
1194 2172 1277 2193 causa
1291 2173 1306 2193 e
1322 2166 1392 2193 cmlo
1413 2166 1552 2201 delapsus,
1574 2166 1608 2193 ad
1633 2166 1850 2194 manducandum

252 2212 406 2247 γενόμενος’
430 2214 566 2249 τροπικῶς
588 2214 617 2241 δὲ
631 2215 677 2241 καὶ
702 2214 736 2241 τὰ
761 2215 891 2249 μέλλοντα
919 2214 1024 2249 ἀγαθὰ,

1056 2218 1063 2242 ι
1078 2211 1200 2246 apprime
1216 2215 1258 2238 est
1282 2210 1405 2239 idoneus.
1420 2210 1491 2244 Quin
1504 2211 1576 2238 bona
1592 2211 1636 2239 illa
1651 2219 1711 2245 quae
1726 2211 1752 2238 in
1766 2211 1850 2249 altero

249 2257 350 2291 μάννα
374 2257 491 2292 λέγεται,
515 2259 563 2285 ἅτε
587 2259 732 2293 οὐρανόθεν
755 2259 1024 2295 κατιρχόμενα,ὃθεν

252 2300 302 2327 καὶ
316 2301 335 2335 ἡ
349 2301 410 2327 ἄνω
427 2302 633 2337 Ἰερουσαλήμ.
652 2302 770 2335 Τούτων,
779 2303 871 2338 φησὶν,
889 2303 913 2329 οἱ
928 2302 1024 2329 νικῶν-

252 2352 298 2375 τες
316 2345 360 2371 τὸν
379 2345 501 2373 διάὸολον
516 2347 667 2378 τεύξονται.
691 2347 826 2383 Λήψονται
854 2347 883 2373 δὲ
902 2347 948 2374 καὶ
965 2347 1026 2381 ψῆ-

251 2399 311 2424 φον
322 2391 445 2424 λευκὴν,
458 2393 579 2419 τουτέστι
587 2392 737 2429 [καθαρῶς]
748 2393 930 2427 νικῶσαν,τῆς
938 2392 1026 2425 δεξιᾶς

255 2434 351 2468 μοίρας
363 2435 531 2471 ἀξιούμενον
549 2437 596 2463 καὶ
612 2436 705 2471 ὄνομα
721 2437 826 2464 καινὸν
847 2438 880 2472 τῇ
903 2436 1027 2472 παρούσῃ

253 2477 309 2513 ζωῇ
318 2479 497 2515 ἀγνοούμενον
513 2488 521 2497 ⁸
533 2481 670 2517 ὀφθαλμὸς
690 2482 744 2518 γὰρ
767 2483 816 2509 οὐκ
834 2480 897 2514 εἶδε,
913 2483 958 2509 καὶ
979 2482 1026 2512 οὓς

251 2522 302 2548 οὐκ
316 2524 425 2557 ἢκουσε,
437 2525 483 2551 καὶ
496 2525 557 2556 νοῦς
566 2525 597 2551 οὐ
608 2526 740 2553 κατέλασε.
756 2527 790 2553 τὰ
809 2526 898 2559 ἀγαθὰ
909 2527 942 2553 τὰ
958 2526 1024 2560 μέλ-

252 2567 341 2601 λοντα,
349 2570 396 2596 καὶ
405 2569 434 2596 τὸ
443 2571 534 2597 καινὸν
541 2571 634 2606 δνομα,
642 2571 685 2599 bal.
699 2572 769 2605 ἅγιοι
782 2571 1023 2606 κληρονομήσουσι.

1077 2256 1174 2284 saeculo
1188 2256 1290 2285 sanctis
1313 2256 1429 2291 reposita
1445 2260 1507 2284 sunt
1519 2276 1528 2289 ,
1543 2264 1638 2284 manna
1664 2263 1772 2292 quoque
1801 2265 1850 2292 ap-

1078 2302 1228 2337 pellantur;
1257 2306 1286 2329 ut
1310 2309 1372 2337 quat
1399 2306 1426 2329 et
1450 2302 1557 2329 cmlitus
1574 2302 1692 2334 veniant,
1702 2306 1729 2329 et
1742 2302 1769 2329 in
1783 2303 1853 2330 culo

1081 2350 1199 2379 tantum,
1227 2346 1300 2381 quod
1330 2345 1385 2374 alio
1410 2346 1520 2373 nomine
1558 2354 1669 2380 superna
1705 2346 1852 2374 Jerusalem

1079 2395 1199 2422 vocatur,
1217 2391 1295 2425 plene
1314 2391 1465 2425 obtingant.
1489 2391 1592 2417 Horum
1609 2395 1699 2418 autern
1717 2391 1852 2418 honorum

1080 2439 1137 2462 tuta
1161 2435 1333 2469 possessione
1349 2434 1387 2461 illi
1407 2435 1515 2461 demum
1535 2435 1682 2469 potientur,
1700 2435 1748 2469 qui
1761 2435 1853 2462 diabo-

1081 2479 1137 2505 lum
1166 2483 1192 2505 et
1211 2479 1342 2506 mundum
1367 2478 1500 2505 vicerunt.
1521 2478 1665 2514 Accepturi
1678 2478 1758 2505 iidem
1782 2484 1852 2512 quo-

1079 2531 1130 2558 que
1141 2527 1204 2551 sunt
1221 2523 1362 2550 candidum
1383 2524 1555 2558 victoremque
1577 2523 1706 2550 calculum
1727 2530 1736 2549 :
1759 2525 1852 2556 utpote

1078 2569 1136 2604 qui,
1153 2573 1183 2596 ut
1211 2569 1243 2595 ad
1269 2568 1372 2596 Judicis
1399 2569 1538 2596 dexteram
1564 2568 1749 2598 collocentur,
1773 2566 1851 2601 digni

255 2616 433 2644 habebuntur.
461 2617 601 2652 Accipient
626 2619 733 2646 tandem
770 2627 822 2645 una
858 2625 920 2646 cum
950 2617 1057 2645 calculo
1087 2625 1179 2644 nomen
1201 2624 1295 2643 nouum
1311 2637 1319 2650 ,
1346 2616 1524 2652 praesentique
1550 2614 1614 2642 huic
1646 2613 1706 2641 vita:
1733 2621 1851 2664 prorsus

252 2662 430 2697 incognitum.
457 2662 559 2692 Oculus
581 2664 654 2691 enim
681 2672 735 2691 non
771 2664 859 2695 vidit,
891 2670 942 2690 nec
979 2663 1054 2690 auris
1082 2662 1203 2695 audivit,
1234 2670 1321 2697 neque
1357 2669 1432 2690 mens
1468 2662 1586 2688 humana
1623 2658 1851 2694 comprehendit,

255 2716 315 2742 qua
345 2714 504 2745 quantaque
526 2710 553 2738 in
587 2710 679 2738 luturo
702 2719 760 2738 aevo
799 2715 947 2745 prat'parata
976 2715 1038 2737 sunt
1050 2709 1144 2744 justis;
1159 2709 1229 2737 sicut
1245 2717 1295 2737 nec
1319 2716 1415 2737 nomen
1444 2714 1553 2743 quoque
1567 2703 1634 2733 ἱιῙυά
1650 2711 1760 2740 homin.
1779 2705 1852 2740 ςυοά

253 2754 334 2782 iidem
350 2755 388 2783 illi
412 2761 505 2791 pacate
524 2756 710 2791 possidebunt.
