2075 3157
212 171 266 202 939

519 222 632 251 CAPUT
658 222 699 250 Vl.

214 291 370 326 Cujusmodi
387 290 567 326 Thyatirensis
579 289 707 352 Ecqlesia:
721 290 815 325 angelo
848 291 1000 326 signiﬁcata

579 333 619 351 sm
636 344 644 352 .

579 333 644 352 8H”.

249 395 282 428 ll,
300 396 343 422 18.
358 395 392 421 Et
407 394 500 429 angelo
519 380 655 429 Thyatira:
669 393 795 422 Ecclesia:
813 394 897 422 scribe
914 395 1000 422 :lla'c

213 442 276 469 dicit
287 440 373 467 Filius
389 441 447 472 Dei,
464 441 509 475 qui
522 441 598 468 habet
609 441 698 468 oculos
721 446 847 475 tanquam
865 442 1001 476 ﬂammam

213 488 292 522 ignis,
309 492 334 514 et
351 487 427 521 pedes
448 488 505 521 ejus
521 488 622 515 similes
635 488 803 515 aurichalco.

245 577 353 612 Igneam
377 577 521 604 oculorum
549 577 668 611 speciem
710 581 858 612 utrumque
893 576 949 612 prie
971 585 1002 605 se

210 625 282 651 {orre
303 624 406 651 dictum
429 629 471 651 est
503 628 581 656 ante,
612 623 785 658 splendorem
816 623 948 650 nimirum
974 627 1001 650 et

210 668 353 701 ardorem;
368 672 395 694 et
423 667 496 694 hunc
511 668 620 702 quidem
644 668 801 702 signiﬁcare
822 667 957 702 supplicia
972 668 1000 695 in

210 714 310 749 impios
324 719 351 741 et
363 718 519 748 peccatores
533 714 698 746 eonstitula;
716 714 793 740 illum
805 721 881 746 vero,
899 713 1000 746 lucem,

209 761 272 794 quia
289 760 354 794 justi
370 764 397 786 et
412 759 497 786 sancti
514 759 727 792 perfunduntur.
745 759 798 786 Per
812 759 890 794 pedes
907 764 1000 787 autem

209 810 236 831 et
247 805 459 832 chalcolibanum
476 805 526 840 12
539 805 663 832 denotari
676 805 779 832 Christi
790 805 999 837 humanitatem,

209 850 390 886 ejusdemque
412 851 437 878 in
456 851 498 877 his
515 851 561 884 qui
577 850 644 877 salvi
661 851 739 883 ﬁunt,
755 850 837 877 veluti
869 850 1000 886 spiritalis

208 897 350 931 cujusdam
382 897 509 931 unguenti
527 896 721 931 l'ragrantiam;
737 904 788 924 nec
810 905 862 924 non
893 897 993 924 indivi-

799 169 962 200 ΑΝΒΒΕίΕ
981 170 1238 201 (ἶΕΒΛΙὶῐΕΝΒΙὸ

1786 170 1840 203 240

1349 223 1474 250 ΚΕΦΑΛ.
1494 225 1540 257 ς’.

1057 294 1095 321 Τὰ
1121 293 1293 327 δηλωθέντα
1324 290 1588 361 τῷεκῗιδτῆἐέιὲςτῆς
1611 291 1645 317 ἐν
1674 292 1844 326 Quare/pou;

1090 396 1145 424 Kal
1160 395 1199 428 τῷ
1215 395 1331 430 ἀγγέλῳ
1343 394 1398 428 τῆς
1417 394 1451 420 ἐν
1466 394 1638 428 Θυατείροις
1662 393 1843 426 Ἐκκλησία(-

1053 441 1190 476 τράψον’
1210 440 1282 468 Τάδε
1306 439 1387 475 λέγει
1410 440 1427 467 ὀ
1456 438 1525 472 Υἱὸς
1551 438 1605 466 τοῦ
1631 438 1705 465 Θεοῦ
1729 439 1746 466 ὁ
1762 438 1843 472 ἔχων

1053 488 1121 520 τοὺς
1153 485 1328 521 ὀφθαλμοὺς
1342 485 1382 519 ὡς
1399 486 1499 520 φλόγα
1516 484 1623 519 πυρὸς,
1638 484 1688 511 καὶ
1709 485 1737 511 ol
1753 484 1844 516 πόδες

1053 533 1147 560 αὐτοῦ
1161 533 1256 568 ὅμοιοι
1272 530 1493 566 χαλκολιϐάνῳ.

1084 579 1199 614 Εἴρηται
1215 579 1246 605 τὸ
1259 579 1314 605 τῶν
1328 577 1475 612 ὀφθαλμῶν
1489 576 1624 612 πυρῶδες,
1638 576 1669 602 τὸ
1680 575 1844 611 φωτιστικὺν

1053 625 1106 652 τῶν
1123 625 1248 657 δικαίων,
1263 623 1310 650 καὶ
1323 623 1354 649 τὸ
1370 623 1518 650 καυστικδν
1529 622 1628 657 δηλοῦν
1643 621 1698 648 τῶν
1713 621 1844 656 ἁμαρτω-

1053 671 1121 698 λῶν·
1147 669 1220 702 τοὺς
1234 669 1264 696 δὲ
1289 669 1386 701 πόδας
1403 669 1450 695 καὶ
1472 669 1525 695 τὸν
1549 668 1773 703 χαλκολίϐανον
1796 675 1844 701 ση-

1055 716 1161 752 μαίνειν
1176 715 1225 751 τὴν
1241 715 1289 742 τοῦ
1304 714 1426 750 Χριστοῦ
1442 715 1470 741 ὲν
1483 715 1540 746 τοῖς
1552 713 1717 749 σωζομένοις
1728 713 1843 740 εὐωδίαν

1051 761 1098 788 τοῦ
1116 760 1212 796 νοητοῠ
1229 760 1328 796 μύρου,
1345 759 1393 787 καὶ
1415 759 1464 795 τὴν
1482 759 1605 794 ἄτμητον
1618 758 1665 786 καὶ
1687 758 1841 793 ἁσύγχυτον

1051 806 1149 832 ἕνωσιν
1178 805 1307 840 οεύτητός
1327 813 1358 830 τε
1379 806 1427 830 καὶ
1446 803 1656 838 ἀνθρωπότητος
1669 811 1676 818 ·
1696 802 1766 838 αὕτη
1789 803 1843 838 γὰρ

1051 852 1089 882 ὡς
1103 850 1344 887 πεπυιρακτωμένη
1358 850 1397 885 τῷ
1410 849 1474 884 θείῳ
1487 849 1639 883 Πνεύματι,
1653 849 1710 880 τοῖς
1733 848 1842 883 ἀνορω-

1050 898 1137 929 πίνοις
1149 897 1290 932 λογισμοῖς
1310 896 1384 923 ἐστιν
1401 895 1590 931 ἀφηλάφητος.

207 942 290 970 duam
323 942 398 969 illam
414 946 441 969 et
478 941 651 969 inconiusam
678 942 814 977 planeque
834 942 1022 970 admirabilem
1040 943 1153 970 "divinae
1182 942 1365 976 humanaeque
1385 945 1488 968 natura:
1507 940 1580 967 inter
1596 947 1626 968 se
1637 939 1766 967 unionem
1783 949 1790 967 :
1809 947 1842 968 ea

207 990 280 1017 enim
299 994 428 1023 tanquam
447 989 530 1016 divini
550 988 668 1024 Spiritus
697 989 759 1024 igne
782 989 913 1023 conﬂata,
943 991 1069 1026 miroque
1094 991 1175 1018 modo
1197 993 1400 1024 coagmentata.
1430 987 1558 1016 humanis
1593 988 1748 1016 rationibus
1762 996 1839 1017 com-

207 1036 336 1071 prehendi
346 1036 460 1062 omnino
474 1042 528 1062 non
544 1040 645 1070 potest.

243 1083 276 1118 Il,
291 1084 334 1116 l9,
348 1083 393 1111 ΞΟ.
416 1082 486 1110 Νουί
498 1090 578 1117 opera
595 1088 652 1116 tua,
664 1087 688 1110 et
704 1083 783 1118 [idem
797 1087 820 1110 et
839 1084 996 1112 charitatem

1081 1083 1153 1110 οϊδά
1169 1091 1228 1111 σου
1251 1083 1288 1110 τὰ
1304 1083 1388 1118 ἔργα,
1402 1083 1452 1111 καὶ
1477 1083 1536 1118 τὴν
1561 1084 1694 1119 ἀγάπην,
1709 1085 1759 1112 καὶ
1785 1084 1842 1117 τὴν

208 1135 298 1161 tuam;
310 1133 334 1156 et
351 1129 528 1155 ministerium
546 1133 570 1155 et
586 1129 743 1163 patientiam
761 1134 846 1160 tuam,
866 1134 891 1155 et
917 1137 996 1164 opera

209 1183 255 1202 tua
275 1176 417 1202 inanissima
433 1175 511 1208 plura
521 1174 665 1209 prioribus.
681 1173 734 1201 Sed
747 1175 828 1201 habeo
857 1175 996 1202 adversum

209 1227 233 1248 te
245 1229 332 1256 pauca
345 1240 352 1252 ,
368 1220 431 1255 quia
445 1220 577 1255 permittis
594 1220 731 1247 mulierem
747 1219 865 1253 Iezabel,
881 1228 939 1255 qua:
969 1227 997 1247 se

207 1268 273 1294 dicit
298 1267 463 1302 prophetam,
479 1266 581 1299 docere,
605 1271 629 1294 et
657 1266 778 1294 seducere
800 1275 887 1294 servos
913 1274 995 1301 meos,

207 1313 322 1341 scortari
333 1317 358 1340 et
374 1312 536 1339 manducare
547 1313 578 1339 de
595 1311 760 1348 idolothytis.

242 1447 310 1480 Etsi.
319 1447 419 1483 inquit,
428 1452 548 1475 vestram
557 1446 584 1474 in
595 1446 647 1474 lide
655 1445 853 1478 constantiam,
860 1450 996 1473 vestram—

206 1502 258 1529 que
271 1494 344 1522 circa
361 1501 508 1529 egenorum
524 1498 551 1520 et
563 1500 714 1528 pauperum
731 1492 915 1520 ministerium
930 1491 996 1519 cha-

206 1541 325 1568 ritatem.
338 1544 366 1567 et
379 1544 499 1567 vestram
525 1539 643 1575 denique
654 1538 812 1574 patientiam
832 1538 996 1565 commendo

206 1591 374 1622 acceptaque
397 1586 496 1619 habeo,
516 1591 635 1614 attamen
660 1586 712 1613 hoc
736 1586 850 1613 nomine
864 1585 925 1620 jure
947 1591 996 1612 vos

206 1632 389 1668 reprehendo,
401 1633 474 1667 quod
488 1631 686 1659 Nicolaitarum
712 1631 841 1663 haeresin,
856 1639 918 1666 qua:
933 1638 996 1665 pru-

207 1682 266 1711 pter
294 1677 407 1710 impiam
438 1677 629 1711 impuramque
655 1675 794 1703 lasciviam
819 1675 926 1702 Jezabel
948 1683 997 1710 per

207 1729 315 1759 tropum
329 1724 381 1750 hoc
393 1723 453 1750 loco
468 1723 630 1757 appellatur,
641 1722 730 1755 palam
743 1721 869 1749 obtinere
885 1721 996 1756 permit-

1051 1130 1165 1162 πίστιν,
1184 1129 1234 1156 καὶ
1260 1129 1317 1163 τὴν
1335 1129 1502 1163 διακονίαν,
1517 1129 1587 1166 ’[καῑ
1615 1129 1672 1164 τὴν
1697 1130 1842 1164 ὑπακοήν

1050 1175 1132 1212 σου,]
1150 1175 1198 1202 καὶ
1220 1175 1279 1209 τὴν
1304 1175 1462 1210 ὑπομονήν
1480 1183 1549 1209 σου,
1568 1175 1619 1203 καὶ
1637 1175 1674 1202 τὰ
1688 1176 1759 1210 ἔργα
1783 1183 1842 1203 σου

1050 1221 1086 1248 τὰ
1100 1222 1216 1255 ἔσχατα
1231 1221 1361 1248 πλείονα
1380 1220 1441 1248 τῶν
1452 1221 1576 1255 πρώτων
1592 1230 1600 1237 ·
1617 1221 1687 1248 ἀλλ’
1697 1221 1756 1255 ἔχω
1768 1221 1844 1246 κατὰ

1050 1267 1108 1294 σοῦ
1121 1265 1245 1303 [dura].
1257 1267 1302 1293 ὅτι
1318 1265 1439 1301 ἀφῆκας
1456 1266 1515 1300 τὴν
1539 1265 1666 1301 γυναῖκά
1678 1274 1736 1293 σου
1756 1264 1842 1295 Ἰεζά-

1051 1314 1114 1345 ϐελ,
1131 1312 1150 1346 ἢ
1165 1312 1246 1347 λέγει
1262 1313 1378 1346 ἑαυτὴν
1395 1311 1556 1346 προφῆτιν,
1570 1312 1619 1338 καὶ
1636 1311 1774 1338 διδάσκει
1793 1311 1842 1337 καὶ

1050 1358 1152 1393 πλανᾷ
1168 1359 1239 1391 τοὺς
1252 1358 1344 1394 ἐμοὺς
1354 1358 1486 1392 δούλους
1496 1358 1664 1392 πορνεῦσαι
1674 1358 1722 1384 καὶ
1735 1357 1843 1392 φαγεῖν

1049 1405 1241 1432 εἰδωλόθυτα.

1086 1447 1159 1476 οϊδὰ
1182 1457 1241 1477 σου
1260 1450 1296 1476 τὰ
1315 1449 1397 1484 ἔργα.
1410 1464 1444 1469 -
1456 1449 1487 1475 El
1499 1449 1556 1485 γὰρ
1568 1449 1615 1476 καὶ
1631 1448 1675 1475 διὰ
1690 1456 1740 1483 την
1751 1447 1842 1474 πίστιν

1050 1494 1097 1520 καὶ
1112 1494 1162 1530 τὴν
1179 1495 1247 1530 πρὸς
1264 1495 1326 1526 τοὺς
1350 1495 1495 1530 δεομένους
1509 1493 1661 1524 διακονίαν,
1678 1493 1708 1520 τὸ
1724 1493 1839 1524 εὐλαϐὲς

1050 1541 1127 1576 ὑμῶν
1149 1542 1196 1568 καὶ
1214 1541 1416 1576 ὑπομονητικὸν
1437 1541 1619 1576 ἀποδέχομαι,
1636 1540 1704 1566 ἀλλὰ
1728 1539 1840 1570 δικαίως

1050 1587 1114 1622 ὑμῖν
1126 1587 1332 1622 ἐπιμέμφομαι,
1343 1587 1385 1613 ὅτι
1398 1587 1448 1622 τὴν
1459 1587 1515 1614 τῶν
1539 1586 1710 1613 Νικολαϊτῶν
1721 1586 1840 1620 αἵρεσιν,

1049 1632 1099 1668 τὴν
1111 1632 1250 1668 τροπικῶς
1266 1632 1466 1667 ὠνομασμένην
1490 1632 1629 1665 Ἰεζάϐελ,
1643 1631 1687 1658 διὰ
1704 1631 1754 1665 τὴν
1775 1631 1840 1656 δυσ-

1051 1677 1160 1704 σέϐειαν
1185 1677 1233 1703 καὶ
1252 1677 1409 1712 ἀσέλγειαν,
1430 1678 1558 1713 ἀφήκατε
1589 1675 1839 1712 παρρησιάζεσθαι,

1050 1721 1121 1748 ὥστε
1136 1723 1192 1752 τοῖς
1202 1721 1307 1754 δούλοις
1325 1730 1388 1757 μου,
1420 1722 1456 1748 δι’
1470 1722 1611 1757 ἁπλότητα
1630 1721 1752 1757 γνώμης,
1772 1729 1843 1756 παρ-

207 1769 275 1802 titis,
289 1769 479 1803 hactenusque
493 1767 685 1803 pcrmiseritis.
696 1766 758 1796 Haec
767 1767 839 1794 enim
855 1774 899 1794 res
913 1766 997 1794 servis

1053 1769 1125 1803 ἐχειν
1145 1768 1305 1801 σκάνδαλον,
1319 1768 1367 1795 καὶ
1393 1767 1484 1795 ἕλκειν
1498 1768 1598 1800 αὐτοὺς
1617 1767 1691 1804 [καὶ]
1707 1768 1747 1799 εις
1767 1766 1843 1793 εἰδω-

207 1815 286 1847 meis,
302 1813 337 1841 ob
350 1813 450 1848 ingenii
473 1813 621 1840 ruditatem
643 1812 798 1846 mentisque
831 1812 993 1846 simplicita-

208 1866 273 1893 tem,
294 1867 422 1895 magnam
450 1857 611 1886 otl'ensiouis
630 1857 806 1887 occasionem
832 1856 926 1890 oﬂ'ert;
942 1856 996 1883 imo

208 1913 273 1934 vero
284 1906 318 1934 ad
332 1913 427 1934 earum
450 1912 543 1933 rerum
561 1911 640 1932 usum
662 1911 723 1938 quae
751 1903 831 1930 idolis
850 1903 997 1930 immolatae

1051 1813 1160 1846 λόῦυτα,
1175 1811 1216 1845 οἷς
1230 1813 1322 1845 καλῶς
1342 1813 1524 1847 ἀπετάξαντο.
1541 1814 1652 1849 Ταύτην
1665 1811 1711 1840 οὖν
1729 1815 1840 1840 ἐπιστο-

1053 1859 1143 1894 μίζειν
1157 1859 1282 1894 ὀφείλετε
1298 1867 1307 1875 ’
1319 1860 1418 1886 ὃτικαὶ
1438 1859 1575 1894 προφῆτις
1601 1858 1672 1886 εἶναι
1696 1859 1843 1894 ὑποκρίνε-

1050 1914 1108 1937 ται,
1123 1905 1176 1931 om
1189 1905 1310 1939 πονηροῦ
1330 1905 1515 1940 ἐνεργουμένη
1535 1904 1699 1939 πνεύματος.

210 1955 328 1987 fuerant,
343 1962 359 1981 ιι
372 1961 426 1989 quo
437 1952 553 1988 pulchre
566 1952 622 1986 jam
631 1955 694 1978 ante
704 1951 833 1978 ablactati
842 1951 1016 1984 videbantur,
1039 1952 1130 1979 denuo
1149 1954 1272 1986 attraxit,
1289 1958 1317 1980 et
1348 1953 1471 1987 quotidie
1493 1953 1583 1979 adhuc
1604 1951 1744 1986 pertrahit.
1767 1952 1843 1980 lianc

209 1999 322 2034 proinde
345 1998 454 2026 Iezabel
478 1996 683 2032 quamprimum
709 2003 885 2031 compescere
913 2003 999 2031 osque
1024 1996 1146 2032 ejusdem
1169 1998 1313 2026 obstruere
1327 1998 1455 2026 debetis:
1487 1998 1621 2033 siquidem
1649 1998 1769 2033 maligno
1783 1999 1840 2033 spi-

209 2048 263 2074 ritu
276 2047 389 2082 agitata,
401 2044 590 2081 prophetidcm
606 2051 667 2071 sese
679 2044 784 2078 jactare
799 2052 855 2071 non
878 2045 995 2072 dubitat.

243 2093 277 2125 ll,
292 2093 391 2120 21-25.
408 2092 442 2119 Et
459 2092 520 2118 dedi
534 2091 575 2118 illi
588 2095 688 2126 tempus
701 2095 728 2118 ut
739 2091 922 2126 paenitentiam
935 2100 999 2126 age-

210 2147 261 2174 ret,
271 2147 296 2169 et
315 2149 367 2169 non
386 2141 442 2168 vult
467 2141 593 2176 paenitere
615 2149 631 2167 a
656 2140 833 2175 fornicatione
849 2147 910 2166 sim.
931 2139 999 2166 Ecce

210 2197 256 2223 ego
271 2188 346 2214 mitto
368 2195 425 2214 eam
441 2188 469 2214 in
487 2188 583 2214 lectum
596 2186 866 2221 ;etquimaechantur
883 2193 941 2211 cum
956 2193 998 2216 ea,

210 2235 238 2260 in
254 2233 425 2259 tribulatione
441 2233 560 2259 maxima
576 2236 664 2263 erunt,
685 2231 737 2258 nisi
765 2231 945 2265 ptznitentiam
966 2229 1000 2256 ab

211 2277 331 2311 operibus
350 2277 406 2302 suis
428 2277 582 2311 egerint;et
607 2276 675 2310 ﬁlios
698 2276 754 2309 ejus
782 2274 942 2308 interﬁciant
972 2274 999 2300 in

211 2326 306 2348 morte.

247 2367 328 2401 Quia,
343 2366 441 2402 inquit,
454 2365 573 2401 maligna
588 2365 632 2392 illa
650 2365 764 2393 haeresis
778 2369 909 2400 tempore,
924 2366 997 2400 quod

211 2414 245 2442 ad
263 2413 394 2447 agendam
416 2411 603 2446 paenitentiam
632 2410 807 2438 commodum
834 2415 913 2438 nacta
928 2415 996 2443 erat,

215 2460 285 2487 bene
298 2459 337 2486 uti
351 2465 409 2485 non
419 2458 520 2490 voluit,
534 2456 600 2484 Ecce
617 2457 741 2491 dejiciam
756 2457 831 2483 illum
850 2457 879 2484 in
891 2458 999 2492 wgritu—

210 2506 299 2533 dinem
327 2509 351 2532 et
375 2509 497 2531 mortem.
529 2503 557 2530 lu
586 2508 663 2539 tropo
692 2507 838 2538 perstans,
864 2503 997 2530 nefariam

210 2553 283 2580 illam
311 2551 505 2580 Nicolaitarum
533 2554 659 2586 pestem,
687 2553 797 2584 propter
827 2550 997 2584 versipellem

210 2599 399 2626 haereticorum
420 2597 580 2630 versutiam,
593 2596 702 2623 mulieri
723 2596 855 2624 adultera:
885 2604 998 2632 compa-

209 2651 261 2673 rat.
279 2645 470 2673 Commiuatur
481 2652 546 2671 vero
558 2651 613 2670 non
629 2643 702 2670 illam
719 2647 824 2670 tantum
842 2643 869 2670 in
887 2643 998 2678 aegritu-

209 2691 300 2718 dinem
319 2695 345 2718 et
367 2698 483 2719 mortem
504 2698 534 2718 se
561 2690 743 2724 dejecturum.
766 2689 819 2716 nisi
834 2689 996 2724 resipuerit;

1085 2093 1138 2119 Kal
1163 2093 1262 2120 ἔδωκα
1300 2092 1379 2127 αὐτῇ
1411 2093 1522 2127 χρόνον
1561 2093 1612 2120 ἵνα
1641 2092 1816 2127 μετανοήσῃ
1829 2100 1837 2108 ·

1048 2139 1097 2165 καὶ
1115 2140 1151 2166 οὺ
1166 2139 1247 2166 θέλει
1259 2139 1446 2174 μετανοῆσαι
1459 2139 1493 2165 ἐκ
1504 2137 1557 2173 τῆς
1576 2139 1719 2172 πορνείας
1733 2137 1840 2172 αὐτῆς.

1054 2184 1146 2216 Ἰδοὺ,
1161 2184 1271 2216 ,βάλλω
1289 2184 1389 2219 αὐτὴν
1410 2186 1454 2217 εις
1469 2186 1580 2218 κλίνην
1594 2193 1602 2200 ·
1624 2184 1673 2211 καὶ
1686 2184 1757 2218 τοὺς
1776 2193 1842 2219 μοι-

1051 2230 1201 2264 χεύοντας
1213 2231 1277 2265 μετ’
1300 2229 1397 2265 αὐτῆς
1425 2232 1469 2264 εις
1498 2230 1604 2264 θλίψιν
1620 2229 1770 2264 μεγάλην,
1788 2230 1843 2257 ἐὰν

1048 2275 1092 2310 μὴ
1107 2276 1340 2310 μετανοήσωσιν
1359 2276 1393 2303 ἐκ
1410 2276 1470 2303 τῶν
1491 2277 1587 2312 ἔργων
1603 2275 1703 2304 αὐτῶν
1718 2284 1726 2292 '
1743 2275 1792 2303 καὶ
1807 2277 1843 2303 τὰ

1050 2321 1139 2349 τέκνα
1149 2322 1244 2357 αὐτῆς
1258 2322 1413 2350 ἀποκτενῶ
1427 2323 1464 2350 ἐν
1480 2322 1608 2356 θανάτῳ.

1087 2368 1142 2395 Καὶ
1171 2368 1259 2395 ἔδωκα
1283 2369 1351 2403 αὐτῇ
1376 2369 1472 2404 χρόνον
1488 2377 1495 2383 ·
1525 2369 1542 2403 ἡ
1556 2367 1585 2395 δὲ
1609 2368 1716 2403 πονηρά
1733 2366 1841 2403 [φησὶν]

1053 2415 1144 2442 αὐτῶν
1160 2417 1277 2450 αἵρεσις,
1291 2416 1389 2450 καιρὺν
1411 2415 1533 2442 λαϐοῦσα
1546 2415 1587 2446 εἰς
1617 2415 1774 2450 μετάνοιαν,
1790 2421 1841 2440 κα-

1051 2461 1105 2492 λῶς
1121 2461 1208 2496 τούτῳ
1220 2462 1270 2488 οὐκ
1283 2462 1429 2497 ἐχρήσατο.
1451 2461 1540 2494 Ἰδοὺ,
1551 2461 1660 2494 ,βάλλω
1681 2460 1778 2493 αὐτὴν
1797 2461 1842 2492 εις

1052 2508 1170 2541 κλίνην,
1190 2508 1230 2544 Τῇ
1260 2510 1349 2544 τροπῇ
1377 2508 1520 2543 ἐνέμεινε,
1543 2508 1591 2535 καὶ
1623 2507 1761 2543 μοιχαλίδι
1791 2507 1842 2541 τὴν

1053 2554 1208 2589 συστροφὴν
1221 2554 1275 2580 τῶν
1291 2554 1438 2589 αἱρετικῶν
1454 2554 1639 2589 παρεικάσας,
1654 2554 1763 2580 ἀπειλεῖ
1775 2553 1842 2579 ταύ-

1053 2608 1102 2634 την
1121 2607 1149 2625 τε
1170 2599 1299 2635 ἀσθενείᾳ
1326 2601 1373 2626 καὶ
1401 2599 1509 2635 Θανάτῳ
1528 2600 1698 2636 περιϐαλεῖν,
1713 2601 1761 2627 καὶ
1780 2600 1843 2631 τοὺς

1052 2645 1120 2680 αὑτῇ
1139 2644 1396 2680 συμφοειρομένους
1415 2645 1464 2673 καὶ
1488 2645 1532 2682 [ὲκ
1547 2645 1628 2681 Θεοῦ]
1648 2645 1843 2681 πορνεύοντας,

1053 2691 1077 2717 el
1096 2691 1134 2726 μὴ
1149 2691 1193 2718 διὰ
1211 2691 1357 2725 μετανοίας
1373 2691 1442 2728 πρὸς
1464 2692 1546 2720 αὐτὸν
1561 2692 1776 2728 ἐπιστρέψωσιν.

211 2743 305 2763 verum
320 2743 434 2766 caeteros
450 2744 559 2773 quoque
583 2743 690 2767 omnes,
716 2735 776 2770 qui,
805 2735 862 2763 Deo
878 2743 926 2770 per
956 2736 1098 2771 mysticam
1124 2739 1319 2765 scortationem
1342 2739 1461 2772 deserto,
1489 2746 1552 2766 cum
1584 2739 1630 2766 illa
1654 2746 1715 2766 sese
1745 2743 1841 2766 conla-

210 2782 373 2810 minaverint
390 2804 397 2815 ,
427 2785 478 2811 nisi
505 2788 594 2811 tamen
617 2790 666 2818 per
691 2789 784 2809 veram
807 2782 996 2816 pmnitenliam
1017 2783 1050 2810 ad
1065 2784 1152 2817 ipsum
1169 2792 1198 2811 se
1211 2785 1302 2812 denuo
1318 2786 1512 2815 converterint.

245 2830 278 2863 ll,
297 2830 391 2858 ‘23—‘25.
405 2831 438 2858 Et
451 2833 533 2858 scient
547 2839 634 2858 omnes
649 2830 785 2862 Ecclesia’,
800 2830 862 2864 quia
878 2838 923 2865 ego
939 2838 996 2856 sum

208 2881 331 2904 scrutatis
348 2885 421 2904 renes
443 2883 467 2905 et
487 2878 578 2911 cordo,
591 2883 615 2905 et
632 2877 700 2904 dabo
721 2876 862 2911 unicuique
885 2881 999 2903 vestrum

1088 2832 1140 2858 Kal
1157 2832 1325 2866 γνώσονται
1343 2831 1438 2860 πᾶσαι
1453 2834 1483 2859 al
1509 2833 1700 2867 Ἐκκλησίαι,
1719 2833 1763 2860 ὅτι
1786 2833 1842 2868 ἐγώ

1055 2879 1112 2911 ειμι
1129 2880 1144 2905 ὀ
1162 2878 1293 2911 ἐρευνῶν
1315 2879 1447 2913 νεφροὺς
1458 2879 1506 2906 καὶ
1529 2878 1655 2913 καρδίας
1667 2887 1674 2896 ⁸
1692 2879 1741 2907 καὶ
1757 2879 1842 2906 δώσω
