2075 3157
228 129 280 162 247

812 124 976 156 ANDRE/E
995 125 1255 157 C/ESARIENSIS

1801 117 1855 150 248

229 190 253 213 et
265 192 312 220 ego
326 185 434 212 servabo
450 188 474 212 te
487 182 527 211 ἰιι
551 183 616 210 hora
644 180 808 214 temtationis,
824 189 884 216 qua
906 186 1016 209 uentura

1071 182 1150 218 κάγώ
1160 190 1198 209 σε
1210 181 1332 215 τηρήσω
1349 180 1383 207 ἐκ
1397 178 1452 213 τῆς
1461 177 1538 213 ὥρας
1554 177 1608 205 τοῦ
1620 175 1789 211 πειρασμοῦ
1799 174 1854 208 τῆς

228 236 267 258 est
283 231 311 258 in
325 233 413 258 orbem
431 230 588 261 universum,
601 233 702 255 lentare
718 227 867 254 habitantes
893 227 921 254 in
931 231 1013 254 terra.

229 276 298 303 Ecce
315 277 388 303 venio
404 276 455 302 cito
468 283 477 302 :
505 279 561 302 tene
573 273 643 308 quod
656 273 748 306 habet,
767 277 796 300 ut
811 280 886 300 nemo
899 273 1014 308 accipiat

229 329 354 350 coronam
366 326 450 347 luant.

267 406 431 435 Tenlalionis
445 407 541 434 Irarum
559 411 606 435 aut
628 414 728 435 seram
757 407 904 443 impiorum
924 413 1018 444 tyran-

229 459 340 484 norum,
355 453 401 487 qui
421 453 496 480 urbis
518 454 648 481 Romante
672 453 780 481 clavum
806 458 864 481 tum
888 454 1017 489 temporis

229 498 367 532 tenebant,
383 499 514 527 adversus
531 498 703 526 Christianos
724 499 943 534 persecutionem
968 506 1017 534 ap-

229 543 311 577 pellat
327 552 334 570 :
349 550 381 570 ea
397 544 474 571 enim
489 543 545 579 jam
562 547 620 570 tum
635 550 690 579 pra:
720 543 825 571 foribus
854 544 987 579 urgebat;
1001 551 1018 571 a

229 595 282 624 qua
296 596 326 616 se
339 589 413 617 illam
426 590 605 618 liberaturum
627 589 740 625 spondet
759 598 766 616 :
784 594 832 617 aut
856 597 917 617 eam
945 593 1019 617 certe

229 640 432 670 tempestatem,
447 644 530 671 quam
548 636 733 663 Antichristus
749 635 801 663 sub
821 635 902 663 linem
925 635 1018 663 saeculi

229 686 324 709 t‘OIIII'a
339 682 442 710 Christi
455 682 547 710 ﬁdeles
560 689 608 717 per
625 682 783 710 universum
797 682 929 709 mundum
942 682 1018 710 exci-

229 728 365 754 tabit:ex
376 736 429 763 qua
457 727 584 756 Christus
603 727 737 755 Dominus
768 731 917 755 sectatores
942 734 1018 760 suos,

229 780 264 799 ne
278 780 360 808 supra
377 775 447 801 vires
459 777 610 806 tententur,
625 781 686 801 sese
700 777 860 808 erepturum
872 773 1018 808 promittit,

229 818 286 845 sive
302 826 349 853 per
360 819 486 854 corporis
500 819 713 847 dissolutionem
730 824 792 846 ante
821 819 888 846 illud
911 823 1021 854 tempus

1065 227 1243 263 μελλούσης
1260 226 1401 261 ἔρχεσθαι
1418 224 1469 251 ἐπὶ
1492 223 1551 258 τὴν
1562 222 1746 257 οἰκουμένην
1767 221 1856 254 ὅλην,

1068 272 1206 308 πειρᾶσαι
1227 272 1299 305 τοὺς
1324 270 1540 302 κατοικοῦντας
1556 268 1607 295 ἐπὶ
1622 267 1679 302 τῆς
1698 266 1765 302 τῆς.
1786 268 1856 300 Ἐρο

1068 326 1156 354 χομαι
1167 318 1260 353 ταχύ·
1274 316 1374 352 κράτει
1385 316 1401 343 ὸ
1416 316 1508 350 ἔχεις,
1521 315 1573 342 ἵνα
1587 313 1694 349 μηδεὶς
1708 312 1786 347 λάϐῃ
1801 312 1856 339 τὸν

1068 364 1224 398 στέφανόν
1238 371 1306 390 σου.
1866 389 1871 396 ⁸

1105 410 1166 444 Τὴν
1186 409 1267 445 ὥραν
1282 409 1318 436 δὲ
1334 408 1392 436 τοῦ
1413 406 1594 442 πειρασμοῦ,
1622 406 1678 432 sive
1700 404 1738 437 ὡς
1758 403 1857 431 αὐτίκα

1070 455 1169 494 [μάλα]
1185 455 1388 492 παρεσομένην,
1399 454 1450 490 τὴν
1471 453 1526 480 τῶν
1544 451 1651 484 ἀσεϐῶς
1674 451 1725 486 τῆς
1744 450 1857 486 Ῥώμης

1069 502 1252 538 τοτηνικαῡτα
1264 500 1484 537 βασιλευσάντων
1493 499 1564 526 κατὰ
1577 497 1749 534 Χριστιανῶν
1764 496 1856 528 δίωξιν

1070 549 1200 584 είρηκενυ
1227 545 1262 583 ἧς
1288 546 1453 582 λυτροῦσθαι
1478 545 1564 579 αὐτὴν
1590 543 1810 579 ἃπαγγὰλλεται·
1838 542 1856 578 ἦ

1071 595 1120 630 τὴν
1133 595 1180 621 ἐπὶ
1197 593 1336 629 συντελείᾳ
1345 593 1393 620 τοῦ
1407 592 1505 624 αἰῶνος
1520 590 1694 626 παγκόσμιον
1715 588 1788 616 κατὰ
1802 587 1858 615 τῶν

1070 640 1176 668 πιστῶν
1207 640 1255 667 τοῦ
1286 639 1472 674 ’Δντιχριστου
1500 637 1607 672 κίνησιν
1630 636 1718 670 λέγει,
1741 634 1795 671 [ἐξ]
1824 631 1858 670 ἧς

1070 687 1231 723 ἐλευθεροῦν
1251 687 1315 718 τοὺς
1332 685 1457 720 ζηλωτὰς
1475 684 1561 718 αὐτῆς
1594 683 1776 718 ὑπισχνεῖται,
1792 689 1872 716 προσ,

1070 731 1311 767 αναρπαζομένους
1325 731 1369 758 διὰ
1383 730 1433 765 τῆς
1443 729 1570 757 ἐντεῦθεν
1584 728 1753 760 ἀναλύσεως,
1765 727 1808 753 ἵνα
1821 725 1858 761 μὴ

1070 776 1256 813 πειρασθῶσιν
1291 776 1361 812 ὔπὲρ
1385 775 1400 802 ὃ
1422 775 1559 802 δύνανται.
1587 773 1686 805 Καλῶς
1709 773 1738 800 δέ
1764 779 1857 807 φησιν·

1072 822 1217 858 Ἔρχομαι
1229 821 1325 856 ταχύν
1343 821 1413 856 μετὰ
1425 820 1480 857 γὰρ
1496 821 1547 855 τὴν
1559 820 1650 856 θλίψιν
1666 819 1723 846 τῶν
1745 817 1858 854 ἡμερῶν

227 870 243 891 e
257 862 347 891 medio
362 863 421 892 illos
438 864 524 897 tollat,
538 865 597 893 sive
613 865 667 892 alia
683 865 726 892 via
737 869 764 892 et
787 864 894 892 ratione
909 864 944 892 ab
960 864 1018 892 im-

1073 856 1186 896 ἐκείνοιν
1200 868 1312 901 εὐθέως,
1330 866 1394 904 [ῶςῘ
1417 856 1510 903 φηοιν,
1525 867 1540 893 ὁ
1561 866 1664 902 Κύριος
1691 863 1833 891 ἐλεύσεται
1849 870 1858 879 ·

228 910 357 945 pendenti
377 911 498 945 periculo
514 911 625 939 eosdem
652 911 762 946 eripiat.
782 911 911 946 Apposite
925 915 1017 939 autem

1072 914 1112 942 διδ
1127 906 1273 950 παρήγυᾷ
1293 913 1429 949 κρατῆσαι
1451 913 1500 940 τὸν
1511 911 1650 948 θησαυρὸν
1665 912 1717 946 τῆς
1738 910 1857 940 πίστεως

228 955 304 987 dicit,
323 955 389 983 Em
414 957 488 984 venio
504 957 557 984 cito
572 965 581 984 :
601 956 735 991 siquidem
750 961 811 991 post
827 957 932 984 dierum
958 957 1018 985 illo-

1071 959 1179 991 ἄσυλον,
1191 959 1235 986 ἴνα
1254 959 1291 995 μή
1305 967 1347 992 τις
1365 958 1486 994 ἀπολέσῃ
1498 957 1546 985 τὸν
1563 957 1615 991 τῆς
1631 955 1772 992 ὑπομονῆς
1793 953 1856 981 στάς

228 1009 289 1029 rum
303 1001 486 1037 alliictionetn,
504 1003 575 1031 utin
601 1002 757 1038 Evangeliis
781 1002 909 1038 legimus,
926 1001 1014 1030 iudex
1070 1013 1166 1040 φανον.

228 1047 319 1077 statim
335 1054 377 1077 est
391 1055 524 1078 venturus
542 1059 553 1078 ι
567 1055 712 1086 propterea
727 1057 838 1086 quoque
861 1051 935 1079 serio
959 1051 1096 1086 admonet,
1115 1057 1146 1080 ut
1159 1052 1220 1081 ﬁdei
1243 1053 1404 1080 thesaurum
1425 1051 1587 1079 inviolatum
1605 1054 1779 1083 conservent,
1792 1055 1859 1084 ope-

229 1103 341 1130 ramque
353 1095 417 1124 dent
433 1094 555 1124 sedulam
577 1104 611 1123 ne
623 1095 759 1131 patientia:
772 1103 904 1124 coronam
919 1097 1056 1126 amittant.

265 1140 308 1174 Ill,
325 1140 369 1168 12.
395 1141 448 1174 Qui
467 1142 571 1174 vicerit,
594 1141 693 1176 faciant
719 1141 797 1168 illum
823 1141 974 1168 columnam
994 1143 1022 1169 in

229 1187 325 1222 templa
346 1186 394 1214 Dei
403 1188 463 1221 mei,
480 1192 505 1214 et
519 1187 592 1222 [oras
602 1195 654 1214 non
661 1187 810 1222 egredietur
823 1187 949 1222 amplius.

264 1234 348 1261 Recte
368 1233 446 1260 illud.
461 1233 529 1260 Nam
547 1233 593 1268 qui
609 1232 783 1260 adversarios
812 1237 961 1267 potestates
974 1233 1021 1261 de-

229 1280 383 1312 bellaverit,
396 1279 524 1307 columna
533 1284 559 1307 et
569 1280 771 1306 lirmamentum
781 1277 910 1306 Ecclesite
916 1279 1020 1307 consti-

230 1322 326 1356 tuitur.
345 1328 439 1360 utpote
454 1324 610 1356 immotum,
620 1324 698 1359 juxta
713 1324 838 1360 Apostoli
851 1324 1019 1359 doctrinam,

229 1370 439 1399 fundamentum
455 1371 484 1398 in
499 1370 544 1398 illa
561 1369 678 1398 habent.

265 1463 310 1496 ΙΙΙ,
329 1463 374 1491 12.
389 1462 422 1490 Et
440 1462 555 1490 scribam
566 1470 645 1495 super
658 1470 717 1489 cum
739 1470 835 1490 nomen
861 1461 909 1490 Dei
923 1462 984 1495 mei,
995 1467 1021 1490 et

1112 1144 1144 1172 '0
1171 1142 1274 1176 νικῶν,
1290 1143 1407 1178 ποιήσω
1427 1144 1521 1171 αὑτὸν
1536 1142 1654 1170 στύλον
1673 1141 1709 1168 ἐν
1730 1140 1772 1174 τῷ
1796 1138 1859 1173 ναῷ

1071 1189 1125 1218 τοῦ
1144 1189 1219 1217 Θεοῦ
1227 1197 1300 1225 μου,
1317 1189 1435 1221 καϊέξω
1450 1189 1485 1216 οὐ
1496 1188 1539 1223 μὴ
1553 1188 1662 1221 ἐξέλθῃ
1676 1186 1733 1214 ἐτι.

1114 1235 1236 1268 Εἰκότως
1251 1235 1291 1271 [δὲ
1314 1233 1375 1261 εἷπε
1391 1234 1505 1270 ποιῆσαι
1517 1234 1564 1260 τὸν
1581 1233 1702 1261 νικῶντα
1721 1232 1818 1259 στῦλον
1830 1231 1860 1258 ἐν

1070 1281 1109 1317 τῷ
1120 1281 1177 1318 ναῷ
1186 1281 1234 1308 τοῦ
1244 1281 1382 1323 Θεοῦ]..’0
1391 1280 1446 1316 γὰρ
1457 1280 1571 1315 νικητὴς
1582 1279 1636 1306 τῶν
1647 1278 1777 1305 ἐναντίων
1783 1277 1860 1304 δυνά-

1072 1338 1156 1364 μεων,
1179 1328 1276 1359 στύλος
1292 1327 1340 1354 καὶ
1360 1327 1502 1362 ἑδραίωμα
1529 1326 1579 1361 τῆς
1601 1324 1767 1360 Ἐκκλησίας
1795 1323 1861 1350 καθ-

1071 1375 1189 1408 ίσταται,
1199 1374 1327 1409 ἀκίνητον
1341 1374 1370 1400 ὲν
1384 1373 1452 1408 αὐτῇ
1469 1372 1520 1408 τὴν
1531 1371 1610 1407 βάσιν
1623 1370 1704 1406 ἔχων,
1725 1369 1797 1397 κατὰ
1814 1369 1860 1395 τὸν

1072 1419 1167 1456 [θεῖον]
1193 1419 1365 1447 Ἀπόστολον.

1107 1466 1163 1493 Kal
1178 1465 1282 1500 γράψω
1296 1463 1446 1492 ὲπίιὺτὸν
1460 1462 1493 1490 τὸ
1509 1462 1605 1496 ὄνομα
1627 1460 1681 1489 τοῦ
1698 1460 1772 1487 Θεοῦ
1788 1466 1860 1494 μου,

228 1518 321 1538 nomen
339 1509 453 1536 civitatis
469 1508 516 1536 Dei
529 1509 579 1536 mei
590 1516 662 1535 nam
670 1506 833 1540 Jerusalem,
843 1516 901 1543 qua:
913 1507 1020 1536 descen-

1073 1511 1123 1538 καί
1136 1510 1170 1538 τὸ
1184 1510 1278 1545 ὄνομα
1291 1509 1346 1544 τῆς
1360 1509 1478 1541 πόλεως
1495 1507 1549 1534 τοῦ
1564 1506 1639 1534 Θεοῦ
1650 1515 1710 1540 μου
1723 1504 1780 1539 τῆς
1794 1512 1860 1531 και-

229 1558 268 1584 dit
286 1557 317 1584 de
332 1557 396 1583 tta-lo
410 1565 425 1582 a
442 1555 496 1582 Deo
508 1562 581 1588 meo;
600 1560 623 1582 et
638 1563 731 1582 nomen
748 1563 834 1581 meum
849 1562 954 1582 novum.

267 1643 320 1680 ιθ
335 1644 362 1670 In
380 1643 472 1675 corde.
493 1641 592 1677 inquit,
615 1640 751 1677 ejusmodi
779 1641 915 1669 columna:
936 1641 1020 1670 divini

230 1691 350 1719 nominis
357 1697 536 1725 superumque
547 1688 698 1716 Jerusalem
709 1686 833 1715 notitiam
847 1687 996 1716 inscribam
1011 1697 1020 1721 ;

230 1745 286 1773 quo
301 1736 545 1772 pulchritudinem,
561 1743 623 1770 qua:
636 1735 663 1762 in
678 1734 736 1769 ipsa
748 1733 868 1767 exsistit,
891 1733 1022 1768 spiritali-

231 1783 283 1811 bus
316 1783 403 1811 oculis
429 1781 595 1810 consideret.
627 1780 660 1807 Et
698 1787 790 1806 nomen
812 1779 905 1807 itidem
935 1786 1022 1806 meum

230 1836 336 1860 novum,
352 1828 425 1863 quod
441 1827 468 1854 in
485 1827 576 1854 futuro
592 1825 693 1852 saeculo
715 1824 786 1852 inter
800 1828 910 1852 sanctos
925 1832 1020 1859 perce-

231 1873 305 1902 lebre
321 1874 383 1900 crit.
400 1871 519 1900 Verbum
534 1877 624 1899 autem
656 1874 833 1905 posteaquam
852 1869 920 1897 citra
937 1869 1020 1896 ullam

231 1921 274 1948 sui
287 1920 466 1947 mutationem
480 1925 545 1945 caro
562 1916 647 1945 semel
661 1919 757 1943 nostra
787 1923 869 1943 causa
891 1915 1018 1943 allectum

231 1971 284 1999 est,
301 1970 434 2000 suscepta:
448 1963 613 1990 humanitati
629 1969 782 1989 sermonem
798 1960 960 1993 admeticns,
971 1961 1020 1987 hu-

231 2019 368 2047 Inauoque
378 2017 455 2038 more
465 2007 739 2043 loquens,ccelestem
750 2006 858 2033 Patrem
873 2006 956 2033 Deum
972 2013 1020 2040 ap-

232 2060 314 2094 pellat
324 2066 414 2088 suum.
436 2056 585 2084 Jerusalem
601 2059 690 2083 autem
704 2063 717 2081 e
730 2053 850 2088 supernis
866 2053 1022 2080 descendere

231 2106 341 2137 dicitur,
357 2104 491 2139 siquidem
506 2103 598 2129 divina
614 2101 734 2136 cognitio
742 2100 776 2128 ab
792 2100 896 2135 angelis
909 2107 1020 2133 exorsa,

231 2155 306 2178 cci-to
322 2151 440 2184 quodam
461 2149 568 2181 ordine,
588 2147 619 2174 ad
635 2146 760 2173 homines
773 2153 860 2179 usque
880 2146 1019 2180 pertingit.

231 2196 282 2223 Per
295 2196 434 2222 Christum
452 2201 569 2228 namque
582 2197 664 2228 caput
676 2195 800 2218 nostrum
824 2191 851 2217 hi
869 2195 896 2217 et
912 2191 949 2217 illi
977 2191 1018 2217 in-
1039 2185 1060 2212 Ι)

231 2246 272 2267 ter
284 2248 313 2267 se
329 2240 446 2267 invicem
463 2239 518 2273 apti
536 2242 610 2265 sunt.

269 2282 312 2317 Ill,
323 2285 367 2312 13.
387 2285 441 2316 Qui
455 2284 532 2310 habet
547 2290 636 2314 aures,
653 2281 746 2308 audiat
762 2281 826 2316 quid
841 2281 961 2316 Spiritus
976 2281 1019 2307 di-

231 2336 274 2359 cat
304 2330 439 2358 Ecclesiis.

267 2376 424 2405 Istiusmodi
436 2383 528 2403 aurem
546 2378 575 2402 ut
587 2379 614 2401 et
627 2381 676 2400 nos
692 2380 910 2408 consequamur,
928 2376 1017 2410 preci-

231 2427 284 2454 bus
299 2425 333 2453 ad
350 2424 435 2452 Deum
452 2423 520 2452 fusis
536 2422 671 2450 indciesse
690 2422 899 2450 contendamus.

538 2489 652 2518 CAPUT
666 2489 712 2518 ΙΧ.

231 2552 330 2586 Qualia
343 2549 549 2578 Laodicensium
557 2547 682 2608 Ecule‘sioe
699 2546 792 2582 angelo
804 2546 954 2581 signiﬁcata
961 2547 1019 2581 [ue-

585 2591 627 2608 nn
642 2601 649 2608 .

585 2591 649 2610 νυιι.

267 2656 310 2687 ΙΙΙ,
326 2656 369 2682 li.
398 2654 430 2681 Et
445 2653 537 2688 angelo
553 2650 676 2680 Laodicw
691 2649 814 2679 Ecclesiw
834 2650 937 2678 scribe:
955 2648 1019 2677 litvo

232 2702 295 2729 dicit
308 2703 402 2733 Amm,
417 2701 489 2728 testis
503 2700 590 2734 ﬁdelis
607 2704 632 2726 et
648 2707 734 2732 verus,
749 2699 794 2734 qui
807 2704 844 2725 est
859 2698 1018 2733 principium

232 2752 361 2774 creatum
381 2747 438 2774 Dei.

268 2790 421 2820 Fidelitatis
436 2799 503 2820 voce
516 2791 618 2819 Christi
631 2791 733 2818 veritas
758 2790 810 2817 hoc
825 2790 883 2817 loco
899 2789 1019 2816 insitiuu-

233 2841 278 2866 tur
293 2847 300 2865 :
315 2841 363 2865 aut
393 2838 494 2872 verius,
512 2838 586 2866 illum
601 2845 663 2866 csse
694 2837 841 2872 ipsummct
857 2836 949 2866 Amen,
977 2833 1019 2862 vel

1072 1556 1131 1590 νῆς
1152 1555 1362 1590 Ἰερουσαλὴμ,
1375 1553 1395 1588 ἢ
1411 1552 1583 1580 καταϐαίνει
1603 1551 1638 1578 ἐκ
1653 1550 1707 1577 τοῦ
1728 1549 1860 1585 οὐρανοῦ

1072 1602 1133 1630 ἀπὸ
1145 1602 1198 1629 τοῦ
1216 1601 1290 1628 Θεοῦ
1302 1609 1362 1635 μου
1378 1609 1385 1616 ⁸
1404 1601 1454 1627 καὶ
1465 1599 1496 1626 τὸ
1514 1597 1607 1633 ὄνομά
1614 1606 1676 1632 μου
1690 1597 1724 1623 τὸ
1740 1596 1857 1624 καινόν.

1115 1646 1181 1683 [Kal
1192 1645 1296 1681 γράψω
1315 1645 1361 1672 ἐπ’
1373 1645 1466 1672 αὑτὸν
1482 1645 1515 1672 τὸ
1529 1644 1622 1678 ὄνομα
1639 1643 1694 1670 τοῦ
1704 1643 1778 1670 Θεοῦ
1786 1651 1857 1677 μου.

1072 1708 1107 1714 -
1115 1691 1183 1729 Καὶ]
1192 1693 1239 1719 ἐπὶ
1251 1693 1301 1727 τὴν
1312 1691 1437 1727 καρδίαν,
1449 1690 1542 1725 φησὶν,
1554 1689 1601 1717 τοῦ
1617 1689 1738 1715 τοιούτου
1761 1687 1859 1714 στύλον

1074 1739 1184 1775 χαράξω
1197 1738 1245 1773 τὴν
1260 1738 1361 1773 γνῶςιν
1374 1737 1419 1764 τοῦ
1435 1737 1507 1763 θείου
1518 1737 1660 1770 ὀνόματος,
1678 1735 1727 1761 καὶ
1743 1734 1792 1769 τῆς
1806 1733 1862 1760 ἄνω

1079 1783 1259 1819 Ἰερουσαλήμ
1271 1791 1277 1798 ·
1292 1782 1336 1809 ἴνα
1350 1782 1390 1818 ἴδῃ
1399 1782 1431 1809 τὰ
1442 1782 1470 1808 ὲν
1481 1781 1644 1817 αὺτῇκάλλη
1653 1781 1710 1811 τοῖς
1723 1779 1769 1806 τοῦ
1779 1778 1861 1805 πνεύ-

1075 1836 1161 1865 ματος
1171 1829 1276 1863 ὄμμασι
1287 1837 1293 1843 -
1309 1828 1357 1854 καὶ
1373 1827 1406 1853 τὸ
1431 1826 1538 1853 καινόν
1554 1834 1615 1860 μου
1635 1825 1740 1859 ὄνομα,
1757 1825 1787 1850 τὸ

1074 1876 1129 1905 τοῖς
1151 1874 1238 1908 ἁγίοις
1254 1874 1283 1900 ὲν
1299 1873 1338 1908 τῷ
1367 1872 1492 1908 μέλλοντι
1513 1871 1615 1907 [αἰῶνι]
1647 1870 1860 1905 γνωριζόμενον.

1073 1921 1110 1947 Τὸ
1123 1919 1162 1953 δὲ,
1175 1920 1249 1947 Θεοῦ
1264 1928 1333 1954 μου,
1355 1918 1533 1952 ἀνθρωπίνως
1551 1918 1616 1952 περὶ
1635 1916 1682 1943 τοῦ
1698 1915 1803 1951 Πατρὺς
1822 1915 1860 1941 ετ-

1075 1975 1169 2002 ρηκεν,
1182 1966 1220 1998 ὡς
1236 1965 1304 2000 σὰρξ
1314 1964 1347 1991 δι’
1358 1965 1431 2000 ἡμᾶς
1446 1963 1591 2001 ἀτρέπτως
1601 1963 1756 1998 γενόμενος.
1771 1962 1862 1988 Ἀνω-

1074 2015 1126 2040 oar
1140 2012 1169 2038 δὲ
1188 2012 1208 2046 ὴ
1227 2010 1428 2046 Ἰερουσαλὴμ
1450 2009 1622 2036 καταϐαίνει
1634 2016 1642 2024 ο
1658 2009 1691 2034 ἐκ
1707 2007 1757 2042 μὲν
1778 2006 1861 2041 ἀγγέ-

1072 2059 1126 2085 λων
1146 2057 1304 2093 ἀρξαμένης
1317 2056 1368 2090 τῆς
1378 2055 1453 2086 Θείας
1466 2054 1604 2089 γνώσεως,
1620 2053 1717 2088 μέχρις
1733 2052 1813 2088 ἡμῶν
1828 2052 1857 2078 δὲ

1073 2102 1293 2137 καταντησάσης,
1308 2099 1499 2135 συναφθέντων
1517 2098 1651 2134 εάλλήλοις
1672 2097 1716 2124 διὰ
1740 2095 1859 2132 Χριστοῦ

1073 2151 1122 2184 τῆς
1138 2148 1259 2183 κεφαλῆς
1271 2147 1361 2183 ἡμῶν.

1118 2280 1144 2307 '0
1172 2280 1251 2315 ἔχων
1271 2276 1337 2312 οὖς,
1354 2277 1514 2306 ἀκουσάτω
1538 2276 1567 2304 τί
1586 2276 1619 2303 τὸ
1637 2275 1759 2310 Πνεῦμα
1780 2275 1862 2310 λέγει

1074 2327 1139 2360 ταῖς
1157 2326 1358 2360 Ἑκκλησίαις.

1120 2372 1169 2408 ['0
1184 2371 1263 2406 ἔχων
1277 2368 1342 2403 οὖς,
1356 2368 1540 2404 ἁκουσάτω.]
1557 2384 1591 2389 —
1603 2367 1706 2395 Τούτου
1721 2367 1768 2394 τοῦ
1778 2367 1861 2394 ὠτίου

1075 2419 1121 2446 καὶ
1137 2419 1217 2452 ἡμεῖς
1230 2418 1322 2451 τυχεῖν
1335 2416 1489 2450 εὐξίῖιμεοα.

1374 2485 1500 2512 ΚΕΦΛΛ.
1516 2483 1554 2511 9'.

1076 2546 1114 2573 Τὰ
1129 2543 1302 2578 δηλωθέντιι
1321 2541 1395 2578 πρὸς
1407 2540 1457 2578 tog
1474 2539 1531 2578 τῆς
1546 2540 1715 2567 Λαοδικέων
1740 2540 1861 2574 Ἐκκλη-

1355 2577 1425 2609 σίας
1437 2575 1576 2610 ἄγγελον.

1109 2648 1162 2676 Καὶ
1177 2646 1218 2680 τῷ
1241 2645 1356 2680 ἀγγέλῳ
1381 2643 1436 2678 τῆς
1451 2643 1485 2670 ἐν
1501 2642 1658 2676 Λαοδικε’ᾳ
1679 2641 1861 2676 Ἐκκλησίας

1073 2694 1191 2729 ’,φάψ-ον
1209 2700 1215 2707 ·
1234 2691 1308 2719 Τάδε
1321 2690 1402 2724 λέγει
1416 2690 1432 2716 ὁ
1451 2688 1550 2723 Ἀμὴν,
1566 2690 1582 2715 ό
1593 2687 1709 2722 μάρτυς
1725 2689 1741 2713 ό
1754 2686 1862 2718 mat-dc

1074 2739 1123 2767 καὶ
1150 2736 1339 2772 ά.ῖηοινὸς,ἠ
1366 2735 1445 2770 ἁρχὴ
1476 2734 1530 2768 τῆς
1550 2734 1674 2766 κτίσεως
1696 2732 1749 2759 τοῦ
1775 2731 1859 2758 Θεοῦ.

1111 2785 1166 2811 Καὶ
1178 2784 1222 2810 διὰ
1237 2782 1285 2809 τοῦ
1307 2782 1404 2808 πιστοῦ
1421 2781 1437 2815 ἡ
1456 2780 1569 2815 ἀλήθεια
1591 2779 1638 2805 τοῦ
1663 2778 1781 2814 Χριστοῦ
1806 2777 1860 2803 δεί-

1075 2838 1182 2860 κνυται’
1198 2829 1300 2866 μᾶλλον
1315 2828 1344 2856 δὲ
1354 2828 1395 2855 ὅτι
1408 2826 1488 2859 αὐτὸς
1502 2825 1635 2860 οὐσιώδης
1648 2825 1723 2851 ἐστὶν
1735 2823 1860 2858 ἀλήθεια.
