2075 3157
182 192 235 225 249

657 195 962 228 COMMENTARlUS
979 195 1020 227 ΙΝ
1041 195 1303 228 APOCALYPSIN.

1753 202 1810 233 250

189 248 274 283 Ἄρχὴ
289 246 329 284 [δὲ
346 247 402 283 τῆς
415 249 543 282 κτΙσεως
588 248 650 275 ἀντὶ
672 249 733 283 τοῦ,
750 250 879 286 βασιλεία
892 259 899 267 ·
920 251 964 278 καὶ

1020 250 1186 285 ipsissimam
1214 251 1356 279 veritatem
1382 258 1430 286 per
1450 252 1610 286 essentiam,
1635 253 1687 282 bac
1716 257 1808 290 pbrasi

181 294 253 330 ἁρχὴ
267 294 387 326 πάντων,
401 294 439 326 ὡς
453 294 508 321 τῶν
519 295 678 329 κτισμάτων
687 295 865 329 δεσπόζουσα.
888 297 971 333 Ἀρχὴ

181 339 236 374 γὰρ
263 338 334 375 [τῆς]
360 339 476 371 κτίσεως
511 340 528 375 ἡ
554 341 784 376 προκαταρκτικὴ
820 341 895 368 αἰτία
924 341 972 368 καὶ

182 385 323 417 ᾱκτιστος.

219 473 292 501 Οἶδά
313 481 371 501 σου
390 475 426 501 τὰ
449 475 534 510 ἔργα·
555 474 599 502 ὅτι
623 475 692 503 οὔτε
709 475 827 510 ψυχρὸς
846 472 883 509 εἶ,
901 477 971 504 οὔτε

183 517 286 551 ζεστὸς
314 520 370 556 [ὅτι
394 521 519 554 χλιαρὸς
532 517 581 556 ei].
602 520 736 555 Ὄφελον
758 521 877 555 ψυχρὸς
891 519 929 556 ἦς
950 522 970 556 ἢ

183 563 298 598 ζεστός]
310 565 409 597 Οὕτως
429 565 475 592 ὅτι
491 564 617 600 χλιαρὸς
635 564 673 599 εἴ,
687 567 736 593 καὶ
757 567 825 594 οὕτε
855 564 968 600 ζεστὸς,

183 611 252 637 οὔτε
265 611 394 645 ψυχρός.

218 656 273 683 Καὶ
295 657 309 683 ὁ
326 656 455 690 Θεολόγος
476 656 544 692 φησὶ
561 654 582 682 Γ
585 656 726 693 ρηγόριος⁸
742 656 816 684 Δέον
841 655 970 692 ἀκριϐῶς

182 698 251 735 ζεῖν,
261 702 280 736 ἣ
289 701 415 736 ἀκριϐῶς
422 701 604 736 ἀπεψύκθαι.
616 701 736 735 Εἰκότως
749 710 755 718 ·
764 704 779 730 ό
790 703 841 739 μὲν
853 704 907 739 γὰρ
917 704 969 739 ψυ-

181 747 258 783 χρὸς,
272 745 380 783 καὶτῆς
390 745 503 782 ζεούσης
527 747 644 779 πίστεως
660 748 805 783 ἄγευστος,
834 750 864 776 ὲν
880 749 969 777 ὲλπιδι

181 792 313 823 πολλάκις
333 791 408 819 ἔσται
431 792 480 820 τοῦ
510 794 603 828 τυχεῖν
618 793 704 828 αὐτῆς
719 802 726 809 ·
739 794 753 820 ὁ
771 794 799 821 δὲ
821 794 905 827 ζέσας
923 794 968 822 διὰ

179 836 227 862 τοῦ
248 836 438 871 βαπτίσματος
452 837 491 872 τῷ
504 837 653 873 Πνεέματι,
672 839 719 865 καὶ
737 838 906 875 ἀποψυχθεὶς
924 839 968 867 διὰ

180 882 319 918 ρᾳθυμίαν
339 883 465 919 ὕστερον,
480 884 570 920 ἑαυτῷ
592 884 642 916 τὰς
664 884 777 916 ἐλπίδας
803 885 853 920 τῆς
878 894 967 920 σωτη-

1026 295 1174 324 indieatur.
1186 295 1306 324 Vocatur
1321 300 1411 324 autem
1421 302 1550 326 creaturae
1560 299 1732 334 principium,
1744 302 1808 335 quia

1022 345 1064 368 est
1077 342 1260 375 primardialis
1274 346 1301 369 et
1316 342 1437 370 increata
1451 343 1575 377 eiusdem
1590 352 1698 372 causa-:
1717 347 1759 373 vcl
1773 347 1809 374 ob

1023 385 1048 413 id
1063 390 1197 414 creatura:
1223 386 1295 422 ἀρχὴ
1320 392 1444 421 vocatur,
1460 390 1524 423 quia
1541 389 1696 417 absolutum
1721 392 1748 418 in
1767 400 1810 420 res

1022 437 1117 458 omnes
1128 431 1273 465 productas
1290 431 1472 466 principatum
1486 438 1570 461 tenet.

1057 475 1100 508 Ill,
1117 476 1162 510 15,
1177 476 1222 503 16.
1240 475 1300 504 Scio
1317 484 1396 511 opera
1412 482 1467 511 tua,
1488 480 1558 513 quod
1587 488 1667 516 neque
1691 482 1807 517 frigidus

1020 530 1058 553 es,
1073 528 1153 556 neque
1165 522 1268 549 calidus
1283 529 1294 549 .'
1309 522 1412 550 utinam
1439 523 1551 558 frigibua
1573 533 1651 558 esset,
1671 532 1719 554 aut
1743 528 1810 555 cali«

1020 567 1089 594 dus!
1103 567 1155 595 Sed
1174 568 1237 603 quia
1259 569 1361 602 tepidus
1372 576 1410 601 ea,
1424 574 1449 596 et
1462 578 1508 597 nec
1529 571 1646 605 frigidas
1669 580 1715 600 nec
1741 575 1808 600 cali—

1020 612 1082 646 dus,
1106 614 1233 648 incipiam
1258 619 1282 641 te
1294 621 1409 641 evomere
1425 622 1458 641 ea:
1466 623 1510 642 ore
1524 624 1591 643 meo.

1056 659 1124 686 Cum
1140 659 1278 687 hominem
1295 664 1421 688 accurate
1433 661 1535 694 vivere,
1552 661 1603 689 hoc
1616 666 1667 694 est,
1682 662 1722 690 νει
1734 663 1802 690 insi-

1020 704 1104 740 gniter
1127 704 1237 739 fervere,
1256 706 1296 733 vel
1321 706 1461 740 insigniter
1475 706 1571 741 frigere
1590 712 1727 742 oporteat,
1749 716 1806 735 me-

1019 749 1072 778 rito
1085 749 1341 785 (inquitGregorius
1356 750 1521 787 Theologus)
1531 751 1613 779 dicit:
1630 752 1740 779 Utinam
1757 754 1807 788 fri-

1018 794 1095 830 gidus
1106 799 1153 822 aut
1166 795 1282 830 fervidus
1294 797 1383 823 esus!
1397 796 1540 832 Siquidem
1562 798 1609 832 qui
1635 799 1747 826 omnino
1759 799 1808 825 ad-

1019 841 1074 868 huc
1089 840 1181 876 friget.
1195 841 1246 868 hoc
1256 846 1308 875 est,
1323 842 1453 870 ferventis
1466 842 1527 870 lidei
1543 850 1640 871 exsors
1654 847 1708 875 est,
1726 850 1807 878 pror-

1018 892 1066 913 sus
1081 893 1156 920 spem
1173 885 1238 913 facit
1251 886 1308 913 fore
1323 891 1353 914 ut
1366 894 1427 914 eam
1444 887 1590 923 aliquando
1609 893 1806 923 consequatur,

180 917 242 962 pia;
255 917 390 963 {Exod/2,
402 917 561 962 καταγνοὺς⁷
582 929 632 964 τῆς
657 929 814 965 αἱρεθείσης
831 917 964 962 πίστεως.

1017 917 1141 964 adeoque
1154 937 1188 957 ex
1211 929 1309 965 frigido
1331 930 1454 959 fervidus
1466 917 1585 959 evadat:
1613 937 1641 959 at
1671 917 1736 959 vero
1760 917 1806 967 qui

181 970 294 1007 Ἔργοις
314 972 365 1008 μὲν
378 972 433 1008 γὰρ
447 972 498 1000 οὐκ
512 973 696 1008 ἀπογνωστέα
711 974 734 1008 ,ἡ
757 974 873 1009 μεσότης
889 980 897 991 ⁸
911 973 966 1001 ὣσ-

178 1024 232 1052 περ
247 1017 262 1044 ό
275 1018 387 1053 ἔννομος
400 1019 498 1054 γάμος,
517 1018 600 1054 μέσος
614 1019 652 1046 ὢν
665 1019 814 1054 παρθενίας
826 1020 876 1046 καὶ
894 1027 963 1055 πορ-

177 1063 262 1095 νείας,
276 1064 326 1090 οὐκ
340 1064 503 1100 ἀπόϐλητοςσ
518 1065 546 1092 ὲν
560 1062 588 1091 δὶ
602 1065 636 1100 τῇ
651 1064 751 1098 πίστει,
765 1064 795 1092 τὸ
818 1065 901 1101 μέσον
916 1066 965 1093 καὶ

177 1109 289 1144 χλιαρὸν
299 1109 440 1145 ἀδόκιμον.
825 1126 842 1142 ο

1015 983 1065 1011 per
1077 975 1245 1010 baptismum
1269 977 1367 1011 spiritu
1395 977 1515 1005 fervidus
1528 978 1613 1005 semel
1641 978 1760 1011 exstitit,
1780 984 1808 1006 et

1015 1024 1111 1055 postea
1125 1027 1173 1055 per
1188 1020 1322 1055 ignaviam
1338 1021 1465 1056 intepuit,
1484 1021 1640 1049 iltesalutis
1652 1030 1729 1057 spem
1754 1022 1805 1049 sibi

1014 1067 1064 1102 ipsi
1082 1067 1284 1102 quodammodo
1303 1068 1465 1102 amputavit;
1489 1068 1541 1095 title
1559 1068 1701 1101 nimirum,
1724 1075 1806 1103 quam

1014 1116 1078 1140 ante
1094 1112 1251 1147 complexus
1264 1113 1418 1145 videbatur,
1438 1114 1588 1148 repudiata.
1607 1113 1679 1141 S'ane
1695 1114 1722 1140 in
1740 1121 1806 1148 ope-

177 1154 254 1182 ribus
270 1156 398 1188 externis,
415 1155 487 1190 quod
513 1155 634 1183 medium
663 1160 764 1189 servat,
777 1163 832 1183 non
860 1161 903 1184 est
927 1165 1037 1192 semper
1058 1157 1254 1192 respuendum.
1284 1159 1362 1193 quasi
1381 1166 1443 1185 eum
1480 1159 1548 1186 vitio
1563 1159 1599 1186 sit
1628 1159 1805 1193 coniunctum

178 1203 278 1236 (neque
296 1202 370 1230 enim
388 1201 539 1237 legitimum
558 1201 730 1238 conjugium,
752 1204 825 1238 quod
843 1203 961 1231 medium
973 1207 1047 1231 tenet
1063 1203 1134 1230 inter
1163 1203 1327 1238 virginitatis
1358 1204 1513 1231 custodiam
1545 1209 1572 1231 et
1599 1212 1693 1239 vagam
1713 1204 1805 1232 libidi-

177 1256 253 1282 nem,
262 1253 304 1276 est
317 1248 576 1284 condemnandum).
589 1249 623 1276 At
638 1257 700 1276 vero
715 1249 846 1282 medium,
866 1250 918 1278 hoc
932 1254 974 1277 est
988 1249 1107 1284 tepidum
1125 1249 1151 1276 in
1165 1250 1227 1282 title,
1241 1249 1302 1284 jure
1316 1250 1351 1277 ab
1368 1250 1494 1277 omnibus
1516 1249 1697 1284 improbatur.

211 1294 319 1322 meum
343 1302 380 1321 σε
395 1294 498 1328 ἐμέσαι
520 1293 555 1321 ἐκ
572 1292 625 1322 τοῦ
644 1295 793 1330 στόματός
818 1304 878 1330 μου
891 1305 898 1312 ·
916 1295 962 1323 ὅτι

176 1339 286 1374 λέγεις,
298 1339 450 1372 Πλούσιός
464 1340 533 1373 ειμι,
546 1339 595 1366 καὶ
614 1341 820 1373 πεπλούτηκα,
837 1341 886 1368 καὶ
911 1342 962 1368 οὐ-

176 1384 266 1417 δενὸς
291 1384 397 1418 χρείαν
421 1384 490 1419 ἔχω.
521 1385 576 1412 Καὶ
607 1385 664 1411 οὐκ
691 1381 777 1418 οἶδας
804 1385 849 1413 ὅτι
877 1385 918 1413 σὺ
937 1387 964 1413 ει

176 1430 194 1455 ό
216 1429 414 1462 ταλαίπωρος,
431 1428 492 1464 [καὶ
515 1428 669 1464 ἐλεεινὸς,]
691 1429 741 1456 καὶ
761 1429 889 1464 πτωχὸς,
915 1429 964 1457 καὶ

176 1474 305 1508 τυφλὸς,
320 1474 369 1501 καὶ
388 1474 512 1508 γυμνός.

209 1520 316 1556 Ὠσπερ
339 1520 404 1555 γὰρ,
419 1520 496 1555 φησι,
518 1519 548 1546 τὸ
565 1521 675 1556 χλιαρὸν
697 1521 795 1556 ἔμετον
821 1521 892 1547 κινεί
909 1521 965 1552 τοῖς

1047 1294 1090 1327 Ill,
1108 1295 1150 1327 l6,
1169 1295 1212 1322 17.
1225 1295 1354 1329 Incipiam
1373 1300 1398 1322 te
1416 1303 1533 1322 evomere
1547 1303 1579 1322 ex
1592 1303 1639 1322 ore
1657 1304 1722 1329 meo,
1742 1296 1806 1330 quia

1012 1341 1078 1368 dicis
1097 1348 1107 1368 :
1120 1340 1198 1367 Dives
1214 1349 1283 1373 sum,
1298 1345 1321 1367 et
1334 1341 1521 1375 locupletatus,
1535 1345 1559 1367 et
1575 1340 1672 1367 nullius
1691 1348 1768 1375 egeo;
1780 1345 1806 1368 et

1013 1386 1094 1412 nescis
1106 1386 1169 1420 quia
1181 1391 1209 1412 tu
1228 1393 1255 1413 es
1272 1385 1361 1418 miser,
1377 1390 1403 1412 et
1426 1385 1595 1417 miserabilis.
1617 1391 1641 1413 et
1654 1393 1765 1420 pauper,
1780 1391 1806 1414 et

1013 1437 1108 1462 cwcus,
1124 1434 1148 1457 et
1159 1429 1257 1457 nudus.

1054 1516 1300 1549 Quemadmodum,
1319 1516 1417 1552 inquit,
1429 1517 1550 1552 tepidum
1576 1517 1609 1544 iis
1623 1517 1696 1545 ciere
1714 1518 1803 1545 vomi-

177 1565 442 1601 μεταλαμϐάνουσιν,
458 1565 529 1592 οὕτω
538 1564 615 1600 κάγώ
625 1574 653 1592 σε
664 1566 700 1598 ὡς
710 1565 854 1600 βδελυκιδν
867 1565 964 1601 βρῶμα

1017 1565 1074 1589 tum
1092 1562 1161 1590 solet
1181 1562 1228 1598 qui
1249 1563 1313 1590 illud
1327 1567 1490 1596 assumunt,
1508 1564 1544 1590 ita
1562 1571 1612 1597 ego
1634 1571 1743 1598 quoque
1758 1571 1806 1598 per

175 1610 269 1645 ιμέσω
282 1610 328 1637 διὰ
342 1610 422 1643 λόγου
436 1610 568 1646 στόματός
583 1619 634 1646 μου
649 1611 690 1643 εις
707 1610 815 1637 αἰώνιον
830 1611 940 1637 κόλασιν
955 1619 962 1627 ·

175 1656 218 1682 ὅτι
232 1656 291 1687 ταῖς
307 1655 438 1687 ἀκάνθαις
451 1655 498 1682 τοῦ
515 1655 630 1683 πλούτου
646 1655 692 1683 τδν
705 1657 805 1692 σπόρον
817 1657 864 1684 τοῦ
891 1657 963 1683 θείου

175 1701 258 1736 λόγου
282 1701 484 1736 συμπνιγουσα,
500 1702 550 1738 τὴν
571 1701 672 1736 ἑαυτῆς
684 1703 713 1729 ἐν
734 1703 789 1734 τοῖς
811 1711 964 1738 πνευματι-

175 1748 236 1778 κοῖς
263 1747 371 1783 ᾲγνοείς
388 1747 536 1782 πτωχείαν,
568 1747 616 1774 καὶ
641 1747 690 1782 τὴν
706 1747 762 1774 τῶν
773 1748 878 1783 νοητῶν
892 1747 963 1784 [σου]

175 1793 325 1828 ὀφθαλμῶν
349 1791 497 1828 τύφλωσιν,
513 1793 560 1820 καὶ
581 1794 631 1830 τὴν
645 1793 675 1826 ἐξ
700 1793 811 1828 ἀγαθῶν
835 1790 964 1829 ’πράξεων

175 1837 331 1874 γύμνωσιν.

211 1929 409 1963 Συμϐουλεύω
431 1936 480 1955 σοι
498 1928 643 1962 ἀγοράσαι
660 1927 729 1962 παρ’
745 1927 818 1962 ἐμοῦ
833 1928 963 1962 χρυσίον

174 1973 392 2009 πεπυρωμένον
414 1974 449 2000 ἐκ
474 1975 579 2007 πιῬὸς,
609 1974 660 2000 ἵνα
686 1973 879 2006 πλουτήσης”
914 1973 964 1999 καὶ

174 2019 276 2054 quina
289 2018 394 2051 λευκὰ,
408 2019 458 2045 ἵνα
472 2018 629 2053 περιϐάλῃ,
648 2018 698 2044 καὶ
714 2018 756 2052 μὴ
772 2017 927 2052 φανερωθῇ
944 2018 963 2052 ἠ

172 2066 308 2099 αἰσχύνη
332 2064 388 2100 τῆς
410 2065 595 2099 γυμνότητός
621 2071 695 2091 σου·
723 2063 772 2090 και
800 2063 963 2098 κολλύριον

172 2111 319 2146 ἕγχρισον
333 2109 404 2143 τοὺς
423 2110 595 2144 ὀφθαλμούς
609 2116 678 2140 σου,
694 2110 744 2136 ἵνα
757 2108 891 2142 βλέπῃς.

210 2156 243 2183 Et
264 2155 293 2182 δὲ
317 2155 465 2190 πλουτῆσαι
488 2154 581 2190 βούλῃ,
600 2155 677 2189 φησι,
706 2154 883 2189 συμϐουλεύω
908 2162 962 2186 σοι,

172 2203 241 2236 παρ’
265 2201 333 2236 ἐμοῦ
356 2201 403 2228 τοῦ
432 2200 621 2232 πλουτίζοντος
649 2199 800 2235 κτήσασθαι
831 2199 961 2235 προθέσει

1016 1608 1129 1636 verbum
1146 1610 1204 1636 oris
1228 1608 1280 1635 mei
1309 1613 1335 1636 te
1352 1609 1435 1635 vclnti
1450 1609 1643 1636 exsecrabilem
1656 1617 1747 1637 escam
1776 1611 1805 1637 in

1015 1654 1214 1689 sempiternum
1229 1654 1391 1689 supplicium
1405 1661 1546 1689 exspuam.
1561 1654 1630 1682 Nam
1646 1655 1803 1683 divitiarum

1015 1699 1101 1734 spinis
1117 1699 1234 1730 obsitus,
1246 1698 1331 1725 divini
1352 1699 1427 1726 verbi
1446 1707 1538 1726 semen
1555 1700 1582 1726 in
1610 1704 1636 1726 te
1656 1700 1801 1734 prmfocas,

1014 1750 1143 1780 tuamque
1158 1746 1184 1772 in
1194 1746 1275 1772 rebus
1282 1745 1454 1779 spiritalibus
1471 1744 1590 1779 inopiam
1608 1744 1740 1779 ignoras;
1754 1752 1804 1772 ne-

1014 1799 1067 1826 que
1080 1791 1243 1818 interiorum
1259 1789 1402 1818 oculorum
1417 1797 1527 1817 tuorum
1541 1790 1691 1817 caecitatem
1709 1798 1801 1822 curas,

1015 1829 1103 1872 neque
1119 1841 1191 1864 tuam
1205 1843 1315 1872 quoque
1328 1844 1342 1863 a
1352 1835 1433 1863 bonis
1447 1836 1577 1871 operibus
1590 1836 1741 1863 nuditatem
1757 1843 1804 1863 sa-

1015 1883 1050 1910 tis
1067 1887 1195 1910 accurate
1206 1882 1376 1910 consideras.

1051 1929 1101 1963 17
1113 1927 1157 1960 Ill,
1169 1928 1213 1955 18.
1229 1928 1335 1955 Suadeo
1350 1927 1398 1955 tibi
1408 1935 1492 1955 emere
1506 1935 1522 1954 a
1533 1935 1574 1954 me
1584 1935 1679 1954 aurum
1692 1927 1804 1961 ignitum

1013 1974 1170 2008 probatum,
1187 1978 1215 2000 ut
1240 1973 1355 2008 locuples
1373 1973 1423 2007 ﬁas
1439 1978 1485 1999 :et
1499 1973 1661 1999 vestimentis
1676 1971 1743 1998 albis
1760 1972 1804 1998 in-

1013 2019 1123 2051 duaris,
1141 2023 1169 2045 ut
1189 2027 1241 2045 non
1260 2023 1386 2053 appareat
1401 2018 1522 2052 confusio
1542 2017 1671 2044 nuditatis
1688 2023 1741 2044 tua:
1755 2025 1765 2043 .'
1780 2021 1805 2044 et

1013 2064 1123 2099 collyrio
1141 2065 1238 2099 inunge
1252 2064 1342 2090 oculos
1361 2069 1430 2096 tuos,
1447 2068 1475 2089 ut
1491 2062 1589 2090 rideas.

1049 2151 1078 2179 Si
1092 2151 1226 2179 ditescere
1245 2151 1338 2183 lubet,
1359 2158 1374 2178 a
1395 2158 1447 2182 me,
1466 2150 1565 2185 inquit,
1583 2149 1630 2184 qni
1647 2157 1725 2176 veras
1750 2155 1806 2177 sta-

1015 2197 1136 2232 bilcsque
1146 2205 1212 2233 opes
1233 2197 1345 2232 largior,
1363 2196 1479 2223 ferventi
1494 2196 1631 2223 desiderio
1650 2195 1806 2230 valentique

173 2235 341 2283 (sationem).
357 2247 457 2282 καρδίᾳ
473 2246 598 2282 θελούσῃ,
622 2245 732 2280 χρυσίον
747 2245 959 2279 πεπυρωμένον,

1016 2244 1107 2270 animo
1120 2243 1235 2278 ignitum
1248 2250 1345 2270 aurum
1355 2243 1456 2274 emito;
1467 2248 1563 2275 nempe
1577 2249 1662 2268 sacrae
1674 2241 1806 2268 doctrina:

173 2291 294 2327 [ἤγουνῇ
314 2290 360 2317 τὸν
384 2290 572 2317 διδασκαλικὸν
595 2290 684 2323 λόγον,
704 2289 750 2316 τὸν
765 2289 803 2324 τῷ
820 2290 887 2322 πυρὶ
906 2289 961 2315 τῶν

173 2337 340 2373 πειρασμῶν
357 2335 599 2371 λαμπρυνόμενον·
615 2335 649 2362 δι’
663 2332 694 2362 οὗ
711 2335 781 2368 ἕξεις
797 2335 826 2361 ὲν
842 2336 874 2370 τῇ
892 2343 961 2369 καρ-

172 2381 219 2415 δίᾳ
241 2381 286 2407 τδν
302 2381 439 2416 θησαυρὸν
454 2380 561 2411 ἄσυλον,
580 2379 628 2406 καὶ
645 2379 778 2414 περιϐολῇ
797 2379 846 2412 τὴν
863 2379 960 2414 στολὴν

173 2427 228 2453 τῶν
243 2426 350 2461 ἀρετῶν
365 2426 414 2461 τὴν
436 2425 647 2462 ὑπέρλαμπρον·
666 2425 699 2451 δι’
713 2422 747 2460 ἦς
767 2426 784 2460 ἠ
814 2433 961 2459 προσγενο-

174 2472 247 2506 μένη
272 2480 314 2498 σοι
340 2472 370 2504 ea
395 2471 531 2505 ἁμαρτίας
558 2470 782 2505 ἀμφιασθήσεται
808 2470 960 2505 γύμνωσις.

173 2516 344 2549 Κολλύριον
355 2516 394 2548 δὲ,
407 2517 423 2550 ὴ
435 2515 621 2550 ὰκτημοσύνη.
637 2516 667 2542 El
679 2515 733 2550 γὰρ
746 2515 820 2550 δῶρα
832 2515 961 2550 ὲκτυφλοϊ

171 2554 333 2597 ὀφθαλμοὺς
351 2562 515 2596 βλεπόντων,
535 2561 645 2593 τούτους
665 2562 774 2593 πάντως
805 2561 908 2595 ἀνοίγει
929 2561 960 2588 τὸ

172 2607 312 2641 ἀδωροδόκ
317 2615 390 2641 ητον.

215 2692 291 2729 Ἐγὼ
306 2693 396 2728 ὅσους
422 2695 476 2721 ἐὰν
501 2693 588 2729 φιλῶ,
612 2694 725 2730 ἐλέγχω
747 2694 797 2721 καὶ
818 2695 958 2723 παιδεύω.

173 2739 323 2773 Ζήλωσον
336 2737 394 2766 οὖν
405 2740 454 2767 καὶ
466 2741 670 2774 μετανόησον.

210 2784 220 2821 [
234 2785 309 2818 Ἐγὼ
322 2784 415 2817 ὅσους
431 2785 484 2811 ἐὰν
500 2785 587 2819 φιλῶ,
602 2785 724 2820 ἐλέγχω.
738 2785 795 2821 -]
813 2785 899 2812 Βαϐαὶ
909 2786 960 2820 τῆς

175 2831 397 2867 φιλανθρωπίαςί
411 2832 480 2867 πόσῃ
491 2832 638 2867 ἀγαθότητι
654 2832 669 2858 ὁ
684 2831 794 2866 ἔλεγχος
811 2832 958 2867 κέκραταιι

217 2876 296 2906 Ἰδοὺ
314 2877 431 2912 ,ἕστηκα
450 2878 499 2905 ἐπὶ
517 2877 573 2912 τὴν
591 2878 694 2912 θύραν,
711 2878 759 2904 καὶ
778 2878 889 2911 κρούω·
906 2878 959 2904 ἐὰν

1013 2289 1125 2315 verbum
1148 2288 1210 2322 igne
1227 2287 1409 2315 tentationum
1424 2287 1597 2321 exploratum
1615 2286 1805 2321 splendidum-

1012 2341 1065 2369 qne
1088 2334 1233 2360 redditum.
1259 2333 1311 2360 Per
1332 2333 1385 2360 hoc
1407 2333 1479 2360 enim
1504 2332 1580 2359 cordi
1604 2336 1650 2358 tuo
1670 2331 1804 2366 ejusmodi

1012 2379 1158 2406 thesaurus
1177 2378 1311 2413 obtinget,
1326 2378 1371 2412 qui
1386 2385 1435 2405 nec
1451 2377 1545 2404 violari
1569 2384 1620 2404 nec
1631 2376 1712 2411 diripi
1727 2376 1806 2404 facile

1012 2424 1121 2458 poterit.
1137 2423 1325 2458 Vestierisque
1341 2423 1483 2457 splendida
1507 2424 1640 2449 virtutum
1653 2423 1734 2454 stola,
1750 2430 1804 2456 qua

1012 2468 1131 2498 nuditas.
1149 2475 1232 2503 quam
1248 2475 1282 2495 ex
1297 2471 1409 2502 peccato
1423 2472 1612 2499 contraxeras,
1630 2470 1802 2500 contegctnr.

1011 2512 1063 2540 Per
1085 2513 1224 2548 collyrium
1243 2517 1334 2540 autem
1359 2513 1474 2540 innuere
1495 2513 1604 2540 videtur
1627 2516 1802 2538 externarum

1012 2565 1102 2585 rerum
1116 2558 1268 2592 penuriam,
1284 2565 1484 2592 numerumque
1498 2556 1717 2592 despicientiam.
1733 2553 1801 2580 Nam

1011 2603 1033 2630 si
1051 2603 1122 2630 dona
1155 2604 1304 2631 videntium
1323 2603 1418 2631 oculos
1439 2607 1594 2633 excaecant,
1610 2600 1722 2628 omnino
1740 2607 1800 2625 mn-

1011 2655 1106 2675 nernm
1122 2649 1291 2683 contemptio
1305 2649 1356 2676 bos
1370 2649 1485 2684 aperiet.

1045 2693 1090 2726 Ill,
1105 2694 1147 2722 i9.
1166 2694 1221 2730 Ego
1234 2703 1297 2730 quos
1310 2703 1380 2726 amo,
1391 2702 1473 2730 arguo
1487 2697 1511 2720 et
1531 2692 1642 2726 castigo.
1659 2690 1801 2717 (Emulare

1009 2747 1070 2774 ergo
1078 2760 1086 2772 ,
1100 2745 1124 2767 et
1135 2741 1314 2774 ptenitentiam
1331 2749 1389 2776 age.

1044 2784 1140 2820 Papa!
1165 2790 1267 2820 quanta
1290 2786 1337 2814 Dei
1359 2784 1521 2813 clementia!
1542 2789 1643 2818 quanta
1666 2783 1801 2811 suavitate

1010 2835 1037 2860 et
1051 2831 1217 2866 benignitate
1234 2832 1474 2867 reprehensionem
1491 2829 1638 2865 temperati

1047 2877 1092 2912 lll,
1105 2878 1149 2906 20.
1171 2880 1228 2913 qu
1246 2883 1288 2906 sto
1305 2878 1340 2905 ad
1356 2877 1451 2906 ostium
1473 2881 1498 2904 et
1514 2877 1600 2912 pulsa.
1627 2876 1655 2904 Si
1672 2876 1729 2911 quis
1749 2884 1798 2901 uu-
