2075 3157
255 169 308 203 251

841 171 1006 201 ΛΝΒΒΕᾸΞ
1025 170 1168 201 ΕᾹὲδΑΒΙ
1174 171 1285 202 ΕΝςΙΞ

1823 170 1879 203 252

257 229 335 256 dierit
358 234 444 255 vocem
460 235 561 260 nteant,
577 231 601 254 et
616 227 747 261 aperuerit
766 226 830 253 mihi
844 226 974 260 januam,
998 225 1041 253 in-

1099 222 1184 261 ,oﬁr]
1211 234 1256 258 τις
1279 225 1397 260 ἀκούσῃ
1426 225 1480 259 τῆς
1498 225 1601 260 φωνῆς
1621 234 1681 260 μου
1703 226 1751 253 καί
1771 226 1879 261 ἀνοίξῃ

259 274 333 302 (rabo
347 274 382 302 ad
402 274 489 307 illum,
505 280 530 301 et
545 273 651 301 uenalia
665 281 725 300 cum
740 273 788 300 illo
798 293 805 306 ,
818 278 843 300 et
861 273 916 308 ipse
931 280 1042 299 mecum.

293 363 361 394 Mea,
379 363 476 397 inquit,
494 362 639 397 praesentia
659 362 725 389 nulli
745 362 799 389 vim
828 362 917 390 alit-rt.
947 362 1044 390 Cnrdis

259 408 358 434 ostium
374 407 470 440 pulso;
488 411 611 441 prompte
634 407 768 441 aperienti
791 415 875 442 super
893 408 979 435 salute
995 416 1044 435 sua

259 452 395 487 gratulor;
412 452 541 486 illamque
568 452 687 486 opipare:
702 459 788 480 coena:
809 452 870 479 loco
891 452 961 480 dueo
981 462 988 479 :
1005 452 1044 481 si-

258 494 367 529 quidem
386 495 419 522 iis
431 495 512 523 rebus
524 496 659 530 principiis
674 497 767 531 capior
779 501 807 523 et
821 504 929 530 pascor,
943 498 1045 532 quibus

259 539 309 574 ipsi
336 540 461 573 spiritum
486 541 574 572 alunt,
600 541 754 577 famemque
779 543 907 570 audiendi
933 543 1044 570 verbum

259 584 305 612 Dei
318 587 422 619 sedant,
438 594 469 614 ac
482 588 583 616 erroris
597 589 723 616 tenebras
733 589 904 624 propulsant.

295 674 336 706 Ill,
351 675 401 708 21,
414 675 460 705 2‘2.
476 677 528 710 Qui
539 677 629 704 vicerit
640 698 647 710 ,
665 678 733 704 dabo
748 678 772 704 ei
789 677 877 704 sedere
899 685 998 704 mecum
1019 678 1045 704 in

260 719 351 746 throno
368 729 422 747 meo
433 741 440 753 ,
457 723 523 748 sicut
538 727 563 749 et
576 731 621 757 ego
637 723 686 750 vici
698 743 705 754 ,
726 728 750 749 et
765 723 870 750 comedi
887 731 944 749 cum
966 722 1047 750 Patre

260 772 316 791 meo
337 766 364 791 in
381 766 476 793 tltrouo
490 767 558 801 ejus.
577 766 629 799 Qui
643 768 720 794 ltebet
745 776 835 795 aurem
846 787 854 799 ,
874 768 966 800 audiat
983 768 1046 803 quid

260 807 374 842 Spiritus
391 810 461 838 dicat
476 810 611 839 Ecclesiis.

1095 270 1152 304 τὴν
1174 271 1279 304 θύραν,
1306 271 1516 305 εἰσελεύσομαι
1533 270 1608 304 πρὸς
1632 270 1734 302 αὐτὸν,
1751 271 1800 298 καὶ
1821 271 1880 298 δει-

1095 315 1201 350 πνήσω
1211 317 1274 351 μετ’
1291 317 1394 349 αὑτοῦ,
1410 316 1457 343 καὶ
1472 317 1564 349 αὐτὸς
1575 315 1638 350 μετ’
1654 316 1739 350 ἐμοῦ.

1131 361 1239 397 [Ἰδοὺ,
1266 359 1326 397 ἦκα
1339 361 1398 388 ’ἐπὶ
1420 361 1477 395 τὴν
1500 361 1603 395 θύραν,
1631 361 1680 388 και
1705 362 1811 396 κρούω.
1826 362 1880 398 -]

1100 406 1252 439 Ἀὄὶαστος,
1271 406 1364 441 φησὶν,
1377 407 1393 441 ή
1408 406 1462 441 ἐμὴ
1479 406 1624 441 παρουσία.
1643 407 1698 441 Τὴν
1720 407 1805 441 θύραν
1830 407 1881 441 τῆς

1095 449 1208 484 καρδίας
1234 449 1340 485 κρούω·
1365 451 1412 476 καὶ
1433 451 1489 481 τοῖς
1512 450 1667 483 ἀνοίγουσιν
1683 449 1729 476 ἐπὶ
1743 451 1775 485 τῇ
1790 450 1881 476 αὐτῶν

1097 495 1218 531 σωτηρίᾳ
1243 495 1484 531 συνευφραίνομαι.
1503 495 1613 530 Τροφὴν
1635 495 1688 530 γὰρ
1706 495 1755 522 καὶ
1774 495 1881 521 δεῖπνον

1095 539 1195 574 ταύτην
1210 539 1327 575 ἥγημαι,
1344 540 1508 575 τρεφόμενος
1522 540 1564 573 ἐφ’
1581 536 1621 570 οἷς
1633 539 1709 566 αὐτοὶ
1719 540 1880 574 τρέφονται,

1095 585 1143 612 καὶ
1170 585 1215 611 τὸν
1237 585 1314 620 λιμὸν
1343 585 1390 611 τοῦ
1417 585 1532 612 ἀκοῦσαι
1549 585 1628 618 λόγον
1654 585 1758 620 Κυρίου
1784 585 1831 611 καὶ
1851 585 1883 611 τὺ

1097 631 1192 662 σκότος
1207 631 1257 665 τῆς
1272 631 1378 665 πλάνης
1392 631 1589 665 ἀποφεύγουσι.

1140 676 1170 703 '0
1184 676 1286 708 νικῶν,
1300 676 1385 702 δώσω
1397 676 1477 709 αὐτῷ
1491 677 1612 703 καθίσαι
1630 677 1692 711 μετ’
1706 677 1779 711 ἐμοῦ
1793 676 1828 703 ἐν
1843 676 1882 709 τῷ

1097 723 1192 756 θρόνῳ
1207 731 1267 757 μου
1279 731 1285 737 ·
1304 723 1345 756 ὡς
1363 722 1443 756 κάγὼ
1458 722 1586 756 ἐνίκησα
1605 722 1653 748 καὶ
1672 721 1797 749 ἐκάθισα
1807 721 1883 755 μετὰ

1097 768 1148 795 τοῦ
1159 768 1274 801 Πατρός
1283 776 1343 802 μου
1353 767 1388 794 ὲν
1401 767 1440 800 τῷ
1453 768 1548 802 θρόνῳ
1562 766 1666 794 αὐτοῦ.
1685 767 1715 793 '0
1725 767 1804 801 ἔχων
1816 765 1883 800 οὖς,

1097 812 1256 839 ἀκουσάτω
1288 813 1316 838 τί
1344 811 1377 838 τὸ
1404 811 1525 846 Πνεῦμα
1552 811 1634 846 λέγει
1661 811 1726 844 ταῖς
1757 812 1883 845 Ἐκκλη-

1097 859 1189 891 σίαις.

295 897 348 924 Per
374 898 469 924 talium
491 907 604 935 regnum
621 900 761 935 futurique
775 902 866 929 seaculi
883 904 989 937 reqtties
998 904 1045 931 de-

1132 889 1182 931 Διὰ
1202 903 1231 931 δὲ.
1246 904 1297 931 τοῦ
1316 904 1424 938 θρόνου
1445 903 1461 938 ἡ
1478 902 1603 938 βασιλεία
1630 903 1678 929 καὶ
1693 903 1710 937 ἡ
1728 902 1881 933 ἀνάπαυσις

261 946 381 969 notatur.
397 943 441 970 Ait
455 952 519 979 ergo
535 953 542 972 :
559 944 688 980 Quisquis
704 946 820 976 hostem.
839 948 886 982 qui
900 948 952 975 sub
966 956 1046 982 aspe-

226 1016 231 1020 _
261 991 334 1015 clunt
352 996 403 1015 non
425 990 517 1022 vellit,
539 990 683 1023 devicerit,
706 992 750 1019 ille
773 1000 880 1020 mecum
906 995 1047 1028 regnabit,

261 1040 383 1068 meaeque
398 1034 489 1069 gleriu:
514 1036 649 1071 particeps
669 1038 733 1065 erit.
751 1038 819 1065 (Iunt
842 1043 932 1066 autent
953 1040 1045 1072 addit,

262 1077 337 1104 Sicut
357 1082 380 1104 et
396 1087 441 1113 ego
457 1079 516 1111 vici,
539 1079 574 1108 ob
589 1087 756 1116 assumptam
779 1090 900 1116 carnem,
919 1088 948 1110 ut
965 1085 1047 1112 ltonto

263 1123 399 1158 loquitur;
417 1132 506 1159 neque
524 1126 596 1153 enim
622 1126 692 1154 Deus
717 1127 852 1159 Verbum.
871 1129 980 1157 caeleste
1003 1138 1047 1157 re-

262 1176 346 1203 gnum
369 1173 498 1205 tanquam
513 1171 621 1199 virtutis
638 1174 779 1208 praemium
801 1175 949 1209 aliquando
969 1176 1048 1209 tulit;

263 1212 362 1247 quippe
384 1214 430 1248 qui
451 1217 611 1243 naturaliter
625 1222 652 1244 et
675 1218 710 1244 ab
724 1219 798 1245 omni
815 1221 966 1247 .uternitate
982 1221 1046 1248 illud

263 1259 424 1291 possederit.
449 1260 507 1288 Nisi
532 1262 604 1289 enitn
626 1268 721 1290 natura
746 1271 796 1291 sua
819 1264 854 1290 ita
876 1270 1050 1299 comparatus

263 1308 346 1338 esset,
360 1305 420 1333 aliis
435 1305 500 1333 illud
516 1307 648 1342 impertiri
662 1317 715 1336 non
734 1315 825 1344 posset
841 1319 849 1337 :
866 1318 927 1338 cum
946 1315 1048 1344 tamen.

264 1350 413 1378 secundum
430 1352 540 1379 tonitrui
558 1353 641 1380 ﬁlium
659 1353 836 1390 Theologum,
847 1363 895 1390 pro
907 1356 1050 1391 potestatis

265 1403 321 1423 suae
337 1396 505 1431 plenitudine
520 1399 624 1427 sanctis
639 1400 703 1428 illud
720 1401 851 1436 impertiri
867 1403 1050 1430 consueverit.

265 1441 304 1469 Ad
318 1443 440 1470 eamdem
457 1451 565 1479 quoque
580 1450 739 1480 potestatem
754 1453 868 1482 spectat,
882 1448 988 1482 judices
1002 1449 1050 1476 de-

265 1487 375 1523 signare
389 1493 416 1516 et
433 1490 594 1525 instituere;
608 1493 687 1519 sicuti
701 1497 811 1521 sanctos
825 1495 963 1528 apostolos
980 1495 1049 1522 duo-

264 1532 352 1585 decim
365 1534 483 1585 tribuum
496 1535 577 1585 Israel
586 1537 692 1571 judices
702 1538 757 1572 jam
769 1538 921 1574 designavit
931 1540 1050 1574 olimque
1063 1557 1084 1585 ϐ

265 1577 373 1607 futuros
394 1582 531 1614 promisit.
556 1582 662 1610 Etenim
684 1588 877 1618 posteaquam,
898 1592 959 1611 cum
980 1585 1050 1612 Deus

265 1624 367 1658 alioqui
387 1630 415 1651 et
429 1626 613 1661 sempiternus
629 1627 685 1654 Rex
700 1633 782 1658 esset,
803 1633 895 1656 nostra
909 1637 990 1656 causa
1009 1637 1050 1657 sc-

267 1668 319 1694 tttel
332 1667 420 1696 factus
435 1674 477 1697 est
495 1671 586 1704 homo,
599 1676 746 1706 nostraque
758 1673 860 1706 omnia,
873 1673 931 1700 solo
942 1680 1051 1708 peccato

266 1717 389 1746 excepto,
409 1715 595 1750 participavit.
620 1724 651 1744 ea
670 1717 760 1743 omnia
775 1725 835 1752 qua:
849 1718 998 1747 divinitatis
1018 1720 1050 1746 il-

266 1756 319 1785 lius
343 1760 450 1793 propria
469 1765 565 1792 erant,
583 1769 670 1796 neque
695 1762 820 1791 humana:
840 1768 929 1791 tamett
949 1770 1051 1792 natura)

266 1803 463 1838 repugnabant,
480 1805 514 1831 iis
524 1806 570 1839 qui
585 1805 723 1833 diabolum
734 1813 918 1842 superassent.
931 1809 1049 1837 vicissim

267 1849 398 1883 impertiri
423 1850 573 1878 constituit.
601 1851 749 1886 Eapropter
775 1857 803 1879 ut
838 1853 883 1880 ille
909 1853 934 1880 in
952 1862 1000 1881 sua
1018 1856 1051 1881 ad

267 1895 351 1923 emlos
367 1897 552 1931 assumptione
569 1897 641 1925 nube
657 1902 784 1932 tanquam
808 1900 933 1927 vehiculo
952 1901 989 1927 uti
1006 1908 1051 1927 vo-

267 1941 334 1973 luit;
347 1941 382 1968 ita
397 1946 509 1969 sanctos
523 1950 642 1978 quoque,
659 1948 689 1970 ut
702 1944 847 1978 Apostolus
864 1950 987 1978 testatur,
1005 1954 1052 1980 per

266 1986 366 2012 nubem
397 1986 424 2013 itt
454 1993 601 2015 occursum
637 1995 717 2016 suum
752 1989 889 2023 quondam
924 1990 1050 2025 abripivt.

269 2033 322 2068 ιε
337 2034 452 2061 Rursum
468 2039 496 2061 ut
518 2034 584 2069 ipse,
603 2039 731 2070 tanquam
753 2042 884 2063 creatnrtr
907 2036 1050 2070 Dominus,

265 2086 411 2114 rerumque
427 2080 561 2114 conditor,
578 2081 660 2115 iudex
678 2086 808 2109 vettturtts
824 2087 880 2114 est;
899 2083 933 2109 ita
950 2083 1052 2110 sanctis

265 2134 374 2161 quoque
399 2127 606 2162 illustribusque
620 2128 688 2156 viris
707 2135 755 2156 eos
774 2128 915 2163 judicandi
937 2133 965 2155 et
985 2137 1052 2155 eon-

264 2172 409 2199 demnandi
427 2177 587 2206 potestatem
603 2173 742 2209 largietur,
758 2174 806 2209 qui
820 2174 918 2201 divina:
935 2182 1053 2208 veruque

1097 950 1143 977 τοῦ
1159 950 1300 985 μέλλοντος
1309 950 1406 981 αἰῶνος
1421 949 1567 976 δείκνυται.
1583 949 1651 983 Φησὶ
1668 949 1768 980 τοίνυν,
1785 949 1826 975 ὅτι
1849 949 1882 975 Ol

1096 997 1141 1022 τὸν
1166 996 1262 1031 ἐχθρὸν
1285 996 1457 1030 νικήσαντες,
1481 994 1740 1029 συνδοξασθήσονταί
1768 1002 1812 1028 μοι
1835 993 1883 1020 καὶ

1099 1040 1354 1075 συμῆασιλεύσουσι.
1369 1041 1406 1066 To
1417 1040 1455 1072 δὲ,
1475 1039 1523 1071 Ὠς
1534 1038 1613 1073 κάγὼ
1625 1039 1763 1071 ἐνίκησα,
1779 1037 1884 1072 ἀνθρω-

1099 1085 1183 1118 Ιιτιίνως
1200 1087 1318 1120 εἴρηται,
1341 1086 1386 1112 διὰ
1413 1085 1463 1120 τὴν
1486 1084 1648 1120 πρόσληψιν.
1665 1084 1703 1110 Οὐ
1730 1083 1785 1118 γὰρ
1801 1081 1883 1110 ἆθλον

1097 1132 1197 1168 doni}:
1209 1128 1257 1167 τῆν
1271 1131 1410 1166 βασιλείαν
1432 1132 1446 1157 ο
1461 1131 1526 1162 Θεὸς
1542 1130 1626 1164 Λόγος
1647 1129 1785 1165 ἐκτήσατο
1805 1128 1883 1163 (ταύ-

1097 1187 1147 1212 την
1162 1177 1216 1213 γὰρ
1232 1177 1288 1212 ἔχει
1303 1176 1438 1208 οὺσιωδῶς
1450 1175 1510 1212 [ὡς]
1525 1175 1620 1202 ἀΐδιον,
1633 1175 1663 1201 El
1680 1175 1734 1208 γὰρ
1750 1174 1787 1209 μὴ
1794 1173 1883 1206 τοῦτο,

1098 1225 1147 1251 οὐκ
1172 1225 1204 1251 ἂν
1219 1224 1322 1258 ἑτέροις
1345 1222 1513 1257 μεταδιδὸναι
1535 1221 1638 1255 ταύτης
1660 1220 1789 1255 ἠδύνατο,
1816 1219 1885 1246 ἀλλὰ

1099 1268 1169 1295 κατὰ
1196 1268 1242 1294 τὸν
1265 1267 1394 1300 Θεολόγον
1420 1266 1467 1292 καὶ
1490 1265 1540 1300 τῆς
1567 1266 1681 1301 βροντῆς
1698 1265 1765 1297 υἱὸν,
1790 1265 1821 1291 ὲκ
1837 1263 1885 1291 τοῦ

1099 1313 1282 1348 πληρώματος
1305 1311 1387 1339 αὑτοῦ
1402 1313 1458 1343 τοῖς
1483 1311 1571 1346 ἁγίοις
1587 1310 1690 1346 [πᾶσι]
1717 1310 1886 1346 μετέδωκεν

1098 1359 1160 1385 ὅθεν
1175 1358 1222 1385 καὶ
1233 1359 1288 1389 τοῖς
1306 1358 1389 1393 ἱεροῖς
1401 1357 1560 1387 ἀποστόλοις
1576 1356 1744 1390 ἐπήγγελται
1762 1355 1885 1382 καθίσειν

1099 1405 1145 1432 ἐπὶ
1159 1404 1262 1431 δώδεκα
1282 1404 1393 1440 θρόνους
1413 1403 1515 1437 κρίνειν
1532 1402 1580 1434 τὰς
1593 1401 1718 1437 [δώδεκα]
1735 1400 1822 1435 φυλὰς
1836 1399 1883 1426 τοῦ

1105 1450 1212 1486 Ἰσραὴλ
1232 1450 1388 1486 μέλλοντας.
1411 1447 1520 1483 Ἐπειδὴ
1535 1447 1590 1482 γὰρ
1607 1446 1658 1482 [δι’
1672 1445 1762 1481 ἡμᾶς]
1779 1444 1885 1479 ἄνθρω-

1101 1504 1150 1527 πος
1165 1496 1272 1529 γέγονε,
1286 1494 1351 1526 Θεὸς
1367 1494 1496 1529 ὑπάρχων
1512 1492 1559 1520 καὶ
1572 1492 1697 1527 βασιλεὺς
1711 1489 1884 1526 προαιώνιος,

1101 1542 1149 1568 καὶ
1164 1542 1271 1568 πάντων
1285 1541 1339 1567 τῶν
1354 1539 1495 1575 ἡμετέρων
1509 1532 1645 1573 ἁμαρτίας
1659 1536 1743 1572 χωρὶς
1755 1535 1886 1570 μετέσχη-

1101 1594 1158 1617 κεν,
1176 1586 1284 1612 πάντων
1296 1585 1349 1611 τῶν
1368 1583 1465 1610 ἑαυτοῦ
1482 1583 1538 1613 τοῖς
1554 1582 1678 1616 νικηταῖς
1695 1580 1742 1606 τοῦ
1762 1579 1886 1606 διαϐόλου

1102 1631 1249 1666 μετέδωκε,
1261 1629 1351 1662 καθὼς
1359 1627 1393 1664 ἦν
1403 1628 1514 1655 δυνατὸν
1527 1627 1680 1662 ἀνθρώποις
1692 1624 1885 1657 ὐποδέξασθαι.

1102 1675 1183 1703 Ὅθεν
1200 1675 1314 1710 νεφέλην
1331 1675 1424 1709 ὄχημα
1446 1674 1495 1708 τῆς
1516 1673 1555 1704 εἰς
1580 1671 1711 1706 οὐρανοὺς
1728 1670 1887 1700 ὰναῦάσεως

1102 1721 1131 1747 ὲν
1144 1722 1177 1755 τῇ
1194 1720 1327 1754 ἀναλήψει
1344 1719 1425 1746 αὐτοῦ
1442 1720 1636 1754 ποιησάμενος,
1655 1719 1701 1745 καὶ
1716 1718 1778 1749 τοὺς
1792 1716 1887 1751 ἁγίους

1101 1766 1148 1791 ἐπὶ
1167 1765 1286 1799 νεφελῶν
1316 1765 1360 1791 διὰ
1384 1765 1431 1791 τοῦ
1462 1764 1624 1791 Ἀποστόλου
1650 1764 1733 1799 φησὶν
1757 1762 1887 1797 ἁρπαγή-

1103 1811 1197 1837 σεσθαι
1217 1811 1283 1844 πρὸς
1297 1811 1344 1845 τὴν
1366 1810 1449 1837 αὑτοῦ
1466 1811 1632 1845 ὑπάντησιν·
1657 1809 1705 1836 καὶ
1724 1809 1831 1845 κριτὴς,
1849 1808 1887 1839 ὼς

1102 1856 1271 1892 Δημιουργὺς
1289 1857 1335 1882 καὶ
1346 1856 1484 1890 Δεσπότης
1497 1856 1546 1890 τῆς
1560 1856 1684 1888 κτίσεως,
1698 1855 1886 1889 ἑλευσόμενος,

1102 1902 1206 1937 κρίνειν
1230 1903 1285 1932 τοῖς
1308 1902 1397 1935 ἁγίοις
1424 1901 1536 1936 παρέξει
1558 1901 1621 1932 τοὺς
1641 1901 1690 1936 τῆς
1715 1900 1790 1931 θείας
1803 1900 1886 1930 ὄντως

1103 1949 1149 1975 καὶ
1173 1948 1311 1983 μακαρὶας
1336 1947 1458 1978 δουλείας
1482 1947 1697 1982 ἀφηνιάσαντας,
1723 1946 1760 1977 ὦς
1779 1947 1889 1980 φησινὸ

1108 1993 1278 2025 ’Δπόστολος·
1293 1994 1353 2020 Οὐκ
1368 1993 1468 2020 οἴδατε
1485 1992 1529 2020 ὅτι
1545 1992 1693 2027 ἀγγέλους
1710 1991 1888 2026 κρινοῦμεν;

1102 2040 1203 2074 δηλαδὴ
1227 2041 1289 2072 τοὺς
1317 2039 1362 2066 τοῦ
1388 2039 1500 2070 σκότους
1529 2039 1674 2073 ἄρχοντας.
1697 2038 1774 2064 Ἐπεὶ
1798 2037 1889 2064 τοίνυν

1102 2085 1173 2112 οὕτω
1199 2085 1390 2119 φιλάνθρωπον
1427 2084 1472 2110 τὸν
1496 2083 1590 2118 κριτὴν
1622 2083 1730 2117 ἔχομεν,
1759 2081 1889 2117 εὐμενοῦς

1102 2130 1184 2157 αὑτοῦ
1206 2131 1297 2164 τυχεῖν
1326 2130 1537 2164 σπουδάτωμενο
1563 2128 1695 2163 διηνεκῶς
1721 2126 1890 2162 πληροῦντες

1102 2177 1132 2203 τὸ
1148 2175 1345 2210 Σολομώντειον
1359 2175 1462 2208 λόγιον·
1482 2175 1534 2201 Ἐν
1546 2174 1633 2200 παντὶ
1647 2174 1737 2207 καιρῷ
1749 2172 1891 2199 ἔστωσαν

266 2217 353 2245 beatae
370 2218 511 2245 servitutis
525 2219 621 2253 jngum
641 2220 758 2254 superbe
777 2225 968 2247 excusserunt.
993 2219 1048 2246 Ne-

1103 2222 1137 2248 rr‘t
1152 2220 1250 2255 ἱμάτιά
1267 2228 1325 2247 σου
1346 2219 1451 2251 λευκὰ,
1477 2218 1558 2255 [ταῖς]
1581 2220 1711 2254 πονηραῖς
1732 2218 1769 2252 μὴ
1790 2218 1890 2252 ρυπαι-

264 2263 354 2292 scitis,
369 2263 407 2290 ait
431 2264 591 2298 Apostolus,
615 2265 679 2299 quia
705 2265 809 2300 angelos
831 2265 1052 2298 judicabimus"?

265 2314 364 2341 nempe
387 2308 558 2335 tenebrarum
588 2309 734 2344 principes.
755 2310 821 2336 Cum
844 2317 909 2344 ergo
931 2309 1050 2344 judicent

266 2353 339 2379 naeli
354 2352 441 2380 simus
456 2360 544 2388 usque
554 2354 623 2380 adeo
637 2354 784 2389 benignum
798 2359 825 2382 et
836 2354 1009 2387 clementem,
1023 2360 1053 2382 ut

265 2398 343 2426 illum
355 2399 516 2427 benevolum
529 2400 933 2436 clementemqueexperiamur,
941 2408 1051 2436 operam

265 2445 361 2474 demus
386 2445 525 2479 sedulam,
553 2446 673 2482 illudque
700 2447 872 2480 Salomonis;
894 2446 1052 2474 Vestimenta

266 2495 311 2517 tua
326 2491 397 2517 omni
409 2496 522 2524 tempore
535 2492 587 2518 sint
599 2492 742 2525 candida',
757 2492 808 2520 hoc
822 2497 873 2524 est.
891 2492 973 2519 nullis
989 2499 1053 2526 pra-

265 2537 307 2565 vis
330 2538 460 2572 operibus
486 2538 692 2570 contaminata,
719 2539 793 2565 omni
824 2538 916 2565 studio
943 2538 1052 2572 explere

265 2584 474 2612 contendamus.
492 2584 532 2611 Ad
549 2592 611 2612 eum
624 2585 696 2612 enim
715 2584 825 2612 modum
848 2584 961 2618 nuptiali
976 2587 1052 2611 veste

266 2631 373 2658 aninms
389 2636 495 2659 nostras
507 2631 707 2659 convestieutes
717 2651 724 2663 ,
740 2631 885 2658 immortali
903 2629 1010 2666 Sponso
1024 2633 1052 2656 et

1102 2268 1203 2302 νόμενα
1230 2267 1372 2302 πράξεσιν.
1396 2265 1474 2292 Οὕτω
1499 2264 1553 2300 γὰρ
1570 2264 1713 2299 νυμφικῶς
1738 2263 1786 2294 τὰς
1802 2262 1891 2298 ψυχὰς·

1101 2312 1180 2348 ἡμῶν
1198 2313 1397 2347 κοσμήσαντες,
1421 2310 1587 2346 ἐπεράστους
1605 2309 1719 2340 ἑαυτοὺς
1736 2308 1775 2343 τῷ
1804 2308 1891 2343 [ἀθα-

1101 2358 1173 2392 νάτῳ
1188 2357 1306 2392 Νυμψίῳ
1321 2355 1384 2391 καὶ]
1400 2355 1508 2382 Βασιλεῖ
1526 2355 1611 2392 [πρὸς
1622 2355 1770 2388 συνάφειαν
1780 2352 1789 2388 ]
1799 2361 1891 2388 παρα-

1103 2403 1248 2438 στήσομεν,
1274 2403 1321 2428 καὶ
1347 2401 1400 2428 τῶν
1425 2401 1542 2428 αἰωνίων
1566 2400 1675 2434 ἀγαθῶν
1701 2398 1754 2434 [δι’
1784 2397 1891 2433 ἀρετῶν

1102 2446 1176 2481 αὑτῷ
1193 2445 1396 2481 συναφθέντες]
1411 2445 1573 2480 τευξόμεθα,
1591 2445 1620 2471 ἐν
1635 2444 1710 2479 αὑτῷ
1726 2442 1837 2478 Χριστῷ
1852 2442 1891 2477 τῷ

1101 2491 1161 2527 Θεῴ
1177 2491 1265 2527 ἡμῶν,
1292 2491 1330 2526 τῷ
1347 2491 1450 2518 τούτων
1465 2490 1594 2526 χορηγῷ-
1614 2489 1673 2524 μεΘ¹
1700 2486 1730 2516 οὗ
1747 2489 1786 2524 τῷ
1804 2489 1889 2522 Πατρὶ

1101 2536 1179 2569 δόξει,
1206 2535 1273 2571 τιμὴ
1305 2537 1352 2562 καὶ
1380 2535 1579 2570 προσκύνησις,
1610 2535 1667 2570 ἅμα
1695 2534 1734 2568 τῷ
1762 2532 1891 2566 παναγίῳ

1101 2580 1250 2614 Πνεύματι,
1267 2581 1332 2616 [νῦν
1347 2582 1395 2608 καὶ
1420 2581 1474 2613 ἀεὶ,
1494 2580 1561 2616 καὶ]
1579 2580 1618 2612 εἰς
1640 2580 1702 2611 τοὺς
1720 2579 1821 2609 αίῶνας
1835 2577 1892 2604 τῶν

1101 2627 1218 2654 αἰώνων.
1242 2627 1339 2662 Ἀμήν.

267 2675 332 2711 Regi
355 2683 406 2704 nos
430 2676 701 2708 commendabimus,
726 2676 832 2711 Ipsique
857 2683 905 2710 per
927 2675 1053 2702 virtutem
1066 2672 1215 2707 conjuncti,
1246 2671 1421 2706 sempiternis
1435 2673 1488 2701 illis
1513 2673 1591 2700 bonis
1619 2672 1753 2707 potiemur
1769 2679 1776 2697 :
1793 2669 1820 2697 in
1835 2669 1893 2703 ipso

266 2721 375 2748 Christo
393 2721 447 2749 Deo
462 2726 489 2749 et
513 2721 628 2749 Domino
647 2726 751 2754 nostro,
765 2720 980 2754 eorumdemque
1001 2720 1135 2746 bonorum
1158 2718 1279 2752 largitori
1297 2726 1304 2744 :
1331 2725 1394 2744 cum
1426 2725 1480 2752 quo
1506 2718 1596 2751 Patri,
1622 2725 1684 2746 cum
1702 2715 1807 2743 vivillco
1824 2721 1891 2740 san-

268 2767 445 2802 ctissimoque
457 2767 560 2802 Spiritu
572 2788 579 2801 ,
599 2768 636 2795 sit
651 2769 740 2796 bonor
751 2788 758 2801 ,
772 2768 858 2804 gloria
869 2787 877 2800 ,
892 2772 919 2794 et
933 2766 1054 2794 adoratio
1070 2766 1097 2794 in
1115 2766 1212 2795 saecula
1227 2765 1402 2794 saeculorum.
1415 2765 1513 2792 Amen.

333 2855 341 2881 l
361 2856 423 2882 Cor.
442 2865 477 2889 γι,
496 2858 521 2884 5.
562 2859 571 2873 ’
585 2856 674 2885 Eccle.
695 2865 730 2890 ιι,
745 2858 771 2884 8.

1899 2805 1917 2839 ’Ἰ
