2075 3157
146 191 199 223 257

623 192 926 223 COMMENTARIUS
945 191 986 222 IN
1006 193 1272 224 APOCALYPSIN.

1716 196 1771 227 258

147 246 203 271 εἴτε
224 245 274 276 τὰς
302 245 403 279 ἀρετὰς
434 245 484 277 τὰς
506 246 653 281 τέσσαρας,
680 246 727 272 καὶ
750 246 786 273 τὰ
812 247 937 282 τέσσαρα

989 247 1045 275 sive
1063 247 1091 274 in
1103 255 1177 282 aere,
1196 248 1253 276 sive
1268 247 1320 276 sub
1336 253 1408 278 terra
1427 249 1561 278 exsistant
1574 269 1581 282 ,
1594 250 1751 279 dominatus
1768 272 1777 284 ,

149 291 313 324 Εὐαγγέλια,
326 291 365 322 ὼς
375 290 479 326 ἑτέροις
496 291 585 322 καλῶς
602 291 676 326 ἔχειν
691 291 847 325 λελόγισται
858 299 865 307 ⁸
881 292 935 319 τοῦ

149 335 198 369 μὲν
217 335 343 367 λέοντος
370 335 513 370 δηλοῦντος
538 335 587 370 τὴν
610 335 736 370 ἀνδρείαν
761 335 852 362 καὶτὸ
867 335 937 362 κατὰ

154 380 281 415 Ἰωάννην
292 380 470 415 Εὐαγγέλιον,
483 381 521 412 ὥς
532 390 615 416 φησιν
627 382 780 417 Εἰρηναῖος·
794 381 836 407 διὰ
848 381 878 407 τὸ
888 381 936 416 τῆς

148 426 312 460 προαιωνίου
331 426 469 461 βασιλείας
490 426 586 453 τούτου
607 426 795 462 σημαντικόν·
814 426 843 452 ἐν
864 426 935 461 ἀρχῇ

148 473 203 507 γὰρ
216 470 285 498 εἷναι
305 472 351 498 τὸν
374 472 460 506 Λόγον
474 472 591 507 ἐκήρυξε
601 481 608 487 ·
623 472 677 500 τοῦ
696 472 726 498 δὲ
742 473 874 506 μόσχου,
888 472 936 498 ἅτε

147 518 205 548 τοῖς
227 517 338 549 οἰκείοις
365 517 538 552 ἀρκουμένου
563 517 666 551 πόνοις,
691 517 741 553 τὴν
764 517 937 552 δικαιοσύνην

149 563 196 590 καὶ
220 562 251 588 τὸ
264 563 334 589 κατὰ
352 563 458 588 Λουκᾶν
486 562 662 596 Εὑαγγέλιον,
690 561 728 593 ὠς
752 562 873 596 νομικῶς
890 561 937 588 καὶ

151 607 297 643 ίερατικῶς
332 608 379 634 τὸν
413 607 530 642 Χριστὸν
560 607 778 642 γενεαλογῆσαν·
819 606 873 633 τοῦ
907 606 936 633 δὲ

148 653 248 685 ἀετοῦ,
266 653 314 688 τὴν
330 653 508 688 σωφροσύνην
519 661 526 669 ·
541 653 644 688 ταύτην
662 653 718 688 γὰρ
733 651 846 688 [φιλεῖν]
864 660 937 687 μαρ-

149 700 269 733 τυρεῖται
290 698 390 734 [τοῦτο]
417 698 447 724 τὸ
474 698 561 730 ζῶον·
591 698 639 724 καὶ
667 698 698 725 τὸ
725 698 796 725 κατὰ
823 697 936 732 Μάρκον

149 745 323 778 Εὐαγγέλιον,
340 744 377 775 ὼς
398 744 529 779 σύντομον
550 745 598 770 καὶ
621 744 676 771 ἀπὺ
697 743 744 770 τοῦ
765 743 936 780 προφητικοῦ

149 790 306 824 Πνεύματος
317 789 488 824 ἀρξάμενον·
504 789 560 816 τοῦ
573 789 601 815 δὲ
617 789 774 823 ἀνθρώπου
796 789 845 824 τὴν
865 789 936 824 φρό-

148 845 236 871 νησιν,
253 835 301 862 καὶ
315 835 347 861 τὺ
366 835 436 862 κατὰ
453 834 590 862 Ματθαίον
608 834 783 868 Εὑαγγέλιον,
802 834 840 866 ὡς
857 834 936 870 φύσει

148 883 195 908 καὶ
217 882 247 908 οὐ
273 882 347 916 νόμῳ
363 881 486 916 κηρύξαν
500 881 549 915 τὴν
563 879 635 916 [τοῦ]
658 881 778 916 Χριστοῦ
797 881 934 915 γέννησιν.

988 297 1035 319 aut
1047 297 1166 327 quatuor
1178 294 1315 328 primaria:
1331 295 1446 322 virtutes
1470 304 1478 322 :
1493 300 1540 323 aut
1555 301 1674 330 quatuor
1691 296 1779 324 Eran-

987 338 1055 374 gelia
1073 347 1080 366 :
1103 345 1162 372 aut,
1181 340 1253 374 quod
1278 340 1339 368 aliis
1358 341 1444 376 magis
1462 341 1604 376 probatur,
1630 347 1779 376 utrumque

987 382 1069 409 simul
1093 391 1099 410 :
1117 382 1190 410 leone
1218 384 1328 418 quidem
1355 384 1543 412 fortitudinem
1559 389 1587 412 et
1600 385 1777 420 Evangelium

987 426 1137 454 secundum
1154 427 1289 454 Joannem
1305 428 1487 462 signiﬁcante.
1506 429 1591 461 Nam,
1615 434 1644 457 ut
1659 430 1778 457 lreuaeus

986 473 1115 500 admouet
1127 492 1135 506 ,
1151 481 1235 500 unum
1253 474 1306 501 hoc
1328 474 1354 501 in
1371 474 1430 509 ipso
1445 475 1537 502 statim
1551 475 1664 503 exordio
1678 477 1778 510 sempi-

988 518 1057 545 terni
1072 519 1147 553 regni
1161 519 1329 548 mentionem
1345 520 1438 548 infert.
1452 520 1586 548 Pmdicat
1601 528 1719 555 namque
1731 521 1778 548 Dei

988 563 1106 592 Verbum
1121 572 1136 592 a
1152 565 1444 600 principiofexstitisse.
1460 565 1550 593 Vitqu
1562 574 1636 599 vero,
1649 571 1777 602 tauquam

986 610 1105 645 propriis
1122 611 1220 645 opibus
1237 611 1432 647 laboribusque
1451 616 1580 639 contento
1596 612 1704 646 sibique
1720 613 1779 640 suf.

988 655 1105 688 ﬁciente,
1117 656 1253 690 justitiam
1268 660 1295 684 et
1308 657 1484 692 Evangelium
1496 658 1646 684 secundum
1663 657 1778 690 Lucam,

986 699 1032 734 qui
1047 699 1149 727 Christi
1165 700 1349 735 genealogiam
1367 701 1448 728 simul
1462 708 1509 735 per
1519 701 1631 735 legalem
1647 706 1673 728 et
1684 709 1778 729 sacer-

987 744 1104 771 dotalem
1117 745 1215 772 lineam
1227 745 1304 772 ducit
1317 754 1324 772 :
1341 746 1431 780 aquila
1442 750 1545 778 autem,
1559 747 1778 781 temperantiam,

987 788 1064 823 (huic
1076 789 1148 815 enim
1165 789 1276 816 animali
1297 790 1391 818 istliaac
1407 790 1495 818 virtus
1509 790 1653 818 familiaris
1669 791 1778 826 fertur),

986 838 1013 860 et
1035 834 1212 869 Evangelium
1234 835 1384 862 secundum
1402 835 1536 868 Marcum,
1556 836 1628 870 quod
1647 841 1674 863 et
1697 836 1780 864 breve

987 884 1039 912 est,
1053 884 1081 907 et
1095 887 1110 907 a
1122 880 1281 915 prophetico
1294 881 1400 915 Spiritu
1411 881 1556 908 exordium
1572 881 1638 909 facit
1652 891 1659 908 :
1674 881 1779 909 homine

147 927 228 959 Εἰκὸς
243 927 271 953 δὲ
290 926 334 953 διὰ
346 925 449 953 τούτων
469 926 516 952 καὶ
539 925 588 961 τὴν
602 926 760 961 οἰκονομίαν
780 926 851 963 [τοῦ]
869 927 937 961 Χρι-

989 925 1096 953 tandem
1112 926 1286 960 prudentiam
1301 931 1329 954 et
1344 926 1522 962 Evangelium
1542 928 1693 955 secundum
1710 927 1779 954 Mat-

147 972 211 999 στοῦ
225 971 383 1008 δηλοῦσθαι·
397 971 443 998 διὰ
456 971 508 998 τοῦ
522 971 658 1004 λέοντος,
674 972 712 1003 ὡς
725 972 860 1006 βασιλέως
869 980 875 986 ·
891 972 936 999 διὰ

145 1018 200 1044 τοῦ
208 1018 340 1052 μόσχου,
355 1017 393 1048 ὼς
410 1017 515 1052 ἱερέως,
534 1017 636 1052 μᾶλλον
650 1017 679 1043 δὲ
698 1017 745 1043 κα)⁸
759 1017 859 1053 ἱερείου
870 1025 876 1031 ·
891 1017 936 1043 διὰ

145 1062 200 1089 τοῦ
219 1061 388 1095 ἀνθρώπου,
410 1061 448 1093 ὡς
471 1061 505 1088 δι’
523 1061 598 1096 ἡμᾶς
622 1060 823 1096 ἀνδρωθέντος·
849 1060 893 1088 διὰ
907 1060 937 1088 δὲ

146 1108 200 1134 τοῦ
213 1108 314 1139 ἀετοῦ,
325 1107 363 1139 ὼς
375 1107 494 1142 χορηγοῦ
503 1106 550 1134 τοῦ
563 1106 695 1139 (mortem?)
703 1106 870 1142 Πνεύματος,
885 1107 934 1134 τοῦ

146 1154 311 1185 ἐπιπτάντος
326 1154 391 1188 ἡμῖν
408 1152 523 1180 ἄνωθεν.

987 971 1182 1006 tbteum,'quod
1193 972 1270 1006 legali
1284 971 1381 1003 missa,
1393 972 1546 999 naturalem
1556 977 1660 999 tantum
1673 972 1777 999 Christi

987 1017 1191 1051 generationem
1206 1017 1282 1044 texit.
1300 1017 1444 1045 Probabile
1463 1017 1493 1044 ﬁt
1510 1025 1618 1052 quoque
1629 1018 1779 1052 praecipuas

988 1062 1149 1089 ceconomiaa
1161 1061 1264 1089 Christi
1278 1065 1369 1096 partes
1381 1069 1429 1097 per
1441 1066 1561 1096 quatuor
1576 1062 1634 1090 haec
1649 1062 1778 1089 animalia

987 1106 1132 1142 designare
1156 1106 1288 1134 voluisse.
1315 1106 1416 1141 Regem
1442 1107 1583 1134 exstitisse
1598 1127 1605 1139 ,
1628 1107 1778 1134 indicatum

988 1152 1074 1179 videri
1093 1157 1182 1187 potest
1196 1160 1245 1187 per
1266 1152 1367 1179 leonem
1387 1159 1397 1179 :
1415 1152 1585 1180 sacerdotem
1608 1160 1690 1187 porro
1702 1172 1710 1184 ,
1728 1157 1776 1180 aut

145 1199 239 1227 verius
252 1199 429 1231 sacriﬁcium,
443 1206 492 1233 per
505 1198 615 1226 vitulum
630 1197 738 1226 :nostri
751 1204 841 1226 autem
856 1206 940 1226 causa
968 1206 1077 1227 carnem
1103 1198 1298 1234 assumpsisse,
1314 1206 1362 1233 per
1379 1198 1510 1226 hominem
1521 1206 1531 1226 :
1549 1199 1649 1227 viviﬁci
1663 1198 1780 1234 denique

147 1243 278 1280 Spiritus,
297 1245 343 1280 qui
357 1253 373 1273 e
388 1246 514 1279 supernis
529 1245 653 1277 devolat,
669 1245 816 1280 benignum
832 1245 989 1281 largitorem
1001 1252 1074 1278 esse,
1091 1253 1139 1280 per
1151 1245 1281 1280 aquilam.

181 1291 236 1317 Kal
251 1290 384 1326 τέσσαρα
406 1291 472 1322 ζῶα,
490 1291 526 1317 ἐν
542 1291 607 1318 καθ’
622 1290 656 1318 ἓν
671 1290 771 1318 αὐτῶν
787 1290 860 1325 ἔχον
877 1290 936 1318 ἀνὰ

146 1335 297 1369 πτέρυγας
318 1335 353 1368 ἐξ
379 1336 544 1368 κύκλωθεν,
570 1335 619 1364 καὶ
647 1335 763 1362 ἔσωθεν
790 1334 935 1370 γέμουσιν

146 1380 321 1414 ὀφθαλμῶν.

182 1427 189 1462 [
195 1428 249 1453 Kal
262 1426 396 1461 τέσσαρα
411 1426 467 1457 ζῶα
480 1426 515 1454 ἓν
530 1426 595 1454 καθ’
617 1425 652 1453 ἓν
670 1424 770 1453 αὐτῶν
785 1425 859 1459 ἔχον
875 1424 935 1452 ἀνὰ

146 1473 300 1508 ,πτέρυγας
322 1473 367 1506 ἒξ.
385 1473 438 1508 -—]
453 1473 546 1499 Ταῦτα
566 1473 580 1499 ὁ
597 1471 684 1507 μέγας
709 1471 776 1506 φησὶ
798 1470 935 1502 Διονύσιος

146 1519 192 1545 διὰ
205 1517 284 1544 τοῦτο
299 1518 358 1549 ταῖς
373 1518 432 1544 δυσὶ
447 1517 561 1552 πτέρυξι
575 1517 724 1543 καλύπτειν
739 1516 773 1542 τὰ
789 1515 933 1549 πρόσωπα,

1026 1289 1071 1322 ιν,
1089 1290 1116 1317 8.
1134 1290 1168 1317 Et
1178 1295 1293 1325 quatuor
1310 1291 1456 1324 animalia,
1475 1290 1580 1325 singula
1595 1298 1685 1317 eorum
1698 1289 1780 1320 habe-

988 1337 1051 1364 bant
1062 1337 1120 1364 alas
1133 1345 1208 1364 senas
1223 1337 1249 1364 in
1262 1338 1386 1370 circuitu,
1398 1342 1423 1364 et
1434 1339 1507 1364 intus
1520 1337 1597 1371 plena
1611 1342 1671 1363 ειηιι
1685 1338 1778 1364 oculis.

1023 1424 1147 1457 Quatuor
1171 1424 1228 1451 ha'c
1250 1424 1394 1456 animalia,
1422 1428 1451 1451 ut
1467 1431 1566 1458 magno
1589 1423 1717 1459 Dionysio
1739 1424 1780 1451 vi-

987 1477 1049 1497 sum
1066 1474 1126 1502 est,
1142 1470 1247 1497 duabus
1271 1470 1323 1497 alis
1345 1469 1381 1497 ob
1398 1469 1425 1496 id
1446 1469 1532 1497 facies
1552 1477 1617 1498 suas
1634 1469 1778 1504 tegebant,

987 1514 1094 1542 duabus
1118 1522 1227 1542 rursum
1245 1515 1343 1549 pedes;
1365 1519 1392 1542 et
1414 1514 1521 1542 duabus
1546 1515 1656 1542 tandem
1682 1514 1779 1542 mediis

147 1563 197 1590 καὶ
209 1563 270 1594 ταῖς
281 1562 342 1589 δυσὶ
358 1563 421 1593 τοὺς
437 1561 530 1593 πόδας,
546 1562 592 1587 καὶ
607 1561 666 1592 ταῖς
683 1560 779 1595 μέσαις
795 1559 935 1586 πέτεσθαι·

989 1561 1114 1588 volabant
1137 1569 1144 1587 :
1171 1568 1226 1595 quo
1242 1560 1306 1588 hinc
1330 1565 1467 1588 constaret
1490 1564 1594 1595 quaulo
1619 1567 1682 1587 cum
1706 1564 1779 1588 metu

147 1609 192 1635 ἵνα
205 1609 223 1644 ἡ
237 1609 303 1643 περὶ
315 1608 349 1635 τὰ
366 1607 520 1642 ὑψηλότερα
532 1605 646 1642 [αὐτῶν]
662 1605 710 1632 καὶ
733 1604 870 1639 βαθύτερα
886 1603 936 1637 τῆς

146 1654 253 1685 οἰκείας
267 1652 448 1688 καταλήψεως
469 1653 539 1687 φανῇ
557 1650 700 1678 εὐλάϐεια·
716 1649 751 1675 δι’
765 1650 799 1684 ἢν
812 1650 869 1680 τοῖς
887 1649 937 1684 μέ-

148 1709 207 1731 σοις
221 1699 291 1734 πρὸς
307 1698 356 1730 τὰς
372 1698 521 1735 θεαρχικὰς
549 1697 636 1732 αὐγὰς
651 1695 731 1733 [τοῖς]
747 1695 829 1727 θείοις
845 1694 938 1728 ζυγοῖς

147 1746 347 1773 ἁνατείνονται.

185 1834 240 1862 Kal
264 1832 440 1860 ἀνάπαυσιν
461 1833 517 1859 οὐκ
539 1831 676 1866 ἔχουσιν,
693 1830 806 1864 ἡμέρας
822 1829 871 1856 καὶ
884 1837 938 1856 νυ-

147 1879 220 1913 κτὸς
239 1879 396 1915 λέγοντες·
414 1878 526 1912 Ἄγιος,
552 1877 646 1911 ἅγιος,
670 1875 769 1911 ᾶγιοςυ
794 1876 900 1909 Κύριος
922 1876 940 1902 ό

148 1925 223 1958 Θεὸς
236 1925 253 1951 d
275 1923 500 1958 παντοκράτωρ,
513 1923 530 1949 ό
542 1921 595 1954 ὢν,
607 1921 657 1948 καί
668 1922 684 1948 ὀ
697 1919 747 1956 ἦν,
760 1921 810 1948 καί
823 1922 840 1948 ὁ
856 1920 940 1955 ἐρχό-

146 1979 252 2005 μενος.

192 2015 371 2048 Ἀνάπαυσις
386 2014 414 2041 δὲ
432 2015 492 2045 ταῖς
507 2013 600 2047 ἁγίαις
616 2012 730 2042 ταύταις
745 2009 893 2045 δυνάμεσι,
910 2009 940 2037 τὸ

148 2064 183 2089 ὲκ
197 2062 247 2097 τῆς
270 2061 344 2092 θείας
364 2059 500 2096 ὑμνῳδίας
514 2058 553 2094 μὴ
575 2056 722 2089 παύεσθαι,
741 2055 788 2082 καὶ
803 2055 849 2082 τὸν
864 2063 941 2091 τρισ-

149 2107 197 2133 σὸν
210 2105 346 2141 ἁγιασμδν
360 2106 393 2140 τῇ
407 2102 617 2139 τρισυποστάτῳ
628 2100 795 2137 προσφέρειν
810 2099 934 2134 Θεότητι.

148 2154 187 2180 Τδ
202 2153 242 2185 δὲ,
265 2152 292 2178 '0
305 2152 347 2179 ὢν
359 2151 408 2178 καὶ
422 2152 438 2178 ὁ
453 2148 492 2186 ἦν
506 2149 554 2176 καὶ
569 2150 586 2176 d
598 2148 760 2182 ἐρχόμενος
772 2145 808 2181 [ὁ
828 2153 939 2172 παντο-

149 2198 265 2233 κράτωρ
274 2197 296 2234 ],
312 2198 363 2232 τὴν
377 2196 459 2231 ἁγίαν
472 2195 575 2231 Τριάδα
591 2193 687 2229 δηλοῦν
701 2192 817 2227 ἔφημεν.

987 1609 1015 1633 et
1038 1605 1190 1633 reverentia
1218 1605 1244 1632 in
1271 1605 1462 1632 sublimiorum
1486 1613 1577 1633 rerum
1597 1605 1730 1632 lheoriam
1752 1611 1780 1633 et

988 1651 1205 1686 inquisitionem,
1216 1650 1483 1686 profundiorumque
1496 1651 1689 1686 mysteriorum
1703 1658 1780 1678 com-

988 1698 1197 1732 prehensionem
1210 1697 1334 1725 ferantur
1345 1706 1352 1731 ;
1365 1702 1522 1732 quantaque
1532 1698 1659 1724 cautione
1669 1697 1780 1725 haustos

992 1741 1147 1769 Divinitatis
1163 1743 1270 1774 radios,
1296 1742 1328 1769 ad
1351 1742 1421 1769 alios
1448 1742 1605 1777 interjectos
1626 1742 1738 1770 ordines
1754 1747 1781 1770 et

988 1786 1067 1814 sedes
1079 1794 1133 1814 non
1148 1787 1252 1822 absque
1262 1786 1309 1813 Dei
1319 1787 1396 1822 jussu
1411 1787 1595 1814 transmittere
1609 1787 1726 1814 soleant.

1023 1833 1069 1865 ιν,
1083 1833 1110 1860 8.
1124 1831 1159 1859 Et
1175 1833 1287 1867 requiem
1303 1840 1355 1859 non
1370 1832 1465 1859 habent
1480 1832 1522 1859 die
1537 1840 1568 1858 ac
1583 1836 1673 1865 nocte,
1689 1831 1780 1860 dicen-

990 1879 1043 1906 tia:
1057 1877 1183 1909 Sanctus,
1199 1882 1316 1910 sanctus,
1335 1882 1443 1904 sanctus
1461 1876 1588 1904 Dominus
1604 1876 1675 1903 Deus
1692 1876 1780 1904 omni-

988 1929 1090 1959 potens,
1101 1923 1146 1958 qui
1161 1927 1210 1956 est,
1222 1927 1246 1950 et
1260 1923 1306 1958 qui
1319 1927 1388 1954 erat,
1402 1928 1427 1949 et
1441 1922 1485 1957 qui
1502 1927 1624 1949 venturus
1639 1926 1690 1949 est.

1026 2007 1135 2035 Sanctae
1154 2007 1214 2035 istae
1232 2006 1348 2034 virtutes
1366 2006 1402 2033 ob
1422 2005 1447 2033 id
1466 2005 1587 2040 requiem
1609 2004 1709 2031 habere
1729 2011 1780 2031 ne-

991 2058 1101 2089 gantur,
1117 2053 1189 2088 quod
1207 2060 1222 2079 a
1240 2052 1342 2079 divinis
1360 2051 1486 2078 laudibus
1500 2057 1642 2085 nunquam
1661 2053 1779 2077 cessent.

990 2099 1125 2127 Caeterum
1144 2105 1191 2133 per
1209 2097 1364 2125 sanctitatis
1387 2104 1486 2123 nomen
1508 2095 1589 2123 tertio
1612 2095 1757 2129 repetitum
1771 2114 1779 2126 ,

992 2143 1146 2175 Divinitati,
1162 2150 1223 2177 quae
1248 2142 1275 2169 in
1299 2141 1388 2169 tribus
1412 2139 1624 2176 hypustasi-bus,
1644 2146 1678 2166 ex
1702 2145 1780 2173 aequo

992 2189 1129 2221 subsistit,
1147 2186 1255 2215 laudem
1271 2186 1407 2214 deferunt.
1424 2186 1511 2214 Porro
1527 2188 1618 2212 autem
1632 2183 1710 2217 illud,
1727 2182 1780 2216 Qui

148 2229 200 2276 ait,
216 2229 253 2270 ει.
266 2229 311 2278 ᾆκὶ
332 2229 441 2275 ἀπῄει
462 2229 507 2276 qui
524 2245 649 2268 uenturus
667 2242 723 2272 est,
744 2240 929 2265 sacrosanctae
943 2235 1085 2264 Trinitatis
1112 2232 1290 2270 mysterium,
1317 2237 1346 2259 ut
1372 2237 1435 2259 ante
1459 2238 1569 2266 quoque
1594 2229 1706 2258 .dictum
1719 2232 1779 2262 est,

149 2291 185 2319 ob
202 2291 299 2318 oculos
317 2288 395 2316 nobis
412 2287 500 2322 ponit.

184 2317 240 2363 ea
255 2335 329 2361 ὅταν
342 2317 477 2359 δώσουσι
490 2330 527 2357 τὰ
541 2329 598 2360 ζῶα
610 2328 705 2360 δόξαν
719 2327 766 2354 και
779 2326 872 2361 τιμὴν
886 2326 935 2353 και

1024 2323 1069 2357 IV,
1092 2322 1120 2355 9,
1141 2322 1183 2350 l0.
1202 2321 1237 2348 Et
1256 2328 1314 2348 cum
1339 2320 1435 2347 darent
1451 2318 1500 2346 illa
1523 2317 1651 2346 animalia
1667 2319 1781 2354 gloriam

148 2381 348 2416 εὐχαριστίαν
373 2377 414 2410 τῷ
438 2376 594 2410 καθημένῳ
616 2373 665 2400 ἐπὶ
686 2372 740 2400 τοῦ
765 2372 883 2406 θρόνου,
897 2371 939 2404 τῷ

149 2426 236 2458 ζῶντι
252 2427 293 2458 εἰς
310 2423 382 2456 τσὺς
403 2421 513 2454 αἰῶνας
536 2419 596 2447 τῶν
620 2419 746 2450 αζώνων,
774 2417 939 2444 πεσοῦνται

150 2473 179 2500 οι
197 2469 444 2501 εἰκοσιτέσσαρες
453 2465 647 2500 πρεσϐύτεροι
655 2463 784 2490 ἐνώπιον
795 2461 849 2488 τοῦ
867 2464 938 2488 και]-

148 2516 264 2552 ημένου
293 2513 344 2541 ἐπὶ
360 2513 414 2540 τοῦ
435 2511 561 2545 θρόνου·
593 2509 643 2536 καὶ
666 2506 940 2542 προσκυνήσουσιν

147 2559 241 2592 αὐτῷ.

186 2603 369 2642 [Πεσοῦνται
383 2602 410 2628 ot
420 2599 664 2632 εἰκοσιτέσσαρες
679 2597 885 2631 πρεσϐύτεροι.
895 2594 940 2630 -]

148 2651 202 2678 Διὰ
222 2649 326 2677 τούτων
340 2647 477 2683 δηλοῦται,
502 2645 550 2672 καὶ
563 2646 626 2676 τοὺς
638 2644 783 2679 νοηθέντας
797 2643 862 2677 ἡμῖν
875 2650 943 2676 πρε-

149 2697 303 2732 σευτέρους
328 2694 477 2724 κοινωνοὺς
498 2689 568 2718 εἶναι
585 2690 650 2726 [τῆς
664 2687 817 2724 ὕμνῳδίας]
832 2687 885 2714 τῶν
898 2687 944 2713 οὑ-

151 2743 255 2779 ρανῐων
279 2740 439 2775 δυνάμεων·
456 2736 656 2774 ὁμολογοῦντας
684 2735 716 2762 ὲκ
736 2734 803 2761 Θεοῦ
828 2733 943 2768 κεκομί-

151 2789 217 2816 σθαι
232 2787 282 2822 τῆς
299 2785 393 2823 [κατὰ]
422 2785 477 2812 τῶν
493 2783 595 2819 νοητῶν
616 2782 721 2818 ἐχθρῶν
745 2781 823 2816 νίκης
838 2779 886 2815 τὴν
900 2779 944 2806 δύ-

151 2842 247 2869 ναμιν.

186 2880 242 2908 Καὶ
263 2878 400 2911 ,ϐαλοῦσι
424 2875 495 2910 τοὺς
514 2874 686 2909 στεφάνους
703 2871 802 2900 αὐτῶν
817 2870 944 2898 ἐνώπιον

991 2374 1015 2397 et
1030 2370 1154 2396 [tortorem
1166 2372 1191 2395 et
1210 2366 1415 2395 benedictionem
1437 2364 1537 2391 sedenti
1554 2372 1632 2399 super
1647 2364 1780 2398 thronum,

992 2415 1086 2442 viventi
1099 2415 1128 2442 in
1142 2414 1240 2441 saecula
1255 2411 1525 2446 saeculorum,viginti
1539 2415 1652 2445 quatuor
1667 2411 1718 2445 21
1739 2419 1781 2438 u-

993 2462 1079 2488 niores
1093 2459 1262 2494 procidebaul
1279 2462 1339 2484 ante
1356 2456 1486 2484 sedentem
1504 2456 1531 2482 in
1550 2456 1654 2488 throno,
1671 2461 1695 2482 et
1717 2455 1782 2482 ado-

995 2506 1088 2532 rabunt
1107 2505 1232 2531 viventem
1248 2504 1273 2530 in
1287 2502 1385 2529 secula
1399 2501 1566 2528 rwculorum.

1026 2594 1096 2622 Hinc
1119 2593 1252 2621 discimus
1275 2592 1412 2624 seniores,
1440 2591 1474 2618 de
1499 2589 1601 2625 quibus
1626 2592 1715 2615 actum
1740 2592 1781 2614 est

998 2645 1071 2673 ante,
1088 2640 1114 2666 in
1132 2639 1231 2667 divinae
1251 2637 1339 2665 laudis
1354 2636 1543 2665 decantatione
1563 2633 1710 2660 virtutibus
1724 2639 1782 2660 cm-

997 2687 1112 2715 lestibus
1125 2684 1277 2713 eonsociari
1295 2693 1302 2710 ε
1319 2683 1516 2716 victoriamque
1531 2680 1564 2707 de
1579 2674 1719 2710 hastibus,
1735 2677 1782 2712 qui

997 2732 1048 2761 sub
1063 2735 1202 2766 aspectum
1220 2737 1274 2757 non
1293 2729 1416 2761 veniunt,
1439 2725 1505 2754 nulli
1524 2724 1602 2752 alteri
1625 2729 1707 2757 quam
1727 2721 1783 2750 Deo

997 2782 1135 2812 acceptam
1149 2777 1230 2804 ferre.
1245 2781 1248 2783 '

1034 2866 1078 2900 IV,
1097 2865 1139 2899 to,
1158 2865 1210 2902 ti.‘
1225 2864 1259 2891 Et
1281 2861 1420 2891 mittebant
1434 2865 1545 2887 coronas
1559 2864 1622 2885 suas
1635 2861 1696 2884 ante
1713 2857 1785 2884 thra-
