2075 3157
253 211 308 242 263

839 203 1002 235 ANDREIE
1021 199 1277 232 C/ESARIENSIS

1172 161 1186 174 ς

1830 199 1884 230 264

255 273 336 299 terra,
349 269 373 292 et
384 272 442 300 quw
459 268 518 290 sunt
532 263 559 289 in
576 261 654 294 mari,
671 265 695 288 et
707 269 765 296 quae
782 269 811 290 ιη
843 269 873 293 0,
889 267 977 286 omnes
997 267 1047 284 au-

1105 256 1133 282 ἒν
1146 255 1185 288 τῷ
1201 253 1323 288 οὐρανῷ
1335 253 1382 280 καὶ
1397 253 1447 280 ἐπὶ
1459 253 1514 287 τῆς
1529 252 1596 287 γῆς,
1612 252 1661 280 καὶ
1676 254 1816 281 ὑποκάτω
1830 254 1886 287 τῆς

254 312 308 338 divi
323 311 437 337 dicentes
453 309 552 335 sedenti
570 308 598 334 in
622 307 726 340 throno,
743 311 767 334 et
784 307 876 342 Agno:
894 305 948 340 23
962 303 1045 331 Bene-

254 357 347 388 dictio,
363 360 387 382 et
402 355 494 387 honor,
510 358 534 381 et
548 354 632 389 gloria
643 372 650 386 ,
667 357 690 380 et
710 357 825 388 potestas
841 352 867 378 in
880 351 979 379 amula
995 357 1045 377 sa:-

256 402 385 429 culurum.
398 400 490 426 Amen.

289 486 331 513 Ab
344 485 483 518 omnibus,
498 484 556 512 sive
568 491 600 511 ea
614 484 707 511 vivant
720 503 727 516 ,
745 484 802 511 sive
815 482 978 517 intelligant,
991 481 1048 509 sive

255 532 352 566 quovis
367 531 421 558 alio
437 530 519 558 modo
533 530 679 562 exsistant,
694 529 765 556 Deus
780 533 908 563 tanquam
924 528 1047 555 omnium

256 577 421 611 principium
435 580 461 603 et
484 583 568 603 causa
588 575 715 602 laudatur
740 579 768 601 et
789 574 957 609 gloriﬁcatur
973 581 980 599 :
999 579 1050 600 nec

257 629 311 648 non
333 621 491 654 unigenitus
504 625 532 648 et
547 619 791 648 consubstantialis
806 618 929 654 ejusdem
943 618 1048 650 Filius;

257 666 304 700 qui
319 665 423 692 homini
440 665 544 700 totique
560 670 695 692 creatura:
706 685 713 697 ,
729 672 788 699 qua:
811 671 859 698 per
874 663 964 698 ipsum
979 663 1048 690 facta

258 716 311 742 est,
336 711 484 738 novitatem
505 710 659 744 impertitus
682 715 732 737 est.
752 709 809 736 Etsi
829 709 937 736 interim
955 716 1051 736 secun-

258 755 322 782 dum
341 760 466 782 naturam
484 759 663 789 assumptam,
679 754 913 789 tanquamhomo,
932 757 1051 787 potesta-

261 804 314 826 tem
340 798 367 826 in
384 807 415 826 ca
430 806 492 834 quae
509 803 574 827 sunt
588 798 617 826 in
632 798 702 826 cmlo
716 803 743 825 et
762 798 790 825 in
810 802 893 831 terra,
909 798 1049 833 accepisse

261 845 408 872 scribatur.

295 889 328 921 V,
345 890 388 916 M.
405 889 440 915 Et
453 894 566 924 quatuor
579 888 708 915 animalia
723 888 845 916 dicebant
857 888 959 919 Amen;
972 892 996 915 et
1014 888 1052 915 vi—

260 935 325 969 ginti
341 939 454 968 quatuor
466 935 580 961 seniores
606 934 754 961 ceciderunt
779 935 806 960 in
829 934 910 968 facies
933 942 1007 967 suae,
1026 938 1051 961 et

260 980 437 1007 adoraverunt
449 979 574 1006 viventem
590 980 617 1006 in
633 979 730 1006 alecula
744 979 912 1006 sweulorum.

296 1025 329 1052 Et
344 1026 407 1053 hinc
417 1032 527 1059 quoque
538 1025 743 1053 demonstratur
754 1033 801 1059 per
811 1024 903 1052 Jcsum
915 1024 1053 1052 Christum

263 1070 346 1096 Deum
362 1074 389 1097 et
404 1070 550 1097 Dominum
564 1074 703 1101 nostrum,
719 1071 764 1105 qui
777 1070 884 1097 divulsa
899 1070 1053 1104 conjunxit,

264 1116 441 1150 macet-imque
457 1115 634 1143 interstitium
653 1115 794 1148 dissolvit,
813 1123 898 1142 unum
915 1123 950 1143 ex
963 1115 1054 1142 omni-

264 1161 315 1188 bus
331 1161 490 1188 hominibus
500 1161 581 1193 ovile,
596 1165 622 1188 et
635 1168 715 1187 unam
728 1168 838 1188 rursum
852 1168 885 1188 ea
898 1160 1055 1188 hominibus

263 1210 290 1232 et
302 1205 406 1239 angelis
422 1204 571 1233 Ecclesiam
589 1205 691 1233 factam
704 1213 775 1233 esse.
793 1204 863 1233 Ecce
877 1205 950 1233 enim
967 1205 1056 1241 vigin-

266 1250 285 1277 ti
299 1254 418 1285 quatuor
430 1250 563 1282 seniores,
574 1258 622 1286 per
631 1257 701 1285 quos
713 1250 905 1278 salvandorum
917 1250 1056 1286 plenitudo

265 1295 462 1329 adumbratur,
478 1296 552 1331 digni
569 1296 621 1324 hoc
635 1296 696 1324 loco
716 1297 908 1332 prmdicantur.
929 1297 977 1332 qui
990 1304 1057 1325 con-

265 1349 333 1370 sona
355 1349 421 1370 voce
435 1349 497 1370 cum
515 1347 634 1377 quatuor
650 1342 773 1376 mysticis
793 1342 977 1376 animalibus,
996 1350 1059 1378 qua).

266 1387 337 1414 inter
350 1392 463 1414 caeteros
479 1387 591 1421 angelos
607 1387 755 1421 primatum
772 1391 875 1419 tenent.
894 1388 978 1415 Deum
994 1387 1056 1415 lau-

265 1431 331 1459 dent
349 1436 374 1459 et
390 1432 516 1460 adorent.
533 1431 592 1464 Quo
609 1432 778 1460 laudationis
795 1440 910 1461 munere
924 1441 974 1461 nos
988 1440 1058 1468 quo-

265 1484 319 1512 que
344 1477 371 1504 in
398 1477 457 1512 ipso
476 1476 585 1505 Christo
610 1477 667 1505 Deo
693 1483 789 1506 nostro
808 1479 940 1514 pacisque
963 1479 1058 1508 (latore

265 1523 339 1558 digni
358 1523 523 1556 habeamur,
541 1531 603 1550 cunt
625 1531 681 1558 quo
696 1523 781 1558 Patri,
799 1531 853 1552 una
874 1532 936 1552 cum
953 1524 1057 1560 Spiritu

266 1573 372 1602 sancto,
388 1569 423 1597 sit
435 1569 533 1604 gloria,
551 1570 696 1604 imperium
712 1574 739 1597 et
751 1570 934 1605 honorﬁnnnc
948 1576 975 1599 et
985 1579 1056 1599 sem-

266 1622 324 1649 per,
340 1619 367 1642 et
381 1615 409 1642 in
426 1615 531 1642 inﬁnita
547 1615 645 1642 saecula
662 1617 835 1643 saculorum.
852 1617 949 1645 Arnen.

471 1670 585 1698 CAPUT
603 1671 671 1698 Xlll.
694 1671 810 1700 SERMO
831 1672 864 1700 V.

267 1725 372 1753 Salutio
390 1726 470 1760 primi
491 1727 596 1764 sigilli;
619 1736 673 1764 per
693 1736 773 1762 quam
796 1729 978 1764 apostolorum
1005 1730 1056 1757 do-

517 1763 604 1789 ctrina
619 1763 783 1797 designatur.

305 1815 349 1849 Vl,
371 1816 397 1843 Ι.
421 1815 455 1842 Et
473 1816 526 1843 vidi
543 1818 612 1851 quod
636 1818 780 1852 aperuisset
804 1819 894 1854 Agnus
919 1827 1002 1847 unum
1025 1821 1057 1848 de

268 1866 364 1896 septem
377 1861 483 1897 sigillis.
507 1861 541 1888 Et
555 1862 646 1890 audiat
661 1870 742 1889 unum
755 1863 787 1891 de
800 1869 914 1899 quatuor
933 1865 1058 1892 animati-

269 1906 331 1940 bm,
351 1907 452 1941 dicens,
466 1912 592 1944 tanquam
606 1915 694 1936 vocem
709 1910 819 1936 tonitrui
833 1916 845 1935 :
864 1910 928 1938 Veni
946 1918 971 1938 et
990 1911 1057 1939 vide.

306 1995 345 2023 Ex
358 1996 408 2024 hoc
415 1996 477 2024 loco
488 1995 653 2024 concinnum
666 2003 757 2024 rerum
769 1997 920 2026 castestium
934 1998 1058 2026 ordinem

269 2048 435 2076 cognoscere
459 2042 522 2069 licet
545 2051 553 2069 :
576 2042 711 2077 siquidem
736 2050 770 2070 ex
795 2043 890 2078 primis
916 2044 1059 2072 ordinibus

270 2087 373 2115 sensim
387 2087 417 2114 tit
432 2087 534 2122 gradus
550 2087 585 2114 ad
606 2087 674 2115 alios
696 2087 850 2115 interiores.
871 2088 923 2116 Per
943 2089 1058 2124 primam

271 2132 364 2168 itaque
385 2131 613 2167 quadriformium
637 2132 797 2160 animalium
823 2133 940 2168 faciem,
962 2140 1060 2169 nempe

270 2177 395 2210 Leonem,
409 2177 524 2212 primam
538 2184 631 2205 vocem
648 2177 747 2205 factam
761 2178 865 2206 audivit
875 2179 1058 2214 evangelista;

272 2230 334 2258 qua:
349 2223 446 2258 angelo
458 2223 504 2257 qui
519 2222 718 2257 anigmaticam
732 2223 864 2250 visionem
877 2223 1060 2258 imprimebat,

1095 301 1167 335 τῆς·
1192 300 1240 327 καί
1253 300 1302 327 ἐπὶ
1326 299 1382 333 τῆς
1396 298 1556 332 θαλάσσης
1571 298 1610 335 [ἄ
1621 299 1686 326 ἐστι
1698 299 1708 335 ]
1722 299 1772 326 καὶ
1795 300 1835 327 τὰ.
1852 300 1889 327 ἐν

1096 345 1199 379 αὐτοῖς
1207 345 1306 372 πάντα
1315 353 1322 360 ·
1335 345 1463 379 λέγοντα
1473 344 1513 377 τῷ
1526 345 1683 379 καθημένῳ
1693 345 1741 371 ἐπὶ
1758 345 1811 371 τοῦ
1823 346 1891 380 θρό-

1098 401 1154 420 νου
1168 391 1217 418 καί
1235 391 1275 423 τῷ
1299 391 1404 424 Ἀρνίῳ
1414 398 1421 406 ·
1444 390 1475 418 Ἠ
1491 391 1614 425 εὐλογία
1635 391 1684 417 καί
1705 391 1724 424 ἠ
1738 390 1825 424 δόξα,
1840 392 1889 418 καὶ

1097 438 1131 463 τὸ
1144 435 1252 470 κράτος
1266 436 1311 468 εις
1334 434 1408 468 τοὺς
1419 434 1531 468 αίῶνιις
1543 434 1602 461 τῶν
1614 434 1740 462 αἰώνων.
1763 436 1868 470 Ἀμήν.

1134 481 1211 517 [Καὶ
1228 481 1347 515 ἥκουσα
1357 481 1398 514 ὼς
1411 480 1513 515 φωνῆς
1525 481 1662 515 ἀγγέλων
1682 481 1818 514 πολλῶν,
1841 482 1890 509 καί

1098 527 1159 555 τῶν
1172 527 1262 561 ζώων,
1277 527 1324 554 καί
1340 526 1400 554 τῶν
1416 527 1634 561 πρεσϐυτέρων.
1649 526 1696 562 -]
1716 527 1765 554 Ἐκ
1779 527 1890 554 πάντων

1099 573 1153 607 γὰρ
1174 572 1229 599 τῶν
1250 580 1281 598 τε
1296 571 1411 606 νοητῶν,
1428 570 1484 597 τῶν
1499 579 1529 596 τε
1545 570 1694 605 αισθητῶν,
1709 570 1764 596 τῶν
1779 578 1809 596 τε
1824 570 1892 603 ζών-

1099 627 1163 651 των,
1185 618 1240 644 τῶν
1261 626 1292 644 τε
1306 616 1399 647 ἁπλῶς
1422 615 1517 648 ὄντων,
1541 616 1666 650 φυσικοῖς
1681 616 1772 650 λόγοις
1789 616 1804 642 ό
1826 616 1893 647 Θεὸς

1099 663 1260 697 δοξάζεται,
1283 662 1320 694 ὡς
1346 662 1456 689 πάντων
1479 661 1677 696 γενεσιάρχηςο
1698 662 1746 688 καὶ
1764 661 1777 687 6
1796 662 1891 688 τούτου

1103 709 1252 745 μονογενὴς
1267 709 1314 735 καὶ
1328 707 1470 742 ὁμοούσιος
1483 707 1557 739 Υἱὸς,
1574 707 1611 738 ὡς
1622 707 1672 742 τὴν
1691 707 1838 742 καινότητα
1851 704 1892 741 τῷ

1101 755 1238 790 ἀνθρώπῳ
1249 754 1297 781 καὶ
1310 752 1404 788 τὴνεδΰ
1417 752 1499 779 αὑτοῦ
1515 753 1702 787 γεγενημένην
1718 753 1891 779 ἀνακαίνισιν

1101 800 1291 836 χαριζόμενος,
1306 800 1330 825 εἰ
1343 798 1390 825 καὶ
1401 798 1493 825 λαϐεῖν
1506 797 1561 824 τῶν
1578 798 1608 825 ἐν
1632 792 1756 831 οὖξανοῖς
1768 797 1817 824 καὶ
1838 797 1892 824 τῶν

1102 846 1233 879 ἐπιγείων
1248 847 1297 880 τὴν
1314 844 1442 877 ἐξουσίαν
1455 842 1492 875 ὡς
1506 843 1649 878 ἄνθρωπος
1659 843 1827 878 γέγραπται.

1139 891 1194 918 Καὶ
1221 890 1257 917 τὰ
1276 890 1411 923 τέσσαρα
1436 888 1493 919 ζῶα
1514 888 1622 923 ἔλεγον
1651 888 1756 923 Ἀμήν·
1788 889 1837 916 καί
1866 890 1894 916 οι

1070 933 1089 959 Β
1103 937 1297 972 πρεσϐύτεροι
1310 936 1426 964 ἔπεσαν
1439 936 1488 962 καὶ
1500 935 1749 970 προσεκύνησαν.

1140 1026 1189 1054 Διὰ
1202 1025 1231 1053 δὲ
1244 1026 1298 1052 τῶν
1320 1026 1460 1060 τεσσάρων
1476 1024 1553 1057 ζώων
1568 1025 1616 1051 καὶ
1629 1024 1684 1051 τῶν
1699 1024 1894 1060 πρεσϐυτέρων

1104 1072 1241 1100 δείκνυται
1255 1071 1303 1107 μία
1315 1071 1428 1106 ποίμνη,
1442 1071 1489 1097 καὶ
1504 1071 1556 1106 μία
1573 1071 1721 1106 Ἐκκλησία
1731 1071 1894 1106 γεγενῆσθαι

1104 1117 1229 1152 ἀγγέλων
1254 1117 1302 1143 καὶ
1318 1116 1482 1152 ἀνθρώπων,
1507 1116 1551 1143 διὰ
1562 1115 1682 1152 Χριστοῦ
1695 1116 1742 1143 τοῦ
1756 1116 1835 1149 Θεοῦ,
1846 1116 1894 1144 τοῦ

1105 1162 1138 1189 τὰ
1162 1161 1294 1188 διεστῶτα
1320 1160 1501 1195 συνάψαντος,
1526 1162 1573 1187 καὶ
1599 1160 1630 1187 τὸ
1663 1161 1821 1196 μεσότοιχον
1847 1160 1894 1188 τοῦ

1105 1206 1234 1242 φραγμοῦ
1245 1206 1385 1238 λύσαντος·
1400 1206 1454 1233 ἰδοὺ
1469 1206 1535 1242 γὰρ,
1551 1206 1589 1238 ὠς
1601 1206 1770 1242 ἀκηκόαμεν,
1783 1207 1832 1233 σὺν
1839 1208 1895 1239 τοῖς

1105 1252 1236 1288 τέσσαρσι
1255 1252 1337 1284 ζώοις
1353 1253 1410 1284 τοῖς
1443 1252 1498 1278 τῶν
1515 1251 1616 1278 λοιπῶν
1631 1251 1785 1286 ἁγγελικῶν
1809 1251 1896 1287 ὑπερ-

1109 1299 1202 1334 έχουσι
1212 1298 1326 1332 τάξεων,
1334 1299 1382 1325 καὶ
1393 1299 1417 1324 οῑ
1433 1298 1676 1333 χαρακτηριστικοὶ
1688 1297 1734 1324 τοῦ
1746 1297 1801 1324 τῶν
1812 1297 1896 1330 σωζο-

1108 1346 1197 1381 μένων
1207 1344 1359 1380 ἀνθρώπων
1368 1344 1564 1379 πληρώματος,
1577 1344 1628 1378 τῆς
1639 1342 1686 1370 τοῦ
1702 1342 1769 1369 Θεοῦ
1786 1342 1895 1375 ἀξιοῦν-

1106 1397 1152 1416 ται
1169 1388 1304 1424 ὑμνῳδίας
1321 1397 1351 1415 τε
1374 1388 1421 1414 καὶ
1444 1388 1675 1423 προσκυνήσεως
1703 1384 1737 1423 ἦς
1750 1387 1798 1414 καὶ
1815 1387 1895 1423 ἡμεῖς

1106 1434 1287 1470 ἀξιωθείημεν
1303 1435 1332 1461 ἐν
1347 1433 1421 1469 αὑτῷ
1443 1433 1520 1470 [τῷ]
1538 1433 1650 1469 Χριστῷ
1669 1432 1707 1468 τῷ
1720 1433 1770 1468 τῆς
1784 1433 1896 1469 εἰρήνης

1107 1480 1201 1516 δοτῆρι
1221 1481 1269 1507 καὶ
1294 1479 1354 1515 Θεῷ
1379 1479 1472 1515 ἡμῶν·
1497 1479 1556 1513 μεθ’
1573 1476 1603 1505 οὗ
1617 1478 1657 1514 τῷ
1673 1477 1770 1514 Πατρὶ,
1787 1478 1844 1513 ἅμα
1858 1478 1897 1514 τῷ

1107 1525 1178 1561 ἁγίῳ
1200 1525 1351 1561 Πνεύματι,
1377 1526 1451 1559 δόξα,
1477 1526 1588 1560 κράτος,
1604 1525 1700 1561 [τιμὴ.
1713 1524 1761 1551 νῦν
1774 1524 1821 1551 καὶ
1834 1523 1877 1550 ἀεὶ
1888 1542 1896 1556 ,

1107 1572 1154 1599 καὶ
1167 1571 1175 1608 ]
1194 1572 1234 1604 είς
1247 1572 1309 1604 τοὺς
1333 1570 1567 1608 [ἀτελευτήτους]
1583 1571 1684 1604 αίῶνας
1709 1570 1763 1598 τῶν
1779 1570 1897 1597 αἰώνων.

1114 1618 1210 1654 ’Δμήν.

1312 1674 1439 1701 arma.
1458 1673 1514 1708 ira
1544 1673 1656 1701 Aoros
1671 1673 1710 1700 E'.

1108 1730 1204 1763 Λύσις
1225 1728 1280 1763 τῆς
1305 1729 1422 1762 πρώτης
1447 1728 1626 1762 σφραγῖδος,
1659 1727 1716 1761 τὴν
1734 1727 1898 1754 ἀποστολι-

1283 1763 1344 1796 κὴν
1361 1763 1491 1797 διδαχὴν
1505 1764 1713 1797 σημαίνουσα.

1143 1819 1198 1848 Kal
1213 1819 1295 1847 εἶδον
1310 1819 1354 1846 ὅτι.
1376 1819 1481 1854 ἤνοιξε
1499 1819 1532 1846 τὸ
1552 1819 1668 1853 Ἄρνίον
1689 1818 1764 1853 μίαν
1781 1819 1816 1845 ἐκ
1839 1817 1899 1845 τῶν

1108 1865 1184 1892 ἑπτὰ
1202 1865 1393 1900 σφραγίδων*
1409 1866 1458 1892 κά).
1480 1864 1600 1899 ἤκουσα
1619 1865 1689 1897 ἐνὸς
1705 1865 1740 1891 ἐκ
1752 1863 1813 1891 τῶν
1830 1872 1900 1892 retr-

1108 1911 1211 1946 σάρων
1234 1910 1313 1942 ζώων
1324 1910 1478 1946 λέγοντος,
1494 1911 1535 1944 ὡς
1550 1910 1653 1946 φωνῆς
1668 1909 1813 1945 βροντῆς·
1830 1911 1899 1945 Ἕρ-

1109 1967 1166 1993 χου
1179 1957 1227 1985 καὶ
1241 1957 1298 1984 ἴδε.

1145 2003 1293 2031 Κάνταῦθα
1304 2005 1321 2040 ἠ
1339 2004 1394 2032 τῶν
1406 2004 1435 2030 ὲν
1452 2003 1578 2039 οὐρανοῖς
1599 2002 1710 2035 εὐταξία
1724 2003 1898 2038 σημαίνεται,

1109 2051 1142 2077 ἐκ
1162 2050 1218 2077 τῶν
1243 2050 1359 2086 πρώτων
1381 2048 1485 2082 τάξεων
1508 2049 1549 2080 είς
1566 2048 1603 2075 τὰ
1625 2047 1741 2084 δεύτερα
1766 2047 1899 2076 καταϐαί-

1110 2104 1210 2124 νουσα·
1225 2096 1265 2123 διὸ
1277 2095 1360 2132 [καὶ]
1379 2096 1412 2123 ὲκ
1425 2094 1473 2122 τοῦ
1490 2094 1549 2126 ἑνὸς
1564 2093 1712 2129 προσώπου
1729 2094 1783 2121 τῶν
1801 2102 1899 2129 τετρα-

1112 2141 1235 2176 μόρφων,
1257 2140 1359 2176 δηλαδὴ
1381 2139 1429 2166 τοῦ
1455 2138 1571 2171 λέοντος,
1585 2137 1636 2174 τὴν
1655 2138 1769 2175 πρώτην
1785 2138 1900 2174 γεγενῆι-

1111 2187 1173 2213 σθαι
1200 2185 1292 2221 φωνὴν
1318 2186 1431 2221 ἢκουσε,
1456 2184 1638 2219 κελευομένην
1660 2183 1703 2215 τὸ.
1721 2184 1844 2218 Ἔρχου,
1859 2183 1900 2219 τῷ

1111 2233 1160 2268 τὴν
1185 2232 1320 2259 ὀπτασίαν
1343 2230 1472 2258 τυποῦντι
1487 2229 1606 2265 ἀγγέλῳ,
1619 2229 1653 2256 δι’
1674 2229 1846 2264 αἰνίγματος.
1862 2229 1900 2256 Τὸ

271 2269 452 2295 demandabat
460 2269 498 2295 uti
511 2268 612 2295 veniret
625 2272 650 2296 et
664 2269 777 2296 videret.
790 2268 924 2295 Cteterum
940 2269 1055 2303 primum

1109 2264 1144 2305 δὲ.
1151 2278 1258 2314 πρῶτον
1272 2277 1352 2310 ζῶον,
1361 2278 1375 2304 ὁ
1383 2276 1464 2310 λέων,
1475 2264 1620 2312 ἐμφαίνσιν
1635 2284 1682 2311 μοι
1694 2275 1808 2302 δοκεῖτὸ
1822 2275 1900 2310 βασι-

274 2313 325 2339 hoc
350 2312 450 2339 animal
465 2313 558 2347 (quod
573 2311 692 2340 Leonem
712 2320 774 2340 esse
797 2312 941 2348 diximus)
957 2312 1058 2348 regiam

273 2359 458 2393 apostolorum
473 2359 654 2394 prudentiam,
669 2359 934 2394 imperterritamque
949 2366 1060 2386 eorum-

273 2405 334 2431 (lem
356 2409 450 2432 contra
470 2406 606 2432 daemones
624 2404 811 2432 fortitudinem
828 2405 983 2439 signiﬁcare
998 2412 1060 2433 ere-

272 2449 355 2475 ditur.
373 2447 432 2476 Huc
444 2449 517 2476 enim
529 2449 631 2476 dictum
645 2448 725 2482 illud,
741 2448 809 2476 Ecce
820 2457 890 2485 rege:
909 2454 985 2477 terra:
999 2458 1060 2478 con-

275 2494 375 2530 gregati
406 2495 501 2522 sunt”
527 2504 533 2522 :
552 2499 579 2522 ct
603 2495 668 2522 illud
691 2502 817 2528 rursum,
844 2495 994 2523 Constituet
1014 2504 1057 2524 eoa

275 2543 404 2577 principes
424 2551 501 2576 super
515 2550 616 2569 antaem
630 2546 726 2569 terram
740 2543 771 2573 η,
788 2543 924 2577 pertinere
940 2543 1057 2571 videtur.

312 2588 356 2622 Vl,
373 2591 399 2617 2.
418 2589 452 2616 Et
470 2590 539 2622 uidi;
558 2594 582 2616 et
595 2597 652 2616 ecce
665 2597 746 2624 equus
761 2590 848 2621 albus.
861 2595 884 2617 et
895 2591 939 2625 qui
953 2590 1058 2617 sedebat

275 2644 352 2671 super
367 2636 454 2668 illum,
468 2635 577 2663 habebat
594 2644 701 2669 arcum;
716 2640 740 2663 et
753 2636 817 2663 data
830 2642 866 2663 est
878 2637 901 2663 ei
915 2645 1023 2670 corona,
1035 2641 1059 2663 et

273 2682 352 2709 exivit
366 2682 468 2709 uincens
483 2686 510 2708 ut
524 2682 645 2709 uinceret.

308 2728 378 2755 Sunt
399 2729 445 2763 qui
461 2732 487 2755 et
503 2728 661 2763 praesentis,
684 2733 712 2755 et
731 2728 900 2763 reliquorum
922 2733 949 2756 et
963 2728 1055 2757 itidem

271 2780 332 2807 quae
351 2773 416 2800 hinc
439 2778 662 2808 consequuntur,
686 2774 767 2809 sigilli
789 2773 998 2808 patefactionem
1022 2775 1056 2802 ad

273 2816 402 2845 incarnati
425 2818 505 2846 Verbi
531 2819 711 2847 mconnmiam
733 2818 863 2846 referant.
888 2819 921 2847 Et
945 2820 1054 2855 quidem

308 2895 328 2911 “
344 2895 416 2925 Psal.
432 2905 514 2931 xutt.
534 2899 560 2927 ὕ.
603 2899 623 2915 ¹¹
639 2897 711 2927 Psal.
722 2905 795 2930 xmv,
810 2898 854 2925 Π.

1109 2324 1185 2353 λαιὸν
1199 2324 1253 2351 τῶν
1274 2324 1434 2352 ἀποστόλων
1457 2323 1528 2350 κατὰ
1550 2322 1686 2358 δαιμόνων
1707 2321 1851 2357 φρόνημα,
1864 2321 1900 2349 δι’

1111 2371 1157 2403 οὓς
1170 2371 1277 2407 εἴρηται
1289 2379 1296 2386 ·
1318 2370 1393 2398 Ἰδοὺ
1407 2371 1434 2397 οι
1444 2368 1586 2402 βασιλεῖς
1608 2367 1664 2403 τῆς
1676 2367 1733 2402 γῆς
1747 2367 1901 2402 συνήχθη·

1110 2424 1180 2443 σαν.
1196 2415 1250 2442 Καὶ
1267 2415 1361 2442 πάλιν·
1378 2413 1586 2449 Καταστήσας
1606 2412 1756 2447 ἄρχοντας
1773 2411 1822 2439 ἐπὶ
1841 2410 1899 2439 πᾶ-

1111 2467 1171 2485 σαν
1185 2458 1242 2492 τὴν
1254 2457 1322 2493 γῆν.

1147 2589 1202 2616 Καὶ
1222 2589 1319 2616 εἶδον·
1335 2589 1383 2616 καὶ
1398 2589 1461 2616 won
1471 2590 1563 2621 ἵππος
1574 2588 1684 2621 ,λευκός
1694 2595 1701 2602 ·
1716 2587 1765 2614 καὶ
1778 2588 1794 2614 ό
1806 2587 1899 2621 καθή-

1108 2643 1200 2670 μενος
1210 2636 1257 2662 ἐπ’
1265 2635 1369 2667 αὑτὸν,
1381 2636 1461 2670 ἔχων
1470 2636 1523 2668 τόξ
1525 2643 1571 2662 ον’
1581 2635 1630 2662 καί
1640 2634 1728 2668 ἐδόθη
1739 2633 1819 2666 αὐτῷ
1827 2635 1899 2661 στέ-

1111 2689 1225 2718 φανοςθ
1257 2681 1306 2708 καὶ
1334 2681 1446 2715 ἐξῆλθε
1481 2680 1592 2713 νικῶν,
1623 2681 1672 2706 καί
1693 2679 1744 2706 ἵνα
1773 2678 1896 2714 νικήσῃ.

1145 2728 1201 2763 Τῆς
1224 2727 1253 2754 δὲ
1268 2727 1410 2762 παρούσης
1434 2727 1581 2762 σφραγῖδος
1604 2726 1655 2761 τὴν
1676 2725 1763 2758 λύσιν,
1780 2725 1899 2752 καὶτῶν

1109 2773 1173 2809 ἑξῆς
1199 2773 1324 2806 ἁπασῶν,
1345 2774 1418 2806 τινὲς
1434 2774 1474 2805 είς
1493 2773 1542 2808 τὴν
1555 2772 1688 2807 ἐνσαρκον
1704 2771 1752 2798 τοῦ
1766 2771 1833 2798 Θεοῦ
1848 2771 1900 2797 A6-

1108 2828 1157 2854 γου
1180 2820 1338 2854 οἰκονομίαν
1352 2819 1526 2854 ὲξειλήφασιν
1538 2827 1544 2835 ·
1565 2818 1615 2854 τὴν
1631 2817 1765 2853 πρώτην,
1788 2818 1834 2853 ,είς
1849 2817 1900 2852 τὴν
