2075 3157
169 168 225 200 265

652 166 956 199 COMMENTARIUS
977 167 1018 198 IN
1037 167 1302 199 APOCALYPSIN.

1746 171 1799 205 266

170 223 296 256 γένεσιν
313 221 362 258 τὴν
375 222 517 259 δευτέραν,
534 222 574 255 είς
596 222 627 250 τὸ
651 223 811 259 βάπτισμα·
827 223 877 259 τὴν
896 224 957 260 τρί-

1015 224 1130 259 primum
1155 233 1188 253 ex
1204 225 1247 253 his
1263 228 1386 260 septem.
1412 225 1446 253 ad
1462 224 1534 253 illius
1558 230 1649 254 ortum
1673 236 1681 254 :
1701 235 1802 256 secun-

169 277 231 304 την,
247 269 288 300 εἰς
301 269 351 300 τὰς
371 269 441 302 μετὰ
456 269 535 296 τοῦτο
552 269 728 305 θεοσημείας·
747 270 797 305 τὴν
815 271 960 306 τετάρτην,

169 315 210 346 εἰς
223 315 274 350 τὴν
289 315 336 341 ἐπὶ
356 314 473 342 Πιλάτου
491 315 664 351 παράστασιν
675 323 681 331 ·
699 315 750 351 τὴν
766 316 906 352 πέμπτην,
921 317 962 348 είς

169 359 216 386 τὸν
233 360 365 395 σταυρόν·
388 361 438 396 τὴν
454 364 490 393 ς’,
508 362 547 393 εἰς
562 362 611 396 τὴν
628 362 656 388 ἐν
675 360 748 397 [τῷ]
764 362 886 396 μνήματι
913 370 962 387 κα-

169 406 297 432 τάθεσιν·
316 407 363 432 καὶ
389 406 438 442 τὴν
464 407 593 442 ἑϐδόμην,
618 408 658 438 εἰς
681 407 730 442 τὴν
747 407 794 433 τοῦ
809 407 873 442 ᾅδου
894 407 962 434 σκύ-

169 451 270 478 λευσιν.
294 453 391 487 Ἰιμεῖς
419 453 460 485 δὲ,
488 453 699 489 ἐντετυχηκότες
724 453 849 488 Μεθοδίῳ
876 452 962 485 οὕτως

169 498 294 534 εἰρηκότι
307 499 353 525 ἐπὶ
366 498 483 531 λέξεως,
501 499 542 526 ὅτι
560 500 600 526 Οὐ
614 499 673 534 χρὴ
688 499 742 526 τὸν
758 499 889 534 Χριστὸν
907 501 962 527 αὺ-

169 544 223 570 τὸν
233 543 308 571 εἶναι
323 543 454 579 νομίζειν
473 545 526 571 τὸν
544 545 779 580 γεγεννημένον·
796 546 889 573 πάλαι
906 546 962 580 τὰρ

170 588 228 622 πρὸ
237 589 291 624 τῆς
306 584 538 625 Ἀπωὶαλύψεως
547 591 742 626 ἐπεπλήρωτο
753 591 787 618 τὸ
793 591 963 626 μυστήριον

168 637 224 670 τῆς
247 637 506 670 ὲνανθρωπήσεως
534 637 588 664 τοῦ
619 637 727 673 [Θεοῦ]
752 639 861 673 Λόγου.
884 639 913 665 ’0
934 638 962 665 δὲ

175 680 311 716 Ἰωάννης.
344 682 408 716 περὶ
438 681 529 717 [τῶν]
557 684 699 718 παρόντων
731 683 777 709 καὶ
810 683 962 717 μελλόντων

169 725 320 760 θεσμῳδεί·
338 726 402 753 ἔνθα
419 727 469 762 τὴν
484 726 532 753 τοῦ
549 728 638 763 πυροῦ
653 728 800 763 δράκοντος
811 728 962 760 ἀνάπτυξιν

169 769 318 804 ἐποιήσατο
332 770 369 801 ὼς
385 771 579 798 ὑποτέτακται.
596 771 690 804 Οὕτως
708 772 892 808 ὲξειλήῳαμεν
911 774 962 808 τὴν

168 813 219 849 τῆς
240 815 351 851 πρώτης
378 816 525 851 σφραγῖδος
549 816 636 849 λύσιν,
659 817 708 852 τὴν
730 817 785 843 τῶν
803 817 962 845 ἀποστόλων

168 860 318 887 ἐννοεῖσθαι
331 862 427 894 γενεάν
437 870 444 877 ·
461 861 485 888 οἳ
500 861 628 897 καθάπερ
644 862 721 896 τόξον
736 862 766 889 τὸ
781 863 959 897 εὑαγγελικὺν

169 906 300 942 κήρυγμα
329 908 400 934 κατὰ
423 907 560 943 δαιμόνων
586 909 766 941 ὲντείναντες,
783 909 824 944 τῷ
849 910 960 945 Χριστῷ

167 953 232 984 τοὺς
248 953 403 988 τρωθέντας
419 956 474 985 τοῖς
491 955 636 989 σωτηρίοις
651 954 741 990 βέλεσι
766 956 958 990 προσήγαγον·

169 998 303 1031 στέφανον
319 999 461 1034 εἰληφότες
480 1001 539 1027 ἀνθ’
565 998 603 1027 ὧν
626 1001 669 1026 διὰ
698 998 746 1034 τῆς
770 1000 899 1035 ἀληθείας
915 1002 960 1028 τὸν

167 1044 217 1078 τῆς
230 1044 334 1079 πλάνης
347 1046 468 1081 ἀρχηγὸν
483 1047 612 1082 ἐνίκησαν
623 1054 630 1062 ·
640 1076 643 1079 _
655 1047 697 1073 ἐπ’
720 1046 808 1073 ἐλπίδι
830 1046 961 1082 δευτέρας

169 1089 256 1124 νίκης,
281 1090 332 1124 τῆς
360 1092 441 1127 μέχρι
469 1092 557 1127 βιαίου
588 1092 706 1119 θανάτου
737 1092 882 1127 ὁμολογίας
914 1092 961 1119 τοῦ

169 1135 336 1166 Δεσποτικοῦ
355 1137 498 1173 ὀνόματος.
514 1137 560 1164 Διὸ
575 1138 748 1173 γέγραπται·
776 1137 903 1171 Ἐξῆλθε
917 1147 960 1165 νι-

168 1182 241 1216 κῶν,
267 1184 317 1211 καὶ
342 1185 393 1212 ἵνα
415 1185 540 1219 νικήσῃ.
562 1186 660 1221 Πρώτη
687 1186 741 1221 γὰρ
766 1186 840 1221 νίκη,
861 1186 877 1220 ἡ
906 1185 960 1211 τῶν

168 1228 255 1256 ἐθνῶν
273 1230 425 1267 ἐπιστροῳή
436 1239 443 1247 ·
461 1231 577 1266 δευτέρα
594 1231 671 1268 [se],
688 1230 706 1267 ὴ
724 1232 771 1259 τοῦ
790 1231 915 1267 σώματος
927 1231 960 1257 δι’

168 1274 254 1310 αὐτὴν
270 1275 393 1308 ἑκούσιος
406 1277 476 1312 μετὰ
488 1278 625 1304 κολάσεων
635 1277 734 1311 ἔξοδος.

168 1325 265 1348 nactus
279 1326 330 1355 est,
345 1323 467 1357 gentium
481 1323 533 1351 fuit
542 1324 687 1353 conversio
704 1333 711 1351 :
730 1323 850 1352 secunda
864 1327 968 1354 autem,

168 1366 230 1402 ejus
247 1368 286 1395 rei
300 1376 384 1396 causa
399 1374 555 1406 susceptus.

468 1438 594 1466 ΚΕΦΔΛ.
611 1440 661 1465 ΙΔ¹.
695 1456 700 1460 ο

168 1502 266 1540 Δύσίς
288 1503 345 1540 τῆς
367 1503 512 1540 δευτέρας
533 1505 701 1539 σφραγῖδος
727 1505 884 1540 (δηλοῦσα
907 1503 962 1533 τόν·

214 1537 274 1564 τῶν
287 1539 425 1566 ἀπίστων
444 1537 519 1566 ’ἰατὰ
537 1537 596 1567 τῶν
611 1537 735 1567 πιστῶν
747 1537 909 1576 πόλεμον).

204 1617 262 1644 Kal
271 1617 320 1644 ὅτε
330 1616 437 1651 ἤνοιξε
446 1617 505 1651 τὴν
514 1617 659 1652 δευτέραν
668 1618 829 1653 σφραγῖδα,
842 1618 963 1653 ἥκουσα

167 1663 223 1691 τοῦ
241 1662 383 1697 δευτέρου
397 1663 481 1696 ζώου,
497 1664 643 1698 λέγοντος
654 1672 661 1680 ·
679 1665 789 1699 Ἔρχου
805 1665 854 1691 καὶ
871 1665 926 1692 las.

207 1719 281 1748 Ζῶον
302 1718 380 1755 οἶμαι
404 1720 541 1755 δεύτερον,
567 1721 613 1747 τον
631 1721 731 1757 μόσχον
753 1721 892 1756 λέγεσθαι,
909 1723 964 1749 τῶν

170 1765 258 1800 ἁγίων
277 1765 425 1802 μαρτύρων
439 1767 488 1798 τὰς
503 1767 578 1802 ἱερὰς
594 1766 689 1799 θυσίας
713 1769 962 1804 χαρακτηρίζοντα,

169 1810 217 1837 τοῦ
244 1811 378 1846 προτέρου
393 1811 443 1847 τὴν
461 1812 644 1848 ἀποστολικὴν
661 1813 786 1845 ἐξουσίαν
800 1813 964 1848 διαγράφον-

168 1865 227 1890 τος,
243 1857 280 1889 ὡς
296 1857 415 1892 εἴρηται.

207 1914 261 1941 Kal
275 1911 370 1946 εἶδον,
386 1914 435 1941 καὶ
449 1914 513 1941 Ιδοὺ
527 1913 658 1948 ἐξῆλθεν
674 1914 770 1947 ἄλλος
783 1915 875 1948 ἵππος
890 1917 964 1950 avﬁ-

165 1961 234 1995 ρός.
259 1961 315 1987 Kal
340 1960 381 1994 τῷ
409 1960 567 1995 καθημένῳ
592 1961 639 1987 ἐπ’
664 1960 755 1993 αὐτῷ,
778 1961 867 1995 ἐδόθη
884 1960 964 1993 αὐτῷ

170 2006 276 2034 λαϐεῖν
294 2007 353 2041 τὴν
367 2007 492 2040 ειρήνην
515 2007 549 2034 ὲκ
575 2005 630 2040 τῆς
655 2006 722 2041 γῆς,
744 2007 795 2033 ἵνα
808 2006 964 2040 ἀλλήλους

171 2051 328 2087 σφάξωσιθ
348 2052 398 2079 καὶ
416 2051 507 2087 ἐδόθη
524 2051 604 2084 αὐτῷ
618 2052 752 2087 μάχαιρα
763 2051 892 2087 μεγάλη.

208 2109 319 2144 Ταύτην
332 2110 412 2145 ἡμεῖς
425 2108 614 2144 στοχαζόμεθα
628 2108 677 2144 τὴν
690 2108 818 2143 δευτέραν
832 2108 886 2135 τῶν
897 2108 965 2135 ἀπο-

174 2155 277 2183 στόλων
290 2155 410 2183 νοεῖσθαι
422 2155 544 2191 διδαχὴν,
557 2155 601 2182 διὰ
617 2155 767 2190 μαρτύρων
778 2155 824 2181 καὶ
835 2155 964 2182 διδασκά-

171 2201 225 2229 λων
241 2201 490 2237 συμπληρουμένην
500 2209 507 2216 ·
522 2202 551 2228 ὲν
563 2198 580 2239 ᾖ
592 2201 795 2234 πλατυνομένου
809 2201 902 2228 λοιπὸν
917 2201 964 2227 τοῦ

173 2249 362 2284 κηρύγματος,
384 2250 401 2285 ή
413 2249 461 2276 τοῦ
477 2250 582 2285 κόσμου
597 2249 692 2284 εἰρήνη
715 2249 807 2283 ἐλύθη.
826 2248 887 2275 καθ’
901 2249 966 2274 ἐαυ-

1013 271 1090 302 dum,
1107 272 1141 298 ad
1162 271 1331 306 Baptismum
1347 282 1353 299 :
1372 272 1492 305 tertium,
1508 272 1542 299 ad
1562 273 1650 308 signa,
1664 281 1726 308 quae
1737 279 1802 309 post

1014 315 1183 350 Baptismum
1201 322 1358 351 susceptum
1376 317 1493 352 patravit
1514 326 1521 345 :
1540 323 1687 352 quartum,
1707 318 1741 346 ad
1761 319 1804 347 in-

1011 361 1114 395 justam
1140 362 1211 396 apml
1232 361 1308 388 l'ilati
1334 362 1454 389 tribunal
1473 363 1675 391 accusationem
1694 372 1701 390 :
1719 364 1804 399 quin-

1014 411 1082 438 tum,
1099 407 1132 433 ad
1151 415 1259 434 crucem
1277 415 1284 433 :
1305 412 1424 439 sextum,
1443 408 1476 435 ad
1505 408 1673 443 sepulturam
1691 418 1698 436 :
1716 410 1802 445 septi-

1014 461 1107 485 mum,
1135 453 1168 480 ad
1194 448 1366 480 descensum
1389 453 1422 480 ad
1452 453 1570 485 inferos,
1598 455 1804 490 inferorumque

1014 498 1216 533 spoliationem.
1233 498 1288 525 Nos
1302 502 1391 525 autem
1406 497 1533 526 Methodii
1550 500 1690 527 sententiae
1708 501 1804 527 luben-

1015 549 1055 571 ter
1069 544 1262 578 astipulantur.
1281 543 1379 572 Scribit
1397 545 1419 572 is
1433 550 1523 572 autem
1541 545 1566 572 in
1584 546 1656 573 hunc
1670 547 1801 574 modum:

1014 589 1096 616 Nulla
1108 590 1246 617 necessitas
1258 591 1326 624 cogit
1340 596 1368 617 ut
1381 590 1436 617 Ιιαιι
1451 592 1485 616 ad
1501 590 1635 617 Christum
1647 591 1701 627 24
1712 597 1804 619 natum

1013 636 1142 669 pet-linere
1190 637 1360 669 arbitremur,
1386 637 1518 671 siquidem
1558 637 1692 664 incarnati
1727 637 1804 665 Verbi

1015 682 1178 716 mysterium,
1196 682 1297 708 dudum
1313 686 1373 708 ante
1396 682 1573 717 Apocalypsin
1586 683 1694 715 editam,
1713 683 1806 717 imple-

1014 731 1070 753 tum
1088 732 1145 754 erat
1164 735 1173 753 :
1188 726 1308 755 Joannes
1332 734 1422 756 autem
1437 729 1469 755 de
1487 729 1669 762 praesentibus
1685 730 1806 764 olimque

1015 772 1114 800 futuris
1129 773 1210 800 verba
1227 774 1301 800 facit.
1317 773 1373 801 Hac
1391 779 1482 801 autem
1508 775 1633 810 pericopa
1647 796 1652 806 ,
1666 777 1806 811 quomodo

1014 817 1091 845 rufus
1106 818 1151 845 ille
1169 818 1328 853 ignitusque
1351 819 1435 846 draco
1451 819 1613 855 subjugatus
1636 820 1735 852 fuerit,
1757 828 1806 848 ex-

1014 863 1134 898 ponitur.
1154 863 1237 890 Primi
1257 863 1372 898 proindc
1396 864 1476 898 sigilli
1496 865 1598 892 solutio
1617 865 1650 892 ad
1667 866 1801 900 apostolo-

1015 917 1073 936 rum
1100 910 1304 944 generationem
1333 909 1405 937 haud
1427 910 1601 937 incommode
1632 904 1804 938 transiértur.

1015 955 1046 982 Hi
1063 962 1180 990 namque
1203 955 1342 990 Evangelii
1366 955 1587 990 praedicationem
1610 956 1693 983 veluti
1709 964 1804 984 arcum

1013 1000 1159 1028 infractum
1183 1006 1278 1029 contra
1303 1001 1442 1029 daemones
1467 1001 1658 1033 intenderunt,
1675 1002 1806 1030 salutari-

1014 1047 1120 1082 busque
1132 1046 1240 1081 sagittis
1255 1047 1413 1074 vulneratos
1425 1046 1458 1073 ad
1467 1046 1606 1074 Christum
1615 1047 1805 1075 adduxerunt:

1018 1099 1149 1119 coronam
1171 1092 1208 1119 ob
1232 1092 1257 1119 id
1282 1092 1384 1124 sortitiI
1410 1093 1484 1127 quod
1512 1100 1560 1127 per
1584 1093 1706 1121 veritatis
1729 1101 1805 1120 arma

1013 1139 1116 1166 erroris
1127 1139 1224 1166 ducem
1239 1139 1408 1172 devicerunt,
1425 1139 1608 1175 secundaeque
1621 1140 1743 1168 victoriae
1759 1148 1807 1175 spe

1015 1192 1102 1219 usque
1115 1185 1148 1212 ad
1161 1184 1307 1212 violentam
1322 1189 1440 1213 mortem
1454 1192 1553 1212 nomen
1570 1186 1676 1213 Domini
1691 1185 1806 1220 professi

1013 1232 1088 1255 sunt.
1107 1229 1257 1264 Eaproptcr
1279 1230 1330 1257 hoc
1344 1229 1416 1262 loco,
1434 1229 1523 1256 Exivit
1542 1230 1624 1257 uictor
1637 1235 1665 1256 ut
1681 1231 1805 1257 vinceret.

1013 1274 1104 1302 Prima
1119 1275 1210 1310 itaque
1227 1275 1338 1303 victoria
1349 1295 1357 1308 ,
1373 1283 1455 1310 quam
1468 1283 1518 1311 per
1531 1277 1670 1312 apostolos
1680 1277 1807 1305 Christus

988 1326 1157 1357 spontancus
1174 1329 1189 1349 a
1205 1329 1320 1357 corpore
1335 1321 1427 1349 exitus
1439 1342 1446 1355 ,
1467 1330 1520 1349 non
1551 1323 1655 1358 absque
1682 1324 1805 1352 cruciatu

1309 1436 1422 1464 CAPUT
1453 1437 1521 1464 XIV.

1016 1504 1131 1533 Secundi
1151 1504 1234 1539 sigilli
1249 1503 1362 1539 solutio.
1384 1512 1436 1538 qua
1460 1504 1581 1537 prtelium
1604 1505 1673 1538 quod
1688 1504 1806 1539 inﬁdeles

1155 1538 1248 1566 centra
1264 1538 1353 1573 ﬁdeles
1369 1539 1471 1571 incutit,
1487 1539 1655 1566 describitur.

1051 1616 1094 1648 Vl,
1109 1617 1136 1645 5.
1147 1615 1179 1642 Et
1194 1624 1253 1642 cum
1262 1615 1406 1650 aperuisset
1417 1614 1535 1649 sigillum
1548 1615 1704 1649 secundum,
1716 1615 1807 1644 audit-5

1014 1661 1155 1688 secundum
1172 1660 1273 1688 animal
1288 1657 1376 1687 (licens
1394 1668 1402 1688 :
1424 1660 1488 1687 Veni
1504 1665 1528 1687 et
1543 1660 1610 1688 vide.

1051 1718 1206 1746 Secundum
1236 1717 1337 1745 animal
1366 1717 1482 1744 vitulum
1508 1718 1560 1745 dici
1588 1719 1725 1746 existimo.
1750 1719 1807 1747 Hoc

1017 1768 1108 1790 autem
1136 1766 1330 1790 sacrosanctae
1359 1763 1500 1789 beatorum
1528 1768 1678 1798 martyrum
1704 1765 1809 1792 hostias

1015 1809 1158 1844 designat,
1182 1808 1261 1836 sicuti
1287 1808 1405 1842 primum
1430 1808 1610 1842 apostolicam
1628 1815 1808 1844 potestatem,

1015 1855 1053 1882 uti
1070 1854 1152 1890 paulo
1167 1859 1230 1882 ante
1246 1853 1431 1881 indicabatur.

1051 1912 1096 1945 Vl,
1112 1913 1139 1940 ό.
1152 1911 1186 1939 Et
1197 1912 1277 1939 exivit
1297 1912 1368 1939 alius
1379 1919 1462 1946 equus
1487 1911 1573 1945 rufus.
1592 1910 1625 1938 Et
1641 1913 1688 1947 qui
1703 1913 1808 1940 sedebat

1015 1967 1094 1994 super
1110 1959 1202 1991 illum,
1215 1959 1309 1985 datum
1321 1963 1360 1984 est
1374 1959 1398 1984 ei
1412 1962 1440 1984 ut
1452 1962 1566 1984 sumeret
1577 1966 1667 1992 pacem
1682 1960 1713 1986 de
1728 1965 1809 1992 terra,

1015 2012 1078 2034 etut
1094 2007 1204 2034 invicem
1222 2014 1248 2033 se
1264 2004 1426 2040 interﬁciant
1441 2014 1447 2037 ;
1460 2008 1485 2031 et
1502 2004 1580 2031 datus
1594 2010 1632 2032 est
1648 2005 1689 2032 illi
1705 2006 1810 2040 gladius

1015 2060 1135 2087 magnus.

1051 2107 1128 2135 llanc
1158 2107 1307 2135 secundam
1326 2106 1360 2134 ab
1380 2107 1512 2142 apostolis
1534 2107 1737 2135 successionem
1762 2107 1807 2134 in-

1016 2153 1159 2188 terpretari
1176 2160 1339 2188 possumus.
1354 2160 1415 2188 quae
1428 2160 1477 2188 per
1492 2158 1626 2188 martyres
1641 2157 1668 2180 et
1685 2152 1810 2180 doctores

1016 2198 1164 2226 constituta
1187 2203 1240 2225 est.
1254 2197 1281 2225 lu
1295 2198 1346 2225 hac
1360 2198 1433 2225 enim
1451 2198 1580 2226 Ecclesiae
1593 2203 1682 2232 aetate,
1698 2199 1811 2226 dilatata

1015 2244 1071 2279 jam
1088 2244 1227 2279 Evangelii
1244 2244 1436 2278 praedicatione
1447 2264 1454 2276 .
1471 2244 1564 2271 mundi
1584 2244 1666 2280 hujus
1684 2252 1736 2280 pax
1753 2244 1810 2273 dis-

172 2296 224 2330 τῆς
239 2295 418 2331 μερισθείσης
433 2296 483 2330 τῆς
498 2295 616 2329 φύσεως,
633 2295 704 2321 κατὰ
715 2294 745 2321 τὸ
761 2293 843 2329 ῥηθὲν
858 2294 910 2320 ὑπὸ
921 2293 963 2320 τ(ιί

1021 2291 1127 2323 soluta,
1149 2290 1348 2324 hominumque
1366 2294 1461 2317 natura
1481 2294 1576 2317 contra
1596 2290 1714 2325 scipsam
1740 2297 1811 2324 quo-

174 2341 312 2376 Χριστοῦ·
335 2342 397 2369 Οὐκ
420 2339 517 2377 ἦλθον
540 2341 652 2374 βαλεῖν
674 2340 800 2376 ειρήνην
825 2340 893 2376 [ἐπὶ
913 2340 969 2375 τῆς

177 2386 265 2423 τῆς],
278 2387 359 2415 ἀλλὰ
373 2388 535 2422 μάχαιραν.
550 2387 589 2414 Δι’
607 2384 640 2423 ἦς
652 2387 686 2413 τὰ
699 2386 856 2422 μαρτυρικὰ
867 2385 969 2420 σςάγια

178 2432 220 2463 είς
241 2432 273 2458 τὸ
294 2431 351 2458 ἅνω
367 2432 563 2467 θυσιαστήριον
585 2431 783 2467 ἀνηνέχθησαν.
806 2431 832 2457 Ὀ
847 2430 881 2457 δὲ
897 2431 971 2465 πυῤ-

170 2477 228 2512 ρὸς
244 2478 349 2511 ἵππος,
371 2477 389 2513 ἢ
408 2478 457 2513 τῆς
483 2478 624 2513 ὲκχύσεως
645 2478 699 2505 τῶν
727 2477 862 2511 αἱμάτων,
879 2477 896 2512 ἢ
919 2477 969 2512 τῆς

175 2524 382 2559 πεπυρωμένης
397 2523 452 2550 τῶν
476 2524 547 2560 ὑπὲρ
564 2523 684 2559 Χριστοῦ
707 2524 865 2559 πασχόντων
878 2522 968 2550 διαθέ-

176 2577 246 2602 σεως
259 2569 405 2605 σύμὸολον.
422 2570 460 2597 Τὸ
472 2565 501 2597 δὲ
517 2570 682 2605 γεγράφθαι,
694 2569 820 2605 δοθῆναι
829 2569 868 2602 τῷ
894 2570 967 2597 καθ-

175 2617 331 2653 ημένῳὲπ’
344 2616 539 2651 αὐτῷηλαϐεῖν
550 2616 605 2652 τὴν
616 2615 753 2651 είρήνην,
769 2616 818 2650 τὴν
831 2615 968 2650 πάνσοφον

175 2663 296 2691 δείκνυσι
309 2663 357 2690 τοῦ
371 2663 439 2691 Θεοῦ
455 2663 640 2698 συγχώρησιν,
653 2663 717 2696 τοὺς
731 2663 843 2694 πιστοὺς
858 2661 968 2694 δούλους

176 2709 222 2736 διὰ
237 2707 401 2745 πειρασμῶν
416 2709 619 2744 δοκιμάζουσαν

213 2885 238 2903 ¹³
255 2885 351 2914 Matth.
368 2895 396 2914 κ,
408 2887 454 2914 54.

342 2935 479 2965 ΡΑτιωιη
503 2935 560 2965 Gn.
584 2934 662 2965 CVI.

1020 2336 1165 2364 dammodo
1185 2335 1272 2363 divisa
1296 2340 1348 2363 est.
1372 2334 1431 2363 Huc
1455 2343 1574 2369 namque
1600 2335 1718 2370 pertinet
1745 2335 1812 2362 illud

1020 2382 1121 2409 Christi
1138 2391 1144 2408 :
1164 2381 1226 2409 Non
1251 2383 1308 2410 teni
1327 2390 1418 2416 pacem
1437 2383 1558 2413 mittere,
1580 2382 1625 2409 sed
1648 2382 1811 2418 gladium”;

1021 2436 1068 2464 per
1080 2436 1160 2463 quem
1177 2432 1327 2463 martyrum
1342 2427 1439 2455 hostiae
1454 2433 1597 2461 mactatae,
1617 2433 1643 2455 et
1661 2428 1689 2456 in
1705 2427 1809 2467 {scelesti

1019 2482 1066 2502 ara
1084 2474 1182 2502 oblatae
1197 2479 1270 2501 sunt.
1289 2475 1376 2502 Porro
1395 2482 1476 2509 equus
1491 2475 1579 2508 rufus,
1591 2479 1639 2502 aut
1654 2474 1731 2502 effusi
1747 2481 1812 2501 sau-

1019 2520 1110 2555 guinis
1134 2520 1287 2554 symbolum
1316 2524 1373 2552 est,
1400 2526 1447 2548 aut
1476 2520 1674 2558 inﬂammatum
1703 2518 1811 2544 illorum

1021 2565 1321 2600 adeatumsigiiiﬁcat‘,
1335 2565 1383 2600 qui
1403 2569 1519 2593 mortem
1542 2571 1592 2600 pro
1606 2563 1716 2591 Christo
1729 2568 1812 2596 oppe-

1021 2612 1133 2639 tierunt.
1149 2611 1217 2638 Cum
1237 2616 1327 2638 autem
1340 2611 1459 2644 additur.
1477 2611 1537 2645 rufo
1548 2617 1613 2645 equa
1628 2607 1754 2634 insidenti
1765 2607 1812 2632 da-

1022 2663 1142 2686 tantem:
1154 2663 1309 2693 potestatem
1324 2664 1351 2686 ut
1364 2659 1466 2686 tolleret
1477 2665 1566 2692 pacem
1577 2656 1609 2682 de
1621 2659 1698 2685 terra.
1707 2653 1810 2688 sapien-

1022 2704 1128 2732 lissima
1146 2703 1191 2730 Dei
1209 2704 1355 2740 permissio
1367 2705 1402 2731 ob
1416 2703 1511 2731 oculos
1526 2701 1604 2728 nobis
1615 2700 1735 2735 ponitur.
1751 2698 1812 2726 liter

1023 2757 1076 2777 una
1093 2749 1167 2777 enim
1185 2754 1238 2782 est,
1254 2757 1316 2784 qua:
1330 2749 1399 2777 ﬁdos
1414 2748 1460 2776 Dei
1479 2754 1572 2776 servos
1586 2753 1635 2781 per
1648 2744 1812 2773 tentationes

1023 2796 1132 2831 probari
1145 2800 1172 2824 et
1186 2796 1322 2831 explorari
1336 2795 1410 2824 sinit.
