2075 3157
255 174 308 207 271

837 166 1008 197 ‘ANDBE/E
1027 166 1287 198 CA‘ISARIENSIS

1837 172 1892 202 272

260 239 390 268 tanquam
408 230 562 258 futurorum
579 227 781 263 prmdictionem
797 225 921 260 accipere
934 225 1048 257 malunt,

1106 226 1195 258 iElou;
1217 226 1399 262 ἐπιστρέψατε
1420 226 1472 253 τῶν
1490 226 1519 253 δὲ
1540 226 1661 254 ἀπειθῶν
1676 228 1708 263 τῇ
1728 229 1894 264 παγκοαμίῳ

259 281 298 308 illi
323 278 465 314 przcscntis
481 276 532 303 loci
553 274 679 309 querelas
696 277 779 307 atque
803 272 938 300 clamores
954 271 981 298 in
1001 279 1048 298 cos

260 327 346 362 magis
360 325 504 353 convenire
519 319 654 353 statuu'nt,
667 320 712 355 qui
725 323 834 354 propter
847 319 985 346 Christum
1005 325 1049 344 oe.-

260 374 328 404 ntisi,
361 375 454 398 contra
489 371 681 403 persecutores
715 365 862 392 vindictam
901 368 1047 398 expetunt;

259 423 394 453 quatenus
409 416 455 451 qui
477 415 547 442 inter
565 414 639 447 ipsos
661 411 706 438 Dei
730 410 873 438 clementia
895 417 946 436 non
968 417 1047 443 pror-

258 473 306 492 sus
323 463 426 496 indigni
447 460 636 491 invenientur,
657 459 690 485 ad
716 457 860 484 Dominum
881 461 1047 483 convertan-

260 515 315 543 tur,
341 509 478 536 obstinate
497 512 588 534 autent
602 504 689 540 impii,
706 511 754 538 per
769 502 950 529 universalcm
965 502 1048 528 totius

1104 271 1244 306 συντελείᾳ
1261 271 1377 305 ἐκκόψαι
1396 271 1445 305 τὴν
1461 272 1589 298 ἀσέὸειαν
1605 273 1679 303 ὅπως
1694 272 1727 299 ἂν
1744 274 1781 307 μὴ
1803 273 1891 299 ἐκτεί-

1102 326 1185 343 νωσιν
1205 318 1230 344 οί
1250 317 1350 344 δίκαιοι
1369 318 1398 344 ὲν
1421 317 1546 353 ἀνομίαις
1559 319 1652 353 χεῖρας
1669 318 1769 345 αὐτῶν.
1790 318 1821 345 Ei
1838 319 1893 354 γὰρ

1102 364 1151 390 καὶ
1171 363 1222 399 ήδη
1243 363 1320 395 τότε,
1343 363 1434 395 καθὼς
1455 365 1580 400 εἴρηται,
1603 365 1628 391 οἱ
1656 365 1797 397 δυσσεϐεῖς
1817 365 1894 396 θείας

1101 407 1187 443 ὀργῆς
1214 407 1420 443 ἐπειράθησαν,
1445 408 1502 434 ἀλλ’
1527 409 1602 435 οὐδὲν
1626 408 1707 445 ἦττον
1734 410 1767 436 τὰ
1790 410 1894 436 τούτων

1103 453 1218 488 λείψανα
1253 453 1476 489 ὲπιστρεπτικῶν
1504 454 1519 490 ἢ
1551 455 1721 482 κολαστικῶν
1753 456 1894 490 μαστίγων

1102 500 1219 527 ἐδέοντο.

259 557 335 585 orbis
349 554 617 584 consummationem
639 552 817 582 cxcidautur,
852 558 886 577 ne
906 551 974 585 justi
1001 549 1034 576 ad
1065 549 1237 584 iniquitatem
1266 547 1414 575 extendant
1441 555 1538 576 manus
1568 556 1641 576 suas.
1677 548 1746 576 Nam
1762 550 1814 577 etsi
1832 557 1893 584 pcr-

259 604 337 631 multi
350 602 426 637 impii
439 601 600 636 jamdudum
629 603 692 626 ante
708 598 754 626 Dei
772 598 841 626 iram
862 597 968 632 experti
979 601 1055 628 sunt,
1074 595 1159 622 nihilo
1171 595 1262 623 socius
1275 595 1533 630 illorum'reliquia:
1557 595 1670 631 ﬂagellis
1691 596 1781 624 adhuc
1793 602 1893 632 egent;

258 650 358 686 quibus
370 654 416 675 aut
431 651 635 678 convertantur,
651 650 695 672 aut
712 652 761 680 pro
774 644 880 672 meritis
891 648 965 671 certe
976 643 1140 678 plectantur.

296 698 341 728 Vl.
357 697 400 724 il.
417 696 451 723 Et
468 696 538 723 datm
554 700 614 721 sunt
633 694 689 721 illis
709 692 821 728 singula:
836 692 912 720 stolw
927 691 1005 724 albaa,
1025 695 1049 718 et

259 746 360 772 dictant
375 749 412 770 est
432 743 485 770 illis
500 747 527 769 ut
542 742 731 776 requiescerent
746 740 832 766 adhuc
846 739 972 774 pusillum
987 743 1051 765 tent-

259 792 350 826 poris;
368 791 448 817 donec
463 788 645 823 compleantur
664 787 779 814 conservi
794 793 895 817 eorum,
912 789 948 812 εις
956 784 1052 819 fratres

259 845 360 867 εογιιηι,
377 837 421 871 qui
438 835 614 868 interﬁciendi
627 838 699 866 stult,
717 835 786 860 sicut
801 837 826 859 et
842 832 893 859 illi.

1136 690 1190 718 Kal
1210 690 1300 724 ἐδόθη
1321 690 1424 723 αὐτοῖς
1442 690 1560 723 ἑκάστῳ
1585 689 1682 724 στολὴ
1704 690 1819 724 λευκή·
1843 699 1894 717 και

1100 737 1206 771 ὲρῤέθη
1221 737 1324 770 αὐτοῖς
1343 737 1394 764 ἵνα
1410 737 1643 770 ἀναπαύσωνται
1664 737 1707 763 ἑτι
1725 737 1837 771 χρόνον
1849 746 1895 771 μι-

1102 783 1186 818 κρὸν,
1198 783 1253 816 ἕως
1266 781 1302 811 οὗ
1311 782 1494 816 πληρώσωσι
1505 782 1553 809 καὶ
1566 783 1594 809 al
1605 782 1771 808 σύνδουλοι
1783 781 1893 813 αὐτῶν,

1105 829 1154 856 καὶ
1171 830 1199 855 oi
1217 829 1343 864 ἀδελφοὶ
1368 828 1468 855 αὐτῶν
1486 829 1513 855 ολ
1531 828 1694 863 μέλλοντες
1719 827 1895 855 ἀποκτείνε-

1103 878 1172 903 σθαι
1187 877 1227 909 ὼς
1242 876 1289 902 καὶ
1301 876 1396 903 αὐτοί.

296 929 367 962 Quin
396 935 444 963 per
466 927 521 953 haec
538 932 647 960 quoque
667 924 758 952 smeuli
781 923 1048 951 consummationem

1137 923 1173 949 Τὸ
1188 922 1230 953 δὲ,
1258 922 1334 955 Ἕως
1353 920 1389 950 οὗ
1413 922 1595 955 πληρώσωσι
1610 922 1658 949 καὶ
1682 922 1709 948 οι
1729 921 1894 949 σύνδουλοι

260 979 388 1008 expetere
406 972 494 999 sancti
515 971 667 1005 probantur
686 979 692 996 :
710 969 822 996 interim
838 976 923 1003 usque
943 968 976 995 ad
995 967 1049 995 l‘ra-

259 1026 332 1048 trum
349 1027 462 1045 suorum
478 1022 606 1048 mortem,
625 1024 660 1043 ne
674 1020 737 1042 ante
751 1015 823 1046 illos,
837 1015 915 1049 juxta
934 1013 1050 1049 Aposto-

261 1068 327 1099 lum,
342 1068 584 1095 consummentur,
602 1070 707 1089 moram
733 1061 814 1088 istam
830 1061 964 1096 patienter
978 1059 1051 1087 ferre

259 1115 399 1148 iubentur.
429 1111 558 1139 Candida:
592 1110 644 1144 27
672 1114 763 1136 autem
789 1109 884 1139 stoltr,
918 1108 1049 1135 virtutum

260 1159 444 1194 splendorem,
456 1157 502 1191 qui
524 1155 640 1183 illustris
659 1155 686 1182 in
703 1155 756 1182 illis
769 1155 892 1187 exsistit,
910 1154 1049 1186 insinuat;

261 1212 316 1238 quo
332 1202 477 1237 splendore
490 1201 546 1235 jam
563 1207 638 1226 nunc
660 1199 780 1233 undique
796 1202 860 1225 sunt
877 1196 1049 1229 circumfusi,

261 1249 370 1278 etiamsi
391 1248 592 1283 promissorum
619 1245 751 1272 bonorum
775 1243 962 1271 hmredilatem
988 1249 1050 1268 nee-

262 1297 326 1324 dum
343 1295 432 1330 adepti
453 1297 527 1320 sunt.
545 1292 645 1318 Eorum
662 1291 754 1325 itaque
769 1290 908 1316 bonorum
919 1296 977 1323 spe,
991 1293 1052 1322 qua:

262 1341 378 1377 spiritali
404 1339 485 1366 oculo
513 1344 586 1364 nunc
603 1335 827 1370 eontemplantur
848 1334 882 1361 ab
907 1333 981 1361 omni
1009 1333 1051 1359 in-

263 1395 337 1416 terea
359 1384 543 1413 crassitudine
558 1383 644 1414 cxuti,
659 1382 758 1409 merito
777 1381 916 1412 laetantur;
933 1377 982 1406 nec
997 1385 1051 1405 non

263 1436 290 1461 in
312 1433 428 1460 Abraba:
445 1432 506 1458 sinu
528 1434 622 1464 pacate
641 1429 814 1464 requiescere
829 1427 963 1454 feruntur.
983 1425 1052 1452 Mul-

263 1485 353 1508 torum
377 1485 496 1512 namque
527 1480 686 1504 sanctorum
713 1475 848 1501 sententia
869 1477 928 1505 est,
954 1478 1052 1499 unum-

262 1525 412 1562 qucmlibet
442 1522 550 1550 \irtutis
572 1521 705 1548 cultorem
731 1520 821 1547 locum
839 1519 917 1546 laetis
938 1518 995 1545 suis
1010 1517 1053 1544 di-

263 1577 345 1605 gnum
369 1572 432 1604 post
456 1568 526 1595 hanc
543 1567 626 1593 vitam
645 1566 755 1599 sortiri;
781 1573 814 1592 ex
837 1571 893 1598 quo
912 1564 945 1591 de
968 1563 1052 1598 gloria

263 1617 314 1650 sibi
327 1619 477 1651 praeparata
493 1618 596 1641 certam
610 1612 798 1646 conjecturam
815 1611 904 1638 facere
917 1610 1016 1637 valeat.

544 1680 658 1709 CAPUT
678 1679 772 1708 XVIII.

264 1741 339 1769 Sexti
365 1740 447 1775 sigilli
473 1738 589 1769 solutio,
603 1746 672 1775 rqua’
695 1737 788 1775 plagas
804 1745 868 1775 qua:
890 1736 1055 1775 sub_sazc_uli

300 1771 485 1809 catastiuphen
502 1771 654 1800 mortalium
670 1771 755 1808 generi
768 1773 926 1806 inlercntur,
944 1771 1056 1799 breviter

299 1816 440 1845 percenset.

301 1879 347 1911 Vl,
366 1879 410 1910 12,
428 1879 471 1905 13.
495 1876 527 1903 Et
550 1875 603 1902 vidi
625 1881 683 1901 t‘ttm
702 1873 846 1907 aperuisset
863 1872 981 1907 sigillum
997 1879 1056 1899 sex-

265 1932 321 1954 tum
336 1933 344 1952 :
361 1929 385 1952 et
403 1932 459 1951 ecce
482 1926 647 1950 lerrwmolus
672 1928 782 1955 magnus
798 1919 883 1953 factus
900 1923 956 1950 est;
975 1922 999 1944 et
1016 1917 1056 1944 sol

267 1973 353 2007 factus
375 1975 413 1998 est
437 1970 510 2004 niger
534 1974 658 2002 tanquam
685 1975 776 1994 saccus
791 1966 926 1998 cilicinus,
946 1971 970 1992 et
991 1964 1055 1992 luna

267 2025 322 2046 luta
344 2019 415 2053 facta
437 2021 474 2044 est
489 2017 556 2043 sicut
575 2016 683 2050 sanguis
699 2022 708 2041 :
722 2018 746 2041 et
765 2013 848 2041 statim
866 2013 897 2040 de
913 2013 1057 2040 calauti—

266 2067 361 2092 derunt
376 2070 454 2097 super
467 2068 565 2089 terram
575 2083 581 2094 ,
596 2063 662 2088 sicut
676 2061 742 2096 [itus
753 2060 850 2087 emittit
867 2060 972 2095 grossbs
984 2067 1055 2092 suos,

266 2119 326 2139 cum
342 2119 357 2137 α
373 2115 447 2137 vento
464 2117 557 2143 magno
573 2113 698 2135 movetur.

306 2157 363 2185 Etsi
378 2164 431 2183 non
453 2156 544 2183 desint
562 2155 607 2190 qui
623 2155 680 2181 haec
692 2153 784 2181 omnia
803 2153 836 2180 ad
852 2151 1056 2186 Hierosolymo—

266 2211 328 2230 rum
347 2202 518 2230 obsidionem
532 2205 559 2228 ct
573 2200 743 2228 eversionem
764 2207 824 2234 quze
840 2207 855 2226 a
869 2198 931 2226 Tito
951 2197 1055 2233 Vespa-

1101 968 1211 1000 αὐτῶν,
1229 968 1306 1003 δηλοῖ
1323 969 1363 995 ὅτι
1377 968 1425 1001 τὴν
1439 967 1487 994 τοῦ
1503 967 1607 1002 κόσμου
1631 967 1788 994 συντέλειαν
1802 967 1894 994 αἰτού-

1102 1024 1179 1050 μενοι
1193 1015 1333 1050 φαίνονται
1352 1007 1376 1041 ὀι
1395 1014 1468 1048 ἅγιοι
1479 1023 1488 1031 ⁵
1506 1014 1547 1041 διὸ
1559 1014 1606 1041 καὶ
1621 1013 1810 1049 μακροθυμεῖν
1830 1013 1893 1048 ἄχρι

1100 1062 1150 1096 τῆς
1174 1061 1229 1087 τῶν
1253 1061 1376 1095 ἀδελφῶν
1395 1059 1564 1091 τελειώσεως
1589 1059 1764 1091 κελεύονται,
1789 1059 1833 1085 ἵνα
1857 1059 1894 1094 μὴ

1101 1106 1186 1141 χωρὶς
1202 1106 1292 1133 αὐτῶν
1309 1106 1487 1137 τελειωθῶσι,
1510 1104 1582 1132 κατὰ
1594 1105 1640 1131 τὸν
1664 1104 1836 1131 ’Δπόστολον.
1864 1104 1894 1130 Ἡ

1101 1153 1130 1179 δὲ
1156 1154 1252 1187 λευκὴ
1283 1153 1380 1186 στολὴ
1403 1153 1452 1187 τὴν
1467 1151 1637 1180 ἐπανθοῦσαν
1653 1151 1744 1182 αὐτοῖς
1759 1151 1814 1177 τῶν
1830 1151 1894 1184 ἀρε-

1101 1199 1156 1225 τῶν
1169 1199 1297 1234 ἐμφαίνει
1313 1199 1495 1234 λαμπρότητα
1505 1220 1512 1231 ,
1528 1199 1561 1233 ἢν
1576 1197 1792 1233 ἀμφιέννυνται,
1807 1196 1831 1222 εἰ
1846 1196 1894 1222 καὶ

1104 1247 1188 1281 μήπω
1204 1246 1252 1277 τὰς
1275 1246 1443 1280 ἐπαγγελίας
1469 1244 1642 1280 ἐκομίσαντο,
1663 1244 1702 1279 Τῇ
1719 1243 1784 1277 γοῦν
1807 1242 1893 1269 ἑλπίδι

1103 1291 1224 1324 τούτων,
1240 1292 1314 1326 ἅπερ
1328 1292 1429 1327 νοερῶς
1450 1291 1656 1325 ἐνοπτρίζονται
1668 1310 1675 1321 ,
1697 1289 1788 1323 πάσης
1805 1289 1893 1322 ἀπηλ-

1102 1338 1233 1372 λαγμένοι
1258 1337 1431 1373 παχύτητος,
1463 1337 1577 1368 εἰκότως
1604 1336 1811 1371 εὐφραίνονται,
1838 1335 1893 1366 τοῖς

1103 1384 1214 1415 κόλποις
1233 1383 1360 1419 Ἀϐραὰμ
1372 1383 1611 1417 ἐπαναπαυόμενοι
1622 1390 1630 1397 ·
1650 1381 1758 1421 πολλοῖς
1771 1381 1825 1415 γὰρ
1839 1379 1893 1405 τῶν

1103 1429 1189 1463 ἁγίων
1211 1430 1290 1456 τοῦτο
1311 1429 1437 1465 εἴρηται,
1455 1429 1487 1455 τὸ
1509 1429 1615 1464 χώρους
1640 1428 1733 1461 ἀξίους
1754 1427 1894 1462 εἰληφέναι

1103 1475 1156 1502 τῶν
1168 1476 1218 1510 τῆς
1232 1476 1334 1511 ἀρετῆς
1346 1476 1471 1511 ἐργατῶν
1485 1476 1600 1502 ἕκαστον
1611 1475 1645 1501 δι’
1659 1471 1696 1501 ὦν
1708 1474 1756 1501 καὶ
1771 1473 1893 1508 περὶτῆς

1106 1521 1257 1557 μελλούσης
1275 1521 1365 1549 αὐτῶν
1379 1521 1459 1556 δόξης
1474 1522 1683 1557 τεκμαίρονται.

1403 1687 1529 1717 ΚΕΦΛΛ.
1550 1687 1604 1714 illi.

1106 1747 1202 1781 Λύσις
1217 1747 1271 1781 τῆς
1282 1747 1371 1780 ἕκτης
1381 1747 1556 1781 σφραγῖδος,
1573 1746 1626 1779 τὰς
1638 1747 1673 1772 ὲν
1686 1746 1723 1780 τῇ
1734 1745 1895 1779 συντελείᾳ

1226 1782 1414 1817 ἐπαγομένας
1428 1782 1548 1817 πληγὰς
1564 1782 1770 1816 σημαίνουσα.

1143 1884 1197 1910 Καὶ
1217 1882 1308 1910 είδονι
1328 1884 1377 1911 καὶ
1399 1885 1448 1911 ὅτε
1473 1884 1577 1918 ἤνοιξε
1592 1884 1651 1917 τὴν
1672 1883 1824 1919 σφραγῖδα
1839 1883 1897 1917 τὴν

1106 1928 1212 1962 ἕκτην,
1227 1929 1353 1967 σειιτμὸς
1363 1929 1458 1963 μέγας
1477 1929 1607 1964 ἐγένετο.
1624 1929 1676 1956 Kal
1694 1931 1711 1955 ό
1729 1929 1816 1962 ἣλιος
1830 1929 1896 1964 ἐγέ-

1107 1982 1175 2001 vero
1192 1975 1288 2008 μέλας
1307 1975 1346 2007 ὼς
1368 1975 1464 2008 ἀσκὸς
1486 1976 1629 2009 τρίχινος·
1655 1975 1704 2002 καὶ
1732 1975 1751 2008 ἠ
1778 1974 1896 2008 σελήνη

1108 2019 1188 2055 [ὅλη]
1203 2019 1322 2054 ἐγένετο
1338 2020 1378 2053 ὡς
1392 2017 1473 2055 οηια·
1490 2020 1537 2046 καὶ
1555 2021 1582 2046 ol
1598 2019 1725 2053 ἀστέρες
1739 2019 1792 2046 τοῦ
1808 2020 1897 2053 οὐρα-

1106 2066 1163 2092 νοῦ
1182 2066 1296 2093 ἔπεσον
1311 2067 1355 2098 εἰς
1377 2065 1434 2099 τὴν
1448 2065 1517 2100 γῆν,
1537 2066 1577 2098 ὡς
1602 2065 1684 2099 συκῆ
1699 2065 1810 2098 βάλλει
1827 2065 1898 2097 τοὺς

1108 2114 1257 2146 ὀλύνθους
1272 2113 1368 2147 αὐτῆς
1383 2113 1443 2140 ὑπὸ
1455 2113 1590 2148 μεγάλου
1606 2113 1718 2147 ἀνέμου
1732 2111 1884 2146 σειομένη.

1145 2160 1199 2187 Καὶ
1215 2160 1303 2187 ταῦτά
1317 2169 1389 2191 τινες
1405 2161 1444 2191 είς
1462 2160 1512 2195 τὴν
1527 2160 1573 2186 ἐπὶ
1589 2158 1795 2187 Οὐεσπασιανοῦ
1809 2158 1899 2194 [βασι-

1107 2205 1187 2241 λέως]
1207 2205 1364 2241 πολιορκίαν
1381 2206 1508 2238 ὲξέλαῦον
1526 2206 1651 2238 ἅπαντα,
1670 2205 1725 2232 τῶν
1742 2205 1898 2240 εἰρημένων

267 2249 346 2278 siano
362 2247 433 2274 facta
456 2251 517 2278 est,
539 2246 677 2280 pertinere
694 2245 866 2276 existiment,
882 2251 970 2278 eoque
987 2243 1053 2271 rele-

1110 2252 1225 2279 ἓκαστον
1244 2252 1507 2287 τροπολογὴσαντες.
1533 2253 1614 2288 Ἡμῖν
1630 2253 1658 2278 δὲ
1676 2252 1800 2286 φαίνεται
1815 2251 1900 2285 μετά.-

267 2298 348 2326 rant,
375 2292 482 2326 singula
510 2298 571 2325 quae
591 2291 636 2318 hic
659 2290 805 2322 dicuntur,
830 2290 951 2324 tropieos
973 2297 1057 2324 expo-

269 2343 367 2367 nentes
384 2359 391 2371 ,
404 2338 483 2365 nobis
500 2341 590 2364 tamen
607 2335 776 2371 probabilius
790 2335 818 2362 lit
833 2343 847 2362 a
861 2336 1058 2371 persecutionis

269 2390 391 2419 tempore
409 2382 554 2410 transitum
577 2381 629 2408 hoc
653 2381 713 2408 loco
730 2380 788 2407 ﬁeri
810 2381 843 2408 ad
862 2385 970 2415 tempus
985 2380 1075 2422 quod:

268 2424 431 2459 Antichristi
449 2429 596 2457 adventum
615 2428 774 2460 antecedet;
793 2428 819 2454 in
836 2427 909 2462 quod
926 2427 1018 2454 clades
1033 2431 1060 2454 et

269 2476 475 2513 persecutiones
494 2475 528 2502 de
543 2475 644 2509 quibus
669 2474 712 2501 hic
731 2481 822 2501 sermo
841 2479 901 2507 est,
926 2473 1057 2504 incident.

268 2524 403 2551 Caeterum
430 2521 600 2549 calamitates
624 2526 650 2548 et
673 2528 787 2553 cruces,
811 2527 872 2554 quae
889 2524 971 2547 tantaa
995 2525 1059 2547 tunc

268 2569 426 2601 cxstabunt,
440 2573 549 2602 quanta:
564 2571 643 2594 antea
662 2574 802 2602 nunquam
821 2566 886 2594 visa:
902 2566 942 2594 vel
961 2566 1059 2593 auditae

262 2617 407 2651 ,lcguntur,
427 2614 501 2641 haud
522 2613 578 2640 alio
596 2613 649 2640 line
667 2613 803 2647 praedicta:
819 2613 956 2653 ridentur,
976 2620 1058 2648 quam

269 2669 299 2691 ut
319 2663 442 2690 lmmines
463 2662 567 2689 dudum
584 2666 646 2688 ante
664 2661 699 2688 de
712 2661 746 2688 iis
763 2661 915 2695 prazmoniti
937 2661 1057 2688 animum

269 2716 325 2736 non
341 2707 538 2742 despondeant.
563 2714 625 2734 cum
641 2714 688 2741 per
702 2706 902 2734 Antichristum
923 2706 1059 2742 ejusdem—

272 2763 326 2790 que
366 2754 508 2782 ministros
534 2761 563 2781 re
590 2754 649 2788 ipsa
676 2753 896 2788 irrogabuntur',
923 2753 1057 2788 siquidem

270 2800 340 2828 mala
357 2800 470 2835 praevisa
485 2805 513 2827 et
528 2799 732 2835 quodammodo
748 2799 946 2834 praemeditata,
967 2799 1059 2826 minus

271 2846 410 2874 oﬂendere
435 2846 535 2873 solent.
560 2845 613 2873 Per
636 2851 713 2873 terrm
738 2849 828 2872 autem
853 2850 952 2872 malum
975 2853 1060 2873 sacrae

269 2893 379 2921 Littera:
411 2899 502 2920 rerum
540 2895 720 2921 mutationem
753 2892 855 2928 passim
890 2892 1056 2928 signiﬁcant.

1111 2297 1189 2324 ϐασιν
1203 2298 1321 2324 ἐνταῦθα
1335 2297 1502 2333 γεγενῆσθαι
1519 2297 1573 2325 ἀπὸ
1588 2298 1642 2324 τῶν
1656 2298 1686 2324 ὲν
1702 2298 1757 2329 τοῖς
1768 2296 1899 2331 διωγμοῖς

1110 2343 1214 2378 χρόνων
1242 2344 1282 2375 εἰς
1300 2344 1346 2370 τὸν
1370 2344 1466 2379 καιρὸν
1485 2344 1530 2370 τὸν
1545 2344 1599 2379 πρὸ
1621 2343 1672 2378 τῆς
1694 2342 1741 2369 τοῦ
1765 2342 1899 2377 ’Λντιχρί-

1112 2397 1174 2415 στου
1194 2388 1325 2422 ἀφίξεως,
1344 2389 1373 2415 ὲν
1388 2386 1411 2423 ᾧ
1428 2388 1563 2421 τοσαύτας
1577 2387 1770 2424 προεφητεύθη
1789 2387 1900 2414 ἔσεσθαι

1110 2434 1161 2465 τὰς
1188 2434 1305 2468 πληγάς·
1334 2435 1399 2466 ἴσως
1423 2434 1492 2470 πρὸς
1508 2434 1537 2461 τὸ
1558 2434 1770 2469 ὲμμελετῶντας
1787 2433 1900 2463 ταύταις

1110 2480 1174 2511 τοὺς
1190 2479 1363 2516 ἀνθρώπους,
1382 2481 1419 2515 μὴ
1434 2481 1562 2507 ἀπειπεῖν
1581 2481 1649 2515 πρὸς
1664 2480 1714 2512 τὰς
1726 2479 1900 2515 ἐπαγομένας

1111 2524 1166 2562 [ἐκ]
1189 2525 1236 2552 τοῦ
1267 2526 1453 2561 Ἀντιχρίστου
1469 2525 1610 2558 κολάσεις,
1638 2526 1779 2562 [τοιαύτας
1806 2523 1900 2560 θύσας]

1110 2570 1170 2602 οἵας
1189 2570 1316 2597 οὐδέποτε
1334 2572 1521 2607 γεγενημένας
1549 2571 1683 2607 ἔγνωμεν.
1703 2571 1821 2606 Σεισμὸν
1837 2570 1900 2604 μέν·

1111 2625 1151 2643 τοι
1177 2616 1226 2652 τὴν
1256 2616 1311 2643 τῶν
1333 2618 1505 2653 πραγμάτων
1529 2618 1673 2653 μετάθεσιν
1699 2617 1835 2652 πολλαχοῦ
1852 2616 1902 2651 τῆς

1111 2663 1222 2698 Γραφῆς
1238 2663 1412 2699 εὑρίσκομεν.
1428 2664 1464 2690 Τὸ
1479 2665 1544 2700 γὰρ,
1565 2665 1624 2690 Ἔτι
1639 2663 1721 2696 ἅπαξ
1738 2663 1902 2697 σείσω,δη-

1110 2709 1152 2736 λοῖ
1177 2709 1226 2744 τὴν
1251 2710 1306 2736 τῶν
1329 2710 1519 2745 σαλευομένων
1541 2709 1698 2746 μετάθεσιν,
1724 2709 1761 2742 ὥς
1786 2718 1869 2744 φησιν
1887 2709 1902 2735 ὀ

1118 2755 1291 2788 Ἀπόστολος’
1317 2757 1364 2783 καὶ
1388 2757 1417 2783 ὲν
1438 2759 1471 2792 τῇ
1482 2757 1586 2791 Παλαιᾷ
1605 2757 1634 2784 δὲ
1650 2757 1759 2792 εἴρηται
1774 2755 1838 2790 περὶ
1852 2755 1903 2789 τῆς

1112 2801 1142 2835 ἐξ
1157 2801 1297 2836 Αἰγύπτου
1307 2803 1418 2839 πορείας
1430 2803 1484 2830 τῶν
1498 2802 1685 2838 Ἰσραηλιτῶν,
1698 2801 1742 2836 Γῆ
1757 2802 1882 2834 ἐσείσθη
1894 2809 1901 2816 ·

1111 2849 1226 2884 καὶγὰρ
1235 2850 1394 2884 οιοίιρανοὶ
1414 2850 1559 2882 ἔσταζον.
1577 2866 1612 2871 -
1633 2850 1667 2878 Τὸ
1680 2851 1708 2877 δὲ
1728 2850 1827 2885 μέλαν
1848 2849 1903 2876 τοῦ

1111 2895 1211 2929 ἡλίου,
1225 2895 1273 2922 καὶ
1296 2895 1352 2930 τῆς
1366 2896 1502 2930 σελήνης
1515 2895 1547 2922 τὸ
1560 2895 1691 2931 ἀφεγγὲς
1704 2895 1755 2923 καὶ
1775 2893 1902 2930 αἱματῶ-
