2075 3157
172 177 209 207 i3
636 181 940 213 COMMENTARIUS
962 183 1000 212 IN
1021 181 1286 225 APOCALYPSIN.
1738 183 1791 214 274

153 235 205 268 ὃες
218 256 224 266 ,
240 236 271 262 τὺ
294 237 350 269 τοῖς
373 238 449 273 παρὰ
469 238 520 273 τῆς
540 237 614 269 θείας
634 239 719 274 ὀργῆς
737 240 951 275 καταληφθεῖσιν
966 253 972 270 Α

971 244 987 270 Α
1003 240 1097 266 Adhuc
1111 240 1198 271 scmcl,
1212 239 1249 265 ait
1262 238 1416 272 Scriptura,
1429 241 1509 271 etego
1522 237 1627 264 movebo
1639 242 1737 265 terram
1753 239 1790 271 ";

155 283 310 316 ἀρώτισεον
331 284 512 311 ἐνδείκνυται.
536 285 614 311 οὕτω
633 286 687 320 γὰρ
713 286 844 318 πολλάκις
862 286 949 313 ταῦτα

1001 287 1073 322 quod
1093 286 1239 321 Apostolus
1253 285 1286 312 ad
1304 292 1394 312 rerum
1416 285 1559 312 mobilium
1585 285 1791 312 translationi-iu

156 329 204 356 καὶ
217 329 232 355 ό
257 330 392 365 μακάριος
408 330 553 365 ,Κύριλλος
569 330 706 366 ὲξείληφε.
733 331 771 357 Τὸ
795 332 823 358 δὲ
843 333 951 359 πεσεῖν

1003 333 1093 360 refert.
1114 333 1160 359 Sic
1182 332 1364 359 lsraclitarum
1386 338 1496 366 quoquc
1516 339 1548 358 cx
1572 331 1688 366 Egypto
1704 331 1793 366 profe-

156 375 228 408 τοὺς
242 376 388 409 ἀστέρας,
403 376 495 408 καθὼς
509 377 555 403 καὶ
567 378 618 412 ἤδη
633 378 697 412 περὶ
711 378 766 404 τῶν
778 379 830 404 ὐπδ
850 379 952 405 Ἀντιός

1003 379 1057 406 (·ῐῖ0
1090 382 1168 405 terra:
1198 382 1288 405 motus
1319 382 1451 409 vocatur;
1472 377 1566 410 Terra,
1588 377 1684 405 scribit
1698 377 1792 409 David,

157 429 206 455 χοι)
222 421 420 456 annuae»;ch
436 422 606 457 γέγραπται,
626 423 656 449 τὺ
679 423 727 449 καὶ
743 423 814 457 τοὺς
829 424 952 458 φωστῆ-

1003 430 1074 452 mota
1092 430 1147 457 est;
1168 425 1264 451 etenim
1281 423 1340 450 caeli
1356 423 1552 450 distillaverunl
1565 424 1598 451 “‘.
1614 423 1649 450 At
1668 431 1732 450 vero
1749 432 1793 450 so-

153 476 212 501 pac
227 466 296 494 εἶναι
311 468 459 500 δοκοῦντας
473 469 509 495 ἐν
531 469 651 504 κόσμῳ,
675 470 785 496 πίπτειν
800 471 857 502 τοῖς
877 479 952 504 γινο-

1004 471 1038 498 lis
1059 471 1182 506 nigredo‘,
1205 475 1230 497 et
1247 470 1316 496 luna:
1336 469 1504 501 obscuratio,
1529 469 1652 504 colorque
1678 469 1794 504 ejusdem

161 512 250 546 μένοις
263 513 473 546 ἐποκλάζοντας,
483 513 530 546 ὠς,
541 515 623 549 φησὶν
631 514 763 550 ὁΚύριος,
773 515 952 549 πλανηθῆναι,

1005 517 1177 551 sanguineus,
1192 522 1286 542 corum
1300 514 1452 542 caecitatem
1465 519 1491 541 et
1502 514 1695 542 obscuritatem
1711 515 1795 541 deuo-

159 560 184 586 εἰ
201 559 323 590 δυνατὸν,
345 560 393 586 καὶ
404 560 467 591 τοὺς
481 560 638 593 ἐκλεκτοὺς,
654 561 698 588 διὰ
715 561 745 588 τδ
771 563 821 597 τῆς
838 561 954 596 θλίψεως

1005 567 1073 594 tant,
1088 569 1158 597 quos
1173 561 1306 589 Dominus
1320 561 1347 587 in
1363 561 1403 587 ira
1415 568 1464 587 sua
1478 565 1544 588 tunc
1558 560 1770 595 comprehendet
1787 570 1793 588 :

162 606 286 641 μέγεθος.
306 607 387 638 Ἴσως
402 606 458 642 γὰρ
470 607 515 633 διὰ
529 607 607 633 τοῦτο
621 608 668 634 καὶ
686 608 702 642 ἡ
723 608 794 642 συκῆ
810 609 850 639 εἰς
867 608 957 644 παρά-

1008 608 1043 636 ad
1057 609 1131 636 hunc
1142 608 1214 635 enim
1230 607 1340 634 modum
1355 608 1450 634 beatus
1465 606 1585 642 Cyrillus
1600 614 1653 634 non
1666 615 1721 634 uno
1737 607 1795 634 loco

159 652 259 686 δειγμα
282 652 538 687 παραλαμϐάνεται·
563 653 602 684 ὡς
621 654 685 685 τοὺς
703 654 810 685 ἀτελεῖς
831 654 955 689 καρποὺς

1006 653 1101 681 isthmc
1116 653 1238 688 exponit.
1255 652 1332 685 Quod
1349 655 1439 679 autem
1457 651 1656 679 stellw~cadant
1672 652 1710 687 (id
1723 653 1795 686 quod

161 696 209 722 καὶ
222 697 306 731 μήπω
321 697 511 729 πεπανθέντας
524 697 562 733 τῷ
574 698 630 725 τῶν
643 699 807 734 πειρασμῶν
822 699 954 728 καύσωνι.

993 700 1039 727 ‘de
1062 700 1096 726 iis
1120 706 1231 734 quoque
1260 698 1390 725 traditum
1417 697 1517 733 legitur
1535 698 1582 733 qni
1602 698 1636 725 ab
1659 698 1796 725 Antiocho

161 741 209 767 καὶ
226 741 334 777 [μήπω]
350 741 552 775 γλυκανθέντας
565 744 598 777 τῇ
613 743 718 778 χάριτι,
737 744 766 769 ὲν
784 743 824 779 τῷ
839 743 892 770 ὑπὸ
908 742 956 770 τοῦ

1007 744 1111 772 seducti
1130 743 1265 779 fuerant),
1278 743 1470 778 signiﬁcatcos
1483 743 1529 778 qui
1546 744 1639 770 mundi
1651 743 1796 770 luminaria

161 786 315 813 διαόολικοῦ
337 788 441 822 ἀνέμου
457 788 633 815 τινάσσεσθαι
653 789 874 816 καταϐάλλουσα.
891 791 957 816 Δισ-

1007 790 1184 824 putabantur,
1205 789 1404 824 suppliciorum
1421 793 1526 817 terrore
1543 788 1644 816 fractos
1660 789 1796 823 dejectos-

164 832 218 863 σῶς
232 832 286 866 γὰρ
303 832 405 868 ταύτην
423 834 470 859 ὲπί
485 842 515 860 τε
534 833 610 868 καλῷ
634 834 681 860 ὲπί
703 842 733 860 τε
748 834 826 869 κακῷ
851 834 957 868 ἐκλαμ-

1008 843 1071 870 que,
1099 842 1114 862 ιι
1138 835 1193 862 llde
1215 839 1243 862 et
1262 835 1377 862 veritate
1402 835 1429 862 in
1458 835 1601 869 perﬁdiam
1626 839 1653 862 et
1677 841 1796 862 errorem

162 876 316 912 ϐανομένην
338 878 460 913 οἴδαμεν·
483 879 515 905 ἐκ
538 888 567 906 τε
591 880 646 906 τῶν
667 879 722 906 δύω
750 880 879 907 καλάθων
902 880 958 906 τῶν

1008 881 1173 908 defecturos.
1196 880 1262 907 Nam
1283 885 1312 908 ut
1338 880 1465 908 Christus
1483 880 1616 908 Dominus
1637 885 1797 914 praemonet,

162 922 291 957 χρηστῶν
306 924 353 950 καὶ
377 924 431 950 τῶν
450 926 577 961 πονηρῶν
592 926 683 953 σύκων
704 926 759 953 τῶν
775 926 815 962 τῷ
835 927 957 962 Ἱερεμίᾳ
976 917 981 944 Ι

978 917 995 944 Β
1010 931 1085 954 tanta
1100 931 1164 954 tunc
1178 927 1228 954 erit
1244 926 1353 954 afﬂictio
1367 930 1395 954 ut
1407 927 1571 954 seducantur
1587 927 1664 964 electi
1678 934 1797 961 quoque,

163 970 315 1002 φανέντων,
330 970 362 997 ἐκ
377 979 406 997 τε
418 970 665 1007 τῆςξηρανθείσης
682 973 734 999 ὑπὸ
750 972 821 1008 [τοῦ]
837 973 955 1007 Χριστοῦ

1012 973 1034 1001 si
1056 972 1112 1000 ﬁeri
1129 973 1225 1007 possit.
1237 972 1342 1000 Forsan
1358 973 1391 1000 ad
1406 973 1430 999 id
1449 973 1648 1008 designandum
1665 973 1691 999 in
1708 980 1799 999 excut-

163 1017 259 1049 συκῆς,
277 1016 324 1042 καὶ
337 1017 387 1051 τῆς
402 1017 557 1053 φερομένης
572 1018 601 1044 ὲν
614 1018 654 1053 τῷ
669 1018 804 1054 "August.
819 1019 850 1044 El.
865 1019 893 1045 δὲ
911 1019 958 1045 καὶ

1009 1020 1084 1055 plum
1105 1024 1247 1053 assumpta
1268 1024 1310 1046 est
1327 1019 1413 1053 ﬁcus;
1438 1024 1468 1046 ut
1493 1027 1555 1054 qua:
1572 1018 1679 1046 fructus
1698 1019 1799 1053 imper-

162 1061 301 1095 αέσθητῶς
318 1062 406 1089 ταῦτα
418 1063 465 1090 τοῦ
486 1063 607 1098 Χριστοῦ
622 1064 716 1099 κριτοῦ
733 1065 802 1100 μετὰ
816 1064 896 1099 δόξης
913 1066 957 1100 ὲρ-

1007 1066 1095 1093 fectos
1111 1065 1276 1100 (cujusmodi
1296 1069 1358 1092 sunt
1378 1066 1424 1100 qui
1452 1066 1632 1093 tentationum
1653 1065 1714 1100 igne
1737 1071 1800 1092 nec-

163 1107 279 1142 χομένου
294 1109 474 1144 συμϐήσεται,
488 1111 569 1142 αὐτὸς
586 1110 620 1137 ἂν
632 1111 714 1146 εἰδείη
731 1112 744 1137 ὁ
759 1111 823 1141 τοὺς
835 1111 958 1146 ἀποκρύ-

1007 1112 1072 1139 dum
1089 1111 1212 1143 excocti,
1230 1119 1318 1145 neque
1338 1111 1482 1138 charitatis
1503 1111 1600 1138 ardore
1625 1111 1657 1138 ad
1678 1109 1799 1138 dulcedi-

163 1161 230 1186 φους
245 1153 315 1188 ἔχων
330 1154 484 1191 θησαυροὺς
495 1156 546 1191 τῆς
562 1156 690 1190 γνώσεως
706 1157 753 1183 καὶ
767 1157 818 1192 τῆς
834 1157 943 1191 σοφίας.

1009 1164 1071 1184 nent
1087 1156 1177 1183 adhuc
1202 1156 1325 1190 perducti
1343 1156 1427 1190 sunt)
1451 1156 1515 1183 dum
1537 1164 1550 1182 a
1567 1156 1704 1183 diabolico
1721 1160 1799 1183 vento

162 1199 353 1228 vehementius
373 1202 506 1236 quatitur.
542 1202 671 1230 decutere
703 1210 736 1230 ac
758 1203 786 1230 in
817 1208 916 1230 terram
950 1202 1068 1238 dejicere
1097 1201 1192 1229 soleat.
1228 1201 1359 1228 Novituus
1390 1202 1464 1228 enim
1492 1201 1654 1229 vocabulum
1684 1203 1750 1236 ﬁcus
1772 1203 1800 1229 in

164 1246 264 1272 bonam
279 1250 306 1273 et
319 1247 416 1274 malam
434 1252 537 1282 partem
554 1248 650 1283 accipi.
668 1249 812 1283 Colligitur
829 1249 881 1276 hoc
896 1256 959 1276 cum
973 1256 1007 1276 ex
1026 1249 1136 1276 duobus
1155 1248 1208 1274 illis
1242 1249 1374 1274 bonarum
1390 1252 1418 1274 et
1450 1247 1585 1274 malarum
1607 1249 1708 1275 ticuum
1725 1248 1799 1274 cala-

163 1293 232 1326 this,
251 1301 368 1327 quarum
396 1294 427 1322 ﬁt
457 1295 562 1323 mentio
589 1296 659 1331 apud
696 1295 794 1324 Isaiam
816 1305 823 1330 ;
863 1301 921 1324 tum
955 1304 1064 1324 rursum
1087 1304 1121 1324 ex
1150 1296 1203 1323 tieu
1227 1303 1308 1331 quam
1340 1295 1532 1323 maledictione
1559 1303 1608 1324 sua
1629 1295 1758 1324 Christus
1782 1303 1799 1324 a

165 1339 276 1372 refecit;
306 1345 363 1368 tum
382 1349 414 1368 ex
436 1341 481 1369 illa
511 1343 628 1377 denique
655 1351 715 1377 (pne
740 1342 827 1371 fertur
853 1344 879 1371 in
905 1343 1039 1372 Canticis.
1070 1343 1155 1370 Porro
1195 1347 1286 1370 autem
1315 1350 1350 1369 an
1373 1342 1483 1370 Christo
1511 1343 1626 1370 Domino
1655 1343 1711 1377 28
1737 1349 1798 1370 cum

164 1385 251 1419 gloria
266 1390 295 1412 et
320 1386 464 1420 majestate
489 1387 523 1414 ad
546 1387 679 1422 judicium
697 1388 832 1421 veniente,
850 1389 954 1423 aliquid
967 1396 1001 1417 ex
1019 1389 1158 1424 praedictis
1185 1388 1279 1416 sensili
1310 1388 1390 1415 modo
1418 1391 1581 1416 eventurum
1597 1388 1643 1420 sit,
1659 1389 1711 1415 hoc
1727 1396 1800 1418 unus

165 1432 212 1459 ille
227 1433 303 1459 novit
314 1433 359 1467 qui
374 1440 470 1462 omnes
484 1434 604 1461 scientia:
615 1438 642 1461 et
653 1435 796 1469 sapientiae
812 1436 958 1464 thesauros
973 1436 1001 1463 in
1015 1443 1045 1463 se
1060 1435 1169 1463 abditos
1184 1435 1317 1462 continet.

203 1478 258 1506 Kal
274 1480 290 1506 ό
301 1479 428 1513 οὐρανὸς
446 1480 636 1515 ἀπεχωρίσθη
651 1480 692 1513 ὡς
698 1481 821 1513 βιϐλίον
832 1482 957 1509 ἑλισσό-

936 1482 957 1508 l-
1052 1480 1093 1515 Vl,
1111 1481 1155 1508 14.
1174 1479 1205 1507 Et
1222 1480 1315 1508 caelum
1331 1481 1436 1507 recessit
1452 1481 1520 1507 sicut
1534 1480 1599 1507 liber
1613 1481 1755 1508 involutus.

164 1531 268 1557 μενος.

207 1570 242 1597 Τὸ
266 1569 295 1596 as
322 1570 377 1597 τόν
403 1571 535 1605 οὐρανὸν
552 1571 732 1600 “laeseram
757 1573 797 1605 ὡς
823 1564 995 1606 ,βιϐλίον-,0
1046 1571 1146 1599 Caelum
1164 1572 1251 1599 instar
1264 1570 1327 1596 libri
1349 1569 1457 1602 involvi,
1475 1569 1515 1596 vel
1531 1569 1680 1596 secundum
1697 1569 1801 1598 Christi

166 1617 183 1651 ἧ
211 1617 242 1643 τὸ
260 1618 400 1651 ἄγνωστον
426 1618 475 1653 τῆς
499 1618 628 1654 δευτέρας
654 1619 775 1654 Χριστοῦ
802 1620 958 1655 παρουσίας

1010 1618 1157 1645 adventum
1169 1617 1315 1644 ‘inccrtum
1345 1623 1407 1643 esse
1431 1614 1550 1647 indicat;
1570 1614 1706 1649 siquidem
1736 1614 1799 1642 libri

166 1663 326 1690 αἰνίττεται·
344 1664 465 1698 ἀψοφητὶ
478 1665 533 1700 γὰρ
553 1666 600 1691 καὶ
617 1666 645 1692 ὲν
668 1665 807 1701 ἁκαριαὶῳ
827 1667 844 1701 ἡ
868 1666 959 1701 βίϐλος

1010 1663 1102 1692 subito
1125 1667 1152 1690 ct
1177 1663 1282 1696 absque
1301 1661 1357 1688 ullo
1381 1668 1450 1696 pene
1469 1661 1581 1694 strepitu
1607 1659 1766 1694 aperiuntur
1790 1668 1797 1687 :

167 1708 316 1741 ἀνοίγεται·
334 1709 351 1744 ἢ
370 1709 411 1735 ὅτι
426 1710 474 1736 καὶ
486 1710 514 1736 αἱ
531 1709 657 1745 οὐράνιαι
675 1710 807 1744 δυνάμεις
830 1711 887 1741 τοῖς
911 1712 959 1737 ἐκ·

1010 1715 1058 1738 aut
1073 1710 1186 1736 virtutes
1198 1709 1333 1739 caelestes,
1349 1707 1414 1734 dum
1425 1714 1474 1734 eos
1489 1706 1534 1741 qui
1547 1713 1578 1733 cx
1596 1705 1648 1732 lidc
1658 1705 1798 1738 excidunt,

167 1753 298 1780 πίπτουσι
310 1754 358 1788 τῆς
370 1754 487 1786 πίστεως
497 1755 617 1789 ὲπαλγοῦ
623 1764 677 1787 σαι,
689 1756 770 1783 οἱονεὶ
786 1756 959 1792 σρμπάθειαν

1010 1764 1042 1784 ex
1071 1754 1312 1782 commiseratione
1338 1753 1451 1786 lugent,
1479 1752 1622 1779 molestam
1651 1751 1798 1786 quamdam

167 1800 215 1825 καὶ
227 1798 316 1835 λύπην
332 1800 434 1833 ἕξουσι.
451 1800 501 1826 Διὰ
515 1800 612 1826 τούτου
636 1800 664 1826 δὲ
693 1801 740 1827 καὶ
756 1800 850 1835 ἕτερόν
866 1810 891 1827 τι
911 1809 960 1835 ση-

1011 1801 1096 1829 animi
1112 1799 1300 1835 aegritudinem
1316 1803 1341 1825 et
1357 1797 1435 1832 quasi
1461 1801 1593 1824 torturam
1614 1803 1670 1830 pra:
1685 1803 1714 1823 se
1728 1796 1798 1822 latu-

169 1844 305 1878 μαίνεται·
321 1845 352 1871 τὸ
371 1845 409 1881 μὴ
429 1845 583 1880 ἀφανισμὸν
601 1845 646 1872 τὸν
660 1846 774 1881 οὐρανὸν
794 1847 957 1881 ὑποστῆναι·

1012 1855 1067 1875 ras.
1086 1847 1157 1879 Quin
1172 1846 1246 1873 aliud
1263 1851 1371 1880 qunque
1386 1851 1432 1879 per
1445 1845 1497 1870 hoc
1509 1842 1689 1878 significatur,
1703 1848 1798 1875 nempe

168 1890 229 1917 ἀλλ’
245 1889 301 1917 οἷον
319 1891 444 1925 εῐλιγμόν
458 1899 519 1917 τινα
537 1891 585 1918 καὶ
601 1891 723 1927 ἀλλαγὴν
738 1891 784 1918 ἐπὶ
797 1891 827 1917 τὺ
841 1891 958 1927 βέλτιον,

1011 1893 1112 1921 caelum
1129 1899 1182 1919 non
1204 1891 1359 1919 subiturum
1375 1890 1493 1925 aliquem
1512 1889 1652 1916 interitum
1670 1892 1718 1915 aut
1732 1887 1798 1914 abo-

168 1937 206 1967 ὦς
223 1944 306 1971 φησιν
323 1937 468 1971 Εἰρηναῖος
488 1938 516 1963 ὲν
537 1937 576 1972 τῷ
590 1937 708 1972 πέμπτῳ
727 1937 798 1972 λόγῳ
820 1937 868 1964 τοῦ
883 1937 960 1972 ἐλέγ-

1011 1939 1150 1970 litionem,
1175 1937 1222 1966 sed
1249 1941 1354 1964 tantum
1379 1936 1525 1971 quamdam
1542 1935 1750 1964 involutionem.
1774 1937 1800 1960 et

169 1991 217 2017 χου
240 1982 290 2016 τῆς
309 1982 488 2016 ψευδωνύμου
510 1982 637 2016 γνώσεως
661 1982 707 2008 ἐπὶ
721 1982 836 2015 λέξεως,
861 1983 958 2014 οὕτως·

1011 1985 1044 2012 ad
1058 1984 1197 2011 meliorem
1209 1987 1310 2010 statum
1323 1982 1511 2015 mutationem.
1525 1980 1583 2013 Qua
1595 1980 1629 2007 de
1641 1987 1671 2006 re
1683 1979 1800 2006 lrenzeus

171 2029 213 2054 οὐ
228 2028 283 2062 γὰρ
298 2028 318 2061 ἡ
340 2027 519 2060 ὑπόστασις,
534 2027 605 2054 οὐδὲ
625 2028 644 2061 ἡ
660 2027 751 2054 οὐσία
763 2027 817 2060 τῆς
834 2027 961 2060 κτίσεως

1011 2030 1081 2056 libro
1095 2029 1191 2063 quinto
1203 2027 1444 2062 reprehensionum
1461 2025 1520 2053 falsi
1537 2025 1657 2052 nominis
1668 2023 1799 2054 seicutim.

167 2073 385 2108 ἐξαφανίζεται·
396 2073 513 2106 ἀληθὴς
525 2073 579 2107 γὰρ
588 2073 636 2099 καὶ
645 2073 769 2105 βέϐαιος
778 2073 794 2099 ὁ
805 2072 962 2106 συστησά-

1013 2075 1045 2102 ad
1061 2074 1173 2101 verbum
1190 2073 1246 2100 fere
1265 2073 1301 2099 ita
1315 2071 1412 2099 scribit
1429 2080 1435 2097 :
1458 2071 1545 2105 Neque
1571 2070 1640 2096 cnim
1666 2068 1724 2095 casti
1739 2068 1801 2094 sub-

165 2129 260 2155 μενος
270 2119 376 2152 αὐτήν·
389 2118 469 2146 ἀλλὰ
479 2119 513 2145 τὸ
527 2118 632 2153 σχῆμα
644 2118 769 2153 παράγει
779 2118 832 2145 τοῦ
845 2119 962 2153 κόσμου

1013 2120 1113 2147 stantia
1129 2123 1175 2145 aut
1193 2122 1323 2145 creatura:
1341 2117 1453 2143 essentia
1472 2115 1619 2142 abolebitur
1633 2122 1643 2141 :
1660 2113 1799 2148 (siquidem

171 2167 289 2198 τούτου,
303 2165 338 2192 ἐν
350 2162 394 2198 οἷς
407 2165 427 2198 ὴ
441 2164 609 2198 παράῦασις
627 2164 758 2198 ἐγένετο,
771 2165 811 2197 ὠς
841 2166 868 2191 ot
892 2172 962 2198 πρε-

1013 2166 1058 2200 qui
1087 2165 1154 2191 hanc
1181 2163 1389 2198 coagmentavit,
1411 2170 1486 2188 verus
1510 2165 1535 2187 et
1554 2160 1657 2187 stabilis
1686 2159 1735 2191 est)
1755 2158 1799 2184 sed

170 2211 309 2243 σϐὐτεροι
318 2208 452 2243 λέγουσι.
463 2208 517 2235 Καὶ
523 2207 609 2234 ταῦτα
621 2207 669 2241 μὲν
683 2208 696 2234 ὁ
710 2208 795 2242 μέγας
806 2208 960 2242 Εἰρηναῖος·
974 2233 989 2245 τ

982 2233 1000 2245 η
1013 2211 1106 2238 mundi
1118 2210 1215 2245 figura,
1231 2209 1255 2236 in
1273 2216 1324 2244 quo
1339 2207 1521 2242 prwvaricatio
1536 2206 1643 2237 accidit,
1658 2206 1684 2231 in
1701 2208 1801 2231 statum

171 2233 586 2290 seiugatus;sese,
596 2233 900 2289 ξιὶιιηθείξιάρἧσαὲθᾉι
915 2233 961 2280 τόν
974 2233 990 2262 Ῑ

1015 2233 1105 2238 ¹¹”””⁷’”’
1118 2233 1179 2245 I'J'"
1189 2233 1215 2242 ““³
1231 2233 1254 2236 ⁷⁷¹
1276 2233 1318 2244 ⁷1⁷⁷⁷
1339 2233 1346 2242 1
1372 2233 1387 2235 "
1397 2233 1402 2234 ⁷
1510 2233 1513 2234 ⁷
1638 2233 1642 2237 ν

982 2233 1000 2262 D
1015 2257 1100 2291 primo
1119 2255 1307 2284 vertustiorem.
1335 2258 1362 2279 ut
1379 2258 1476 2280 celeres
1492 2255 1629 2283 asserunt,
1656 2250 1801 2276 transitura

178 2301 351 2327 Ἀπόατολον.
373 2300 537 2335 Εὶλιταρίοις
548 2299 603 2334 γᾶρ
624 2300 649 2326 oi.
666 2299 790 2335 Ἑϐραῖοι
814 2300 876 2326 ἀντὶ
906 2300 960 2326 τῶν

1014 2303 1064 2326 est.
1083 2298 1146 2325 Haec
1160 2303 1277 2331 magnus
1292 2295 1420 2322 lreuaaus.
1439 2294 1613 2321 Arbitramur
1626 2297 1715 2319 autem
1731 2291 1803 2325 Apu-

172 2347 239 2381 nap‘
253 2348 320 2381 ἡμῖν
340 2346 450 2381 βισλιων
470 2346 634 2381 ὲκέχρηντο”
652 2342 690 2373 ὧν
711 2347 727 2381 ἡ
745 2345 884 2379 ἀνειλιξις,
910 2347 961 2373 οὐκ

1015 2345 1115 2372 stolum
1131 2347 1253 2370 veterum
1268 2341 1459 2368 consuetudini
1475 2340 1627 2368 orationem
1646 2345 1803 2365 accommo-

170 2393 338 2428 ἀφανισμὸν,
352 2392 420 2419 ἀλλὰ
427 2393 481 2419 τῶν
487 2400 537 2426 γεγ
542 2392 690 2427 ραμμένων
703 2393 770 2426 φανέ
774 2400 856 2427 ρωσιν
864 2393 962 2427 ἀπειρ-

1014 2388 1094 2416 dasse
1114 2396 1120 2414 :
1139 2387 1274 2422 siquidem
1298 2386 1404 2413 Hebraei
1423 2386 1483 2412 loco
1506 2385 1638 2412 librorum
1653 2405 1659 2415 ,
1685 2391 1801 2418 quorum

170 2440 280 2474 γάξετοσ
297 2439 335 2470 ὼς
354 2438 462 2465 καὶτοῦ
482 2439 608 2473 οὐρανίου
630 2438 755 2472 σώματος
775 2439 791 2472 ἡ
810 2437 960 2471 ἁνάπτυξις

1015 2434 1085 2468 apud
1112 2441 1163 2461 nos
1190 2438 1232 2460 est
1258 2440 1336 2463 usus,
1358 2431 1487 2458 involutis
1509 2430 1674 2465 quibusdam
1701 2430 1804 2456 Chattis

170 2483 227 2510 τῶν
242 2483 432 2518 ἀποκειμένων
449 2485 505 2515 τοῖς
519 2484 607 2517 ἁγίοις
621 2483 732 2516 ἀγαθῶν
754 2482 803 2518 τὴν
818 2483 960 2510 ἀποκάλυ-

1016 2481 1179 2512 utebantur;
1207 2486 1324 2514 quarum
1354 2478 1474 2505 evolutio
1503 2477 1545 2504 vel
1573 2477 1719 2510 explicatio
1749 2483 1801 2500 Imn

169 2528 217 2563 ψιν
233 2528 361 2555 δεικνύει.
377 2529 432 2555 Καὶ
447 2529 526 2555 τοῦτο
546 2529 594 2564 μὲν
606 2527 746 2562 τετραχῶς
759 2527 829 2562 πρὸς
853 2528 883 2553 τὸ
896 2536 963 2562 χορ-

1017 2525 1141 2561 pariebat
1163 2524 1302 2551 interitum
1327 2527 1374 2550 aut
1389 2522 1620 2552 exstinctionem,
1646 2519 1693 2546 sed
1713 2526 1802 2544 rerum

171 2575 277 2610 ηγηθὲν
289 2575 355 2610 ἡμῖν
374 2574 468 2601 θεόθεν
488 2562 670 2610 νενοήκαμεν·
697 2573 750 2599 τῶν
772 2572 800 2599 δὲ
816 2573 880 2608 ἑξῆς
895 2572 962 2608 ἐχώ-

1016 2578 1077 2606 ιιιιιο
1096 2571 1124 2597 in
1151 2569 1204 2596 illis
1227 2569 1371 2603 descripta:
1395 2567 1618 2597 continebantur,
1646 2562 1804 2606 manifesta—

174 2608 255 2656 μεθα.
300 2608 316 2610 ἡ
561 2608 566 2610 ’
1017 2617 1129 2643 tionem.
1153 2615 1303 2651 Eapropter
1332 2613 1452 2641 caelestis
1484 2618 1594 2647 quoque
1610 2608 1735 2642 corporis
1755 2615 1804 2633 cx-

174 2668 296 2702 plicatio.
317 2667 452 2694 b0norum
472 2675 533 2702 qua:
552 2655 656 2695 sanctis
675 2667 736 2695 istic
765 2665 885 2702 reposita
905 2669 981 2696 sunt,
1013 2663 1224 2699 patelactionem
1248 2661 1375 2689 ostendit.
1403 2661 1492 2694 Atque
1517 2655 1552 2685 ita
1576 2660 1737 2692 pratscntcm
1763 2655 1803 2681 lo-

174 2721 239 2742 cum
254 2714 451 2749 quadrifariam
469 2715 693 2749 proutdiviuitus
711 2714 790 2742 nobis
803 2714 897 2741 datum
914 2717 965 2745 est,
984 2712 1176 2748 exposuimus;
1191 2710 1247 2744 jam
1276 2708 1417 2744 sequentia
1443 2712 1647 2742 persequamur.

211 2759 269 2786 Kai
282 2759 343 2786 πᾶν
357 2760 426 2794 ὄρος
448 2760 497 2786 καὶ
512 2760 609 2793 νῆσος
627 2760 661 2786 ὲκ
679 2759 739 2786 τῶν
754 2761 853 2786 τόπων
865 2757 965 2785 αὐτῶν

1020 2747 1024 2748 7
1049 2756 1092 2790 Vl,
1112 2756 1203 2783 M-l'l.
1230 2754 1264 2781 Et
1286 2755 1370 2781 omnis
1395 2761 1469 2780 nibus
1493 2755 1517 2778 el
1552 2750 1647 2776 insula:
1673 2747 1706 2774 de
1738 2747 1802 2774 locis

174 2804 370 2839 ἐκινήθησαν·
391 2807 441 2832 καὶ
457 2807 484 2832 οὶ
503 2806 644 2839 βασιλεῖς
658 2805 713 2840 τῆς
731 2805 787 2840 γῆς
806 2805 855 2832 καὶ
871 2806 898 2831 οἱ
915 2813 964 2839 με-

1018 2804 1072 2831 suis
1092 2807 1169 2830 moue
1185 2807 1244 2829 sunt
1271 2809 1280 2828 :
1298 2809 1369 2835 rcges
1390 2804 1483 2830 teme,
1500 2801 1524 2823 et
1546 2795 1691 2830 principes,
1713 2799 1736 2821 et
1755 2795 1803 2820 [τὺ

217 2883 239 2899 ’⁵
269 2883 337 2918 Agg.
373 2891 410 2918 tt,
438 2883 464 2910 7.
505 2884 525 2900 ”
552 2883 624 2912 Psal.
655 2891 747 2917 uvu,
777 2884 802 2912 9.
