2075 3157
229 174 284 207 279

814 175 977 206 ᾹΝΠΒΕΕ
996 177 1258 209 ΟβΕΞΑΒΙΕΝΞΙΞ

1819 180 1874 212 Ἀθ

267 230 324 264 νιι,
336 230 395 259 ι-ε.
409 230 443 259 Ει
461 230 552 258 audivi
563 238 701 259 numerum
715 231 881 266 signatorum
895 240 904 259 :
916 237 1021 259 centum

1108 234 1163 261 Καὶ
1179 234 1300 269 ἥκουσα
1319 235 1373 262 τὸν
1387 235 1514 270 ἀριθμὸν
1525 235 1584 262 τῶν
1605 236 1870 271 ἐσφραγισμένων·

230 277 410 313 quadraginta
434 282 550 313 quatuor
574 277 660 304 millia
683 278 782 313 signati
799 286 832 305 ea:
851 278 923 305 omni
949 279 1019 305 tribu

232 323 349 358 ﬁliorum
368 322 465 350 Israel.
485 322 528 349 Ea;
554 322 623 349 tribu
646 322 740 355 Iuda,
772 323 912 351 duodecim
936 325 1022 351 millia

231 369 339 404 signati.
669 376 671 379 '

268 456 366 489 ludas,
391 457 592 485 confessionem
615 461 695 486 sonat.
711 468 716 485 :
733 466 781 494 per
798 467 879 494 quem
898 460 935 487 illi
953 459 1024 500 ἀρεί-

233 506 362 538 gnantur,
377 503 424 538 qui
439 511 488 539 per
503 503 605 532 Christi
620 503 833 540 confessionem,
848 506 894 541 qui
910 505 1024 533 exJuda

234 553 325 576 ortum
345 548 432 582 ducit,
457 549 575 578 salutem
595 556 812 586 consequuntur.

271 597 312 623 Ex
328 596 399 623 tribu
419 596 521 628 Ruben,
541 597 679 624 duodecim
696 598 781 624 millia
794 599 904 633 signati.

271 683 372 716 Ruben,
393 684 416 711 si
441 691 540 712 nomen
566 684 765 719 interpreteris,
795 685 911 713 visionis
939 686 1024 714 lilium

237 735 318 757 sonat
334 739 341 757 :
363 738 411 765 per
424 738 504 766 quem
526 730 701 765 denotamur,
723 731 770 767 qui
784 739 832 766 per
846 731 937 760 cordis
952 732 1028 767 puri-

239 781 322 804 tatem
337 777 442 804 ctelesti
458 777 562 805 visione
577 777 728 811 potiuntur.

274 823 317 851 Ea:
335 824 404 851 tribu
419 823 488 856 Gad,
504 824 643 851 duodecim
659 825 745 852 millia
761 825 871 860 signati.

274 913 350 947 Gad,
380 914 560 941 tentationem
595 913 756 949 signiﬁcat:
785 921 834 949 per
856 922 936 949 quem
964 914 1025 942 illos
1046 904 1067 933 Β

239 960 362 996 accipere
393 960 472 993 licet,
499 960 545 995 qui
575 967 623 995 per
649 961 828 988 tentationum
856 960 1029 989 tolerantiam

238 1011 266 1034 et
281 1006 460 1041 patientiam,
485 1008 519 1033 ad
543 1006 749 1034 similitudinem
771 1005 832 1034 Jobi
853 1014 955 1035 corona
979 1007 1030 1036 do-

238 1055 349 1077 tuantur.

274 1093 317 1121 Ex
330 1094 400 1122 tribu
415 1095 491 1128 Aser,
506 1094 644 1123 duodecim
660 1096 746 1123 millia
761 1096 872 1132 signati.

275 1181 328 1209 Per
349 1181 425 1215 Aser,
444 1183 489 1217 qui
508 1183 704 1218 interpretatus
720 1183 917 1211 beatitudinem
934 1188 1031 1217 sonat.

241 1227 279 1254 illi
303 1227 503 1262 intelliguntur,
527 1228 574 1263 qui
600 1236 649 1264 per
670 1229 779 1264 dignam
797 1229 861 1257 vitae
886 1237 1033 1258 conversa-

241 1273 343 1300 tionem
361 1273 529 1301 Dominicam
542 1275 699 1302 beatitatem
715 1276 867 1310 promeriti,
887 1277 1032 1304 stationem

242 1319 276 1345 ad
301 1319 438 1346 dexteram
458 1319 561 1347 Christi
589 1326 813 1355 consequuntur,
836 1321 939 1357 ﬁliique
963 1321 1031 1350 luci:

242 1371 267 1393 et
283 1365 337 1393 diei
351 1366 533 1401 appellantur.

277 1411 322 1439 Ea
333 1412 402 1440 tribu
420 1411 602 1447 Nepltthalim,
620 1413 757 1441 duodecim
771 1415 858 1442 millia
871 1416 979 1451 signati.

277 1456 329 1484 Per
353 1457 543 1492 Nepluhalim,
571 1459 618 1494 qui
647 1460 832 1494 precationem
860 1460 990 1493 denotat,
1014 1462 1032 1489 ii

243 1503 429 1544 insinuantur,
447 1504 492 1539 qui
510 1505 621 1533 assiduo
638 1506 766 1540 precandi
782 1507 872 1535 studio
891 1507 944 1536 Deo
960 1507 1032 1535 indi-

243 1549 319 1577 vnlse
336 1549 485 1578 adhaerent.

278 1597 322 1625 Ea:
340 1598 410 1625 tribu
428 1598 564 1632 Manasse,
585 1599 724 1627 duodecim
744 1599 831 1626 millia
850 1599 959 1634 signati.

277 1645 425 1676 Monaeses.
448 1645 495 1679 qui
516 1646 550 1673 ah
565 1646 703 1674 oblivione
718 1653 818 1673 nomen
844 1646 944 1679 trahit,
961 1645 1032 1673 desi-

244 1694 309 1723 gnat
323 1689 384 1718 illos
398 1691 446 1725 qui
459 1691 551 1718 divino
564 1699 658 1719 amore
682 1691 799 1723 incensi,
825 1698 855 1718 ea
880 1698 940 1726 quae
960 1695 1034 1719 retro

244 1740 319 1767 sunt,
333 1735 501 1771 domumque
517 1742 669 1771 paternam,
691 1737 821 1764 oblivioni
836 1736 956 1764 tradunt.

281 1780 324 1807 Eo:
338 1781 409 1808 tribu
424 1781 530 1809 Simeon
540 1801 548 1815 ,
567 1782 706 1810 duodecim
720 1782 807 1809 millia
820 1783 930 1818 signati.

279 1826 332 1862 31
350 1827 403 1854 Per
427 1826 592 1861 Simeonem,
618 1828 665 1863 qui
689 1828 761 1856 idem
785 1828 841 1856 l‘ere
863 1833 943 1856 sonat
962 1829 1035 1863 quod

246 1873 412 1905 obedientia,
431 1872 584 1900 innuuntur
607 1873 657 1906 illi,
684 1873 731 1908 qui
748 1881 796 1907 per
818 1873 969 1902 studiosam
994 1874 1038 1901 di-

248 1917 373 1945 vinorum
395 1923 594 1953 praceptorum
611 1919 844 1953 observationem,
861 1919 1037 1955 iustiﬁcatio-

248 1963 291 1990 nis
306 1963 420 1997 gratiam
437 1964 580 1991 consecuti
595 1968 670 1991 sunt.

283 2008 327 2035 Ex
341 2009 413 2036 tribu
429 2009 499 2042 Levi,
517 2009 655 2038 duodecim
669 2011 755 2038 millia
768 2011 876 2047 signati.

284 2055 361 2088 Levi,
387 2062 558 2091 assumptum
579 2057 732 2092 signiﬁcat;
752 2065 806 2093 quo
826 2057 937 2085 nomine
953 2058 1039 2086 deno-

249 2107 341 2129 tantur
364 2102 382 2129 ii
413 2102 459 2137 qui
486 2110 534 2137 per
563 2103 801 2130 conversationem
827 2104 970 2131 sacerdote
998 2104 1040 2131 di-

249 2156 342 2182 gnam,
358 2156 374 2176 a
391 2148 500 2176 Christo
525 2149 655 2184 assumpti
672 2153 746 2176 sunt.
765 2148 923 2177 Collocatur
946 2153 1039 2177 autem

249 2193 315 2220 Levi
335 2194 432 2221 ordine
459 2198 583 2226 octavus,
603 2196 676 2229 quod
703 2199 800 2222 octavo
814 2195 924 2222 demum
947 2203 1040 2222 resur-

251 2239 380 2266 rectionis
398 2239 444 2267 die
460 2247 554 2266 verum
573 2240 759 2267 sacerdotium
775 2246 916 2268 ostensum
932 2241 977 2268 sit.

287 2284 330 2310 Ea;
344 2285 414 2311 tribu
433 2284 570 2317 Issachar,
585 2286 722 2313 duodecim
740 2286 826 2313 millia
842 2287 950 2322 signati.

289 2331 338 2358 Per
350 2330 488 2363 Isaac/lar,
503 2332 550 2366 qui
563 2331 596 2359 de
616 2332 739 2360 mercede
759 2333 967 2367 appellationem
980 2341 1041 2360 sor-

253 2377 335 2409 titur,
360 2375 398 2404 illi
419 2377 626 2410 adumhrautur,
658 2378 705 2413 qui
739 2383 848 2414 propter
876 2379 1042 2411 mercedem,

252 2431 334 2458 quam
354 2431 388 2450 ex
408 2422 463 2451 Deo
486 2428 656 2459 exspectant.
681 2425 812 2453 studiosa
829 2425 890 2453 vitae
909 2424 1043 2452 rationem

253 2470 383 2498 inierunt.

290 2516 332 2542 Ea:
345 2516 415 2542 tribu
431 2515 563 2551 Zabulon,
579 2516 718 2544 duodecim
733 2515 818 2543 millia
833 2517 941 2551 signati.

289 2562 427 2594 Zabulon,
445 2563 640 2598 interpretatur
655 2563 766 2589 virtutis
781 2567 829 2589 aut
851 2563 1045 2591 sunvoolentim

255 2609 441 2637 habitaculum
463 2617 470 2636 :
488 2616 536 2643 per
549 2616 630 2643 quem
653 2607 766 2643 intelligi
781 2608 917 2641 videntur,
931 2609 978 2643 qui
997 2617 1045 2644 per

256 2655 453 2682 inhabitantem
476 2654 522 2682 Dei
537 2653 670 2689 Spiritqu
686 2653 817 2682 adversus
833 2655 915 2683 animi
937 2659 1045 2690 pertur-

257 2700 390 2733 batiOnee,
407 2699 553 2735 carnisque
568 2708 689 2733 sensum,
706 2701 806 2728 lirmati
819 2705 847 2728 et
861 2701 1045 2735 corroborati,

258 2745 323 2772 iacti
342 2749 407 2773 sunt
422 2745 511 2773 bonus
526 2745 595 2773 odor
609 2746 723 2780 Christi,
747 2750 776 2774 ut
793 2746 896 2780 Paulus
912 2747 1044 2783 loquitur.

292 2791 333 2818 Ea:
345 2791 416 2819 tribu
432 2791 540 2825 Ioseph,
551 2791 689 2819 duodecim
701 2793 788 2820 millia
802 2794 910 2828 signati.

291 2835 399 2870 Ioseph,
415 2837 485 2864 idem
511 2843 591 2864 sonat
615 2839 686 2872 quod
707 2838 810 2865 additio
831 2839 870 2865 vel
893 2838 1046 2867 incremen-

260 2887 318 2910 tum
334 2891 340 2909 :
359 2883 471 2910 denotat
495 2888 586 2912 autem
599 2892 648 2912 eos
664 2885 710 2920 qui
731 2885 758 2912 in
773 2889 877 2920 partem
896 2886 1046 2921 augmenti,

1074 281 1195 317 [ἑκατὸν
1209 281 1437 316 τεσσαράκοντα
1449 281 1599 316 τέσσαρες
1612 282 1744 316 χιλιάδες
1757 283 1870 318 ἐσφρα-

1073 327 1230 363 meyer-01,]
1241 328 1275 355 ἐκ
1289 327 1390 361 πάσης
1401 327 1503 363 φυλῆς
1515 327 1597 365 [τῶν]
1605 328 1678 355 υιῶν
1695 329 1826 362 Ἰσραήλ·
1838 330 1873 357 ἐκ

1073 374 1177 410 φυλῆς
1200 375 1303 407 Ἰούδα,
1325 375 1440 402 δώδεκα
1463 374 1599 408 χιλιάδες
1617 374 1864 410 ἐσφραγισμένοι.

1110 421 1153 456 [At
1169 421 1304 456 σημασίαι
1316 422 1371 448 τῶν
1384 421 1507 456 κλήσεων
1522 421 1576 448 τῶν
1592 421 1626 456 ιβ’
1641 421 1846 458 πατριαρχῶν.]

1117 466 1252 498 Ἰούδας,
1277 466 1473 502 ἐξομολόγησις
1496 467 1691 502 ἑρμηνεύεται·
1713 467 1747 494 δι’
1769 463 1799 494 οὗ
1822 469 1871 503 δη-

1077 511 1189 539 λοῦνται
1205 513 1230 539 οἱ
1246 512 1282 539 δι’
1303 512 1525 548 ὲξομολογήσεως
1542 513 1592 548 τῆς
1614 513 1813 548 πρδςξΧριστὸν
1827 515 1873 541 τὸν

1077 558 1107 591 ἐξ
1125 559 1211 586 Ἰούδα
1228 559 1422 595 βλαστήσαντα
1440 560 1602 594 σωζόμενοι.

1120 605 1170 632 Ἐκ
1194 602 1296 639 φὺλκῆς
1319 605 1457 640 Ῥουϐὶμ,
1475 605 1592 632 δώδεκα
1606 604 1744 639 χιλιάδες
1760 605 1874 640 ἐσφρα-

1078 652 1228 687 γισμένοι.

1114 698 1241 734 Ῥσυϐὶμ,
1253 699 1376 735 ὁράσεως
1385 699 1442 731 υἱὸς
1453 698 1649 734 ἑρμηνεύεταιο
1663 699 1698 725 δι’
1713 695 1744 725 οὗ
1758 698 1871 734 δηλοῦν-

1078 754 1124 773 ται
1145 747 1171 773 οι
1190 745 1235 772 διὰ
1258 745 1434 782 καθαρότητα
1459 746 1574 781 καρδίας
1601 746 1652 782 τὴν
1678 746 1872 781 πνευματικὴν

1079 792 1174 828 ὅρασιν
1187 792 1368 827 κτησάμενοι.

1123 839 1174 866 Ἐκ
1200 837 1302 873 φυλῆς
1318 837 1400 872 Γὰδ,
1423 838 1539 866 δώδεκα
1566 837 1702 873 χιλιάδες
1730 837 1874 873 ἐσφραγι-

1081 884 1204 919 σμένοι.

1117 930 1191 964 Γὰδ,
1204 931 1368 967 πειρασμός·
1383 931 1417 958 δι’
1438 927 1470 958 οὗ
1488 930 1632 966 δηλοῦνται
1643 931 1667 957 οἱ
1680 930 1712 958 δι’
1733 930 1873 967 ὑπομονῆς

1084 977 1244 1014 πειρασμῶν
1257 978 1328 1005 κατὰ
1340 977 1386 1004 τὸν
1406 977 1466 1004 ’1ὼὸ
1480 977 1704 1012 στεφανούμενοι.

1123 1102 1172 1130 Ἐκ
1192 1102 1293 1137 φυλῆς
1312 1101 1416 1136 Ἀσὴρ,
1434 1101 1549 1128 δώδεκα
1564 1100 1700 1135 χιλιάδες
1721 1100 1868 1134 ἐσφραγι-

1083 1148 1201 1184 σμένοι.
1681 1152 1687 1160 ·

1125 1194 1224 1229 Ἀσὴρ,
1245 1194 1431 1230 μακαρισμός·
1449 1193 1483 1220 δι’
1501 1189 1531 1220 οὗ
1547 1192 1702 1219 δείκνυνται
1722 1191 1747 1218 οι
1767 1190 1813 1217 τὸν
1826 1191 1875 1216 Δε-

1084 1241 1214 1268 σποτικὸν
1230 1239 1406 1276 μακαρισμὸν
1424 1240 1469 1266 διὰ
1492 1238 1633 1269 πολιτείας
1648 1237 1726 1269 ἀξίας
1745 1237 1876 1272 κληρονο-

1085 1286 1209 1322 μοῦντες,
1223 1285 1271 1313 καὶ¹
1284 1285 1334 1321 τῆς
1347 1284 1515 1318 Δεσποτικῆς
1529 1285 1578 1318 τῆς
1591 1285 1623 1310 ὲκ
1637 1283 1735 1317 δεξιῶν
1749 1282 1796 1309 τοῦ
1809 1283 1876 1317 Χρι-

1083 1333 1131 1360 τοῦ
1150 1333 1272 1364 στάσεως
1287 1331 1454 1367 ἀξιούμενοι,
1469 1332 1517 1358 καὶ
1532 1331 1585 1357 υἱοὶ
1596 1329 1685 1364 φωτὸς
1707 1330 1755 1356 καὶ
1767 1327 1875 1364 ἡμέρας

1084 1379 1229 1407 ἀναδεικνύ
1233 1387 1320 1414 μενοι.

1130 1427 1181 1453 Ἐκ
1192 1425 1294 1460 φυλῆς
1308 1423 1487 1459 Νεφθαλείμ,
1502 1422 1616 1449 δώδεκα
1626 1421 1770 1457 χιλιάδες.

1119 1470 1300 1505 Νεφθαλεὶμ,
1317 1469 1467 1505 προσευχή-
1483 1468 1516 1494 δι¹
1536 1465 1571 1503 ἦς
1590 1466 1840 1502 χαρακτηρίζονται
1851 1465 1877 1492 oi

1085 1518 1129 1545 διὰ
1141 1516 1297 1553 προσευχῆς
1313 1515 1486 1543 ἀδιαλείπτου
1499 1514 1538 1550 τῷ
1551 1514 1612 1549 Θεῷ
1626 1512 1805 1549 κολλώμενοι.

1126 1607 1177 1633 Ἐκ
1188 1604 1287 1640 φυλῆς
1299 1602 1461 1637 Μανασσῆ.
1475 1602 1589 1631 δώδεκα
1604 1600 1749 1636 χιλιάδες.

1121 1649 1301 1685 Μανασσῆς,
1309 1648 1527 1684 ὲπιλησμοσὺνη,
1542 1647 1693 1679 τουτέστιν,
1711 1647 1737 1673 οἱ
1749 1645 1803 1678 τῶν
1817 1644 1880 1672 ὀπι-

1086 1700 1148 1726 σθεν
1170 1697 1412 1732 ἐπιλανθανόμενοι
1427 1695 1474 1722 καὶ
1496 1694 1551 1721 τῶν
1571 1693 1709 1729 πατρῴων
1724 1692 1817 1725 οἴκων,
1833 1692 1879 1719 διὰ

1085 1746 1130 1773 τὸν
1142 1745 1220 1772 Θεῖον
1233 1744 1334 1780 ἔρωτα.

1128 1792 1180 1818 Ἐκ
1187 1790 1289 1825 φυλῆς
1298 1789 1431 1825 Συμεὼν,
1446 1787 1561 1814 δώδεκα
1574 1786 1719 1822 χιλιάδες.

1123 1837 1259 1872 Συμεὼν,
1285 1835 1411 1870 ὑπακοή·
1436 1833 1552 1869 δηλαδὴ,
1578 1833 1604 1860 οἱ
1630 1832 1664 1859 δι’
1680 1832 1803 1868 ὑπακοῆς
1825 1831 1878 1859 τῶν

1088 1883 1169 1910 θείων
1185 1881 1300 1909 ὲντολῶν
1316 1881 1510 1916 δικαιούμενοι.

1130 2018 1181 2044 Ἐκ
1197 2017 1298 2052 φυλῆς
1314 2017 1402 2047 Λευῖ,
1419 2015 1534 2042 δώδεκα
1550 2012 1696 2048 χιλιάδες.

1125 2064 1207 2097 Λευῒ,
1226 2062 1464 2099 προσειλημμένος
1475 2069 1482 2077 ·
1496 2061 1530 2087 δι’
1545 2057 1575 2087 οὗ
1588 2058 1713 2086 νοοῦνται
1727 2057 1752 2084 οἱ
1770 2056 1815 2083 διὰ
1830 2063 1880 2081 πο-

1090 2111 1192 2142 λιτείας
1216 2108 1399 2145 ίεροπρεποῦς
1415 2107 1470 2134 ὑπὸ
1490 2105 1610 2141 Χριστοῦ
1632 2102 1880 2140 προσειλημμένοι.

1093 2157 1205 2192 Ὄγδοος
1231 2156 1260 2182 δὲ
1287 2154 1353 2182 Λευτ
1379 2153 1526 2186 τέτακται,
1558 2151 1597 2183 ὡς
1622 2151 1693 2178 κατὰ
1719 2149 1769 2184 τὴν
1785 2147 1882 2182 ὀγδόην

1091 2203 1199 2239 ἡμέραν
1212 2203 1261 2238 τῆς
1273 2200 1447 2232 ἀναστάσεως
1460 2200 1510 2235 τῆς
1521 2197 1639 2234 ἀληθοῦς
1654 2196 1805 2232 ἱερωσύνης
1815 2196 1883 2222 ἀνα-

1092 2249 1282 2284 δεικνυμένης.

1135 2297 1186 2323 ‘En
1200 2294 1302 2330 φυλῆς
1323 2293 1456 2328 ἰο-ἀχαρ,
1473 2292 1587 2319 δώδεκα
1601 2289 1745 2326 χιλιάδες.

1135 2340 1267 2375 Ἶσάχίιρ,
1284 2339 1379 2375 μισθός
1389 2348 1396 2355 ’
1410 2339 1550 2366 τουτέστιν
1564 2339 1588 2364 οἱ
1600 2338 1645 2364 τὸν
1658 2338 1689 2364 ὲκ
1702 2335 1771 2363 Θεοῦ
1787 2333 1885 2370 μισθὸν

1095 2386 1291 2421 λαμὸάνοντες,
1308 2385 1346 2417 ὡς
1358 2384 1496 2420 ὲναρέτως
1515 2382 1731 2417 πολιτευόμενοι.

1139 2518 1189 2543 Ἐκ
1201 2516 1305 2550 φυλῆς
1318 2514 1491 2546 Ζαϐουλὼν,
1507 2512 1622 2540 δώδεκα
1632 2511 1777 2547 χιλιάδες.

1131 2562 1303 2593 Ζαϐουλὼν,
1334 2561 1544 2596 κατοικητήριον
1563 2559 1716 2593 δυνάμεως,
1737 2558 1755 2593 ἢ
1770 2556 1885 2583 sinum:-

1095 2609 1129 2636 δι’
1149 2606 1180 2636 οὗ
1203 2609 1327 2635 νοοῦνται
1341 2608 1366 2633 οἱ
1385 2608 1419 2642 τῇ
1435 2607 1571 2641 ἐνοικήσει
1590 2604 1661 2641 [coit]
1677 2603 1797 2640 Χριστοῦ
1814 2602 1886 2629 κατὰ

1096 2655 1151 2682 τῶν
1169 2655 1264 2682 παθῶν
1288 2654 1510 2688 δυναμωθέντες,
1533 2654 1579 2679 καὶ
1604 2651 1704 2678 εὐωδία
1739 2648 1886 2681 αὐτοῦ,ῶ;

1097 2710 1180 2737 φησιν
1193 2703 1207 2729 ό
1222 2702 1326 2732 Παῦλος
1335 2721 1342 2734 ,
1356 2700 1505 2735 γινόμενοι.

1141 2791 1191 2818 Ἐκ
1204 2790 1306 2825 φυλῆς
1323 2789 1441 2825 Ἰωσὴφ,
1454 2789 1568 2816 δώδεκα
1581 2787 1726 2823 χιλιάδες.

1140 2837 1268 2872 Ἰωσὴφ,
1292 2837 1454 2872 πρόσθεσις·
1474 2836 1613 2863 τουτέστιν
1627 2837 1651 2862 οἱ
1677 2836 1706 2861 ὲν
1728 2833 1888 2870 προσθήκης

1101 2885 1180 2920 μέρει
1204 2885 1253 2912 σὺν
1269 2885 1302 2920 τῇ
1318 2884 1441 2920 βασιλεία
1470 2884 1524 2910 τῶν
1556 2883 1679 2918 οὐρανῶν
1697 2882 1731 2909 τὰ
1762 2883 1828 2917 πρὸς
1859 2882 1889 2907 τὸ
