2075 3157
200 183 253 217 281
682 183 984 215 COMMENTARIUS
1004 184 1045 214 IN
1065 184 1331 215 APOCALYPSIN.
1790 186 1842 218 282

203 242 256 278 ζῇν
276 241 412 275 ἀναγκαῖα
443 239 644 276 λαμϐάνοντες,
662 240 700 272 ὥς
726 249 808 275 φησιν
834 242 849 267 6
878 241 991 276 Κύριος.
1009 245 1022 271 Α

1021 245 1099 270 tuna
1126 248 1188 268 cum
1214 248 1299 275 regno
1320 239 1471 273 cmlorum,
1496 248 1527 268 ea
1548 248 1658 276 quoque
1682 249 1697 268 a
1724 242 1840 270 Domino

1048 286 1186 320 accipiunt
1198 293 1259 321 qua:
1270 286 1302 312 ad
1316 286 1376 313 vita:
1391 294 1470 313 usum
1488 288 1641 314 necessaria
1658 288 1803 316 habentur.

243 331 291 356 Ἕκ
307 329 410 364 φυλῆς
427 329 580 364 Βενιαμὶν,
598 329 713 357 δώδεκα
727 330 863 365 χιλιάδες
880 331 995 366 ἐσφρα-

938 340 995 366 ιρα-
1084 331 1126 358 Ea:
1141 331 1210 358 tribu
1227 331 1378 366 Benjamin,
1392 331 1531 358 duodecim
1550 332 1635 359 millia
1650 333 1757 368 signati.

201 377 347 411 τατμένοι.

237 424 390 457 Βενιαμὶν,
411 423 468 454 υίὸς
486 422 600 457 ὀδύνης,
629 423 646 458 ἢ
672 422 731 455 υἱὸς
749 424 857 459 ἡμέρας
869 443 877 457 ,
901 425 917 459 ἢ
936 424 996 457 υἱὸς

1082 421 1134 448 Per
1163 420 1321 455 Benjamin.
1348 420 1394 454 qui
1430 420 1642 455 interpretatus.
1665 421 1768 448 doloris
1791 425 1837 447 aut

200 469 293 502 δεξιᾶς
306 477 313 484 ·
337 469 439 504 δηλαδὴ
461 469 486 495 οἱ
515 468 559 495 διὰ
579 469 736 504 καρδιακῶν
760 469 877 499 ὀδυνῶν.
895 470 950 497 εἴτε
970 472 995 498 ot

1046 468 1116 500 diei,
1133 472 1181 494 aut
1197 468 1315 494 dextera:
1340 467 1425 494 lilium
1466 467 1619 502 signiﬁcat,
1640 475 1686 494 eos
1716 468 1838 502 accipere

201 517 261 544 τότε
286 516 316 548 ἐξ
348 516 484 552 Ἐϐραίων
511 517 605 542 πιστοὶ
629 517 677 543 καὶ
705 516 920 551 διαπεφευγότες
944 517 995 554 τὴν

1047 521 1194 550 possumus
1210 515 1256 549 qui
1273 521 1321 548 per
1340 513 1433 541 cordis
1450 513 1575 540 dolorem
1600 517 1765 545 servantur;
1782 513 1838 540 sive

203 560 281 598 [τῶν]
304 561 450 596 Ῥωμαίων
465 561 667 596 αἰχμαλωσίαν,
694 561 740 588 τὸν
765 562 883 597 ἀριθμὸν
900 563 995 591 τοῦτον

1047 561 1065 587 ii
1078 567 1111 587 ex
1128 560 1237 587 illorum
1251 566 1368 594 numero
1386 559 1442 587 sint
1454 559 1501 593 qui
1519 563 1574 585 tum
1588 566 1620 586 ex
1633 558 1735 586 Iudaeis
1747 559 1837 586 fideles

201 607 433 642 ἀναπληροῦντες·
460 607 532 640 εἴτε,
553 606 568 633 ὃ
590 607 636 634 καὶ
655 608 756 642 μᾶλλον
774 608 953 644 πιστότερον,
970 610 995 637 ol

1046 606 1110 634 facti
1129 610 1223 637 erant;
1253 606 1311 633 sive
1336 613 1370 633 ex
1396 605 1506 632 illorum
1521 604 1568 639 qui
1593 612 1624 631 ex
1650 604 1836 631 Romanorum

202 653 248 679 ἐπὶ
265 652 408 687 συντελείᾳ
428 652 458 684 ὲξ
484 651 618 678 Ἰουδαίων
635 651 691 687 [διὰ
711 653 844 690 πίστεως]
870 653 994 689 σωζόμε-

1045 652 1201 687 captivitate
1217 652 1337 679 fidelium
1363 651 1446 678 cmtui
1468 650 1589 686 adjuncti
1608 650 1737 683 fuerunt;
1762 651 1836 683 sive,

200 707 252 729 νοι,
269 698 325 729 ὅτε,
343 697 434 730 καθώς
451 707 533 733 φησιν
545 700 559 725 ὁ
577 699 753 732 ’Ᾱπύστολαλ
777 700 846 735 μετὰ
858 700 889 728 τὸ
906 701 994 728 εἰσελ-

1045 699 1117 733 quod
1142 698 1222 725 nobis
1236 697 1415 725 verisimilius
1435 697 1474 729 lit,
1491 704 1525 724 ex
1543 703 1638 724 eorum
1656 696 1703 730 qui
1719 696 1771 723 sub
1787 703 1838 723 sae-

202 745 258 771 οείν
279 745 310 771 τὺ
333 744 473 780 πλήρωμα
492 745 547 773 τῶν
568 745 670 779 ἐθνῶν,
691 746 747 778 πᾶς
773 746 882 783 Ἰσραὴλ
907 747 994 783 σωθή-

1045 745 1099 772 culi
1124 744 1390 772 consummationem
1406 751 1439 771 ex
1458 742 1562 770 ludatis
1578 750 1626 777 per
1646 743 1725 770 [idem
1747 742 1838 769 salva-

202 798 297 817 σεται·
327 789 398 826 [καὶ]
432 790 574 826 οὐδέτερον
601 791 804 826 ἀπαράδεκτον.
840 792 872 819 'H
901 793 993 828 μέντοι

1044 791 1148 817 buntur
1164 799 1170 816 :
1190 791 1300 825 quando
1315 789 1467 821 nimirum,
1489 789 1568 824 juxta
1583 788 1708 823 Apostoli
1729 792 1838 816 sentcn~

200 836 329 872 ἀκρίϐεια
344 837 394 871 τῆς
405 835 436 869 ἐξ
451 837 571 872 ἑκάστης
586 837 674 872 φυλῆς
703 839 826 874 ἰσότητος
848 839 994 874 ἐμφαίνειν

1044 836 1122 869 tiam,
1137 840 1198 871 post
1216 836 1339 870 gentium
1353 835 1557 863 multitudinem
1571 835 1735 870 ingressam,
1749 834 1838 861 omnis

201 891 248 917 μοι
265 883 339 909 δοκεῖ
353 883 399 910 τὸν
412 883 655 918 πολυπλασιασμὸν
663 883 712 910 τοῦ
728 885 909 911 ἀποστολικοῦ
925 886 993 912 σπό-
1009 916 1020 918 _

1019 916 1024 918 ν
1043 891 1153 918 quoque
1169 883 1252 911 Israel
1268 882 1361 910 salvus
1383 882 1442 910 ﬁet;
1459 881 1592 908 Neutrum
1606 889 1621 908 a
1642 881 1753 908 ratione
1769 880 1838 907 vidc-

201 916 248 963 ρου
259 937 266 944 ·
285 929 448 963 δωδεκάκις
459 929 563 956 δώδεκα
578 916 868 966 πολυπλασιαζομὲνου
886 931 932 958 ἐπὶ
947 932 993 959 τὸν
1009 916 1020 943 Ι

1018 916 1088 957 3tur
1103 930 1235 957 alienum.
1259 929 1395 957 Cancrum
1417 933 1513 956 exacta
1530 928 1576 955 illa
1598 933 1781 961 accurataqne
1804 934 1837 954 ex

198 975 302 1002 τέλειον
312 975 362 1010 τῆς
375 975 494 1010 χιλιάδος
507 975 634 1011 ἀριθμὸν,
651 977 699 1003 καὶ
715 976 786 1003 οὕτω
798 977 848 1009 τὰς
863 978 993 1012 ῥηθείσας

1044 975 1140 1010 quavis
1167 975 1239 1002 tribu
1256 974 1414 1009 azqnalilas,
1441 973 1585 1008 apostolici
1609 973 1724 1000 seminis
1748 973 1837 1000 multi-

199 1020 324 1056 χιλιάδας
336 1021 533 1052 ἀποτελοῦν-τος
543 1029 550 1037 ·
569 1022 690 1057 μαθηταὶ
709 1022 764 1058 γὰρ
780 1020 850 1058 ἦσαν
864 1024 910 1050 τοῦ
926 1024 992 1050 κόκ-

1045 1020 1220 1056 plit-ationem
1254 1020 1397 1052 insinuat;
1424 1018 1559 1053 siquidem
1586 1025 1711 1044 numerus
1737 1017 1836 1044 duode-

200 1075 250 1093 κου
270 1066 317 1093 τοῦ
337 1068 378 1098 εὶς
404 1067 454 1102 τὴν
472 1069 524 1103 γῆν
542 1068 587 1094 διὰ
611 1068 817 1103 φιλανθρωπίαν
847 1069 991 1102 πεσόντος,

1044 1067 1136 1094 narius
1153 1065 1301 1093 duodecies
1325 1064 1522 1099 multiplicatus
1533 1085 1540 1096 ,
1557 1063 1749 1099 praedictorum
1776 1063 1837 1089 mil-

199 1112 247 1138 καὶ
262 1111 417 1147 πολύφορον
438 1113 487 1148 τῆς
510 1114 685 1148 παγχοσμίσυ
702 1114 840 1150 σωτηρίας
856 1115 901 1141 τὸν
923 1124 992 1151 καρ-

1043 1111 1108 1138 lium
1128 1117 1274 1137 numerum
1300 1109 1404 1144 integre
1429 1109 1558 1136 absolvit.
1579 1108 1701 1142 Apostoli
1718 1115 1835 1142 namque

200 1157 250 1184 πὺν
267 1157 480 1193 βλαστήσαντος.
511 1158 730 1194 Ἐπισημαντέον
748 1159 778 1186 δὲ
800 1159 890 1193 τοῦτο,
914 1161 955 1187 ὃτι
975 1162 990 1196 ἡ

1043 1157 1118 1184 verbi
1140 1156 1182 1183 vel
1205 1155 1282 1190 graui
1301 1155 1390 1190 potius
1408 1154 1480 1181 illius
1502 1153 1630 1188 discipuli
1649 1157 1737 1183 erant,
1762 1152 1833 1186 quod

199 1203 270 1238 φυλὴ
286 1202 332 1230 τοῦ
356 1203 431 1236 Δὰν,
451 1204 489 1235 ὡς
510 1204 540 1235 ἐξ
558 1204 645 1238 αὐτῆς
660 1205 822 1239 τικτομένου
838 1205 883 1232 τοῦ
904 1205 991 1232 Ἀντι-

1043 1204 1068 1230 ἱη
1085 1207 1184 1230 terram
1200 1202 1320 1236 lapsum,
1336 1199 1532 1228 multiformem
1551 1207 1601 1234 pro
1622 1207 1671 1226 sua
1692 1199 1835 1226 clementia

198 1249 330 1284 χρίστου,
355 1251 416 1280 ταῖς
439 1249 548 1281 λοιπαῖς
575 1251 605 1276 οὑ
629 1251 827 1277 συντέτακται·
855 1251 914 1278 ἀλλ’
934 1252 990 1278 ἀντ’

1042 1249 1139 1276 salutis
1164 1247 1284 1275 fructum
1301 1247 1430 1274 universo
1453 1250 1587 1272 terrarum
1608 1245 1666 1271 orbi
1686 1243 1836 1279 progermi-

197 1296 285 1330 αὐτῆς
297 1297 314 1331 ἡ
331 1295 379 1322 τοῦ
394 1296 477 1329 Acut,
500 1296 537 1327 ὼς
558 1296 683 1332 ἱερατικὴ
702 1297 796 1329 πάλαι,
816 1298 857 1329 είς
874 1298 991 1333 ἀριθμὸν

1042 1294 1125 1322 navit.
1143 1293 1351 1321 Observandum
1368 1297 1410 1319 est
1426 1298 1536 1326 quoque
1556 1291 1656 1318 tribum
1673 1289 1743 1322 Dan,
1761 1288 1835 1324 quod

200 1342 238 1377 μὴ
254 1342 390 1376 ἐρχομένη
403 1349 410 1356 ·
430 1342 463 1368 ὲκ
478 1341 507 1368 δὲ
520 1342 570 1376 τῆς
590 1342 645 1368 τῶν
667 1341 810 1377 ρνομάτων
829 1343 990 1378 ἑρμηνείας,

1041 1339 1230 1366 Antichristus
1252 1346 1285 1366 ex
1310 1338 1355 1366 illa
1381 1339 1540 1366 nasciturus
1560 1336 1673 1370 feratur,
1691 1344 1753 1364 cum
1773 1336 1837 1364 reli-

198 1387 257 1413 ἔστι
273 1387 334 1413 τινὰ
348 1387 403 1413 τῶν
418 1386 510 1420 φυλῶν
530 1387 634 1422 ἑκάστῃ
649 1387 842 1422 προσαρμόσαι
859 1387 990 1419 διάνοιαν,

1042 1386 1105 1421 quis
1119 1386 1247 1413 tribubus
1267 1385 1319 1413 hoc
1337 1386 1396 1412 loco
1416 1392 1470 1412 non
1487 1384 1623 1412 recenscri
1644 1393 1650 1411 :
1666 1391 1760 1411 verum
1776 1385 1836 1418 ejus

197 1432 235 1464 ὡς
263 1433 293 1459 ὲν
309 1434 368 1464 τοῖς
390 1432 517 1468 πλησίοις
538 1432 736 1468 παρατίθεται·
755 1432 801 1458 τὶιν
821 1432 850 1458 δὲ
880 1433 990 1466 Ἰωσὴφ

1042 1431 1104 1459 loco
1119 1431 1219 1458 tribum
1234 1431 1303 1459 Levi.
1316 1438 1377 1464 qua:
1391 1430 1467 1461 olim,
1478 1430 1550 1464 quod
1560 1429 1740 1457 sacerdotalis
1750 1433 1833 1460 esset.

197 1479 259 1505 ἀντὶ
273 1478 320 1505 τοῦ
343 1478 469 1513 Ἐξραῒμ
483 1478 530 1505 τοῦ
552 1477 611 1504 υἱοῦ
628 1478 712 1505 αὑτοῦ
727 1478 861 1504 τέθεικεν.
888 1478 990 1513 ’Λρμό-

1043 1477 1071 1504 in
1104 1477 1225 1504 tribuum
1258 1476 1420 1504 divisionem
1446 1484 1500 1503 non
1528 1475 1669 1507 veniebat,
1693 1475 1835 1502 sullectam

197 1523 256 1555 διος
276 1523 305 1550 δὲ
329 1523 435 1555 τούτοις
458 1524 473 1549 ὁ
503 1523 610 1558 λεχθεὶς
634 1522 750 1558 ἁριθμδς
772 1521 927 1558 [τέθειται],
953 1523 991 1554 ὡς

1043 1530 1114 1550 esse.
1129 1521 1215 1549 Porro
1228 1529 1260 1549 ex
1280 1522 1424 1548 nominum
1445 1520 1671 1556 interpretatione
1685 1520 1835 1554 unicuique

198 1570 317 1605 εἴρηται,
331 1569 386 1605 [διὰ
397 1578 426 1596 τε
439 1570 502 1602 τοὺς
516 1569 599 1597 πάλαι
620 1569 755 1604 Ἑϐραίων
769 1568 873 1595 δώδεκα
887 1569 990 1604 φυλάρ-
1005 1585 1017 1614 ί

1013 1568 1126 1614 :tribui
1157 1568 1320 1595 sententiam
1358 1568 1478 1602 aliquam
1510 1566 1720 1594 accommodare
1749 1565 1832 1598 licet;

197 1615 286 1651 χους,]
302 1616 346 1642 διά
361 1624 392 1641 τε
411 1616 474 1646 τοὺς
492 1615 549 1642 ἀντ’
568 1614 659 1642 αὐτῶν
678 1614 867 1645 καταστάντας
892 1614 990 1650 ἄρχον·
1010 1612 1016 1614 ”

1015 1612 1021 1614 ’
1043 1613 1124 1641 sicuti
1147 1621 1197 1640 nos
1217 1620 1328 1648 quoque
1358 1612 1384 1640 in
1412 1613 1537 1648 proxime
1553 1612 1687 1647 expositis
1714 1612 1834 1646 aliquant

195 1670 248 1693 τας
269 1662 317 1688 ἐπὶ
333 1663 423 1688 πᾶσαν
441 1661 492 1697 τὴν
507 1661 559 1695 γῆν
577 1661 737 1692 θεσπεσίως
758 1661 933 1692 ἀποστόλους,
952 1659 990 1691 ὡς

1043 1659 1203 1686 unicuililiet
1220 1658 1501 1687 accommodarimus.
1517 1659 1652 1686 therum
1672 1657 1769 1692 Ioseph
1787 1665 1835 1692 pro

196 1707 370 1743 γέγραπται·
387 1707 422 1734 δι’
435 1704 473 1734 ὧν
488 1709 511 1734 οἱ
527 1709 556 1733 ἐν
572 1709 605 1743 τῇ
623 1707 759 1742 διασπορᾷ
780 1706 830 1740 τῆς
844 1706 896 1741 γῆς
923 1706 989 1732 Ἰου-

1042 1704 1171 1739 ΕρΙιηιὶηι
1184 1704 1240 1732 lilio
1252 1705 1286 1731 ab
1297 1704 1466 1739 evangelista
1483 1704 1586 1738 positus
1599 1708 1650 1731 est.
1667 1703 1835 1730 Convenien-

196 1752 266 1778 δαίοι
282 1751 338 1788 [ἐπ’
353 1751 488 1786 ἐσχάτων]
505 1752 649 1783 σώζονται.

1041 1754 1082 1777 ter
1095 1754 1185 1777 autem
1201 1750 1348 1785 praedictus
1363 1750 1542 1776 duodenarius
1558 1757 1682 1776 numerus
1700 1749 1753 1776 illis
1765 1748 1834 1775 assi-

196 1803 296 1833 gnatus
315 1803 373 1829 cst,
391 1802 448 1825 tum
464 1797 499 1824 ob
518 1797 669 1825 duodecim‘
697 1801 804 1825 veteres
825 1796 1003 1824 Hebraeorum
1033 1795 1203 1830 patriarchas
1238 1795 1393 1822 tribuumve
1415 1795 1573 1830 principes;
1592 1800 1652 1824 tum
1668 1795 1750 1822 etiam
1771 1801 1834 1828 pro-

195 1852 256 1882 pter
291 1846 440 1881 apostolos,
470 1846 516 1881 qui
542 1845 652 1872 illorum
678 1845 737 1874 loco
766 1845 907 1873 constituti
935 1847 1001 1871 sunt
1031 1844 1168 1878 principes
1193 1850 1276 1877 super
1311 1843 1468 1870 universam
1494 1846 1614 1875 terram,
1644 1846 1674 1869 ut
1698 1841 1832 1876 scriptum

194 1897 300 1926 exstat;
317 1900 366 1927 per
380 1901 449 1927 quos
461 1892 542 1920 etiam
560 1891 658 1924 Judaei,
675 1899 723 1927 per
739 1892 831 1919 orbem
849 1896 985 1918 terrarum
1004 1889 1138 1924 dispersi,
1154 1889 1221 1916 salvi
1241 1888 1319 1917 ﬁunt.

497 1952 615 1979 ΚΕΦΛΛ
635 1951 678 1979 κ’.
1304 1949 1316 1983 ε

1304 1948 1357 1983 32
1376 1947 1489 1976 CAPUT
1509 1947 1567 1975 xx.

193 2009 264 2043 Περὶ
294 2009 347 2035 τοῦ
378 2008 580 2042 ἀναριθμήτων
611 2008 706 2042 ὄχλου
739 2006 800 2033 τῶν
824 2006 858 2038 ἐξ
892 2004 987 2033 ἐθνῶν

1038 2005 1074 2032 De
1097 2006 1238 2043 innumera
1267 2005 1479 2043 illorum__turba
1500 2005 1544 2043 qui
1559 2012 1591 2031 ea:
1614 2004 1728 2039 gentium
1748 2005 1832 2031 natio:

437 2040 740 2078 λαμπροφορούντων.
1075 2040 1152 2078 nilus
1168 2049 1255 2067 conca:

1075 2040 1152 2078 nibus
1168 2042 1301 2078 corruerat.
1323 2040 1445 2067 candidis
1470 2041 1633 2071 induantur,
1649 2048 1754 2068 unaque
1769 2048 1829 2066 cum

1073 2075 1180 2102 Christo
1198 2075 1353 2109 regnabunt.

228 2133 309 2160 Μετὰ
329 2133 421 2160 ταῦτα
441 2131 525 2160 εἶδον
536 2141 543 2148 ο
564 2132 613 2159 καὶ
628 2131 692 2159 ὶδοὺ
712 2131 804 2165 ὄχλος
817 2129 932 2163 πολὺς,
949 2128 985 2155 ὃν

1075 2132 1130 2164 VII.
1147 2133 1174 2165 9,
1195 2133 1239 2159 ill.
1257 2131 1321 2158 Post
1341 2132 1395 2159 lucc
1410 2133 1462 2159 vidi
1480 2132 1584 2158 turbam
1603 2139 1737 2166 magnam,
1753 2138 1832 2165 quant

191 2178 355 2213 ἀριθμῆσαι
380 2179 479 2212 οὐδεὶς
505 2179 654 2212 ἠδύνατο,
680 2178 715 2205 ὲκ
740 2177 854 2210 παντὸς
877 2177 986 2208 ἔθνους

1039 2178 1208 2205 dinumerare
1234 2186 1308 2204 nemo
1326 2182 1443 2212 poterat.
1463 2186 1495 2204 ea:
1511 2177 1631 2204 omnibus
1655 2177 1784 2211 gentibus,
1807 2181 1831 2202 et

191 2225 242 2252 καὶ
270 2225 369 2257 λαῶν,
387 2225 436 2251 καὶ
461 2224 638 2259 φυλῶν-,καὶ
663 2223 830 2258 γλωσσῶν·
855 2222 985 2256 ἑστῶτες
1003 2235 1010 2262 Ι

1051 2224 1176 2256 ribubus,
1201 2230 1225 2250 et
1240 2223 1352 2258 populis,
1377 2229 1400 2250 et
1418 2223 1517 2258 linguis
1538 2230 1547 2249 :
1563 2227 1662 2249 stantes
1681 2226 1742 2248 ante
1757 2222 1832 2247 tlu-o-

191 2273 322 2299 ὲνὼπιον
337 2273 392 2300 τοῦ
409 2274 518 2307 θρόνου
531 2294 538 2305 ,
562 2273 611 2299 καὶ
630 2272 759 2299 ἐνώπιον
774 2272 827 2299 τοῦ
851 2272 965 2305 ’Λρνίου
975 2290 982 2304 ,

1036 2279 1110 2302 nunt,
1126 2275 1151 2297 et
1175 2271 1202 2297 in
1227 2276 1366 2305 conspectu
1383 2270 1461 2305 Agni,
1477 2270 1570 2296 amicti
1592 2269 1668 2296 stolis
1695 2269 1785 2296 albis;
1808 2273 1832 2296 et

192 2318 435 2351 περιϐεϐλημένοι
449 2319 562 2350 στολὰς
581 2318 696 2350 λευκάς
706 2326 713 2332 ·
729 2318 778 2344 καὶ
799 2317 935 2352 φοίνικες
950 2317 985 2343 ἐν

1035 2317 1131 2352 palma:
1150 2317 1178 2344 in
1199 2317 1322 2344 munibus
1337 2325 1438 2349 eorum,
1454 2321 1479 2343 et
1495 2316 1646 2343 clmnabant
1662 2324 1722 2343 voce
1736 2324 1830 2350 magna

192 2363 257 2396 ταῖς
271 2365 378 2398 χερσὶν
391 2362 490 2390 αὐτῶν
501 2372 507 2378 ·
524 2363 571 2390 καὶ
584 2362 741 2397 κράζοντες
757 2362 844 2397 φωνῇ
853 2362 982 2396 μεγάλῃ,

1034 2365 1149 2392 dicentes
1165 2373 1174 2392 :
1193 2365 1274 2393 Salus
1289 2365 1340 2392 Dea
1355 2370 1444 2392 nostro
1460 2365 1506 2400 qui
1521 2365 1592 2392 sedet
1606 2372 1683 2397 super
1696 2365 1829 2397 thronum,

191 2410 241 2437 καὶ
254 2410 406 2444 λέγοντες·
428 2410 457 2437 Ἡ
468 2410 600 2444 σωτηρία
617 2409 655 2442 τῷ
670 2408 731 2441 Θεῷ
742 2409 826 2443 ἡμῶν
850 2408 890 2441 τῷ
912 2410 984 2436 καθ-
1033 2416 1057 2438 et
1078 2411 1164 2446 Agna.

191 2455 292 2491 ημένῳ
309 2456 359 2482 ἐπὶ
377 2455 418 2488 τῷ
436 2455 542 2489 θρόνῳ.
560 2455 609 2482 καὶ
626 2454 666 2487 τῷ
688 2456 798 2489 Ἄρνίῳ.

226 2499 306 2529 Οὗτοί
322 2503 375 2529 εἰσι
395 2502 458 2536 περὶ
474 2498 511 2528 ὧν
524 2510 605 2536 φησιν
622 2502 636 2527 ὁ
649 2501 742 2528 Δαόἰδ·
764 2501 980 2536 Ἐξαριθμήσο-

1073 2500 1104 2527 11ἰ
1121 2505 1186 2528 sunt
1201 2501 1232 2528 de
1246 2501 1346 2535 quibus
1362 2501 1446 2527 David
1463 2501 1570 2533 aiebat;
1590 2499 1758 2527 Enumernbo
1772 2507 1826 2529 eos,

188 2557 241 2583 μαι
255 2549 378 2582 αὐτοὺς,
396 2549 445 2575 καὶ
460 2548 536 2583 ὑπὲρ
547 2548 646 2583 ἅμμον
659 2548 940 2582 πληθυνθήσονται.
956 2548 982 2575 οἴ

1035 2551 1059 2572 et
1080 2554 1158 2581 super
1180 2555 1288 2574 arenam
1307 2547 1556 2581 multiplicabuntur
1570 2547 1601 2572 “‘.
1628 2547 1647 2572 Ε
1665 2546 1765 2579 quibus
1784 2544 1827 2570 alni

189 2604 222 2622 τε
239 2595 325 2622 πάλαι
341 2595 411 2630 ὑπὲρ
425 2594 545 2629 Χριστοῦ
562 2594 736 2630 μαρτυρικῶς
752 2594 980 2630 διηγωνισμένοι,

1032 2594 1089 2628 jam
1103 2593 1167 2620 olim
1183 2592 1341 2620 fortitudine
1363 2593 1443 2627 digna
1465 2592 1630 2627 martyribus
1647 2598 1695 2625 pro
1719 2589 1827 2616 Christo

189 2641 216 2668 οἵ
234 2649 264 2667 τε
290 2641 334 2666 ἐπ’
352 2640 475 2675 ἐσχάτων
495 2640 632 2675 ἀνδρικῶς
653 2640 821 2675 ἀθλήσαντες
843 2640 876 2666 ὲκ
891 2640 982 2675 πάσης

1033 2640 1218 2672 decertarunt,
1243 2647 1411 2674 suarumque
1430 2639 1568 2667 actionum
1587 2637 1671 2664 stolas
1694 2637 1826 2670 sanguine

190 2687 278 2721 φυλῆς
295 2686 343 2713 καὶ
359 2686 486 2721 γλώσσης
497 2694 503 2700 “
522 2685 593 2722 [Kal]
611 2687 644 2721 τῇ
661 2685 771 2721 ὲκχύσει
786 2684 834 2712 τοῦ
854 2685 921 2712 ἰδίου
938 2685 983 2712 διὰ

1032 2690 1142 2721 propter
1156 2685 1248 2714 Iesum
1272 2687 1384 2722 profuso
1413 2686 1574 2714 dealbarunt
1591 2693 1598 2711 :
1614 2684 1659 2710 alii
1686 2690 1750 2709 vero
1775 2681 1826 2708 sub

189 2732 308 2768 Χριστὸν
326 2732 454 2767 αἵματος,
476 2731 526 2762 τὰς
543 2731 640 2762 στολὰς
658 2731 712 2760 τῶν
727 2731 837 2758 οἰκείων
854 2731 981 2766 πράξεων

1032 2733 1181 2760 novissima
1208 2737 1328 2767 tempora
1341 2753 1348 2766 ,
1366 2740 1400 2764 ex
1415 2732 1490 2759 omni
1508 2731 1579 2758 tribu
1593 2734 1620 2757 ct
1637 2729 1729 2763 lingua
1741 2747 1748 2759 ,
1771 2727 1827 2754 l'or-

188 2778 369 2810 λιυκάναντες
385 2778 430 2805 καὶ
444 2778 598 2805 λευκαίνειν
614 2778 773 2813 μέλλοντες*
791 2779 837 2805 καὶ
852 2769 916 2809 τοὺς
931 2778 981 2813 τῆς

1031 2780 1097 2806 tium
1115 2780 1279 2807 athletarum
1296 2787 1372 2807 more
1383 2799 1391 2812 ,
1408 2778 1499 2805 adhuc
1520 2775 1684 2805 dcccrlaturi
1700 2783 1732 2802 ac
1753 2774 1827 2801 deal-

148 2830 152 2834 ‘
189 2825 267 2859 νίκης
295 2824 561 2860 χαρακτηριστικοὺς
596 2824 710 2856 κλάδους
736 2824 791 2852 τῶν
819 2824 967 2860 εὐχρήστωε

1034 2825 1125 2853 baturi
1151 2830 1224 2853 sunt.
1253 2825 1355 2854 Omnes
1379 2828 1470 2852 autent
1499 2823 1618 2851 directos
1644 2821 1769 2849 suavium
1799 2826 1826 2849 et

192 2896 201 2900 ’
225 2902 246 2917 ⁸⁵
272 2901 343 2931 l'sal.
364 2910 496 2936 cum",
514 2902 556 2930 18.
