2075 3157
229 181 282 214 28τ
817 183 983 213 ANDRE/E
1003 183 1263 215 ΟίΕΞΑΒΙΕΝΞΙΞ
1813 181 1866 213 288

230 239 378 274 stigatione
405 239 545 275 indigent,
566 238 712 273 irroganda
740 245 755 265 a
786 238 842 266 Deo
864 239 1017 267 constituti.

1078 240 1103 266 rb
1122 241 1150 267 δὲ
1166 240 1320 274 ἠμιώριον’
1336 239 1367 266 τδ
1387 239 1435 265 τοῦ
1469 238 1568 274 καιροῦ
1599 237 1727 272 ἐμφαίνει
1756 236 1843 271 βραχὺ
1857 245 1864 252 ~

230 286 316 326 Porro
326 285 473 318 silentium,
487 285 558 319 quod
576 284 678 311 factum
692 284 793 311 dicitur
807 285 833 311 in
849 285 924 318 caelo,
943 293 1020 312 com-

230 333 348 367 positam
385 333 544 367 angelorum
588 331 771 366 modestiam.
811 333 1021 367 tnodestamque

230 378 387 405 earumdem
400 377 626 411 compositionem
635 382 662 404 ct
674 377 853 405 reverentiam
866 378 1020 412 signiﬁcat;

1075 288 1104 313 ἐν
1119 284 1141 320 ᾦ
1158 287 1212 313 τῶν
1232 286 1344 321 πληγῶν
1370 285 1560 320 ἐπαγομένων,
1591 285 1638 310 καὶ
1664 283 1718 310 τῶν
1744 283 1791 309 ἐπὶ
1814 282 1866 317 γῆς

1077 332 1352 368 συντελουμένων,ἡ
1384 331 1431 359 τοῦ
1462 331 1582 368 Χριστοῦ
1612 330 1737 366 βασιλεία
1777 330 1866 364 φανή-

1077 386 1164 405 σεται.

229 424 271 451 \‘cl
284 423 431 451 secundum
458 423 561 450 Christi
582 424 729 451 adventum
751 434 758 451 ε
787 432 850 451 nam
878 424 923 452 hic
950 425 1018 459 ipsis
1042 432 1153 460 quoque
1184 423 1290 459 angelis
1323 423 1480 458 incognitus
1493 428 1559 451 est:
1587 422 1669 449 "ora:
1691 422 1809 455 denique
1826 420 1867 446 di-

230 470 351 502 midium,
368 471 501 505 temporis
526 470 706 504 brevitatem,
726 471 799 507 quod
828 473 899 499 inter
925 472 1019 508 plagas
1038 472 1127 500 illatas
1144 472 1280 508 resqucjn
1292 475 1366 499 terra
1379 475 1597 503 consummatas,
1613 475 1640 498 et
1662 469 1738 505 regni
1762 469 1866 497 Chriin

230 517 479 545 manifestationem
496 518 655 545 intercedet.

265 563 334 596 Vill,
351 565 377 592 5.
395 563 429 591 Et
438 564 507 591 alius
519 565 627 600 angelus
639 566 716 598 venit,
728 571 752 592 et
766 565 839 593 stetit
849 570 911 593 ante
923 566 1021 599 altare,

229 611 325 637 habens
341 611 506 638 lhuribulum
521 620 641 639 aureum.

267 667 320 694 Etsi
348 675 380 694 ca
399 675 460 701 qua:
490 667 594 695 sanctis
621 668 821 699 ostenduntur.
841 677 895 696 non
919 670 1024 704 absque

231 713 352 740 ntutrria‘.
379 713 559 748 colorumque
588 715 727 741 schemate
755 715 862 743 ostendi
896 716 1023 749 soleant,

230 760 288 786 sive
304 759 328 786 id
343 759 428 787 altare
441 760 475 787 sit
490 780 498 793 ,
513 760 570 787 sive
580 761 748 788 lhuribulum
763 781 770 794 ,
788 762 846 789 sive
859 762 931 789 aliud
943 763 1023 797 quip-

230 806 303 840 piam
317 806 472 840 ejusmodi,
490 811 556 834 sunt
581 813 671 835 tamen
688 815 719 836 ea
733 810 826 836 omnia
849 811 972 838 materiae
995 815 1023 838 et

229 853 354 879 colorum
365 854 487 888 expertia
499 872 507 885 ,
524 861 612 888 neque
619 856 670 881 sub
680 855 865 890 corporalium
879 856 1020 884 oculorum

230 898 358 926 obtutum
371 899 496 926 veniunt.
512 899 594 927 Juxta
612 900 766 928 istiusmodi
785 901 1021 937 igiturmysticam

230 952 305 970 aram
320 945 397 971 stetit
412 945 537 980 angelus,
552 953 672 973 acerram
695 946 811 974 tlturisve
826 949 1020 982 receptaculum
1036 941 1060 970 Β

231 999 314 1018 manu
327 996 433 1024 tenens,
448 999 598 1027 precesque
619 997 781 1020 sanctorum
799 998 930 1029 tanquam
951 1002 1024 1029 quae-

230 1036 293 1064 dam
306 1037 459 1064 sullimenta
485 1036 540 1065 Deo
566 1037 694 1066 oll‘crens.
711 1039 763 1067 Per
790 1047 851 1075 quae
865 1040 975 1075 petebat
995 1045 1024 1067 ut

230 1083 297 1110 orbe
311 1089 515 1117 consummato,
533 1093 621 1120 paena:
644 1089 671 1113 et
688 1085 795 1121 ﬂagella
811 1094 871 1121 qua:
889 1087 981 1122 impiis
998 1091 1025 1114 et

232 1129 491 1163 prtevaricatoribus
506 1130 552 1158 hic
570 1131 735 1164 inferuntur,
750 1133 883 1167 supplicia
899 1133 926 1159 in
938 1133 1024 1160 altero

236 1175 338 1202 saeculo
354 1176 380 1202 in
404 1176 465 1203 illos
481 1177 860 1211 constituta;_diminuerent,
887 1178 1024 1214 simulque

231 1230 281 1257 per
294 1230 375 1250 suum
388 1222 535 1250 adventum
548 1223 652 1258 justam
673 1224 826 1251 mercedem
843 1223 896 1251 illis
910 1225 957 1259 qui
985 1225 1025 1251 la-

232 1268 404 1301 boraverant,
420 1270 610 1303 persolveret;
627 1274 710 1304 atque
729 1270 782 1297 hoc
794 1277 826 1297 ex
841 1270 965 1305 proxime
980 1278 1025 1297 se-

232 1314 380 1348 quentibus
394 1315 496 1342 clarins
508 1315 615 1342 evadet.

273 1371 308 1398 Et
320 1372 385 1398 data
400 1377 460 1399 sunt
475 1372 516 1399 illi
528 1373 634 1399 incensa
645 1373 739 1406 multa,
753 1378 780 1400 ut
793 1374 867 1401 daret
882 1374 914 1401 de
926 1375 1025 1401 oratio-

232 1417 309 1445 nibus
324 1422 478 1445 sanctorum
491 1418 608 1445 omnium
621 1427 700 1453 super
714 1419 800 1447 altare
820 1428 940 1453 auream,
957 1420 1025 1456 quod

230 1467 269 1490 est
282 1469 342 1491 ante
365 1465 498 1491 thronum.

268 1521 361 1549 Altare
378 1521 441 1555 hoc,
457 1527 500 1550 est
518 1522 663 1557 Christus;
689 1523 716 1550 in
740 1531 796 1558 quo
813 1524 904 1551 omnis
930 1529 1024 1551 sancta

231 1572 258 1595 et
275 1568 475 1596 ministratoria
500 1569 540 1597 vis
557 1570 646 1604 posita
665 1574 718 1602 est,
745 1571 924 1604 omniumque
952 1577 1025 1596 mar-

233 1618 324 1648 tyrum
354 1615 473 1642 victimae
494 1619 522 1643 et
553 1616 688 1644 sacriﬁcia
717 1617 895 1644 immolantur
916 1621 943 1643 et
960 1616 1024 1643 olle-
1041 1628 1062 1656 α

231 1665 331 1688 runtur
352 1661 450 1696 :cujus
465 1669 573 1696 quoque
589 1667 670 1698 typus
684 1667 745 1689 erat
763 1663 829 1689 illud
846 1662 920 1697 quod
943 1662 1026 1689 simul

232 1713 295 1732 cum
315 1707 494 1734 tabernaculo
512 1713 653 1735 ostensum
677 1713 720 1735 est
749 1707 835 1743 Moysi
862 1708 889 1735 in
922 1712 1026 1736 monte.

235 1751 422 1786 T/tymiamala
433 1758 524 1780 autem
548 1760 612 1780 sunt
623 1754 763 1781 orationes
782 1758 953 1786 sanctorum,
966 1761 1027 1788 quae

233 1797 299 1830 Deo,
321 1803 351 1825 ut
370 1798 474 1825 dictum
491 1803 543 1831 est,
561 1800 631 1834 grati
645 1800 738 1827 odoris
763 1799 822 1826 loco
839 1803 914 1828 sunt.
940 1799 1025 1827 (Σπιθ-

234 1851 295 1870 rum
307 1843 393 1870 altare
407 1844 486 1877 illud,
498 1845 571 1879 quod
584 1845 723 1873 Christum
740 1852 802 1872 esse
812 1845 933 1872 diximus
945 1864 953 1877 ,
967 1848 1028 1870 ante

235 1889 357 1915 thronum
368 1909 376 1922 ,
409 1889 460 1917 hoc
482 1893 525 1917 est
551 1890 577 1917 in
590 1895 737 1925 conspectu
753 1894 912 1918 sanctarum
929 1897 1025 1925 supre-

236 1943 399 1970 marumque
416 1936 557 1970 virtutum,
573 1945 635 1972 quat
653 1937 809 1972 proximum
821 1937 855 1964 ad
876 1937 960 1964 Deum
982 1944 1027 1964 ac-

235 1989 342 2012 cessum
361 1983 471 2017 habent,
488 1983 570 2011 situm
587 1988 640 2012 est.
668 1983 716 2012 lla:
737 1985 810 2011 enim
835 1987 946 2019 propter
959 1982 1027 2010 ellu-

235 2037 297 2056 sum
308 2030 507 2066 incensumque
516 2031 614 2059 divinae
626 2032 769 2060 charitatis
778 2031 916 2064 ardorem,
929 2029 1027 2065 exqui-

1111 566 1164 593 Καὶ
1179 566 1275 599 ἄνασς’
1291 566 1421 600 ἅγγελος
1443 563 1527 600 ἦλθε,
1544 564 1593 592 καὶ
1607 564 1721 598 ἐστάθη
1739 563 1789 590 ἐπὶ
1812 565 1866 592 τοῦ

1074 612 1302 646 θυσιαστηρίου,
1319 611 1398 646 ἔχων
1413 611 1580 639 λιϐανωτὸν
1599 611 1747 646 χρυσοῦν.

1110 669 1141 696 Εἰ
1170 670 1217 696 καὶ
1246 669 1462 706 σχηματίζονται
1502 669 1543 701 εἰς
1569 668 1635 701 ὔλας
1657 668 1705 695 καὶ
1729 668 1866 704 χρώματα

1075 716 1111 743 τὰ
1133 717 1188 748 τοῖς
1206 716 1294 750 ἁγίοις
1319 715 1465 751 ὀρώμενα”
1490 716 1546 742 εἴτε
1571 715 1779 750 θυσιαστήριον,
1810 716 1866 741 εἴτε

1076 763 1266 798 θυμιατήριον,
1284 761 1340 788 εἴτε
1354 762 1449 798 ἔτερόν
1464 771 1490 788 τι
1504 769 1510 775 ·
1528 761 1586 788 ἀλλ’
1599 761 1706 795 ἀόρατα
1721 761 1768 787 καὶ
1783 761 1867 795 νοητὰ

1075 811 1266 844 τυγχάνουσιν.
1301 808 1363 835 Ἐπὶ
1386 807 1509 835 τοιούτου
1531 807 1621 834 τοίνυν
1648 808 1866 843 θυσιαστηρίου

1077 854 1142 885 στὰς
1153 855 1168 880 ὁ
1181 853 1306 888 ἄγγελος.
1320 854 1368 880 καὶ
1379 854 1625 891 τὸν,λι6ανωτὸν,
1644 853 1746 888 δηλαδὴ
1763 853 1796 889 τὸ
1813 853 1867 880 τὸν

1074 901 1201 928 λίϐανον
1225 900 1391 935 δεχόμενον
1427 899 1642 934 θυμιατήριον.
1670 899 1797 934 κρατῶν,
1818 899 1869 930 τὰς

1075 949 1157 983 εὐχὰς
1171 948 1225 975 τῶν
1241 947 1327 981 ἁγίων
1338 947 1377 979 ὡς
1392 947 1553 982 θυμιάματα
1568 947 1607 982 τῷ
1619 946 1679 980 Θεῷ
1693 947 1847 982 προσέφερε
1859 954 1866 961 ·
1885 946 1889 949 ”

1075 995 1109 1021 δι’
1126 991 1163 1020 ὧν
1180 994 1294 1028 ᾐτοῦντο
1310 993 1355 1020 διὰ
1369 993 1418 1028 τῆς
1435 994 1608 1028 πιγκοαμεου
1629 992 1795 1024 συντελείας.
1807 993 1867 1023 ταῖς

1077 1041 1127 1076 μὲν
1140 1041 1340 1076 τιμωρητικαῖς
1357 1039 1467 1075 μάστιξι
1483 1039 1539 1066 τῶν
1555 1039 1696 1066 δυσσεϐὧν
1711 1039 1759 1065 καὶ
1775 1046 1866 1073 παρα-

1075 1087 1167 1121 νόμων
1191 1086 1344 1112 ἐλαττῶσαι
1364 1085 1414 1120 τὴν
1435 1086 1465 1112 ὲν
1479 1085 1518 1120 τῷ
1539 1085 1665 1120 μέλλοντι
1692 1083 1796 1120 [αἰῶνι]
1823 1083 1868 1109 κός

1076 1132 1171 1159 λασιν·
1191 1133 1224 1167 τῇ
1240 1132 1268 1158 δὲ
1283 1132 1375 1167 οἰκείᾳ
1400 1132 1540 1167 παρουσίᾳ
1559 1132 1624 1162 τοὺς
1647 1131 1761 1165 μισθοὺς
1779 1139 1866 1156 κατα-

1076 1181 1169 1214 νεῖμαι
1194 1180 1250 1210 τοῖς
1281 1179 1441 1205 κοπιάσασι.
1470 1178 1526 1205 Καὶ
1553 1177 1634 1204 τοῦτο
1662 1178 1695 1204 ἐκ
1719 1176 1773 1203 τῶν
1802 1175 1866 1210 ἑξῆς

1075 1227 1226 1254 δείκνυται.

1113 1373 1168 1400 Kal
1183 1372 1272 1407 ἐδόθη
1292 1371 1372 1405 αὐτῷ
1397 1372 1567 1407 θυμιάματα
1586 1372 1696 1403 πολλὰ,
1715 1371 1766 1397 ἵνα
1783 1370 1867 1404 δὼσῃ

1076 1420 1141 1453 ταῖς
1166 1419 1352 1453 προσευχαῖς
1378 1418 1438 1445 τῶν
1453 1418 1546 1452 ἁγίων
1571 1417 1693 1444 πάντων
1708 1416 1757 1443 ἐπὶ
1772 1416 1804 1443 τὸ
1817 1418 1869 1444 θυ-

1077 1465 1259 1500 σιαστήριον
1278 1465 1310 1491 τὸ
1325 1464 1463 1500 χρυσοῦν
1478 1464 1512 1491 τὸ
1529 1463 1658 1491 ἐνώπιον
1676 1463 1729 1490 τοῦ
1747 1463 1867 1497 Operae.

1114 1522 1336 1556 Θυσιηστήριον
1351 1521 1380 1547 δὲ
1397 1520 1534 1555 χρυσοῦν
1563 1521 1578 1547 ὁ
1591 1520 1709 1555 Χριστός
1733 1520 1808 1546 ἐστιν
1821 1528 1826 1534 ·
1839 1520 1869 1546 ἐν

1078 1566 1100 1602 ᾧ
1117 1569 1192 1594 πᾶσα
1211 1567 1387 1602 λειτουργικὴ
1412 1567 1460 1593 καὶ
1485 1566 1551 1600 ἁγία
1568 1565 1720 1600 συνέστηκε
1741 1564 1867 1600 δύναμις,

1079 1615 1126 1641 καὶ
1148 1615 1176 1641 al
1203 1613 1372 1649 μαρτυρικαὶ
1389 1613 1480 1639 θυσίαι
1505 1612 1757 1647 προσκομιζονται·
1784 1608 1814 1638 οὗ
1835 1610 1870 1646 ἧν

1078 1659 1166 1690 τύπος
1182 1659 1213 1685 τὸ
1224 1659 1330 1694 δειχοὲν
1343 1659 1373 1685 ἐν
1387 1657 1426 1692 τῷ
1438 1658 1496 1693 ὖρει
1511 1657 1549 1692 τῷ
1564 1657 1650 1691 Μωσῇ
1668 1656 1717 1682 σὺν
1733 1657 1765 1692 τῇ
1781 1657 1868 1691 σκηνῇ

1079 1705 1285 1741 θυσιαστήριον.
1299 1705 1340 1731 Τὰ
1354 1704 1382 1730 δὲ
1397 1703 1576 1738 θυμιάματα,
1598 1704 1625 1729 αἱ
1639 1703 1791 1737 προσευχαὶ
1815 1703 1870 1728 τῶν

1077 1751 1174 1784 ἁγίων,
1191 1751 1230 1781 ὡς
1251 1749 1361 1781 εὐώδεις
1376 1749 1414 1784 τῷ
1433 1749 1502 1784 Θεῷ,
1523 1749 1596 1776 καθὰ
1631 1749 1771 1775 λέλεκται.
1808 1749 1870 1774 Ἐν-

1078 1796 1173 1823 ώπιον
1180 1796 1208 1822 δὲ
1216 1795 1268 1822 τοῦ
1278 1795 1504 1830 θρόνου,δηλαδὴ
1514 1794 1568 1820 τῶν
1582 1794 1745 1829 ὕπερτάτων
1761 1793 1870 1829 [ἁγίων]

1081 1841 1223 1877 δυνάμεων
1238 1841 1293 1876 [τὸν
1315 1839 1445 1876 Χριστὸν]
1463 1840 1569 1876 εἴρηκε,
1591 1840 1636 1867 διὰ
1656 1840 1706 1875 τὴν
1725 1839 1804 1874 χύσιν
1820 1840 1871 1873 τῆς

1080 1889 1108 1914 ἐν
1117 1887 1211 1918 αὐταῖς
1225 1885 1351 1921 ἐμπύρου
1364 1886 1440 1917 Θείας
1449 1886 1570 1921 ἀγάπης,
1582 1885 1630 1912 καὶ
1642 1885 1692 1920 τῆς
1701 1884 1871 1920 ἀκραιφνοῦς

1082 1933 1178 1967 σοφίας
1193 1941 1223 1959 τε
1236 1933 1284 1959 καὶ
1298 1931 1436 1966 γνώσεως.
1453 1931 1544 1966 Ὅπερ
1556 1931 1685 1966 ἐμφαίνει
1700 1932 1716 1966 ἡ
1734 1930 1871 1966 ἑρμηνεία

1081 1979 1135 2007 τῶν
1143 1978 1286 2014 ὀνομάτων
1297 1979 1351 2005 τῶν
1361 1978 1403 2013 τῷ
1412 1978 1471 2013 Θεῷ
1482 1977 1694 2013 πλησιαζουσῶν
1709 1977 1871 2012 ὑπερτάτων

1080 2026 1232 2060 δυνάμεων.

235 2078 371 2111 sitamque
398 2077 540 2104 scientiam
570 2082 597 2104 ct
621 2078 803 2113 sapientiam,
832 2066 892 2112 quae
914 2074 1036 2110 inﬂipsis
1052 2072 1211 2108 lexsistunt.
1236 2068 1460 2104 θιῐεὶηῧυιτπθῐη
1493 2072 1626 2102 Ρηὲιατθει
1655 2067 1844 2095 excellentiam
1861 2087 1870 2100 ο

237 2122 398 2149 thronorum
422 2121 632 2156 appellationem
663 2122 735 2149 haud
760 2121 934 2149 incommode
955 2119 1128 2149 sertiuntur;
1159 2114 1391 2150 quemadmodum
1410 2118 1455 2148 {ex
1487 2114 1629 2141 nominum
1659 2121 1785 2149 quoque,
1810 2120 1872 2148 qua:

235 2168 290 2198 illis
307 2167 434 2206 imposita
447 2171 522 2201 sunt,
538 2168 766 2203 interpretatione
780 2158 858 2195 facile
875 2166 982 2195 ostendi
1001 2165 1025 2192 id
1041 2167 1133 2199 queat.

270 2213 338 2247 νιιι,
355 2214 383 2241 4.
400 2213 434 2241 Et
449 2215 567 2241 ascendit
584 2217 673 2249 [unius
693 2215 868 2246 incensorum,
900 2213 932 2240 de
961 2220 1023 2240 ora-

237 2260 352 2287 tionibus
373 2265 536 2292 mactarunt,
549 2261 581 2288 de
596 2269 675 2287 manu
692 2261 789 2295 angeli,
808 2268 898 2286 coram
909 2259 973 2286 Deo.
990 2257 1026 2284 El

239 2305 339 2339 accepit
360 2305 467 2339 angelus
486 2305 650 2331 lhuribulum
662 2313 771 2332 aureum
784 2311 808 2332 et
825 2303 941 2338 implevit
961 2303 1028 2330 illud

239 2350 270 2377 de
285 2350 343 2385 igne
358 2350 465 2383 altaris,
486 2354 510 2377 et
525 2351 595 2377 misit
609 2351 635 2377 in
652 2354 760 2377 terram.

275 2450 438 2479 Sanctorum
454 2458 551 2486 preces
562 2459 610 2486 per
619 2451 744 2486 angelum
758 2455 876 2486 accepta:
884 2456 910 2478 et
921 2451 1028 2484 oblatae,

238 2497 354 2525 (περιθετῇ
373 2502 402 2524 ut
425 2497 478 2532 35
504 2498 668 2524 lhuribulum
684 2494 817 2532 putiitoria
847 2499 906 2533 igne
924 2498 1030 2531 plenum

238 2545 264 2571 in
284 2551 384 2571 terram
401 2543 585 2580 cll‘underctur
599 2566 606 2577 ,
632 2546 712 2573 sicuti
734 2546 798 2572 olim
823 2553 934 2580 quoque
957 2554 1030 2572 unus

237 2599 270 2618 ex
284 2582 431 2619 Cherubim
444 2591 571 2627 apparuit
589 2591 736 2624 Ezechieli.
753 2592 797 2627 qui
813 2591 968 2619 istiusmodi
979 2599 1029 2626 pu-

240 2637 369 2665 nitorium
389 2638 479 2673 ignem
497 2637 612 2673 accepit,
628 2644 827 2672 acceptumque
846 2637 969 2672 angelis,
983 2636 1030 2671 qui

239 2684 272 2710 ad
283 2683 428 2718 impiorum
442 2683 628 2719 habitatorum
647 2683 763 2710 civitatis
778 2682 1029 2718 Hierosolymorum

240 2729 453 2757 internecionem
472 2729 660 2762 mittebantur,
683 2729 805 2757 tradidit.
830 2728 919 2763 Hujus
938 2733 1030 2756 autem

239 2774 328 2809 angeli
361 2780 453 2810 typum
470 2776 539 2810 gerit
573 2776 760 2810 unusquilibet
779 2775 917 2810 pontifex,
937 2780 1031 2810 utpote

240 2821 374 2848 mediator
387 2822 457 2848 inter
473 2821 557 2849 Deum
569 2827 596 2848 et
611 2822 749 2848 hominem
772 2821 947 2849 constitutus.
961 2821 1030 2849 Nam

239 2871 267 2895 rt
280 2866 360 2902 hujus
373 2875 467 2902 preces
481 2875 590 2896 sursum
607 2868 708 2898 evehit,
726 2867 798 2894 illius
808 2872 899 2894 autem
915 2867 1031 2902 gratiam

241 2918 267 2941 ct
293 2914 514 2949 propinationem
541 2914 667 2942 deorsum
689 2913 802 2941 revehit.
826 2913 901 2942 Alios
921 2920 1031 2941 rursum

1115 2208 1168 2236 Καὶ
1196 2208 1288 2241 ἀνέϐη
1312 2209 1328 2234 ὁ
1352 2207 1469 2239 καπνὸς
1493 2207 1555 2233 τῶν
1580 2206 1770 2241 θυμιαμάτων
1805 2206 1872 2238 ταῖς

1083 2253 1265 2288 προσευχαῖς
1287 2252 1348 2279 τῶν
1370 2252 1465 2287 ἁγίων
1480 2251 1514 2278 ἐκ
1540 2251 1640 2286 χειρὸς
1659 2251 1713 2278 τοῦ
1739 2251 1871 2286 ἀγγέλου

1081 2299 1210 2327 ἐνώπιον
1229 2298 1282 2325 τοῦ
1313 2296 1387 2324 Θεοῦ
1400 2306 1406 2311 ·
1425 2297 1476 2325 καὶ
1496 2297 1625 2331 εἴληφεν
1645 2299 1661 2324 ό
1676 2297 1804 2332 ἄγγελος
1820 2297 1872 2324 τὸν

1081 2343 1257 2374 λιϐανωτὸν,
1291 2343 1341 2369 καὶ
1364 2343 1505 2377 ἐγέμισεν
1530 2342 1624 2368 αὑτὸν
1645 2342 1680 2368 ἐκ
1701 2342 1754 2369 τοῦ
1777 2341 1873 2375 πυρὸς

1081 2390 1134 2417 τοῦ
1153 2390 1382 2422 θυσιαστηρίου,
1401 2388 1450 2416 καὶ
1465 2388 1576 2415 ἔϐαλεν
1588 2389 1632 2421 εἰς
1649 2387 1706 2421 τὴν
1724 2387 1792 2422 τῆν.

1117 2447 1150 2473 At
1179 2444 1380 2480 διακονηθεῖσαι
1410 2444 1444 2471 δι’
1466 2443 1582 2478 ἀγγέλου
1604 2442 1659 2470 τῶν
1681 2444 1768 2477 ἁγίων
1794 2451 1875 2479 προτ-

1081 2494 1159 2528 ευχαὶ
1185 2491 1413 2528 προσδεχθεῖσαι,
1429 2491 1478 2516 καὶ
1508 2490 1561 2517 τοῦ
1595 2489 1792 2524 τιμωρητικοῦ
1818 2498 1874 2515 πυ-

1079 2540 1135 2574 ρὸς
1180 2537 1234 2564 τὸν
1278 2536 1444 2564 λιϐανωτὸν
1483 2535 1706 2569 πληρώσασαι,
1745 2535 1791 2561 ἐπὶ
1823 2534 1873 2569 τὴν

1082 2586 1134 2620 γῆν
1159 2583 1308 2619 ἐκχυθῆναι
1339 2583 1543 2617 πεποιήκασιν
1571 2581 1666 2615 ὥσπερ
1710 2581 1796 2608 παλαι
1835 2579 1875 2615 τῷ

1088 2631 1218 2666 Ὶεζεκιὴλ
1241 2631 1328 2666 ἐφάνη
1369 2629 1399 2662 ἐξ
1432 2629 1492 2661 ἑνὸς
1514 2628 1570 2656 τῶν
1595 2627 1740 2664 Χερουϐὶμ
1774 2629 1807 2654 ὲκ
1825 2626 1873 2653 τοῦ

1081 2681 1202 2708 τοιούτου
1224 2679 1310 2714 πυρὸς
1334 2678 1437 2713 ληφθὲν
1453 2679 1509 2709 τοῖς
1523 2676 1650 2711 ἀγγέλοις
1668 2675 1800 2707 δίδοσθαι,
1817 2676 1874 2706 τοῖς

1082 2726 1248 2763 πεμφθεῖσιν
1263 2726 1302 2758 εις
1316 2726 1366 2761 τὴν
1379 2725 1433 2752 τῶν
1448 2724 1601 2759 οἰκητόρων
1616 2723 1666 2758 τῆς
1690 2721 1874 2757 Ἰερουσαλὴμ

1082 2774 1136 2801 τῶν
1172 2764 1394 2807 δυσσεϐεστέρων
1434 2770 1568 2805 ὲκχοπήν.
1603 2769 1658 2796 Τοῦ
1687 2769 1716 2795 δὲ
1748 2769 1868 2803 ἀγγέλου

1082 2820 1178 2847 τούτου
1202 2820 1288 2847 τύπον
1306 2819 1399 2853 ἐπέχει
1413 2817 1529 2848 ἕκαστος
1547 2817 1690 2852 ἰερᾱιρχης,
1705 2815 1743 2847 ὡς
1760 2815 1874 2849 μεσίτης

1083 2866 1150 2894 Θεοῦ
1171 2866 1218 2893 καὶ
1246 2865 1418 2900 ἀνθρώπων·
1444 2863 1491 2890 καὶ
1514 2863 1568 2890 τῶν
1597 2862 1648 2898 μὲν
1681 2862 1730 2893 τὰς
1763 2861 1874 2896 κλήσεις

1084 2913 1207 2948 ἀνάγων·
1225 2913 1279 2939 τῶν
1299 2911 1326 2938 δὲ
1340 2911 1384 2940 τὸν
1399 2910 1514 2944 ἱλασμὸν
1532 2910 1660 2944 κατάγων
1673 2908 1760 2946 ’-τοὺς
1777 2907 1806 2934 δὲ
1818 2906 1872 2934 τῶν
