2075 3157
200 171 253 202 289

678 174 926 206 COMMENTARI
932 177 980 207 US
1000 175 1042 206 IN
1061 174 1325 208 APOCALYPSIN.

1775 182 1829 214 290

201 227 414 264 ἁμαρτανόντων
444 228 619 264 ἐπιστρέφων
634 229 674 263 ,ἢ
697 229 785 266 λόγῳ,
808 232 825 265 ἢ
853 232 980 258 παιδείαιί

1041 232 1117 258 suavi
1153 232 1305 267 blandoque
1330 231 1527 262 admonitionis
1553 235 1638 263 verbo
1665 243 1680 263 a
1707 240 1828 272 peccatis

201 274 428 310 αὑστηροτέραις.

238 360 292 387 Kal
304 361 445 395 ἐγένοντο
461 362 555 396 φωναὶ
569 362 618 389 καὶ
628 363 756 396 ,βρονταί
773 363 821 389 κ(ιί
836 364 989 398 ἀστραπαὶ

200 405 250 432 καὶ
264 407 391 440 σεισμός
403 414 410 421 ⁶
426 406 474 432 καί
488 408 514 433 οἱ
528 407 603 434 ἑπτὰ
617 407 736 442 ἄγγελοι
756 409 782 434 οι
801 408 924 441 ἔχοντες
935 409 989 440 τὰς

201 452 275 478 ἑπτὰ
299 451 480 487 σάλπιγγας,
499 453 668 488 ἡτοίμασαν
686 454 814 487 ἑαυτοὺς
837 455 887 481 ἵνα
909 457 988 482 σαλ-

201 500 342 526 πίσωσιν.

235 545 285 571 Διὰ
291 545 395 572 τούτων
404 545 512 572 πάντων
521 545 555 572 τὰ
564 546 617 582 πρὸ
626 547 675 581 τῆς
684 547 839 579 συντελείας
848 556 987 583 χαρακτη-

200 591 320 626 ρίζοντλαι
338 591 471 626 φόϐητρα,
489 591 649 626 καθάπερὲν
658 592 696 627 τῷ
707 593 771 627 Σινᾷ
781 593 838 628 ὄρει
851 593 925 624 θείας
933 602 986 619 πα-

201 637 312 672 ρουσίας
328 637 507 672 ὲγνωρίζοντο
518 637 651 672 σύμϐολα,
664 639 769 670 πάντας
783 639 986 674 καταπλήττον-

199 691 245 716 τα,
263 683 309 709 καὶ
328 683 395 718 πρὸς
404 678 570 719 ἐπιστροφὴν
579 685 641 715 τοὺς
648 685 917 719 εὐγνωμονεστέρους
925 685 985 711 ἐνά-

198 729 434 763 γοντα,Ἀγγρλοι
442 729 468 755 δὲ
477 729 580 761 τούτοις
593 729 812 763 διακονοῦσιν,ὡς
823 732 908 766 ἰατροὶ
918 739 948 757 συ
953 740 987 766 μ-

198 774 295 805 παθεῖς
302 774 532 809 Χριστομιμήτως
543 783 549 789 ’
561 776 694 811 καυτῆρσι
703 777 750 802 καὶ
758 778 856 810 τομαῖς
864 777 926 808 τοὺς
935 777 984 811 τὴν

197 820 352 854 δεινοτάτην
377 819 428 854 τῆς
449 820 586 855 ἁμαρτίας
603 821 680 848 νόσον
695 821 876 854 ἀσθενοῦντας
901 822 984 857 θερα-

199 865 328 896 πεύοντες
344 873 352 880 ·
367 865 384 900 ἦ
400 865 429 892 τό
445 874 477 899 γε
496 865 688 901 μετριώτερον,
704 868 761 897 τοῖς
787 867 984 902 ῥᾳθυμοτέρως

197 912 248 945 τὴν
265 911 414 946 μέλλουσαν
433 911 655 946 ἐπικουφίζοντες
681 912 802 944 κόλασιν,
819 912 842 938 εἰ
857 912 983 939 ὁπωσοῦν

198 959 367 993 εὐχαρίστως
395 958 555 992 ἑνέγκωσιν.
588 959 678 993 Ἦμᾶς
706 959 745 992 δὲ,
762 959 825 990 τοὺς
837 959 876 994 τῷ
900 959 985 994 τιμίῳ

199 1003 270 1040 [τοῦ]
294 1003 413 1038 Χριστοῦ
440 1004 676 1039 ὲσφραγισμένους
709 1005 833 1039 ὀνόματι,
862 1005 910 1031 καὶ
934 1004 985 1040 τὴν

197 1049 276 1081 δόξαν
291 1050 345 1076 τῶν
360 1049 446 1083 ἁγίων
473 1049 670 1082 ὲπιποθορντας
683 1071 691 1084 ,
716 1050 764 1077 καὶ
791 1051 845 1082 τοῖς
866 1050 983 1077 ἐνταῦθα

197 1095 333 1129 ἀλγεινοῖς
347 1096 397 1130 τὴν
407 1095 462 1122 τῶν
480 1096 632 1130 μελλόντων
655 1097 744 1123 πόνων
760 1097 848 1132 φυγὴν
867 1097 982 1132 εὐχομέ-

198 1149 271 1172 νους,
299 1141 435 1167 παιδεύων
473 1143 487 1168 ό
511 1142 700 1177 φιλάνθρωπος
729 1142 841 1177 Κύριος,
864 1143 906 1178 ⁴τῷ
933 1143 983 1176 τῆς

197 1186 334 1221 ἁμαρτίας
355 1186 461 1221 θανάτῳ
474 1186 511 1222 μὴ
522 1187 689 1221 παραδώσω,
705 1187 796 1219 καθὼς
806 1188 962 1223 γέγραπται
974 1195 981 1203 ⁶

196 1232 264 1258 ἀλλὰ
276 1232 390 1268 πραΰνοι
406 1233 474 1268 ἡμῖν
485 1233 534 1264 τὰς
550 1233 672 1268 πονηρὰς
689 1233 794 1268 ἡμέρας
803 1234 857 1260 τῶν
867 1233 984 1261 αἰωνίων

196 1278 344 1310 κολάσεων,
380 1279 444 1305 ὅταν
473 1279 558 1314 ὀρυγῇ
592 1278 688 1314 βόθρος
712 1279 752 1314 τῷ
770 1280 820 1314 τῆς
847 1279 983 1314 ἁμαρτίας

195 1324 295 1360 εὗρετῇ
305 1325 319 1350 ὁ
333 1325 458 1361 ἀφεγγὴς
470 1325 519 1360 τῆς
529 1326 640 1360 γεέννης
653 1326 740 1360 χῶρος
756 1327 802 1352 καὶ
813 1325 962 1361 βαθύτατος
973 1334 981 1342 '

195 1371 280 1404 ὅπως,
296 1370 360 1397 ἔνθα
375 1371 597 1406 εὐφραινομένων
616 1371 724 1398 πάντων
739 1372 755 1406 ἡ
770 1372 909 1404 κατοικία,
927 1372 983 1403 τοῖς

195 1416 282 1450 ἁγίοις
298 1416 531 1451 συναυλιζόμενοι,
558 1417 685 1452 σὺναὺτῷ
699 1417 736 1452 τῷ
749 1417 857 1452 Σωτῆρι
873 1417 983 1452 Χριστῷ

193 1462 233 1497 τῷ
244 1463 304 1498 Θεῷ
312 1463 389 1497 ἡμῶν
406 1462 537 1498 [ἐσόμεθα
547 1459 570 1498 ]έ
592 1460 613 1496 ᾧ
627 1463 727 1498 πρέπει
743 1464 816 1490 πᾶσα
833 1462 982 1496 δοξολογία,

194 1509 261 1544 τιμή
271 1517 300 1534 τε
314 1508 361 1535 καὶ
376 1508 571 1544 προσκύνησις,
585 1509 642 1543 ἅμα
656 1509 696 1543 τῷ
713 1508 798 1543 Πατρὶ
806 1509 853 1534 καὶ
865 1507 904 1542 τῷ
912 1516 981 1534 παν-

194 1555 266 1589 αγίῳ
294 1554 446 1587 Πνεύματι,
459 1554 506 1581 νῦν
515 1555 561 1580 καὶ
572 1555 625 1587 ἀεὶ,
637 1554 730 1585 καὶείς
742 1554 804 1585 τοὺς
815 1553 916 1585 αἰῶνας
926 1553 981 1580 τῶν

192 1599 310 1628 αἰώνων.
330 1600 427 1635 Ἀμήν.

1041 277 1235 307 avertit;alios
1251 282 1340 304 autem
1358 279 1487 305 severiori
1507 281 1625 314 quadam
1646 283 1828 317 castigatione

1039 325 1065 347 et
1077 321 1219 355 disciplina
1235 323 1267 348 ad
1281 330 1375 350 sanam
1394 327 1511 351 mentem
1533 326 1649 354 reducit.

1075 365 1143 398 VIII,
1157 366 1184 398 5,
1197 366 1223 393 6.
1240 366 1275 393 Et
1287 368 1359 401 facta
1381 374 1441 395 sunt
1459 371 1575 397 tonitrua
1592 377 1616 398 et
1633 380 1721 407 vocer,
1733 379 1757 400 ιι
1773 375 1828 408 Iul~

1037 419 1115 445 gara,
1128 415 1152 438 et
1165 417 1342 439 terrwmotua.
1360 413 1392 439 Et
1404 419 1500 448 septem
1521 417 1623 450 angeli,
1641 419 1687 452 qui
1697 419 1826 447 Imbebant

1037 461 1134 491 septem
1149 456 1238 488 tubas,
1253 466 1469 492 prwparavcrunt
1479 469 1506 487 δι’
1519 467 1546 488 ut
1561 463 1624 489 tuba
1639 471 1771 492 canerent.

1072 546 1124 573 Per
1143 546 1199 573 haec
1214 547 1305 573 omnia
1321 551 1439 575 terrores
1457 548 1493 575 illi
1507 553 1534 576 et
1548 550 1637 582 mimo,
1654 559 1715 586 qua:
1730 553 1822 581 saeculi

1036 593 1298 619 consummationem
1315 593 1496 626 antecedent,
1515 595 1714 624 adumbrantur
1729 608 1735 625 :
1753 600 1824 627 sicut

1035 637 1130 665 eadem
1161 638 1187 665 in
1209 643 1299 666 monte
1321 639 1385 666 Sina
1410 647 1517 674 quoque
1542 641 1609 668 certi
1634 642 1731 670 divina:
1753 652 1823 679 prae—

1036 683 1129 711 sentiae
1175 684 1277 711 indices
1317 689 1414 716 erant,
1454 685 1658 720 salutaremque
1694 688 1821 717 timorem

1036 729 1175 760 omnibus,
1185 729 1253 757 bene
1263 730 1411 764 praesertim
1421 730 1527 759 affectis
1541 731 1720 761 incutiebant.
1730 735 1824 770 Ληρειὶ

1036 779 1128 802 autent
1143 776 1240 805 harum
1260 783 1352 804 rerum
1376 778 1542 810 administri,
1559 783 1689 814 tanquam
1715 781 1822 808 miseri-

1035 821 1132 848 cordes
1157 821 1386 857 condolentesque
1422 824 1538 857 medici,
1572 825 1635 852 dum
1666 826 1698 852 ad
1721 826 1822 855 Christi

1036 865 1191 900 exemplum
1206 868 1326 894 cauteria
1350 872 1377 895 et
1392 869 1527 897 sectioncs
1551 870 1604 898 illis
1631 871 1761 900 adhibent
1775 874 1821 907 qui

997 905 1021 934 B
1036 911 1152 944 graviori
1169 917 1339 946 peccatorum
1361 915 1457 942 morbo
1487 919 1621 949 tenentur,
1650 923 1696 945 aut
1709 905 1822 945 omnino

1034 961 1134 982 curant
1162 956 1342 991 morbumque
1364 958 1527 994 proﬂigant,
1552 966 1600 988 aut
1616 961 1722 996 ignavis
1749 967 1822 990 certe

1035 1000 1203 1036 ingratisque
1227 1003 1385 1031 hominibus
1407 1004 1528 1032 futurum
1558 1007 1722 1040 supplicium
1754 1016 1821 1035 non-

1037 1047 1107 1074 nihil
1132 1048 1278 1076 sublevare
1306 1049 1527 1085 moderatiusque
1549 1051 1661 1079 reddere
1684 1059 1820 1088 satagunt.

1033 1092 1087 1120 Nos
1098 1098 1188 1121 autem
1203 1113 1211 1126 ,
1236 1095 1283 1129 qui
1309 1096 1430 1130 pretioso
1450 1097 1550 1124 Christi
1570 1098 1681 1126 nomine
1697 1099 1819 1134 insigniti

1034 1147 1140 1173 sumus,
1154 1146 1366 1176 sanctorumque
1392 1142 1506 1177 gloriam
1524 1145 1686 1178 expetimus,
1714 1153 1819 1173 necnon

1033 1193 1082 1220 per
1096 1193 1192 1220 punias
1210 1190 1236 1214 et
1251 1186 1391 1214 molestias
1402 1206 1410 1220 ,
1425 1195 1486 1222 quae
1503 1188 1546 1216 hic
1562 1189 1727 1223 inferuntur,
1746 1191 1820 1218 futu-

1033 1238 1126 1258 rorum
1139 1231 1263 1258 laborum
1273 1236 1300 1259 et
1311 1232 1499 1260 molestiarum
1515 1235 1624 1269 pondus
1635 1235 1751 1263 evadere
1761 1244 1822 1270 per-

1032 1282 1171 1312 optamus,
1202 1278 1359 1306 misericors
1389 1279 1460 1306 Deus
1486 1280 1663 1315 clemensque
1693 1280 1774 1309 Pater
1792 1282 1819 1309 in

1034 1322 1085 1349 hac
1099 1322 1207 1349 mortali
1225 1323 1278 1349 vita
1298 1323 1333 1350 ita
1350 1323 1441 1358 expiet
1468 1329 1495 1351 et
1522 1325 1652 1360 castiget,
1669 1331 1698 1353 ut
1714 1327 1741 1353 in
1758 1334 1820 1361 pec-

1032 1367 1087 1394 cati
1105 1372 1218 1394 mortcm
1238 1369 1415 1402 noun-adat;
1437 1369 1502 1404 quin
1523 1370 1613 1405 potius
1629 1372 1743 1398 acerbos
1758 1373 1819 1400 illos

1031 1419 1196 1440 aeternorum
1224 1414 1395 1441 crueiatuum
1420 1415 1478 1443 dies
1500 1417 1579 1444 nobis
1600 1421 1657 1444 tum
1683 1419 1818 1453 mitigare.

1034 1460 1088 1487 imo
1102 1466 1166 1487 vero
1179 1467 1293 1494 prorsus
1307 1461 1428 1488 adimere
1444 1461 1582 1497 dignetur,
1594 1469 1657 1489 cum
1672 1462 1819 1497 impietatis

1033 1506 1168 1532 inventori
1184 1506 1261 1533 fovea
1277 1507 1404 1539 fodietur,
1418 1507 1552 1535 obscurus
1565 1508 1693 1535 nimirum
1706 1508 1819 1542 profun-

1033 1551 1217 1586 dissimusque
1236 1552 1365 1587 gehennae
1381 1552 1458 1580 Iocus
1477 1561 1484 1580 :
1503 1561 1557 1588 quo
1572 1553 1680 1581 tandem
1692 1552 1820 1582 umnihus

994 1595 1015 1624 ϐ
1033 1597 1186 1624 Ιαιιιιηῑὶὺυε
1205 1597 1231 1624 in
1251 1602 1408 1625 Sanctorum
1429 1598 1612 1625 habitaculum
1631 1598 1748 1633 recepti,
1766 1605 1818 1625 una

192 1653 255 1672 cum
279 1645 333 1672 illis
353 1645 516 1680 Christoque
533 1645 586 1672 Deo
602 1649 629 1672 et
650 1646 794 1674 Servatore
808 1648 903 1671 nostro
926 1647 1057 1678 perpetuo
1072 1643 1196 1670 vivamus
1211 1651 1218 1669 :
1245 1651 1326 1678 quem
1340 1643 1418 1670 decet
1432 1643 1519 1671 omnis
1534 1644 1665 1679 gloria,et
1681 1645 1777 1676 honor,
1791 1649 1820 1674 et

192 1692 327 1726 ailoratio,
340 1692 423 1719 simul
455 1700 518 1719 cum
550 1693 629 1720 Patre
641 1696 667 1719 et
683 1691 860 1719 sanctissimo
876 1690 980 1725 Spiritu
993 1690 1020 1716 in
1034 1689 1118 1717 saecul
1130 1697 1144 1716 a
1164 1689 1342 1718 smcnlorum.
1361 1691 1460 1717 Amen.

382 1759 508 1786 ΚΕΦΑΛ.
524 1759 589 1786 ΚΒ’.
619 1760 728 1787 ΛΟΓΟΣ
744 1759 786 1787 Η’.

190 1827 261 1860 Περί
276 1825 337 1853 τῶν
361 1816 435 1853 ima
460 1826 596 1862 ἀγγέλων
609 1833 615 1840 ·
643 1826 702 1862 [ἐξ]
721 1813 771 1862 ὧνί
786 1826 840 1862 τρῦ
861 1825 978 1862 πρώτου

226 1859 446 1894 σαλπίσαντος,
461 1859 574 1896 lii)th
588 1861 635 1888 καὶ
645 1859 710 1895 ’δτῡρ
721 1861 769 1889 καὶ
779 1859 850 1896 αἷμα
860 1859 909 1887 ἐᾶῑί
923 1860 978 1894 τῆς

225 1896 283 1931 γῆς
297 1897 430 1931 φέρεται.

225 1966 280 1992 Kal
297 1967 313 1992 ὁ
327 1965 442 2000 πρῶτος
457 1965 584 2001 ἅγγελος
599 1965 750 1993 ἐσάλπισε
760 1974 767 1980 ·
789 1965 839 1992 καί
858 1964 978 1999 ἐγένετο

189 2012 305 2048 χάλαζα
329 2012 379 2039 καὶ
405 2012 465 2046 πῦρ
490 2012 674 2047 μεμιγμένον
701 2012 737 2039 ἐν
773 2012 892 2046 αἵματι·
929 2012 979 2038 καὶ

187 2058 301 2093 ἐϐλήθη
316 2059 359 2091 εις
373 2058 431 2092 τὴν
449 2058 508 2093 γῆν
520 2067 527 2074 ·
543 2059 592 2085 κιιί
611 2058 645 2084 τὸ
660 2058 759 2092 τρίτον
772 2057 827 2091 τῆς
843 2056 978 2092 γῆςκατ-

188 2104 264 2138 εκάη
274 2111 282 2119 ο
310 2105 360 2130 καί
380 2103 414 2130 τὸ
429 2104 531 2137 τρίτον
543 2103 602 2130 τῶν
614 2102 746 2137 δένδρων
760 2101 888 2136 κατεκάη
905 2110 912 2117 ’
930 2101 978 2128 καὶ

188 2150 248 2182 πᾶς
266 2151 372 2184 χόρτος
389 2149 504 2184 χλωρὸς
516 2149 656 2182 κατεκάη.

225 2195 319 2222 Ταῦτά
332 2203 404 2222 τισιν
418 2193 507 2227 ἔδοξεν
524 2193 690 2221 αἰνίττεσθαι
706 2193 754 2229 τὴν
766 2194 795 2220 ὲν
806 2193 901 2229 γεέννῃ
920 2192 974 2220 τῶν

1197 1766 1313 1795 CAPUT
1341 1767 1424 1795 XXII.
1454 1767 1569 1796 SERMO
1595 1769 1651 1797 VIII

1030 1823 1070 1850 De
1082 1828 1179 1860 septem
1194 1823 1322 1860 angelis,_
1338 1831 1351 1849 e
1377 1831 1488 1860 quorum
1506 1832 1613 1851 numero
1632 1825 1696 1851 dum
1714 1826 1816 1860 primus

1067 1859 1128 1926 tfuba
1140 1858 1224 1892 canit,
1237 1858 1349 1893 grando,
1367 1863 1392 1884 et
1404 1859 1472 1894 ignis
1482 1879 1490 1892 ,
1500 1867 1531 1885 ιιι·
1544 1861 1652 1894 sanguis
1668 1861 1696 1886 in
1714 1858 1815 1888 terram

1085 1898 1167 1920 ertur.

1085 1901 1167 1920 ertur.

1067 1961 1141 1995 νιιι,,
1151 1962 1176 1989 7.
1198 1961 1232 1988 Et
1254 1962 1355 1996 primus
1369 1962 1476 1997 angelus
1492 1963 1554 1989 Iuba
1575 1964 1687 1996 cecinit;
1701 1969 1725 1991 et
1743 1966 1816 2000 facta

1028 2012 1065 2034 est
1077 2007 1176 2042 grando
1186 2012 1209 2034 et
1226 2007 1294 2041 igni:
1310 2007 1388 2033 mixta
1406 2008 1433 2033 in
1456 2009 1600 2042 ranguinef;
1613 2014 1637 2035 et
1655 2010 1763 2036 missum
1777 2016 1815 2037 est

1028 2054 1055 2079 in
1074 2058 1171 2079 terram
1186 2058 1211 2079 et
1223 2053 1300 2079 tertia
1312 2057 1460 2087 parsterrte
1476 2053 1612 2080 combusta
1622 2059 1681 2086 est;
1697 2061 1720 2081 et
1736 2057 1814 2082 tertia

1027 2107 1091 2134 pars
1105 2099 1228 2126 arborum
1240 2104 1405 2126 concremata
1416 2103 1454 2126 est
1465 2108 1475 2132 ;
1487 2104 1511 2126 et
1526 2107 1601 2127 omne
1618 2100 1707 2134 fenum
1728 2102 1814 2129 viride

1028 2145 1190 2172 combustum
1201 2150 1251 2172 est.

1070 2190 1178 2224 Isthaec,
1196 2195 1225 2218 ut
1244 2190 1407 2226 quibusdam
1422 2191 1520 2226 placet,
1537 2191 1667 2219 denotant
1681 2192 1813 2227 supplicia

189 2241 359 2277 ἁμαρτωλῶν
373 2240 494 2272 κόλασιν,
515 2240 693 2276 πολυτρόπως
704 2239 749 2266 διὰ
762 2239 817 2266 τῶν
838 2239 974 2274 αἰσθητῶν

1029 2236 1118 2272 impiis
1133 2241 1160 2264 et
1175 2238 1366 2272 peccatoribus
1383 2237 1453 2272 apud
1468 2237 1570 2266 inferos
1582 2238 1730 2266 constituta
1744 2257 1751 2269 .
1767 2247 1814 2266 va-

187 2286 327 2321 ὀδυνηρῶν
339 2285 594 2322 τροπολογουμένην
608 2293 615 2300 ·
633 2286 715 2321 ἡμεῖς
730 2284 759 2311 δὲ
773 2284 919 2319 νομίζομεν
933 2284 976 2311 διὰ

187 2333 218 2359 τὸ
234 2332 351 2367 μάλιστα
368 2331 398 2358 οὐ
420 2331 470 2366 τὴν
482 2331 577 2366 τρίτην
600 2332 696 2366 μοῖραν
710 2328 781 2357 εἶναι
795 2330 849 2356 τῶν
865 2330 978 2362 κολαζοο

189 2378 279 2412 μένων
296 2377 326 2402 ἐν
340 2376 379 2411 τῷ
399 2375 523 2411 μέλλοντι
554 2374 655 2410 [αἰῶνι]
680 2375 712 2400 ὲκ
730 2373 777 2401 τοῦ
797 2374 898 2404 παντὸς
923 2373 977 2400 τῶν

185 2423 339 2458 ἀνθρώπων
354 2421 549 2457 πληρώματος,
565 2421 633 2448 ἀλλὰ
646 2420 695 2456 τὴν
709 2420 818 2447 πλείονα
835 2419 977 2455 ("latent

186 2469 242 2504 γὰρ
267 2468 375 2505 [φησιν]
401 2469 421 2502 ἡ
438 2467 509 2500 ὁδὸς
527 2468 547 2501 ἡ
575 2467 736 2502 ἀπάγουσα
765 2468 809 2500 εἰς
836 2467 895 2501 τὴν
917 2467 974 2494 ἀπ-

183 2514 319 2549 ώλειαν),
333 2514 382 2545 τὰς
394 2513 448 2549 πρὸ
461 2513 510 2548 τῆς
524 2513 677 2544 συντελείας
692 2513 792 2548 μᾶλλον
801 2513 887 2539 ταῦτα
905 2513 973 2547 πλη-

184 2561 237 2594 γὰς
255 2559 397 2595 ἐμφαίνειν
412 2567 420 2575 ⁸
439 2559 486 2586 καὶ
511 2560 570 2592 τὴν
596 2558 645 2594 μὲν
662 2558 795 2593 χάλαζαν
822 2558 920 2594 δηλοῦν
942 2558 973 2584 τὸ

183 2606 331 2641 οὐρανόθεν
355 2605 434 2640 ἣκειν
461 2606 530 2631 κατὰ
546 2604 648 2631 δίκαιον
671 2606 759 2640 κρῖμα
780 2605 830 2635 τὰς
846 2604 973 2636 τοιαύτας

186 2652 322 2687 μάστιγας
336 2660 344 2667 ·
358 2651 393 2678 τὸ
403 2651 432 2678 δὲ
441 2651 508 2685 πῦρ
520 2651 582 2678 σὺν
597 2648 637 2684 τῷ
663 2651 773 2684 αἵματι,
796 2650 846 2682 τὰς
859 2650 892 2676 ὲκ
908 2651 972 2685 βαρ-

184 2698 308 2733 ϐαρικῶν
323 2696 425 2732 χειρῶν
441 2697 588 2732 γινομένας
603 2697 790 2731 πυρπολήσεις
809 2704 838 2722 τε
864 2697 911 2722 καὶ
926 2697 974 2722 ἀν-

183 2743 347 2778 δροκτασίας
375 2743 522 2778 ὁσημέραι.
559 2742 620 2777 Ὑφ’
646 2739 684 2768 ὧν
715 2741 766 2768 οὐκ
792 2741 903 2768 ἔλαττον
925 2741 972 2768 τοῦ

183 2789 277 2825 τρίτου
295 2790 406 2825 μέρους,
423 2789 461 2822 ὡς
475 2789 596 2824 ὁρῶμεν,
610 2788 664 2815 τῶν
673 2789 702 2816 ὲν
711 2789 745 2823 τῇ
770 2789 805 2823 γῇ
819 2788 974 2823 κτισμάτων

221 2883 243 2899 ’⁸
257 2882 352 2911 Matth.
365 2891 413 2915 vu,
428 2882 469 2910 15.

1026 2283 1075 2311 riis
1091 2284 1178 2311 modis
1193 2287 1275 2318 atque
1294 2283 1461 2318 ntetaphoris
1477 2291 1525 2318 per
1542 2291 1585 2311 res
1607 2285 1722 2311 sensiles
1734 2305 1740 2315 ,
1755 2293 1812 2319 pa:-

1026 2337 1090 2357 nam
1106 2329 1206 2358 inferre
1233 2335 1322 2364 aptas,
1354 2329 1525 2357 adumbrata.
1544 2329 1600 2358 Nos
1628 2334 1719 2357 autem
1741 2331 1814 2358 arbi-

1026 2380 1132 2403 tramur
1148 2384 1201 2403 non
1218 2376 1324 2404 tertiam
1341 2381 1446 2403 tantum
1470 2376 1627 2403 mortalium
1661 2381 1766 2411 partem
1781 2385 1812 2404 ex

1026 2425 1082 2449 tota
1099 2422 1241 2449 hominum
1255 2422 1429 2450 multitudine
1442 2422 1470 2449 in
1486 2421 1578 2449 futuro
1596 2423 1697 2450 saeculo
1720 2430 1815 2458 pccnas

1027 2468 1152 2495 daturam
1165 2486 1172 2498 ,
1189 2467 1235 2495 sed
1251 2468 1330 2503 longe
1343 2468 1490 2494 maximam
1503 2477 1510 2494 :
1525 2468 1580 2503 36
1599 2468 1668 2495 Lata
1691 2477 1812 2503 namque,

1028 2519 1058 2541 ut
1072 2514 1202 2541 Dominus
1210 2514 1248 2540 ait
1260 2533 1266 2545 ,
1284 2519 1321 2540 est
1335 2518 1422 2548 parta.
1444 2519 1468 2541 et
1483 2515 1602 2549 spatiosa
1627 2518 1666 2547 est
1679 2514 1732 2545 uia,
1755 2521 1814 2548 qua:

1027 2559 1146 2586 dutitad
1155 2559 1329 2594 perditionem
1345 2560 1377 2592 "',
1395 2559 1517 2594 adeoque
1532 2567 1580 2594 per
1594 2559 1650 2586 hazc
1666 2559 1813 2593 signiﬁcari

1028 2609 1164 2632 tormenta
1175 2610 1203 2632 et
1227 2606 1374 2638 cruciatus,
1394 2606 1441 2640 qui
1458 2606 1616 2633 hominibus
1639 2609 1702 2631 ante
1720 2605 1812 2631 saeculi

1028 2652 1292 2679 consummationem
1302 2651 1455 2679 inferentur
1471 2660 1479 2679 :
1499 2656 1527 2678 et
1538 2651 1694 2686 grandinem
1705 2650 1812 2685 quidem

1027 2697 1156 2730 indicare,
1175 2697 1258 2725 Deum
1271 2698 1342 2733 justa
1352 2699 1391 2726 ira
1406 2702 1583 2733 provocatum
1610 2695 1743 2730 ejusmodi
1763 2694 1814 2722 fla-

1030 2743 1098 2778 gella
1124 2744 1233 2772 cmlitus
1249 2745 1397 2772 immittere
1423 2753 1430 2770 :
1458 2745 1544 2778 ignem
1571 2747 1662 2770 autem
1687 2743 1814 2777 sanguine

1029 2789 1159 2824 mixtum,
1175 2790 1348 2826 quotidianas
1362 2789 1595 2825 depopulationes,
1619 2787 1744 2816 incendia
1768 2787 1813 2815 iti-
