2075 3157
255 177 311 210 295

838 176 1000 207 ANDRE/E
1020 177 1281 209 C/ESARIENSIS

1831 179 1884 210 296

256 235 290 262 ad
304 232 519 268 resipisccntiam
536 234 615 260 tacite
638 239 685 260 cos
708 239 871 268 provocans.
887 233 955 267 Quis
970 235 1043 262 enim
1065 235 1165 263 divinae
1188 236 1234 262 ira:
1258 235 1370 262 calicem
1392 234 1513 269 perferre
1542 239 1646 269 posset,
1674 234 1698 262 si
1727 241 1806 269 pure,
1833 236 1885 263 hoc

255 285 307 309 est.
325 279 398 306 nulla
415 278 557 307 clementia
574 282 752 313 temperatus,
774 280 958 314 propitiatur?

292 325 346 360 38
361 324 427 357 \‘lll,
454 324 497 350 15.
525 323 557 349 [ξι
578 323 641 355 vidi,
671 328 695 350 et
725 324 817 351 audivi
848 333 934 352 vocem
965 326 1042 352 unius

1131 323 1185 352 Καὶ
1201 324 1320 358 ἤκουσα
1327 323 1397 357 ἐνὸς
1407 323 1537 358 ἀγγέλου
1549 323 1716 358 πετομένου
1731 323 1766 350 ὲν
1773 332 1884 358 μεσου.

256 371 353 405 aquila:
369 370 481 396 volantis
503 377 549 402 per
575 369 689 395 medium
711 370 780 402 cwli,
802 370 914 398 dicentis
929 370 1042 407 [Aliter,

256 425 336 442 unum
350 414 469 449 angelum
486 414 616 441 volantem
632 423 679 449 per
695 415 808 442 medium
821 417 890 449 caeli,
902 417 1043 452 dicentem]

255 470 314 488 voce
333 468 444 493 magna:
465 460 521 492 ναι,
534 469 582 491 var,
596 469 644 492 om,
660 461 842 488 habitantibus
861 463 888 489 in
914 469 996 495 terra,
1012 464 1044 490 de

254 507 354 534 ca'teris
368 506 473 533 vocibus
490 507 571 533 trium
589 508 744 542 angelorum
762 509 808 542 qui
832 514 907 535 erant
923 511 986 535 tuba
1001 518 1044 536 ca-

255 555 347 580 nituri.

291 599 329 626 Ex
347 600 388 627 his
405 607 514 635 quoque
542 600 677 628 discimus
694 605 796 635 quanta
813 601 968 628 divinorum
994 609 1044 628 an-

256 645 377 680 gelorum
401 646 438 673 sit
460 646 611 677 miseratio,
629 650 786 681 quantaque
800 647 957 674 earumdem
981 655 1044 682 erga

256 691 383 718 homines
403 691 569 718 humanitas.
596 690 701 718 Etenim
730 692 763 719 ad
795 692 840 719 Dei
866 693 1044 719 imitationem

256 736 367 763 miseret
385 743 433 763 eos
449 736 603 769 hominum,
620 737 666 771 qui
684 738 781 764 durius
804 742 916 772 propter
936 741 1045 772 peccata

255 782 450 815 excipiuntur;
480 782 566 809 multo
592 790 656 810 vero
684 783 771 816 magis
803 783 923 814 illorum,
943 783 989 817 qui
1012 790 1046 810 ne

255 827 342 861 plagis
356 827 466 861 quidem
494 827 616 854 suaviter
632 828 764 855 admoniti
778 849 785 861 ,
802 829 1001 856 emendantur:
1019 828 1046 855 in

255 879 325 906 quos
352 872 393 899 vel
409 873 529 899 maxime
545 873 633 907 ipsum
652 872 698 900 Va:
726 873 861 908 quadrat;
888 879 918 901 ut
943 874 989 908 qui
1019 874 1045 901 in

255 923 326 944 terra
342 918 442 952 degant
457 923 483 945 et
502 924 610 946 terrena
627 924 731 946 tantum
747 920 870 954 sapiant;
891 925 918 947 et
937 928 1046 948 cunmm

254 964 347 991 verius
363 969 389 991 et
404 965 553 999 pulverem,
569 973 650 1000 quam
664 973 747 994 suave
766 972 935 1002 unguentum
952 988 960 1000 ,
975 968 1046 1002 quod

1093 370 1242 405 [κινήματι
1255 389 1263 402 ,
1279 369 1424 404 λέγοντος
1438 369 1523 404 φωνῇ
1543 369 1661 404 μεγάλῃ
1675 377 1683 384 ·
1702 370 1785 402 οὐαὶ,
1806 371 1885 404 οὐαὶ,

1096 415 1164 443 οὐαὶ
1183 415 1246 448 τοῖς
1265 415 1462 442 κατοικοῦσιν
1479 415 1528 441 ἐπὶ
1544 414 1597 448 τῆς
1612 414 1669 450 γῆς
1688 414 1724 442 ἐκ
1741 415 1801 442 τῶν
1822 418 1886 443 λοι-

1096 461 1161 488 πῶν
1174 461 1283 496 φωνῶν
1299 461 1354 495 τῆς
1368 461 1539 496 σάλπιγγος
1560 460 1620 488 τῶν
1641 460 1730 495 τριῶν
1751 461 1887 496 ἀγγέλων

1095 507 1155 534 τῶν
1163 508 1339 542 μελλόντων
1353 507 1519 537 σαλπίζειν.

1135 599 1208 626 Οὐαὶ
1222 599 1281 631 τοῖς
1293 599 1488 626 κατοικοῦσιν
1495 597 1545 625 ἐπὶ
1563 597 1620 632 τῆς
1634 597 1700 633 τῆς.
1710 599 1766 626 Καὶ
1774 598 1884 626 διὰτού-

1097 654 1150 672 των
1161 646 1192 671 τὸ
1209 645 1350 680 συμπαθὲς
1364 645 1412 671 καὶ
1423 644 1614 679 φιλάνθρωπον
1627 644 1681 670 τῶν
1702 643 1782 670 θείων
1800 645 1886 678 ἀγγέ-

1097 692 1151 718 λων
1176 691 1324 717 δείκνυται·
1340 691 1516 726 θεομιμήτως
1540 690 1731 724 οἰκτειρόντων
1759 690 1885 716 παιδευο-

1099 737 1196 772 μένους
1210 737 1273 767 τοὺς
1292 735 1558 771 πλημμελήσαντας
1575 734 1664 770 πολλῷ
1676 735 1704 762 δὲ
1722 734 1803 761 πλέον
1823 735 1886 767 τοὺς

1099 783 1166 818 μηδὲ
1181 784 1242 815 ταῖς
1259 782 1370 817 μάστιξι
1395 781 1464 817 πρὸς
1478 782 1645 818 ἐπιστροφὴν
1661 782 1809 817 βλέποντας
1822 791 1829 798 ·
1846 780 1886 814 οἷς

1099 829 1169 866 [καί]
1187 829 1306 864 μάλιστα
1322 829 1352 855 τὸ
1369 828 1438 855 Οὐαὶ
1451 828 1582 863 ἁρμόζει·
1598 828 1636 860 ὡς
1652 829 1700 855 ἐπὶ
1715 829 1766 863 γῆς
1782 828 1885 855 οἰκοῦσι

1098 875 1144 901 καὶ
1157 874 1285 910 φρονοῦσι
1297 874 1330 900 τὰ
1345 874 1440 909 γήϊνα,
1464 875 1511 901 καὶ
1538 874 1603 910 χοῦν
1616 874 1677 902 ἀντὶ
1701 874 1749 901 τοῦ
1768 875 1881 901 ἐκκενω-

1098 921 1190 952 θέντος
1204 920 1289 955 μύρου
1303 919 1337 946 δι’
1352 920 1425 956 ἡμᾶς
1442 921 1563 947 πνέουσι.
1580 920 1642 951 Τοῖς
1660 919 1714 955 γὰρ
1733 920 1763 946 ὲν
1781 920 1886 955 οὐρανῷ

1099 967 1190 1003 ἔχουσι
1217 967 1247 993 τὸ
1264 966 1415 1001 πολίτευμα
1429 966 1541 1002 ἀφορμὴ
1555 966 1590 993 τὰ
1609 966 1730 1003 δυσχερῆ
1749 967 1888 1001 στεφάνων

253 1011 341 1038 nostri
358 1018 441 1038 causa
459 1012 586 1040 Christus
617 1012 726 1040 effudit.
758 1012 843 1040 Porro
874 1017 976 1045 autem.
997 1014 1043 1048 qui

1097 1013 1262 1048 ἁμαράντων
1280 1014 1327 1039 καὶ
1342 1012 1476 1047 βραϐείων
1492 1013 1621 1046 γίνονται.

254 1064 332 1084 suam
347 1059 583 1085 conversationem
610 1059 638 1086 in
665 1059 742 1087 cadis
770 1059 879 1092 habent,
907 1060 941 1086 iis
972 1059 1059 1086 tristia
1088 1067 1188 1094 resque
1216 1059 1336 1086 adversae
1369 1059 1551 1086 immortalem
1592 1066 1722 1086 coronam
1750 1058 1884 1095 amplissi-

253 1111 354 1139 maque
363 1105 475 1139 praemia
491 1104 650 1132 conciliant.

532 1162 649 1190 CAPUT
681 1161 776 1191 XXVI.

254 1221 292 1247 De
317 1220 408 1255 quinto
435 1220 545 1255 angelo,
572 1221 740 1255 niysticisque
764 1220 891 1253 locustis,
912 1228 943 1247 ac
969 1221 1044 1247 varia

509 1256 661 1282 earumdem
675 1256 772 1289 forma.

289 1313 335 1346 IX,
356 1313 412 1340 l-5.
429 1311 463 1338 Et
481 1312 589 1347 quintus
615 1311 723 1347 angellis
740 1311 801 1338 tuba
815 1312 931 1338 cecinit:
950 1317 973 1338 et
992 1311 1046 1338 vidi

254 1360 357 1387 stellanti
377 1361 408 1386 de
422 1359 486 1386 ctelo
511 1358 636 1385 cecidisse
655 1359 680 1385 in
702 1363 820 1391 terrant;
840 1364 863 1385 et
883 1359 946 1385 data
966 1365 1003 1386 est
1022 1359 1045 1385 ci

254 1407 336 1433 clavis
352 1406 424 1441 putei
437 1405 536 1440 abyssi,
552 1410 576 1432 et
590 1406 693 1440 aperuit
711 1411 818 1439 puteum
834 1406 934 1441 abyssi,
954 1410 978 1432 et
1001 1414 1045 1432 as-

254 1453 339 1483 cendit
355 1452 443 1487 fumus
460 1451 543 1485 putei,
560 1452 627 1478 sicut
639 1451 728 1485 fumus
741 1452 857 1486 fornacis
878 1459 980 1486 magna
996 1460 1005 1484 ;
1021 1457 1045 1478 et

254 1500 408 1526 obs-curatus
424 1502 461 1524 est
475 1497 515 1524 sol
535 1501 559 1524 et
576 1506 621 1524 aer
635 1498 666 1524 dc
681 1497 752 1532 {unto
772 1499 866 1532 putei;
883 1503 907 1524 et
923 1500 955 1524 de
970 1498 1044 1533 fumo

254 1546 376 1573 exierunt
394 1545 503 1571 (actutm
518 1544 543 1570 in
556 1549 654 1571 terram
666 1553 674 1576 ;
685 1550 709 1572 et
725 1545 789 1571 data
802 1549 838 1572 est
853 1545 908 1571 illis
919 1549 1043 1580 potestas,

254 1593 322 1618 sicut
336 1591 429 1618 [tabent
444 1595 599 1625 potestatem
624 1593 773 1625 scorpiones
795 1596 872 1618 terra:
885 1600 893 1618 :
910 1596 934 1618 et
947 1600 1045 1626 pru're-

253 1643 328 1672 ptum
342 1642 379 1664 est
393 1636 458 1667 illis,
475 1644 505 1663 ne
522 1636 646 1664 (cederent
664 1636 752 1670 fenum
775 1641 862 1667 terrm,
879 1644 959 1669 neque
973 1644 1047 1663 onme

1388 1161 1512 1187 ΚΕΦΑΛ.
1533 1160 1604 1194 Kq'.

1098 1218 1168 1254 Περί
1178 1218 1231 1244 τοῦ
1244 1217 1381 1254 πέμπτου
1395 1217 1526 1252 ἀγγέλου
1538 1217 1584 1254 καί
1601 1217 1660 1243 τῶν
1674 1218 1792 1254 νοητῶν
1806 1218 1890 1254 ἀκρί-

1151 1251 1343 1287 δων,καὶ⁷τοῦ
1359 1253 1500 1279 ποικίλου
1518 1251 1572 1286 τῆς
1585 1252 1705 1287 μορφῆς
1719 1253 1830 1280 αὐτῶν.

1132 1310 1187 1338 Καὶ
1213 1312 1230 1337 ὀ
1252 1310 1388 1345 πέμπτος
1410 1309 1539 1344 ἅγγελος
1558 1309 1709 1337 ἐσάλπισε
1725 1319 1731 1324 ·
1747 1308 1889 1337 καὶεΐδον

1096 1356 1209 1390 ἀστέρα
1227 1356 1261 1382 ἐκ
1275 1355 1329 1383 τοῦ
1343 1355 1475 1390 οὐρανοῦ
1490 1356 1665 1382 πεπτωκότα
1682 1356 1726 1388 είς
1741 1356 1798 1389 τὴν
1812 1356 1883 1391 γῆν·

1096 1404 1145 1432 καὶ
1154 1403 1242 1436 ἐδόθη
1253 1403 1333 1435 αὐτῷ
1341 1402 1360 1435 ἢ
1372 1401 1455 1435 κλεὶς
1464 1402 1516 1429 τοῦ
1528 1402 1654 1436 φρέατος
1666 1402 1719 1436 τῆς
1731 1402 1869 1430 ἀϐύσσου
1878 1409 1886 1416 ⁵

1096 1451 1144 1478 καὶ
1162 1449 1265 1484 ἤνοιξε
1281 1450 1313 1476 τὸ
1333 1448 1427 1483 φρέαρ
1444 1448 1499 1482 τῆς
1527 1449 1666 1475 ἀϐύσσου
1679 1457 1686 1464 ·
1717 1449 1766 1475 καὶ
1796 1449 1889 1482 ἀνέϐη

1098 1496 1213 1528 καπνὸς
1226 1496 1261 1522 ὲκ
1278 1494 1332 1521 τοῦ
1350 1494 1479 1529 φρέατος
1493 1495 1533 1526 ὡς
1549 1493 1667 1525 καπνὸς
1691 1494 1820 1528 καμίνου
1838 1502 1890 1528 με-

1099 1542 1210 1578 rdam"
1233 1541 1282 1568 καὶ
1294 1541 1460 1574 ἐσκοτίσθη
1480 1542 1497 1567 ό
1513 1539 1600 1573 ἣλιος
1618 1539 1667 1566 καὶ
1685 1541 1701 1566 ὀ
1717 1539 1775 1574 ἀὴρ
1789 1539 1822 1566 ἐκ
1835 1540 1888 1567 τοῦ

1100 1587 1218 1615 καπνοῦ
1228 1587 1280 1614 τοῦ
1295 1587 1434 1622 φρέατος
1449 1586 1498 1613 καὶ
1512 1586 1546 1612 ἐκ
1560 1586 1613 1613 τοῦ
1627 1585 1745 1613 καπνοῦ
1758 1585 1890 1620 ἐξῆλθον

1100 1633 1221 1668 ἀκρίδες
1237 1635 1280 1666 εἰς
1299 1633 1357 1667 τὴν
1366 1632 1435 1667 γῆν,
1458 1633 1507 1659 καὶ
1532 1632 1621 1665 ἐδόθη
1643 1632 1748 1665 αὐταῖς
1764 1632 1890 1664 ἐξουσία

254 1682 347 1714 viride,
362 1689 444 1716 neque
459 1689 560 1708 onmem
578 1682 709 1712 arborem,
733 1682 784 1708 nisi
798 1686 902 1708 tantum
918 1681 1043 1714 homines,

1097 1680 1137 1712 ὡς
1151 1680 1277 1714 ἔχουσιν
1294 1679 1440 1711 ἐξουσίαν
1460 1680 1488 1705 ol
1505 1678 1645 1712 σκορπίοι
1661 1677 1716 1712 τῆς
1744 1677 1820 1712 γῆς.
1835 1678 1889 1704 Καὶ

253 1727 298 1761 qui
325 1735 375 1752 non
403 1726 498 1752 habent
524 1727 628 1761 signum
650 1726 698 1753 Dei
727 1727 754 1752 in
782 1727 913 1760 frontibus
927 1727 1003 1754 suis:
1019 1731 1043 1753 et

254 1772 347 1798 datum
363 1777 400 1798 est
415 1771 471 1798 illis
485 1779 515 1798 ne
529 1771 676 1798 occiderent
691 1780 745 1805 eos,
758 1772 803 1799 sed
818 1779 846 1798 ut
859 1773 1045 1799 cruciarentur

254 1817 386 1844 mensibus
403 1818 515 1851 quinque
531 1824 540 1843 :
557 1822 581 1843 et
598 1819 731 1845 cruciatus
743 1826 842 1850 eorum,
859 1823 887 1844 ut
911 1819 1043 1845 cruciatus

254 1863 364 1897 scorpii,
385 1871 444 1890 cum
462 1863 571 1897 perculit
584 1863 723 1890 hominem.

1097 1726 1202 1761 ἐρρέθη
1216 1725 1320 1757 αὐταῖς
1335 1725 1386 1752 ἵνα
1397 1725 1440 1759 μὴ
1454 1724 1624 1757 ἀδικήσωσι
1641 1725 1695 1750 τὸν
1710 1725 1820 1758 χόρτον
1832 1722 1888 1756 τῆς

1097 1772 1164 1807 γῆς,
1176 1771 1247 1799 οὐδὲ
1261 1771 1323 1800 πᾶν
1339 1771 1468 1806 χλωρὸν,
1486 1771 1557 1798 οὐδὲ
1568 1770 1630 1798 πᾶν
1647 1770 1774 1804 δένδρον
1786 1777 1793 1784 ο
1808 1770 1833 1796 ει
1845 1770 1888 1804 μὴ

1097 1819 1169 1852 τοὺς
1182 1819 1358 1853 ἀνθρώπους
1378 1817 1488 1850 οἵτινες
1504 1818 1559 1844 οὐκ
1583 1816 1689 1851 ἔχουσι
1716 1815 1774 1850 τὴν
1793 1823 1890 1850 σφρα-

1097 1865 1163 1900 γῖδα
1177 1865 1241 1901 [τοῦ
1257 1863 1343 1900 Θεοῦ]
1359 1863 1409 1890 ἐπὶ
1427 1862 1486 1889 τῶν
1509 1863 1653 1897 μετώπων
1675 1861 1809 1898 [αὺτῶν].
1834 1860 1890 1888 Καὶ

253 1908 343 1942 ἐδόθη
359 1908 464 1941 αὑταῖς
478 1909 528 1934 ἵνα
545 1908 589 1943 μὴ
601 1909 822 1936 ἀποκτείνωσιν
850 1910 975 1942 αὐτούς·
992 1910 1063 1938 ἀλλ’
1094 1910 1145 1937 ἵνα
1155 1909 1369 1942 βασανισθῶσι
1389 1907 1489 1942 μῆνας
1525 1908 1615 1934 πέντε
1629 1916 1636 1922 ·
1671 1908 1721 1934 καὶ
1753 1909 1770 1934 ό
1791 1907 1888 1939 βασα-

253 1956 363 1990 νισμὸς
381 1956 481 1983 αὐτῶν
508 1956 548 1988 ὠς
567 1956 764 1991 ,βασανισμὸς
788 1958 954 1991 σκορπίου,
979 1957 1052 1985 ὅταν
1070 1958 1165 1992 παίσῃ
1183 1958 1352 1992 ἄνθρωπον.

290 2002 412 2036 Stellam,
423 2011 484 2038 quae
493 2003 536 2030 hic
549 2004 574 2030 in
588 2008 701 2036 terram,
714 2012 811 2040 nempe
822 2005 848 2032 in
861 2005 957 2032 vallem
967 2004 1048 2033 Josa-

1139 2005 1269 2039 Ἀστέρα
1289 2005 1362 2036 τινὲς
1375 2004 1480 2040 ἔφησαν
1492 2004 1523 2030 ὲκ
1537 2003 1584 2031 τοῦ
1597 2003 1712 2039 οὐρανοῦ
1731 2003 1889 2031 καταϐάντα

254 2048 331 2083 pltat,
348 2055 409 2083 qua:
433 2056 486 2075 una
503 2056 536 2075 ex
561 2049 689 2076 omnibus
717 2049 750 2076 ad
771 2049 934 2077 universalis
951 2050 1044 2085 judicii

1097 2054 1125 2080 ἐν
1139 2054 1171 2088 τῇ
1187 2054 1233 2088 γῇ,
1246 2052 1302 2088 qui;
1316 2053 1349 2087 τῇ
1365 2050 1560 2086 ὑπολειφθείσῃ
1584 2050 1687 2077 κοιλάδι
1709 2050 1844 2084 Ἰωσαφὰτ
1859 2051 1887 2076 ἐν

261 2103 340 2122 usum
359 2095 463 2130 reliqua
492 2095 547 2128 ﬁet,
573 2095 685 2130 delapsa
705 2096 849 2130 asseritur,
866 2097 976 2131 quidam
999 2096 1044 2124 Dei

1097 2101 1129 2135 τῇ
1147 2100 1246 2134 κρίσει,
1263 2098 1379 2133 ἄγγελον
1392 2098 1463 2124 θεῖον
1479 2095 1550 2123 εἶναι
1579 2097 1626 2123 ἐπὶ
1652 2096 1706 2122 τῶν
1736 2097 1887 2124 κολάσεων.

259 2140 384 2176 angelum
394 2141 483 2176 prunis
497 2141 650 2176 irrogandis
662 2141 819 2176 prtel'ectum
831 2149 892 2169 esse
900 2142 1044 2169 dixerunt:

1097 2147 1191 2181 Φρέαρ
1204 2145 1231 2172 δὲ
1245 2145 1300 2178 τῆς
1315 2145 1464 2175 ἀϐύσσου,
1482 2143 1533 2179 τὴν
1549 2143 1663 2178 γέενναν
1675 2151 1682 2158 ”
1697 2144 1745 2170 καὶ
1757 2143 1786 2176 ἐξ
1802 2142 1887 2176 αὐτῆς

256 2192 363 2220 puteum
383 2194 448 2214 νιτο
468 2186 574 2221 abyssi,
592 2187 743 2222 gehennam
755 2196 763 2219 ;
775 2187 877 2222 fumum
888 2192 979 2215 autem
997 2189 1044 2224 qui

1097 2193 1150 2219 τὸν
1166 2191 1284 2218 καπνὸν
1299 2191 1417 2224 ἐξιόντα,
1434 2190 1549 2216 ἀθέατον
1561 2191 1618 2221 τοῖς
1638 2189 1830 2224 κολαζομένοις
1843 2189 1889 2215 τὸν

256 2233 320 2259 inde
336 2234 468 2259 continuo
493 2233 622 2264 exhalat,
648 2241 697 2260 sua
718 2233 883 2261 obscuritate
915 2234 1000 2261 solem
1018 2239 1044 2262 et

1097 2238 1172 2274 ἥλιον
1191 2238 1239 2265 καὶ
1260 2238 1306 2264 τὸν
1343 2237 1414 2273 ἀέρα
1438 2236 1657 2273 ἀπεργάζεσθαι.
1690 2236 1822 2271 Ἀκρίδας
1841 2235 1888 2270 δὲ,

254 2284 344 2304 aerem
364 2277 539 2304 tenebrosum
569 2282 596 2304 et
622 2278 700 2312 quasi
729 2278 951 2313 inaspectabilcm
992 2280 1044 2307 illis

1097 2285 1159 2316 τοὺς
1173 2284 1336 2319 σκώληκας·
1364 2284 1429 2319 περὶ
1451 2280 1488 2310 ὧν
1519 2292 1603 2318 φησιν
1625 2283 1640 2309 δ
1664 2286 1808 2318 προφήτης
1822 2290 1829 2297 ·
1856 2281 1888 2308 ὐ

254 2323 380 2354 reddere,
394 2323 440 2357 qui
457 2323 567 2350 aeternis
578 2323 745 2352 Cl‘llt'ialiblls
757 2324 857 2352 addicti
873 2330 947 2353 sunt.
957 2325 1044 2352 Locu-

1097 2313 1220 2364 σκώληξ
1235 2313 1335 2356 αὖτᾱᾶν
1346 2331 1382 2356 οὐ
1394 2313 1579 2362 ἐελευτήέγέι.
1595 2329 1632 2355 Th
1643 2329 1671 2355 δι
1687 2313 1731 2363 μή
1739 2313 1790 2363 ἑὴν
1799 2327 1852 2362 γῆν
1870 2327 1887 2362 ἢ

253 2373 309 2396 stas
326 2376 421 2403 porro,
438 2375 547 2396 vermes
563 2369 623 2396 illos
640 2369 671 2396 de
686 2370 784 2404 quibus
798 2371 927 2406 propheta
943 2371 993 2398 ait:
1010 2371 1045 2398 Et

254 2416 348 2442 vermis
368 2423 459 2442 eorum
486 2423 538 2442 non
559 2416 671 2442 moritur
686 2416 719 2442 ".
745 2416 808 2443 Ideo
822 2422 912 2444 autem
931 2418 1045 2447 locustis

254 2461 308 2488 illis
325 2461 463 2488 mandavit
483 2469 516 2488 ne
532 2467 631 2489 terram
646 2468 692 2490 aut
709 2462 812 2490 faenum
829 2463 979 2497 offendant,
998 2466 1045 2493 sed

254 2507 382 2534 homines
396 2511 500 2534 tantum
516 2527 524 2540 ,
543 2509 616 2543 quod
633 2509 728 2536 isthmc
737 2509 794 2544 jam
810 2513 868 2538 tum
883 2511 918 2538 ab
934 2512 1044 2539 interitu

253 2559 279 2581 ct
299 2553 476 2588 corruptione
506 2553 638 2581 immunis
666 2560 758 2588 erunt,
787 2557 832 2584 cui
850 2557 900 2585 hoc
924 2562 1045 2593 tempore

254 2600 340 2627 nostri
353 2607 439 2628 causa
456 2600 576 2628 obnoxia
592 2607 655 2628 sunt
668 2611 674 2628 :
689 2610 788 2630 nienses
798 2603 916 2639 denique
931 2605 1045 2639 quinque

254 2646 396 2674 insinuare
417 2647 570 2675 inferorum
589 2648 678 2683 poenis
696 2649 821 2682 traditos,
846 2649 920 2678 brevi
935 2651 1044 2686 quidem

252 2692 444 2728 praetinitoque
480 2697 603 2729 tempore
624 2693 759 2722 intensius
774 2695 953 2729 cruciandos;
984 2701 1046 2730 post

252 2736 317 2764 illud
333 2745 396 2764 vero
425 2743 565 2772 exactum,
594 2738 748 2772 remissius,
779 2739 806 2766 in
825 2747 935 2767 omnem
954 2745 1045 2767 tamen

251 2781 446 2810 teteruitatem.
475 2782 532 2819 Ego
568 2788 659 2812 autem
701 2792 755 2813 una
775 2792 838 2812 cum
867 2785 920 2814 illis
940 2785 1044 2820 lateor,

289 2871 311 2887 "
329 2871 381 2899 lsa.
396 2879 469 2906 ml,
480 2872 525 2901 24.

1095 2377 1140 2403 τὸν
1152 2377 1258 2412 χόρτον,
1273 2375 1340 2402 ἀλλὰ
1351 2376 1414 2406 τοὺς
1426 2375 1587 2411 ἀνθρώπους
1605 2375 1799 2411 βασανίζεσθαι
1811 2396 1817 2407 ,
1842 2376 1887 2402 Emi

1094 2422 1125 2448 τὸ
1139 2421 1360 2450 ἀπαλλάττεσθαι
1377 2422 1462 2448 ταῦτα
1487 2422 1537 2457 τῆς
1562 2416 1688 2457 φθορᾶς,
1756 2421 1790 2448 δι’
1813 2422 1887 2456 ἡμᾶς

1094 2469 1217 2496 δουλεύει
1234 2469 1366 2503 σήμερον.
1383 2467 1529 2502 Μῆναςδὲ’
1540 2467 1631 2495 πέντε
1641 2467 1753 2499 τούτους
1774 2467 1882 2503 βασανί-

1096 2513 1201 2546 ζεσθαι,
1217 2514 1312 2549 χρόνον
1324 2513 1384 2540 τινὰ
1398 2513 1551 2548 ὡρισμένον
1561 2513 1765 2548 ἐπιτεταμένως
1777 2513 1886 2543 τούτους

1099 2560 1264 2592 κολάζεσθαί
1275 2560 1355 2597 [φησι
1405 2560 1473 2595 μετὰ
1483 2560 1511 2586 δὲ
1531 2559 1636 2592 τοῦτον,
1655 2560 1811 2594 ὑφειμένως
1827 2560 1886 2594 μὲν,

1099 2606 1217 2637 αἱωνίως
1229 2605 1267 2633 δέ.
1290 2605 1361 2639 Ἐγὼ
1384 2605 1412 2632 δὲ
1435 2605 1482 2632 τὸν
1510 2606 1560 2640 μὲν
1583 2605 1697 2639 ἀστέρα
1714 2605 1886 2640 συνομολογὼ

1095 2649 1167 2678 εἶναι
1180 2651 1253 2678 θεῖον
1272 2651 1390 2686 ἄγγελον
1404 2659 1411 2667 ·
1429 2652 1524 2678 τοῦτον
1545 2651 1574 2678 δὲ
1601 2651 1673 2678 κατὰ
1692 2651 1767 2678 θείαν
1782 2650 1884 2686 συγχὼ-

1097 2705 1175 2733 ρησιν
1187 2697 1250 2728 τοὺς
1263 2697 1555 2732 καταδεδικασμένους
1563 2696 1608 2733 [τῇ
1619 2696 1741 2732 ἁϐύσσῳ]
1753 2696 1885 2732 πονηροὺς

1095 2742 1208 2777 ἀνάγειν
1236 2742 1389 2778 δαίμονας·
1415 2743 1463 2775 οὓς
1490 2744 1505 2770 ὁ
1527 2743 1644 2779 Χριστὸς
1669 2742 1884 2777 ὲνανθρωπήσας

1096 2788 1191 2823 ἔδησεν
1202 2797 1208 2805 ι
1222 2789 1297 2821 ὅπως
1316 2789 1371 2824 πρὺ
1380 2789 1430 2824 τῆς
1445 2789 1602 2821 συντελείας
1621 2789 1656 2816 τὰ
1667 2790 1756 2817 οἰκεῖα
1772 2788 1884 2824 ινεργή-
