2075 3157
252 160 308 192 299

839 152 1001 184 ANDRE/E
1024 150 1285 182 CESARIENSIS

1829 147 1882 180 303

250 216 368 253 punire;
394 213 452 242 sive
483 212 557 240 aliud
581 212 764 247 quodcunque
788 209 926 244 ejusmodi
943 208 1043 243 (moliri

1102 208 1159 240 τοὺς
1169 206 1389 243 ἡτοιμασμένους
1404 204 1444 237 εἰς
1458 204 1504 232 τὸν
1521 204 1582 232 καθ’
1599 203 1677 239 ἡμῶν
1691 204 1822 240 πόλεμον·
1836 203 1883 231 καὶ

252 264 347 291 libeat.
363 261 449 289 Nobis
461 265 552 288 autem
565 265 631 286 vero
649 256 767 285 similius
783 255 824 288 ﬁt,
838 263 885 291 pcr
895 255 1040 290 praedictas

255 309 371 336 locusta:
398 306 535 340 malignos
568 304 708 332 daemones
734 300 894 336 signiﬁcari.
914 299 946 327 Hi
969 301 1040 328 enim

255 363 365 390 semper
380 353 496 381 accincti
517 356 581 379 sunt
589 350 622 377 ad
636 350 739 377 bellum
755 348 835 376 nobis
852 346 1042 380 inferendum;

256 405 417 437 gestumque
431 399 458 425 in
470 397 605 432 capitibus
626 395 683 424 suis
698 402 813 422 coronas
839 393 899 421 auri
924 392 1042 428 speciem

255 454 312 482 prae
327 453 356 472 se
373 444 503 476 ferentes,
519 447 608 470 certos
620 441 714 476 utique
732 440 854 467 victoria:
872 444 966 467 contra
993 446 1043 467 nos

256 492 374 519 obtenta:
402 489 506 517 indices
519 497 526 521 ;
540 495 592 515 nos
604 487 676 514 enim
693 493 788 513 sumus
812 485 859 519 qui
874 485 954 511 toties
982 484 1044 511 illos

254 543 433 569 coronamus,
449 535 672 570 propositamque
687 532 830 559 victoriam
851 530 965 566 turpiter
975 530 1044 564 abji-

256 583 355 616 cimus,
375 579 482 617 quoties
505 578 652 614 voluptatis
678 585 760 605 sensu
785 583 957 610 superamur.
992 574 1044 602 Per

1091 253 1138 281 ἐπὶ
1162 253 1216 279 τῶν
1240 251 1365 286 κεφαλῶν
1389 250 1538 285 στεφάνους
1563 250 1733 285 χρυσοειδείς
1751 250 1801 285 τῆς
1821 250 1882 277 καθ’

1092 299 1171 334 ἡμῶν
1184 298 1263 334 νίκης
1279 297 1411 332 φέροντας
1423 305 1429 312 ·
1447 293 1488 328 οἷς
1503 296 1594 331 ἡμεῖς,
1621 296 1685 322 ὅταν
1704 295 1880 330 ἡττηθῶμεν,

1092 346 1141 380 τὴν
1154 344 1242 379 κακὴν
1262 343 1341 378 νίκην
1364 342 1398 369 δι’
1415 342 1512 377 ἡδονῆς
1533 341 1664 372 νικῶντες
1680 340 1882 375 στεφανοῦσθαι

1094 391 1251 426 νομίζομεν.
1267 390 1322 422 Τὰς
1331 388 1358 415 δὲ
1366 388 1470 423 τρίχας
1491 387 1551 414 τῶν
1566 386 1726 422 γυναικῶν,
1739 387 1883 422 σημαίνειν

1096 438 1127 465 τδ
1141 436 1276 472 ήδυπαθὲς
1305 435 1358 462 τῶν
1375 434 1522 469 δαιμόνων,
1542 433 1589 460 καὶ
1606 433 1675 468 πρὸς
1698 433 1827 467 πορνείαν
1848 432 1884 458 δι-

1099 483 1238 519 εγερτικόν
1251 490 1258 496 “
1274 481 1345 514 τοὺς
1362 480 1391 508 δὲ
1405 479 1578 512 λεοντείους
1586 479 1721 512 ὀδόντας,
1733 479 1764 505 τὺ
1775 477 1884 513 φονικὸν

1096 529 1147 556 καὶ
1160 528 1260 555 ἰοϐόλον
1270 536 1277 543 ·
1292 526 1362 560 τοὺς
1375 526 1404 553 δὲ
1425 525 1571 559 σιδηροῦς
1587 524 1732 559 θώρακας,
1753 523 1783 551 τδ
1800 523 1884 558 σκλη-

1099 573 1250 608 ροκάρδιον.

258 613 398 655 mulierum
414 632 494 661 porro
509 613 639 659 capillos,
660 622 823 650 feminarum
849 620 1044 652 blandimenta,
1078 619 1177 654 quibus
1195 618 1229 645 ad
1258 618 1301 646 sui
1327 623 1448 644 amorem
1477 615 1623 651 carnisque
1650 615 1792 643 illecebras
1818 613 1886 641 alle-

258 681 333 702 ctarc
348 672 446 700 solent.
465 669 518 698 Per
534 669 623 696 dentes
646 672 737 695 autem
762 667 865 693 leonum
887 665 987 693 lethale
1002 672 1147 697 venenum,
1169 665 1243 700 quod
1274 667 1417 699 spargunt.
1434 661 1486 689 Pcr
1516 661 1612 688 loricas
1641 661 1757 696 denique
1771 661 1885 695 ferreas:

261 718 352 747 cordis
366 716 539 744 obtirmalam
551 713 691 742 duritiem.

294 763 349 800 4ο
362 762 407 793 IX,
427 759 555 800 9-12.15!
569 766 617 786 τοι
636 758 740 784 alarum
765 765 874 788 carum,
906 756 973 782 sicut
997 762 1046 782 vos:

258 797 385 838 euri-nunt
402 797 527 843 eguerunt
543 804 686 831 multarunt
700 803 861 829 currentium
875 801 910 828 ad
938 801 1044 828 bellum.

1136 752 1191 779 Kal
1205 751 1224 785 ἡ
1235 749 1389 786 φωνὴντῶν
1403 750 1557 785 πτερύγων
1568 749 1668 778 αὐτῶν
1682 750 1722 784 ὡς
1736 751 1821 785 φωνὴ
1835 751 1888 786 ἀρ-

1097 798 1209 832 μάτων,
1230 797 1329 824 ἵππων
1351 796 1475 823 πολλῶν
1490 796 1655 830 τρεχόντων
1678 797 1722 829 εἰς
1741 791 1887 831 πόλεμον.

261 856 295 883 Et
315 841 444 881 habebant
470 850 570 878 caudas
596 849 694 876 similes
719 848 905 882 scorpionum,
921 851 945 873 et
961 845 1046 873 aculei

1102 843 1152 871 Kal
1165 841 1249 877 εἶχον
1276 842 1367 877 οὐρὰς
1396 843 1500 877 ὁμοίας
1522 842 1696 876 σκορπίοις⁸
1713 842 1762 869 καὶ
1779 843 1889 886 κέντρα

258 905 332 928 erant
346 900 372 926 in
393 899 486 926 caudis
510 904 613 923 earum.
636 895 671 921 Et
691 898 807 929 potestas
832 901 941 923 earum,
957 899 1048 918 nocere

1102 889 1134 915 ἐν
1158 889 1223 922 ταῖς
1251 888 1353 923 οὐραῖς
1377 887 1485 915 αὐτῶν.
1507 888 1561 915 Kal
1587 889 1605 922 ἠ
1621 887 1749 920 ἐξουσία
1776 888 1887 921 αὐτῶν,

259 946 409 974 hominibus
424 942 557 970 mensibus
571 941 694 976 quinque.
709 939 743 965 Et
758 939 852 965 habent
867 945 944 972 super
963 945 989 964 se
1007 945 1048 963 re-

258 999 316 1027 gem
329 989 448 1024 angelum
468 986 575 1022 abyssi;
592 985 633 1012 cui
650 992 742 1011 nomen
757 982 886 1010 Hebraice
908 982 1047 1014 Ahbatlon,

260 1037 349 1064 erce
359 1039 449 1062 autem
463 1032 603 1068 Apollyon,
620 1030 713 1058 Latine
723 1029 806 1056 habet
824 1036 915 1055 nomen
929 1028 1049 1054 extermi-

260 1083 373 1110 natoris.
391 1080 435 1108 Vw
447 1087 527 1106 unum
539 1073 615 1110 abiit,
628 1081 658 1103 σοι
669 1083 726 1103 ecce
738 1076 842 1102 ueniunt
854 1074 940 1100 adhuc
951 1073 1002 1100 duo
1013 1081 1050 1101 ea:

258 1134 317 1164 post
331 1128 395 1155 ha’c.

299 1215 443 1249 Strepitum
460 1213 564 1239 alarum
576 1210 777 1245 intelligentium
795 1207 957 1235 locustarum
971 1207 1001 1233 ab
1023 1205 1050 1232 id

264 1261 421 1289 militarium
437 1265 561 1285 curruum
576 1256 698 1290 strepitui
716 1254 895 1282 assimilatum
909 1257 1048 1288 putamus.

263 1307 334 1342 quod
350 1305 421 1332 fastu
434 1304 489 1331 sint
498 1302 588 1334 elatm,
601 1300 758 1336 ingentique
771 1299 908 1327 celeritate
921 1297 1048 1333 pratdilac.

264 1351 345 1384 Nam,
364 1354 393 1377 ut
410 1348 541 1384 propheta
557 1347 658 1374 alicubi
680 1346 782 1377 innuit,
806 1352 839 1372 ex
867 1344 922 1371 alto
936 1351 986 1370 nos
1000 1343 1052 1370 illae

265 1398 436 1432 impugnant.
465 1393 544 1426 Quod
573 1397 662 1419 autem
688 1397 783 1418 earum
816 1390 915 1416 caudas
942 1389 1051 1422 scorpiis

264 1439 496 1472 simileeasserit,
508 1437 575 1465 illud
589 1436 740 1464 infaustum
755 1438 930 1469 peccatorum
947 1433 1050 1460 exitum

263 1490 299 1517 ob
310 1487 405 1515 oculos
422 1484 503 1512 nobis
527 1484 618 1520 ponit;
637 1482 682 1517 qui
700 1482 794 1516 utique
823 1487 877 1507 non
910 1483 953 1507 est
980 1479 1051 1506 alius

1099 934 1242 968 ἀδικῆσαι
1269 933 1340 966 τοὺς
1369 933 1546 968 ἀνθρώπους
1571 933 1669 968 μῆνας
1696 933 1797 961 πέντε.
1834 933 1888 960 Kal

1099 977 1184 1013 εἶχον
1200 978 1246 1005 ἐπ’
1262 978 1361 1005 αὐτῶν
1370 978 1504 1010 βασιλέα
1516 978 1569 1005 τὸν
1585 977 1714 1014 ἄγγελον
1726 978 1781 1012 τῆς
1793 979 1890 1006 ἀϐύσ-

1099 1034 1169 1053 σου.
1192 1026 1299 1064 Ὄνομα
1315 1024 1409 1051 αὑτοῦ
1431 1024 1579 1058 Ἐϐραϊστὶ
1615 1024 1760 1051 Ἀσσαδών
1773 1032 1779 1039 ·
1802 1024 1838 1051 ἐν
1855 1024 1890 1052 δὲ

1099 1070 1138 1105 τῇ
1156 1069 1324 1103 Ἑλληνικῇ
1334 1068 1446 1105 [ῥήσει]
1459 1069 1552 1104 ὄνομα
1565 1069 1629 1104 ἔχει
1650 1070 1836 1097 ’Δπολλιζιωη
1856 1070 1891 1097 Ἡ

1100 1115 1167 1143 οὐαὶ
1184 1116 1203 1150 ἡ
1216 1116 1271 1150 μία
1287 1115 1425 1150 ᾁπῆλθεν
1440 1123 1446 1130 ·
1459 1115 1524 1143 ιδοὺ
1538 1115 1677 1151 ἔρχονται
1688 1115 1741 1152 [al]
1752 1115 1807 1143 δύο
1820 1115 1890 1144 οὐαὶ

1097 1162 1174 1197 μετὰ
1186 1162 1289 1189 ταῦτα.

1139 1208 1198 1242 Τὴν
1210 1208 1244 1235 δὲ
1254 1207 1359 1242 φωνὴν
1373 1207 1433 1235 τῶν
1442 1208 1596 1244 πτερύγιον
1610 1208 1793 1244 τῶν-νοητῶν
1811 1209 1891 1242 ἀκρι-

1101 1253 1173 1285 δων,
1189 1253 1392 1288 ἀπεικασθῆναι
1410 1255 1486 1289 φωνῇ
1511 1254 1644 1289 ἁρμάτων
1663 1253 1820 1289 πολεμικῶν
1845 1262 1890 1280 νο-

1104 1298 1229 1335 μῑζομεν,
1238 1298 1283 1325 διὰ
1294 1299 1324 1325 τὸ
1343 1299 1490 1334 μετάρσιον
1504 1289 1595 1325 αὐτῶν
1606 1299 1653 1325 καὶ
1666 1298 1724 1332 ὀξύ·
1736 1299 1886 1333 πολεμοῦσι

1102 1344 1157 1379 γὰρ
1177 1344 1250 1379 ἡμᾶς
1274 1343 1328 1370 ἀπὸ
1350 1343 1433 1378 ὕψους
1445 1365 1453 1377 ,
1476 1343 1514 1376 ὦς
1529 1352 1596 1378 φησι
1610 1343 1693 1370 Δαὸὶδ
1712 1345 1726 1370 ὁ
1739 1343 1884 1378 μακάριος.

1106 1391 1160 1424 Τὰς
1179 1391 1207 1417 δὲ
1225 1392 1418 1425 ὁμοιωθείσας
1438 1391 1500 1423 τοῖς
1521 1391 1677 1426 σκορπίοις
1693 1392 1776 1427 οὐρὰς
1789 1391 1889 1421 αὐτῶν,

1103 1436 1138 1462 τὰ
1156 1435 1211 1462 τῶν
1229 1436 1371 1472 ἁμαρτιῶν
1396 1437 1462 1472 τέλη
1483 1436 1673 1472 [αἰνίττεσθαι]
1692 1437 1818 1463 τίκτοντα
1838 1436 1890 1470 ψυ‹

1104 1481 1180 1517 χικὸν
1195 1482 1310 1510 Θάνατον
1322 1491 1329 1498 ’
1344 1483 1423 1517 ἡγὰρ
1433 1483 1555 1518 ἁμαρτία
1571 1483 1782 1510 ἀποτελεσθεῖσα
1792 1502 1800 1515 ,
1820 1483 1889 1509 ἁπο-

264 1542 347 1570 quam
362 1538 454 1560 certus
473 1530 570 1558 animae
581 1529 720 1557 interitus.
745 1527 887 1555 Peccatum
903 1526 975 1553 enim
988 1533 1050 1553 cum

1105 1527 1164 1554 κύει
1180 1527 1294 1556 θάνατον
1309 1537 1315 1544 ·
1343 1528 1382 1555 δι’
1393 1526 1431 1564 ᾗς
1443 1529 1462 1562 ἠ
1487 1528 1677 1563 πεντάμηνος
1694 1528 1808 1564 βάσανος
1833 1528 1891 1559 τοῖς

263 1582 484 1610 consummatum
504 1576 597 1608 fuerit,
619 1578 730 1610 generat
754 1578 880 1601 mortem.
902 1571 960 1599 Hoc
979 1572 1051 1599 idem

265 1634 375 1663 quoque
394 1630 536 1660 peccatum
553 1623 581 1649 in
598 1628 682 1649 causa
708 1624 761 1652 est,
784 1625 813 1646 ut
828 1619 951 1654 quinque
978 1625 1053 1645 men-

268 1675 340 1701 sium
355 1671 495 1699 cruciatus
508 1670 535 1697 in
552 1667 678 1696 homines
692 1665 812 1693 invadat.
835 1665 955 1699 Quinque
971 1671 1053 1698 porro

268 1719 396 1746 mensium
411 1716 656 1751 spatiolpeccatum
679 1711 798 1745 afﬂigere
819 1711 929 1744 dicitur;
955 1711 1052 1745 partim

266 1763 377 1799 quidem
394 1765 504 1796 propter
522 1759 645 1794 quinque
660 1763 776 1784 numero
799 1762 907 1786 sensus,
922 1761 970 1789 per
983 1761 1053 1789 quos

266 1808 436 1844 ingreditur;
460 1805 558 1841 partim
568 1811 642 1831 'vero
657 1806 768 1838 propter
783 1800 911 1836 temporis
934 1800 1053 1827 brevita-

267 1860 332 1887 tem,
345 1854 366 1881 si
384 1851 558 1880 affectionem
570 1849 643 1876 illam
660 1855 722 1875 cum
736 1845 928 1873 futurisaeculi
949 1845 1054 1880 suppli~

266 1901 328 1932 ciis,
346 1899 419 1927 sicut
434 1897 490 1932 jam
515 1900 578 1923 ante
596 1893 765 1925 monuimus,
782 1898 983 1927 comparemus.
1003 1891 1055 1918 Per

1102 1574 1256 1610 ἀνθρώποις
1270 1575 1418 1610 ἐπέρχεται
1431 1584 1438 1590 ·
1457 1575 1502 1602 διά
1519 1584 1548 1602 τε
1566 1576 1596 1602 τὺ
1613 1576 1658 1602 τοῦ
1679 1576 1774 1610 χρόνον
1788 1575 1889 1609 ὀλίγον,

1102 1621 1142 1656 τῷ
1159 1620 1284 1655 μέλλοντι
1296 1620 1376 1647 αἰῶνι
1388 1621 1600 1656 συγκρινόμενον
1615 1628 1622 1636 ·
1640 1621 1684 1648 διά
1698 1629 1728 1647 τε
1741 1620 1789 1652 τὰς
1807 1620 1891 1646 πέντε

1103 1665 1254 1701 αισθήσεις,
1271 1664 1343 1692 οὕτω
1364 1667 1429 1701 παρ’
1444 1666 1522 1701 ἡμῶν
1537 1666 1720 1701 ὲκληφθείσας
1733 1666 1771 1698 ὡς
1788 1665 1891 1700 γέγρα-

1103 1718 1178 1736 πται.
1199 1710 1254 1736 Τὸν
1266 1710 1294 1737 δὲ
1308 1711 1420 1737 τούτων
1426 1710 1560 1742 ,ϐασιλέα
1575 1711 1621 1738 τὸν
1637 1710 1758 1738 διάϐολον
1774 1711 1892 1738 νοεῖσθαι

1106 1755 1269 1789 ἀκόλουθον,
1308 1756 1354 1783 τὸν
1387 1756 1494 1792 ἀληθῶς
1520 1757 1584 1788 τοὺς
1603 1756 1680 1792 αὐτῷ
1712 1756 1891 1792 πειθομένους

1106 1801 1286 1828 ἀπολλύοντα·
1299 1802 1367 1837 πρὸς
1378 1802 1407 1829 ὃν
1417 1803 1490 1834 ὅπως
1501 1802 1635 1830 ἄσπονδον
1647 1795 1826 1837 ἀναλάϐωμεν
1840 1803 1891 1829 πό-

1106 1848 1199 1883 λεμον,
1216 1848 1396 1884 ἁπειλεῖ¹ήμῖν
1413 1848 1572 1876 ἐλεύσεσθαι
1587 1849 1636 1880 τὰς
1652 1848 1721 1884 μετὰ
1742 1847 1828 1875 ταῦτα
1845 1848 1892 1875 δύο

1107 1893 1178 1920 οὐαί.

267 1949 363 1974 harum
378 1945 496 1979 denique
508 1949 591 1977 regem
607 1940 744 1968 diabolum
770 1939 867 1966 merito
890 1938 1051 1972 accipimus,
1068 1943 1097 1965 ut
1110 1940 1157 1974 qui
1180 1947 1244 1967 vere
1271 1940 1332 1968 illos
1364 1941 1461 1976 perdat
1476 1941 1522 1976 qui
1533 1941 1613 1970 ﬁdem
1626 1941 1676 1976 ipsi
1692 1941 1804 1969 habent.
1819 1939 1893 1967 Con-

267 2001 308 2022 tra
323 1999 404 2028 quem
421 1989 534 2026 proinde
549 1986 778 2016 irreconciliubile
804 1985 904 2013 bellum
922 1993 1049 2021 geramus
1074 1991 1201 2022 oportet;
1215 1995 1271 2022 quo
1292 1996 1332 2016 vae
1362 1988 1407 2015 illa
1426 1996 1487 2024 qua:
1506 1994 1573 2024 post
1591 1989 1649 2017 haec
1677 1994 1792 2017 ventura
1816 1994 1892 2015 com-

267 2041 397 2071 mittetur,
413 2037 504 2064 minus
518 2035 677 2062 sentiamus.

542 2090 655 2118 CAPUT
684 2088 792 2116 XXVII.

269 2164 305 2190 De
316 2166 389 2190 sexto
406 2159 513 2194 angelo,
533 2162 557 2184 et
573 2162 686 2191 quatuor
713 2156 814 2194 angelis
836 2156 880 2190 qui
896 2156 976 2191 iuxta
996 2155 1052 2182 Eu-

460 2195 579 2228 phratem
592 2193 667 2227 ligati
690 2193 854 2218 tenebantur.

1393 2090 1520 2117 ΚΕΦΑΛ.
1549 2090 1612 2117 KZ'.

1107 2159 1176 2193 Περὶ
1202 2158 1254 2185 τοῦ
1265 2158 1353 2185 ἕκτου
1370 2158 1500 2193 ἀγγέλου
1512 2158 1562 2185 καὶ
1578 2157 1638 2184 τῶν
1656 2156 1706 2184 ἐπὶ
1722 2156 1762 2190 τῷ
1776 2157 1894 2192 Εὐφρά-

1306 2202 1346 2227 In
1366 2193 1524 2227 ,λυομένων
1543 2193 1690 2228 ἀγγέλων.

303 2263 349 2295 IX,
366 2260 457 2289 15-16.
473 2260 507 2286 Et
523 2265 612 2287 sextus
628 2259 734 2294 angelus
752 2259 815 2285 tuba
839 2258 933 2285 crcinit
947 2266 956 2285 :
969 2263 993 2285 et
1007 2267 1050 2285 au.

1143 2261 1197 2287 Kal
1223 2261 1239 2287 ό
1264 2260 1350 2293 ἕκτος
1365 2260 1493 2295 ἅγγελος
1508 2259 1677 2287 ἐσάλπισε*
1706 2259 1756 2286 καὶ
1777 2259 1895 2294 ἥκουσα

268 2308 322 2335 divi
341 2315 426 2335 vocem
441 2313 521 2332 unam
532 2313 564 2332 ea;
577 2309 691 2339 quatuor
706 2303 827 2330 cornibus
850 2303 943 2329 altaris
969 2304 1053 2335 aurei,

269 2353 384 2388 quodest
403 2357 463 2379 ante
479 2351 568 2377 oculos
583 2349 643 2382 Dei,
659 2350 786 2376 dicentem
799 2353 872 2376 sexto
887 2348 988 2383 angelo,
1009 2349 1054 2383 qui

269 2398 380 2426 habebat
405 2397 495 2423 tubam
514 2394 613 2423 :Solce
627 2399 743 2430 quatuor
766 2393 872 2429 angelos
893 2394 936 2428 qui
950 2394 1055 2429 alligati

269 2449 330 2472 sunt
342 2445 369 2472 in
387 2443 497 2478 [lumine
508 2449 601 2477 magno
615 2441 759 2475 Euphrate.
771 2439 805 2466 Et
821 2440 900 2466 soluti
918 2445 978 2467 sunt
988 2448 1055 2474 qua-

270 2497 328 2517 tuor
346 2489 442 2525 angeli,
459 2488 503 2523 qui
526 2487 613 2522 parati
627 2487 742 2514 erant-iu
760 2485 851 2512 lteram
864 2505 871 2518 ,
887 2491 909 2512 et
922 2486 990 2513 diem
1001 2505 1008 2518 ,
1032 2491 1056 2513 et

270 2544 401 2568 mensarii,
419 2540 443 2561 et
467 2541 583 2566 annum;
611 2539 640 2560 ut
664 2532 810 2559 occiderent
827 2533 932 2558 tertiam
954 2537 1057 2565 partem

268 2583 403 2609 hominum
416 2589 425 2608 :
441 2586 465 2608 et
483 2588 607 2607 numerus
624 2579 751 2614 equestris
765 2579 896 2605 exercitus
910 2578 984 2605 vicies
998 2578 1057 2604 mil-

268 2628 318 2655 lt'es
340 2628 406 2654 dena
420 2626 515 2652 millia.
537 2624 572 2651 Et
591 2624 682 2650 audivi
705 2631 841 2650 numerum
852 2631 952 2650 eorum.

1108 2306 1211 2340 φωνῆς
1223 2305 1293 2341 μιᾶς
1308 2306 1341 2332 ἐκ
1362 2305 1421 2332 τῶν
1442 2305 1599 2340 τεσσάρων
1616 2305 1746 2340 κεράτων
1763 2305 1817 2332 τοῦ
1839 2308 1892 2333 θυο

1108 2352 1285 2386 σιαστηρίου
1300 2352 1352 2378 τοῦ
1369 2351 1485 2386 χρυσοῦ
1502 2351 1554 2378 τοῦ
1576 2351 1705 2379 ἐνώπιον
1728 2351 1780 2378 τοῦ
1790 2351 1870 2384 θεοῦ
1883 2371 1891 2382 ,

1107 2398 1258 2431 λεγούσης
1272 2396 1311 2429 τῷ
1327 2397 1401 2430 ἕκτῳ
1417 2398 1533 2432 ἀγγέλῳ
1544 2407 1551 2414 ·
1586 2398 1613 2424 '0
1640 2398 1718 2433 ἔχων
1742 2397 1800 2431 τὴν
1817 2397 1893 2424 σάλ-

1104 2450 1204 2477 πιγγα,
1220 2442 1319 2469 λῦσον
1336 2443 1406 2476 τοὺς
1425 2443 1574 2478 τέσσαρας
1590 2444 1736 2478 ἀγγέλους
1752 2443 1824 2476 τοὺς
1846 2443 1893 2469 δε-

1105 2487 1248 2522 δεμένους
1259 2489 1308 2515 ἐπὶ
1324 2489 1362 2522 τῷ
1379 2489 1500 2524 ποταμῷ
1512 2489 1551 2523 τῷ
1570 2489 1712 2526 [μεγάλῳ]
1729 2489 1871 2524 Εὐφράτῃ
1884 2497 1891 2504 ·

1106 2533 1154 2560 καὶ
1164 2535 1320 2568 ἐλύθησαν
1332 2536 1358 2562 ol
1371 2535 1517 2570 τέσσαρες
1531 2528 1650 2571 ἄγγελοι
1668 2537 1695 2563 ol
1714 2535 1895 2570 ἡτοιμασμέ-

1107 2589 1154 2607 νοι
1168 2581 1212 2614 εὶς
1225 2581 1282 2616 τὴν
1307 2582 1387 2616 ὤραν
1401 2602 1408 2614 ,
1436 2582 1628 2617 καὶήμέριιν,
1656 2582 1706 2609 καὶ
1726 2581 1819 2617 μῆνα,
1848 2580 1898 2608 καὶ

1107 2626 1247 2654 ἐνιαυτόν
1258 2637 1265 2643 ·
1283 2628 1334 2655 ἵνα
1341 2629 1539 2657 ἀποκτείνωσι
1550 2629 1583 2656 τὸ
1598 2630 1698 2664 τριτον
1710 2627 1820 2664 [μέρος]
1838 2626 1898 2653 τῶν

268 2672 450 2706 ἀνθρώπων·
465 2670 514 2697 καὶ
526 2671 542 2696 ό
552 2668 675 2703 ἀριθμὸς
689 2667 748 2695 τῶν
761 2668 991 2703 στρατευμάτων
1023 2669 1075 2696 τοῦ
1094 2672 1227 2706 ἱππικοῦ,
1260 2673 1405 2709 μυριάδες
1428 2675 1591 2709 μυριάδων.
1610 2676 1745 2703 ’Ἠκουσα
1766 2675 1819 2701 τὸν
1833 2673 1861 2706 ἀλ
1872 2681 1898 2699 ι-

268 2719 344 2755 θμὸν
357 2718 464 2746 αὐτῶν.

306 2766 376 2793 Sunt
395 2767 442 2801 qui
458 2766 540 2793 hosce
555 2765 665 2801 angelus
678 2770 796 2800 quatuor
818 2773 850 2792 cx
874 2765 1010 2800 primariis
1032 2769 1058 2793 et

271 2811 468 2840 illustrioribus
481 2819 542 2839 esse
557 2817 653 2846 putant
666 2820 673 2843 ;
690 2819 786 2846 nempe
799 2810 958 2838 Michaelem
973 2830 981 2844 ,
1004 2811 1058 2838 Ga-

268 2857 393 2891 briciem,
406 2857 579 2893 Raphaclctn,
595 2862 623 2886 et
635 2857 751 2886 Urielem
768 2866 774 2891 ;
791 2858 837 2892 qui
855 2858 985 2885 hactenus
996 2859 1057 2892 qui-

1149 2765 1266 2797 Τοὺτους
1299 2767 1365 2800 φασι
1394 2775 1467 2798 τινες
1500 2767 1563 2798 τοὺς
1590 2767 1726 2802 τέσσαρας
1751 2767 1897 2801 ἀγγέλους,

1109 2811 1218 2847 Μιχαὴλ
1229 2810 1308 2844 εἶναι,
1327 2813 1373 2839 καὶ
1397 2813 1526 2848 Γαϐριὴλ,
1542 2814 1591 2840 καὶ
1618 2813 1730 2850 Οὐριὴλ,
1756 2814 1803 2840 καὶ
1837 2814 1897 2840 Ῥα-

1110 2858 1181 2893 φαηλ
1198 2866 1204 2872 ·
1234 2858 1298 2890 τοὺς
1339 2859 1571 2894 προσδεδεμένους
1604 2861 1637 2895 τῇ
1665 2860 1822 2896 εὐφροσύνῃ
1847 2860 1897 2893 τῆς
