2075 3157
160 160 212 194 301

642 159 945 190 COMMENTARIUS
970 159 1009 189 ΙΝ
1030 159 1295 198 APOCALYPSIN.

1743 161 1795 192 302

161 214 263 252 [θείας]
290 215 427 251 θεωρίας·
455 215 621 242 ἀπολύεσθαι
640 215 668 242 δὲ
688 216 718 242 ὲν
736 217 770 251 τῇ
787 214 880 250 ἡμέρᾳ
903 215 954 250 τῆς

1010 214 1066 242 [lem
1082 214 1182 243 divinae
1196 213 1440 249 contemplationis
1451 213 1614 249 iucunditati
1633 220 1661 255 et
1674 216 1794 245 ubertati

162 261 281 298 κρίσεως
305 261 376 297 μετά
391 261 588 297 ἀναριθμήτων
614 261 750 296 ἀγγέλων,
774 262 815 293 εἰς
833 261 883 297 τὴν
899 260 953 287 τῶν

162 307 270 335 ἀσεϐῶν
287 307 452 342 κατάκρισιν
464 314 471 320 ·
489 307 523 334 δι’
535 303 573 334 ὧν
585 306 615 333 τὸ
625 306 716 342 τρίτον
726 306 951 341 ἀφανισθήσεται.

168 353 240 387 Ἐγὼ
256 353 284 379 δὲ
298 353 345 379 καὶ
363 353 475 385 τούτους
486 351 564 388 οἶμαι
581 353 785 389 πονηροτάτους
806 350 877 379 εἶναι
893 352 955 379 δαί-

166 408 262 434 μονας.
278 400 404 430 δεθέντας
414 401 442 426 ὲν
456 401 490 435 τῇ
504 399 622 435 Χριστοῦ
636 399 774 434 παρουσίᾳ
788 407 794 414 ·
816 399 862 431 οὒς
882 398 955 425 κατὰ

164 447 236 473 θεῖον
251 446 417 482 πρόσταγμα
436 447 468 472 ἐκ
483 445 529 473 τοῦ
544 446 743 482 ὑπερουρανίου
759 445 953 480 θυσιαστηρίου

165 489 373 524 ἒξερχομένους,
388 487 419 516 οὗ
433 487 467 524 ἦν
478 490 509 516 τὸ
529 491 557 516 ὲν
570 492 602 525 τῇ
619 491 721 525 παλαιᾷ
737 491 822 525 σκηνῇ
844 490 953 517 ἀντίτυ-

166 543 228 568 πον,
245 535 297 561 ὑπὸ
314 535 387 562 θείου
397 535 515 570 ἀγγέλου
545 535 665 568 λύεσθαι,
690 535 760 562 ὥστε
785 537 900 572 ταράξαι
921 536 956 563 τὰ

165 580 241 616 ἔθνη,
267 581 297 607 οὐ
318 581 399 616 μόνον
427 581 500 608 κατά
518 581 702 617 Χριστιανῶν,
732 581 800 608 ἀλλὰ
827 582 874 608 καὶ
895 582 955 609 κατ’

165 627 291 662 ἀλλήλων
303 636 311 643 ·
326 628 364 659 ὡς
377 628 411 655 ἆν
429 629 453 654 οἱ
469 628 518 663 μὲν
539 629 645 664 δόκιμοι
665 630 711 655 καὶ
730 629 822 656 πιστοὶ
843 628 957 664 φανεροὶ

165 673 312 708 γένωνται,
327 673 375 700 καὶ
387 673 522 709 μειζόνων
533 675 655 710 ἀμοιὸῶν
670 675 780 702 καὶτῶν
796 675 852 702 ἄνω
867 675 956 709 μονῶν

165 720 214 747 καὶ
228 720 378 754 ἀποθηκῶν
392 720 464 754 ἀειοι
484 721 619 755 φανῶσιν,
635 721 673 753 ὡς
686 722 758 753 σῖτος
778 721 883 757 ὥριμος
898 730 905 737 ·
932 722 956 748 οἱ

164 765 193 792 δὲ
205 764 367 800 ἀχυρώδεις,
380 765 502 798 ἀσεϐεῖς,
517 767 564 792 καὶ
576 766 637 793 λίαν
649 766 808 800 ἁμαρτωλοὶ
825 766 873 793 καὶ
886 766 956 801 ἀμε-

167 811 303 846 τανόητοι,
322 811 435 842 ἐνδίκως
450 811 569 838 ἐνταῦθα
586 811 630 847 [δι’
645 811 745 847 αὐτῶν]
768 811 955 846 κολαζόμενοι,

167 857 348 892 ἡμερωτέρας
373 857 422 892 τῆς
450 858 602 892 καταδίκης
626 859 655 884 ὲν
669 859 702 894 τῇ
719 857 809 893 κρίσει
827 858 956 893 τύχωσιν.

1006 261 1109 296 alligati
1126 265 1270 294 tenentur;
1296 265 1361 288 tunc
1387 268 1462 294 vero,
1484 261 1614 289 nimirum
1642 263 1693 290 sub
1721 263 1794 290 diem

1003 306 1111 341 judicii,
1121 314 1182 334 cum
1194 306 1434 334 innumerabilium
1446 306 1605 342 angelorum
1622 307 1796 335 multitudine

1006 352 1039 378 ad
1054 352 1201 386 impiorum
1223 352 1478 380 condemnationem
1498 353 1657 383 solventur,
1685 361 1717 380 ac
1735 357 1796 380 tau-

1006 405 1088 433 quam
1108 398 1154 425 Dei
1177 398 1295 425 ministri
1314 399 1422 426 tertiam
1445 399 1599 425 mortalium
1625 404 1730 433 partem
1752 399 1794 426 in-

1006 445 1158 472 ternecioni
1169 445 1283 473 dabunt.
1299 445 1356 480 Ego
1371 453 1437 472 vero
1459 445 1544 472 hosce
1564 446 1645 473 etiam
1668 453 1721 473 non
1748 454 1796 472 an-

1007 491 1091 526 gclos,
1107 491 1153 519 sed
1169 491 1303 526 pessimos
1316 491 1453 518 dzemones
1472 499 1533 518 esse
1546 492 1709 525 etsistimo;
1726 499 1796 526 quos

1005 537 1082 572 juxta
1097 537 1218 565 divinum
1232 537 1390 564 mandatum
1406 545 1421 565 e
1437 537 1550 577 sublimi
1568 537 1700 565 cmlorum
1716 538 1797 564 altari

1008 583 1098 618 (cujus
1110 583 1265 618 exemplum
1294 583 1320 610 in
1348 584 1432 611 veteri
1463 583 1640 611 tabernaculo
1659 584 1795 618 exstabat)

1007 628 1120 664 ejectos,
1135 633 1162 657 et
1177 637 1225 664 per
1240 629 1342 656 Christi
1359 628 1386 656 in
1398 636 1508 656 carnem
1525 628 1672 656 adventum
1690 629 1724 656 ad
1737 636 1797 656 cer-

1007 680 1065 702 tum
1083 676 1173 703 locum
1193 676 1332 711 ablegatos
1351 681 1378 703 et
1398 675 1539 710 alligatos,
1564 683 1637 703 unus
1660 675 1796 710 quispiam

1007 730 1041 750 ex
1058 722 1216 757 angelorum
1234 729 1350 750 numero
1367 722 1467 750 liberos
1482 729 1515 749 co
1529 726 1653 756 tempore
1668 721 1797 752 dimittet,

1008 776 1064 804 quo
1080 773 1175 803 gentes
1189 769 1354 796 comurbent
1377 773 1405 795 et
1419 773 1527 799 vetent,
1550 767 1717 802 easdemque
1743 774 1797 794 non

1009 819 1114 842 tantum
1125 815 1257 843 adversus
1269 814 1453 846 Christianos,
1466 814 1512 841 sed
1525 818 1620 841 contra
1635 821 1665 841 se
1680 813 1796 840 invicem

1009 867 1120 895 quoque
1138 860 1289 895 instigent;
1304 864 1333 887 ut
1350 860 1401 887 hac
1415 859 1525 887 demum
1540 859 1646 886 ratione
1667 857 1798 886 teutatio-

167 903 200 929 Et
225 902 255 928 δὲ
280 902 321 937 τῷ
337 902 469 939 Εὐφράτῃ
485 903 679 938 προσδέδενται
691 923 699 935 ,
722 902 799 929 οὐδὲν
817 902 891 935 ξένον
906 910 913 917 ·
932 903 956 929 οί

1010 905 1052 932 nis
1064 905 1126 940 igne
1143 905 1249 940 probati
1266 905 1359 932 ﬁdeles
1370 905 1507 932 manifesti
1524 904 1601 937 ﬁant,
1615 904 1798 939 ampliorique

169 948 220 982 μὶν
233 948 301 982 γὰρ,
320 948 360 980 εἰς
375 947 425 983 τὴν
440 947 560 975 ἄϐυσσον
575 955 583 962 ⁸
599 949 625 974 oi.
646 948 685 981 δὲ,
709 948 750 979 είς
764 949 827 979 τοὺς
849 947 959 983 χοίρους

165 992 263 1029 [τότε-1
277 994 301 1020 ot
321 993 359 1025 δὲ,
376 994 417 1025 είς
431 994 544 1029 ἑτέρους
559 994 670 1027 τύπους,
681 994 753 1022 κατὰ
765 994 796 1021 τὸ
815 993 959 1029 παραστὰν

166 1041 206 1076 τῷ
221 1040 292 1076 Θεῷ,
304 1040 369 1075 ἄχρι
382 1040 481 1076 καιροῦ
493 1041 740 1076 κατεδικάσθησαν,
757 1041 827 1076 μετά
835 1041 881 1068 τὸν
891 1049 960 1067 παν-

166 1088 232 1122 τελῆ
249 1087 341 1113 αὐτῶν
370 1087 431 1113 κατ’
454 1087 609 1123 ἀνθρώπων
633 1087 754 1121 πόλεμον
773 1086 893 1118 αἱωνίως
913 1095 958 1113 xo-

167 1131 379 1167 λασθησόμενοι.
401 1131 479 1163 Ἴσως
494 1132 522 1158 δὲ
535 1131 606 1168 [καὶ]
617 1131 661 1158 διὰ
671 1132 722 1166 τῆς
735 1131 788 1158 τοῦ
798 1131 958 1166 Εὐφράτου

169 1177 281 1212 μνήμης
300 1175 431 1211 δηλοῦται
447 1178 480 1203 ἐκ
494 1177 549 1203 τῶν
560 1176 652 1212 μερῶν
664 1176 777 1203 ἐκείνων
797 1176 897 1208 ἐξιέναι
914 1176 959 1203 τὸν

174 1223 373 1258 Ἀντίχριστον.
392 1223 460 1258 Περὶ⁸
485 1222 515 1249 δὲ
542 1222 590 1249 τοῦ
619 1222 739 1258 πλήθους
754 1222 808 1249 τῶν
823 1223 958 1257 δαιμόνων

168 1267 350 1301 ἀμφιϐάλλειν
376 1267 406 1293 οὺ
425 1267 489 1302 χρή.
509 1267 615 1298 Πάντες
638 1266 692 1302 γὰρ
707 1267 732 1294 oi.
755 1267 829 1301 ἆγιοι
854 1267 958 1302 πεπλη-

171 1312 274 1347 ρῶσθαι
296 1312 385 1339 αὐτῶν
414 1312 460 1338 τὸν
486 1312 554 1347 ἀέρα
583 1311 704 1345 λέγουσι.
722 1312 755 1338 Τί
783 1312 810 1338 δὲ
839 1312 914 1347 δηλοῖ
927 1312 958 1338 τδ

167 1358 261 1393 τρίτον
277 1358 332 1385 τῶν
346 1359 583 1394 ἀποκτενομένων,
600 1359 648 1385 καὶ
672 1359 722 1394 ἤδη
741 1359 957 1394 προειρήκαμεν.

1009 950 1138 978 mercede
1152 955 1179 978 et
1191 950 1370 986 splendidiori
1386 952 1414 978 in
1428 950 1505 978 caelis
1522 950 1674 982 mansione,
1689 954 1718 977 et
1730 957 1798 985 apo-

1009 997 1087 1024 theca
1102 996 1221 1031 denique
1236 1001 1368 1032 tanquam
1387 1001 1525 1024 maturum
1546 1003 1703 1031 purumque
1729 996 1800 1023 triti-

1008 1050 1071 1070 cum
1099 1043 1227 1070 nobiliori
1247 1043 1322 1078 digni
1348 1043 1525 1071 habeantur:
1546 1042 1631 1077 paleae
1650 1046 1741 1070 autem
1771 1046 1800 1069 et

1008 1089 1084 1124 impii
1101 1089 1276 1124 insignesque
1293 1094 1452 1124 peccatores
1472 1089 1525 1125 41
1551 1093 1580 1116 et
1599 1088 1744 1120 obstinari,
1763 1088 1799 1116 ad

1010 1142 1095 1162 unum
1109 1141 1206 1162 omnes
1221 1134 1294 1170 juste
1310 1135 1355 1162 hie
1368 1134 1468 1169 puniti,
1486 1134 1656 1162 clementiori
1668 1134 1799 1162 condem-

1010 1179 1130 1207 nationis
1141 1180 1274 1207 sententia
1290 1179 1316 1206 in
1332 1180 1436 1215 judicio
1449 1179 1496 1207 illo
1511 1179 1655 1207 feriantur.
1668 1180 1696 1207 Si
1707 1183 1799 1207 autem

1010 1229 1130 1260 quatuor
1144 1225 1271 1259 pluresve
1295 1225 1436 1252 dzemones
1455 1224 1587 1260 Euphrati
1603 1232 1666 1252 vere
1693 1225 1799 1260 alligari

1011 1276 1184 1303 asserantur,
1197 1271 1265 1298 nihil
1281 1271 1341 1298 novi
1357 1275 1404 1298 aut
1420 1271 1544 1299 inusitati
1568 1271 1710 1298 asseritur.
1725 1271 1799 1298 Cou-

1011 1319 1068 1342 stat
1093 1323 1211 1349 namque
1238 1315 1345 1343 aliosin
1369 1316 1498 1352 abyssum
1525 1324 1596 1351 saepe
1626 1316 1799 1348 amandatos,

1013 1361 1081 1389 alios
1095 1362 1122 1388 in
1136 1369 1235 1396 porcos
1248 1362 1361 1397 eiectos,
1371 1362 1442 1390 alios
1456 1362 1511 1390 alio
1520 1370 1570 1398 pro
1594 1363 1640 1390 Dei
1661 1363 1800 1390 voluntate

167 1404 202 1431 ad
218 1408 326 1438 tempus
344 1404 483 1439 ablegatos
497 1403 594 1437 fuisse,
613 1404 639 1431 in
660 1412 741 1432 omne
756 1409 849 1440 postea
868 1412 956 1433 aevum
978 1406 1023 1434 ubi
1052 1407 1170 1442 primum
1187 1408 1313 1436 videlicet
1345 1408 1541 1442 bellum,quod
1557 1407 1690 1435 adversus
1709 1407 1800 1435 homi-

168 1455 230 1475 nem
243 1453 353 1484 gerunt,
368 1448 471 1484 integre
481 1449 658 1481 absolverint,
676 1449 749 1484 apud
780 1449 885 1477 inferos
907 1451 1082 1480 cruciandos.
1114 1452 1251 1480 Credibile
1265 1453 1294 1480 llt
1322 1461 1433 1488 quoque
1454 1453 1600 1488 Euphratis
1613 1453 1647 1480 ob
1677 1453 1703 1480 id
1721 1461 1800 1480 men-

166 1496 269 1524 tionem
285 1494 355 1528 lieri,
376 1495 448 1529 quod
465 1494 649 1522 Antichristus
666 1501 700 1522 ex
714 1494 766 1522 illis
783 1494 852 1523 locis
885 1496 1043 1524 exoriturus
1078 1497 1214 1525 credatur.
1240 1497 1277 1524 De
1295 1497 1398 1533 lugenti
1431 1502 1521 1525 autem
1546 1497 1701 1525 daemonum
1732 1498 1800 1525 mul—

167 1543 285 1571 titudine
308 1551 363 1571 non
389 1547 433 1571 est
456 1543 649 1575 dubitandum,
664 1550 726 1571 cum
749 1551 846 1571 omnes
871 1544 959 1572 sancti
985 1552 1075 1572 aerem
1111 1544 1184 1573 hunc
1220 1545 1392 1573 dmmonibus
1414 1545 1542 1572 refertum
1563 1549 1699 1573 asscrant.
1716 1545 1798 1582 [Quid

166 1598 234 1618 vero
244 1590 414 1618 demonstret
428 1589 506 1617 tertia
522 1597 586 1624 pars
602 1590 844 1625 interemptorum,
860 1594 888 1617 et
899 1590 955 1626 jam
971 1591 1115 1627 diximus]

203 1636 258 1663 Kal
276 1635 355 1668 ὅπως
367 1634 451 1663 εῒδον
468 1636 538 1668 τοὺς
552 1636 666 1669 ἵππους
679 1636 714 1663 ἐν
729 1635 767 1671 τῇ
783 1637 897 1671 ὁράσει,
910 1637 958 1664 καὶ

1048 1637 1093 1670 IX,
1119 1637 1213 1666 l7-l9.
1231 1637 1264 1664 Et
1287 1638 1325 1664 ita
1342 1637 1396 1665 vidi
1422 1646 1502 1674 equos
1519 1639 1547 1666 in
1571 1639 1670 1666 visione
1684 1647 1693 1666 :
1708 1644 1734 1667 et
1754 1643 1801 1675 qui

167 1683 239 1716 τοὺς
262 1683 450 1716 καθημένους
476 1683 522 1709 ἐπ’
548 1683 663 1716 αὐτῶν,
680 1683 807 1718 ἔχοντας
826 1683 960 1718 θώρακας

170 1731 327 1763 πυρίνους,
353 1728 403 1755 καὶ
423 1729 629 1761 ὑακινθίνους,
659 1729 709 1756 καί
735 1729 884 1763 θειώδεις·
909 1729 960 1757 καὶ

169 1776 199 1802 a1
211 1774 342 1808 κεφαλαὶ
359 1774 419 1801 τῶν
436 1775 537 1801 ἵππων
555 1775 597 1808 ὡς
615 1775 742 1809 κεφαλαί
760 1776 894 1803 λεόντων
910 1775 958 1802 καὶ

167 1821 203 1847 ἐκ
223 1819 283 1847 τῶν
301 1821 460 1855 στομάτων
480 1820 580 1848 αὐτῶν
598 1821 794 1855 ἐξεπορεύετο
816 1821 886 1853 πῦρ,
910 1821 960 1848 καί

168 1868 298 1900 καπνὸς,
318 1867 366 1893 καί
382 1866 473 1894 θεῖον.
498 1867 565 1893 Ἀπὸ
576 1866 637 1894 τῶν
646 1867 734 1900 τριῶν
748 1866 874 1902 πληγῶν
890 1868 959 1894 τού-

167 1921 230 1939 των
246 1912 419 1947 ἀπεκτάνθη
441 1913 475 1939 τὸ
498 1913 600 1946 τρίτον
627 1913 688 1939 τῶν
703 1912 878 1945 ἀνθρώπων,
901 1913 960 1940 ἀπὸ

167 1959 223 1986 τοῦ
238 1958 345 1992 πυρὸς,
364 1959 413 1985 καί
435 1958 488 1985 τοῦ
515 1958 644 1990 καπνοῦ,
661 1958 776 1985 καὶτοῦ
790 1959 882 1991 θείου,
902 1958 962 1985 τῶν

167 2005 416 2040 ἐκπορευομένων
429 2005 463 2031 ὲκ
479 2005 539 2032 τῶν
554 2005 711 2039 στομάτων
729 2005 839 2032 αὐτῶν.
862 2005 896 2032 Ἦ
907 2004 962 2039 γὰρ

167 2051 297 2083 ἐξουσία
311 2050 372 2083 τῶν
382 2051 493 2083 ἵππων,
510 2051 545 2078 ἐν
559 2050 599 2083 τῷ
615 2051 740 2085 στόματι
762 2051 862 2078 αὐτῶν
882 2051 960 2082 ἐστι,

1010 1684 1132 1711 sedebant
1147 1693 1226 1719 super
1239 1692 1294 1716 eos.
1313 1684 1442 1711 habebant
1461 1685 1560 1712 loricas
1577 1686 1678 1720 igneas.
1695 1691 1719 1713 et
1733 1687 1801 1722 hya—

1011 1730 1156 1761 cinthinus,
1178 1734 1203 1756 et
1219 1730 1374 1764 sulphureas
1390 1737 1400 1756 :
1416 1735 1441 1757 et
1462 1731 1552 1764 capita
1575 1739 1702 1766 equorum
1724 1737 1800 1759 erunt

1012 1781 1139 1810 tanquam
1158 1777 1247 1810 capita
1259 1777 1382 1808 leonum;
1395 1781 1418 1803 et
1431 1776 1463 1803 de
1478 1785 1522 1804 ore
1539 1785 1628 1803 eorum
1643 1778 1801 1811 procedebat

1011 1824 1091 1858 ignis,
1112 1828 1137 1850 et
1161 1823 1262 1858 fumus,
1285 1827 1310 1850 et
1335 1822 1456 1857 sulphur.
1480 1822 1517 1849 Ab
1542 1823 1582 1849 his
1603 1823 1688 1849 tribus
1714 1823 1800 1858 plagis

1013 1870 1102 1897 occisa
1118 1874 1156 1896 est
1171 1870 1251 1896 tertia
1265 1877 1326 1904 pars
1341 1869 1489 1899 hominum.
1507 1869 1538 1895 tle
1553 1869 1623 1904 igne,
1636 1868 1703 1896 etde
1716 1869 1800 1903 fumo.

1013 1921 1037 1942 et
1045 1916 1179 1950 sulphure,
1190 1923 1248 1950 qum
1259 1914 1432 1949 procedebant
1443 1914 1474 1941 de
1486 1922 1530 1941 ore
1541 1914 1668 1948 ipsorum.
1680 1913 1801 1942 Potestas

1012 1963 1080 1988 enim
1097 1969 1223 1996 equorum
1240 1961 1268 1987 in
1283 1968 1327 1987 ore
1338 1968 1431 1987 eorum
1445 1964 1495 1992 est,
1509 1965 1533 1986 et
1549 1960 1577 1986 in
1592 1960 1684 1986 caudis
1698 1968 1798 1986 eorum.

1014 2005 1086 2032 Nunt
1099 2006 1192 2032 caudce
1211 2013 1300 2032 eorum
1313 2005 1411 2032 similes
1429 2004 1602 2038 serpentibus,
1617 2005 1741 2032 habentes
1753 2014 1800 2033 ca»

1012 2052 1088 2086 pila;
1106 2057 1130 2078 et
1147 2052 1174 2077 in
1189 2050 1230 2077 his
1246 2055 1349 2077 nocent.
1798 2044 1800 2047 ’

169 2097 220 2124 καὶ
233 2097 270 2124 ἐν
277 2097 341 2129 ταῖς
352 2096 454 2130 οὐραῖς
466 2096 575 2123 αὐτῶν·
585 2098 615 2123 al
628 2096 683 2131 γὰρ
693 2096 779 2130 οὐραὶ
789 2095 899 2129 αὐτῶν,
910 2096 1007 2132 ὅμοιαι
1016 2096 1124 2131 ὄφεσιν
1134 2095 1261 2130 ἔχουσαι
1270 2095 1415 2129 κεφαλὰς,
1428 2094 1477 2121 καί
1485 2095 1632 2126 ἑναύταῖς
1648 2095 1799 2124 ἀδικοῦσι.

207 2144 338 2176 Ἵππους
364 2143 393 2170 δὲ
423 2142 558 2179 [δικαίως]
584 2141 663 2179 οἶμαι
687 2143 826 2177 λέγεσθαι,
853 2143 869 2178 ἢ
896 2143 959 2174 τοὺς

171 2190 340 2225 θηλυμανεῖς
354 2189 400 2215 καὶ
421 2189 570 2223 κτηνὼδεις
584 2188 746 2224 ἀνθρώπους
757 2198 764 2204 ·
782 2189 798 2225 ἢ
814 2190 877 2220 τοὺς
891 2189 959 2215 ὐπο-

1049 2142 1101 2169 Per
1120 2141 1206 2176 Equos
1224 2141 1276 2168 hoc
1290 2141 1350 2168 loco
1366 2140 1504 2175 designari
1529 2141 1695 2168 arbitramur
1710 2141 1800 2169 homi-

1014 2196 1063 2215 nes
1080 2187 1172 2215 veneri
1191 2187 1323 2221 luxuique
1345 2186 1468 2218 deditos,
1488 2185 1690 2222 helluinamque
1716 2188 1799 2215 vitam

172 2222 330 2272 σέσηᾷεάτας
341 2236 390 2262 καὶ
403 2222 572 2272 ἀρχομένους
588 2238 617 2264 ἒν
634 2222 690 2269 τοῖς
705 2222 844 2272 δαίμοσιν·
863 2237 958 2263 ἑπιϐἀ‹

1013 2233 1166 2260 ducentes:
1184 2236 1231 2258 aut
1254 2231 1392 2259 dazmones
1411 2238 1487 2263 sane,
1509 2230 1556 2265 qui
1576 2231 1692 2258 aliorum
1712 2232 1799 2267 impe-

170 2291 222 2314 τας
239 2283 279 2314 δὲ,
297 2283 361 2314 τοὺς
376 2283 479 2309 τούτων
494 2283 692 2318 κατάρχοντας.
717 2283 798 2314 Ἐθος
821 2282 876 2318 γὰρ
901 2282 962 2309 τωύ-

170 2337 239 2361 τοις,
256 2328 288 2354 οὐ
307 2327 388 2362 μόνον
402 2328 528 2363 ἀλληλοις
543 2328 705 2363 ὑπηρέταις,
728 2327 797 2354 ἀλλὰ
816 2327 861 2353 καὶ
878 2335 961 2362 πονη-

171 2374 230 2407 ροῖς
251 2372 407 2407 ἀνθρώποις
429 2372 557 2407 ὀργάνοις
581 2373 650 2408 πρὸς
675 2373 724 2407 τὴν
741 2372 794 2398 τῶν
819 2371 962 2407 ὁμοφύλων

171 2419 325 2454 ἀνθρώπων
341 2419 486 2454 ἐπιϐουλὴν
501 2419 663 2454 κεχρῆσθαι.
682 2420 755 2452 Τοὺς
770 2419 798 2445 δὲ
815 2418 962 2452 πυρίνους

171 2465 219 2491 καὶ
233 2465 428 2498 ὑακινθίνους
446 2465 495 2492 καὶ
507 2465 637 2498 θειώδεις
649 2465 794 2498 θώρακας,
807 2465 855 2500 τῆς
869 2464 961 2499 ἀερίου

170 2511 226 2537 τῶν
242 2511 373 2546 πονηρῶν
387 2511 552 2546 πνευμάτων
568 2511 672 2543 οὐσίας,
687 2511 735 2537 καὶ
748 2511 797 2545 τῆς
809 2510 961 2544 καυστικῆς

170 2554 315 2589 ἐνεργείας
347 2551 416 2580 εῖναι
457 2555 641 2589 σημαντικοὺς
668 2554 833 2590 νομιζομεν*
854 2554 903 2586 τὰς
933 2554 961 2580 δὲ

170 2599 308 2634 κεφαλὰς
321 2599 380 2626 τῶν
400 2601 543 2631 λεόντων,
558 2600 589 2626 τὸ
606 2600 718 2634 φονικὸν
740 2599 831 2626 αὐτῶν
843 2600 901 2626 ’καὶ
914 2599 962 2633 θη-

172 2645 268 2682 ριῶδες
292 2645 477 2672 αἰνίττεσθαι·
493 2647 523 2672 τὸ
541 2647 570 2673 δὲ
598 2647 815 2682 ἐκπορευόμενον
837 2646 896 2680 πῦρ
913 2646 962 2672 σὺν

171 2690 270 2726 καπνῷ
287 2691 334 2718 καὶ
351 2691 417 2726 θείῳ
439 2693 472 2719 ὲκ
495 2693 543 2719 τοῦ
562 2693 696 2727 στόματος
716 2693 817 2724 αὐτῶν,
836 2693 870 2719 δι’
887 2689 917 2719 οὗ
932 2692 962 2718 τὸ

170 2738 264 2773 τρίτον
293 2737 346 2763 τῶν
365 2737 516 2772 ἀνθρώπων
541 2738 738 2765 ἀποκτέννεσθαι
763 2738 961 2773 ὴπείληται,ἦ

171 2784 222 2815 τὰς
236 2783 281 2810 διὰ
293 2783 346 2809 τῶν
362 2783 474 2810 ἰοϐόλων
485 2783 599 2820 [αὐτῶν]
615 2784 773 2820 προσδολῶν
789 2786 835 2811 καὶ
849 2785 960 2818 εἰσηγή-

173 2836 245 2855 σεων
258 2828 398 2863 ἁμαρτίας
414 2829 477 2860 τοὺς
494 2830 616 2864 καρποὺς
628 2830 676 2865 τῆς
693 2830 807 2865 καρδίας
818 2829 961 2864 φλογιζού-

173 2883 222 2906 σας
241 2874 405 2901 αἰνίττεται·
425 2875 441 2910 ἢ
470 2876 518 2908 τὰς
537 2877 568 2902 ἐκ
587 2876 640 2903 τῶν
668 2876 843 2912 βαρϐαρικῶν
863 2876 961 2911 χειρῶν

1014 2279 1056 2306 rio
1080 2278 1164 2306 veluti
1182 2277 1253 2305 servi
1273 2277 1434 2312 subiacent;
1456 2283 1572 2312 quorum
1597 2281 1719 2305 vectores
1737 2283 1802 2306 sunt

1015 2323 1135 2359 Spiritus
1165 2323 1210 2358 qui
1239 2322 1424 2358 principatum
1457 2323 1528 2349 inter
1551 2322 1673 2356 reliquos
1696 2326 1800 2351 tenent.

1014 2371 1157 2398 Daemones
1172 2376 1301 2404 namque.
1322 2373 1431 2404 recepto
1452 2368 1522 2403 apud
1548 2368 1624 2403 ipsos
1643 2376 1730 2401 more,
1746 2377 1800 2396 non

1013 2417 1095 2444 modo
1111 2422 1220 2444 mutuas
1237 2416 1289 2443 sibi
1306 2415 1420 2442 invicem
1434 2422 1532 2450 operas
1546 2419 1688 2450 praestant,
1705 2422 1801 2442 verum

1013 2463 1105 2497 pravis
1138 2469 1247 2497 quoque
1279 2461 1437 2489 hominibus
1469 2460 1618 2493 l'anmlari,
1651 2461 1804 2495 iisdemque

1014 2510 1135 2536 vicissim
1163 2513 1292 2543 tanquam
1308 2507 1419 2543 organis
1434 2507 1466 2534 ad
1485 2507 1601 2535 aliorum
1622 2511 1801 2541 cognatorum

1014 2554 1157 2582 hominum
1177 2554 1300 2581 fraudem
1317 2558 1344 2581 et
1362 2553 1476 2581 insidias
1496 2553 1534 2580 uti
1553 2553 1651 2580 solent.
1665 2552 1800 2578 Caeterum

1013 2609 1062 2636 per
1076 2602 1183 2636 igneas,
1201 2605 1224 2628 et
1251 2600 1452 2636 hyacinthinus,
1471 2604 1495 2627 et
1511 2598 1665 2633 sulphureas
1692 2596 1800 2627 loricas,

1015 2655 1110 2675 aereas
1127 2647 1321 2674 sceleratorum
1346 2647 1491 2681 spirituum
1510 2650 1634 2676 naturas,
1652 2643 1801 2677 igucasque

1015 2693 1175 2721 eorutudcm
1190 2693 1263 2721 vires
1275 2698 1301 2720 et
1313 2693 1487 2728 operationes
1502 2690 1635 2718 insinuari
1651 2688 1799 2716 credimus.

1015 2739 1066 2766 Per
1093 2739 1196 2766 leonum
1217 2740 1304 2774 capita
1321 2744 1411 2766 autem
1431 2737 1510 2764 letale
1533 2736 1731 2768 eli‘eratnmque
1748 2741 1800 2761 no—

1016 2785 1094 2812 cendi
1111 2785 1233 2812 studittm
1253 2794 1259 2811 :
1276 2784 1327 2811 Per
1339 2785 1424 2819 ignem
1440 2783 1568 2816 denique,
1586 2781 1633 2815 qui
1650 2788 1711 2807 cum
1726 2779 1801 2807 fumo

1014 2836 1040 2858 et
1056 2832 1187 2867 sulphure
1203 2839 1235 2858 ex
1250 2839 1297 2858 ore
1311 2831 1419 2858 illorum
1435 2836 1573 2863 egressus,
1590 2827 1696 2855 tertiam
1713 2826 1795 2853 ltomi’

1015 2886 1080 2905 num
1107 2884 1210 2913 partem
1230 2886 1283 2905 non
1306 2878 1410 2912 absque
1436 2875 1651 2903 comminatione
1667 2874 1798 2901 interem-
