2075 3157
204 205 257 239 309

682 209 984 241 COMMENTARIUS
1065 211 1331 243 APOCALYPSIN.

1776 213 1832 246 310

205 263 234 290 δὲ
249 262 295 292 καὶ
315 261 434 297 ἑτέρως·
459 262 501 289 ὅτι
517 262 633 299 ἐπείπερ
649 264 726 299 ἅγιος
748 265 797 298 ὢν,
824 265 874 300 τῆς
895 266 981 301 πείρα

1044 274 1096 302 que
1110 268 1184 295 illata
1198 269 1302 304 ﬂagella
1318 269 1456 304 excipient
1472 275 1480 296 2
1496 283 1530 290 --
1547 270 1652 306 Exponi
1667 270 1746 298 aliter
1761 280 1829 306 quo-

203 309 259 336 τῶν
280 308 405 344 πονηρῶν
430 308 557 343 πράξεων
575 309 624 336 οὐκ
647 310 789 344 ἐγεύσατο,
813 310 856 337 διὰ
880 311 929 345 τῆς
944 311 991 338 τοῦ

205 356 310 392 βιϐλίου
338 355 534 390 καταπόσεως,
557 357 605 384 τοῦ
630 357 681 388 τὰς
711 357 826 393 πράξεις
854 358 909 384 τῶν
932 359 993 385 ἀνο-

203 402 339 436 σιουργῶν
363 402 548 437 περιέχοντος,
570 402 601 429 τὸ
623 404 652 429 ὲν
675 403 775 438 ἀρχαῖς
789 403 838 437 τῆς
854 403 992 438 ἁμαρτίας

202 448 301 482 γλυκὺ,
319 447 417 483 πικρὸν
433 448 461 474 δὲ
479 448 548 484 μετὰ
566 448 615 484 τὴν
632 449 733 485 πρᾶξιν
750 449 794 476 διὰ
808 449 857 484 τὴν
873 449 991 485 ἀμοιϐὴν

201 493 368 521 διδάσκεται.

200 546 343 575 peccatum
387 541 467 569 initio
497 541 591 573 oﬂert,
623 546 686 576 post
709 548 779 576 opus
809 543 946 576 patratum
977 538 1004 567 in

201 589 279 617 verti.

231 634 286 662 Καὶ
301 634 413 662 ἔλαϐον
435 635 468 662 τὸ
481 635 672 669 βιϐλαρίδιον
690 634 724 661 ἐκ
746 634 801 668 τῆς
815 633 914 667 χειρὸς
935 632 988 659 τοῦ

199 681 345 716 ἀγγέλου·
366 682 416 709 καὶ
426 682 594 716 κατέφαγον
603 682 687 708 αὐτό.
701 681 755 708 Kal
770 678 810 715 ἦν
823 679 863 712 τῷ
877 679 989 714 στόμα-

199 723 228 750 τί
240 731 300 757 μου
315 723 356 756 ὡς
377 724 447 758 μέλι
463 724 581 758 τλυκύ’
604 723 652 750 καί
679 723 729 750 ὅτε
759 722 873 757 ἔφαγον
902 721 987 755 αὐτὸ,

199 767 365 802 ἐπικράνθη
381 769 401 803 ἡ
416 769 517 796 κοιλία
528 777 599 803 μου.

232 814 287 841 Καὶ
302 813 352 841 ὅτε
366 815 479 850 ἔφαγον
493 816 577 847 αὐτὸ,
589 815 754 850 ἐπικράνθη
771 815 790 849 ἠ
803 815 902 842 κοιλία
913 824 983 850 μου.

198 860 352 886 -Γλυκεῖα
368 861 385 895 ὴ
394 860 519 895 βίϐλοςὲν
530 863 587 893 τοῖς
599 861 815 896 προοιμίοις,δὶὰ
826 861 859 887 τὰ
869 861 983 897 φαιδρὰ·

198 906 328 937 ἐπίπονος
341 905 371 932 δὲ
389 906 458 942 πρὸς
474 906 512 942 τῷ
529 907 611 938 τέλει,
626 907 670 934 δ’ιά
687 908 736 939 τὰς
752 907 876 942 πληγάς·
891 906 986 942 ὥσπερ

198 951 245 977 καὶ
261 951 278 986 ἡ
291 951 414 986 ἁμαρτία
430 952 543 985 γλυκεῖα
562 952 611 987 μὲν
624 954 658 988 τῇ
672 952 776 986 γεύσει,
798 953 886 987 πικρά
899 952 928 978 δὲ
949 953 982 988 τῇ

196 995 280 1030 πέψει
294 997 342 1023 καὶ
358 998 392 1032 τῇ
410 997 546 1030 ἀναδύσει,
570 998 661 1030 καθὼς
683 999 801 1033 εἴρηται.
827 998 984 1034 Συμπαθεϊς

195 1042 225 1069 δὲ
241 1043 318 1075 ὄντες
343 1045 367 1070 οἱ
394 1044 478 1078 ἅγιοι,
505 1046 575 1080 μετά
596 1046 747 1081 χαιρόντων
773 1046 911 1082 χαίρουσι,
937 1047 984 1073 καὶ

198 1089 268 1122 μετὰ
286 1088 435 1116 κλαιόντων
461 1090 610 1123 κλαίουσιν,
626 1090 676 1126 [ὣς
693 1099 776 1126 φησιν
791 1092 805 1118 6
820 1091 890 1123 θεῖος
905 1092 984 1118 Ἀπό-

197 1133 314 1170 στολος.]

196 1232 201 1235 ’
233 1223 289 1250 Καὶ
308 1222 392 1258 λέγει
409 1232 475 1258 μοι·
490 1224 541 1251 Δεῖ
554 1233 591 1252 σε
603 1224 698 1252 πάλιν
713 1226 920 1261 προφητεῦσαι
934 1227 984 1254 ἐπὶ

195 1270 283 1303 λαοῖς
303 1270 352 1297 καί
374 1271 486 1303 ἔθνεσι,
500 1271 549 1298 καὶ
566 1271 731 1306 γλώσσαις,
748 1273 983 1310 καίβασιλσῦσι

196 1316 333 1349 πολλοῖς.

232 1361 287 1389 Καὶ
297 1361 380 1396 λέγει
390 1371 450 1396 μοι·
461 1362 513 1389 Δεῖ
520 1370 557 1390 σε
572 1363 666 1391 πάλιν
673 1364 982 1398 προφητεῦσαι.-Διὰ

195 1407 299 1434 τούτων
317 1408 465 1440 δείκνυται,
482 1408 498 1444 ἢ
514 1409 545 1435 τὸ
568 1410 606 1444 μὴ
621 1410 723 1442 εὐθέως
746 1409 829 1445 [μετά
844 1411 894 1444 τὴν
915 1410 982 1445 ὅρα-

196 1451 254 1488 σιν]
266 1454 316 1487 τῆς
342 1452 416 1484 θείας
437 1455 650 1489 ’Δποκαλύψεως
673 1456 707 1482 τὰ
732 1456 864 1491 ὁραθέντα
895 1457 982 1491 πέρας

197 1497 324 1531 δέχεσθαι
338 1504 346 1513 '
361 1497 429 1525 ἀλλὰ
444 1498 500 1526 δεῖν
518 1499 564 1526 τδν
580 1500 717 1535 μακάριον
728 1500 772 1528 διά
782 1509 811 1527 τε
827 1501 874 1528 τοῦ
891 1500 982 1535 Εὐαγ-

195 1542 289 1576 γελίου
306 1543 402 1576 αὑτοῦ,
424 1543 469 1570 διά
483 1552 513 1571 τε
527 1545 578 1580 τῆς
601 1546 743 1581 παρούσης
769 1546 979 1582 ἀποκαλύψεως,

197 1587 278 1622 μέχρι
304 1589 461 1621 συντελείας
487 1591 673 1626 προφητεύειν
701 1591 735 1618 τὰ
766 1592 898 1627 μέλλοντα
924 1595 981 1626 τοῖς
996 1609 1018 1638 c

195 1634 430 1668 ἀναγινώσκουσιν
442 1644 448 1651 ·
467 1636 483 1671 ἢ
499 1637 530 1662 τὺ
545 1637 629 1672 μήπω
642 1638 735 1664 τοῦτον
749 1637 866 1666 θανάτου
882 1639 982 1674 γεύσας

195 1679 268 1713 σθαι,
284 1680 332 1707 ἐπὶ
343 1681 416 1708 τέλει
432 1682 460 1708 δὲ
470 1681 639 1715 ἐλεύσεσθαι,
652 1685 702 1719 τῆς
711 1684 820 1720 ἀπάτης
833 1685 880 1712 τοῦ
898 1686 983 1713 Ἀντι-

194 1726 306 1761 χρίσιου
321 1726 371 1762 τὴν
387 1727 547 1764 παραδοχὴν
566 1728 732 1757 κωλύσοντα.

229 1859 283 1886 Καὶ
307 1859 395 1894 ἐδόθη
409 1869 461 1894 μοι
476 1860 611 1896 κάλαμος
633 1861 735 1896 ὅμοιος
753 1862 863 1896 ῥάϐδῳ,
885 1865 982 1900 λέγων

188 1913 241 1939 μοι
253 1913 259 1920 ·
277 1906 407 1940 Ἐγ-ειραι
421 1906 474 1933 καὶ
487 1907 641 1941 μέτρησον
657 1908 711 1934 τὸν
732 1909 807 1936 ναὸν
821 1910 876 1938 τοῦ
894 1911 979 1944 Θεοῦ,

191 1951 242 1977 καὶ
264 1950 297 1977 τὸ
312 1951 542 1986 θυσιαστήριον,
564 1953 612 1980 καὶ
637 1953 707 1986 τοὺς
731 1957 981 1991 προσκυνοῦντας

190 1996 226 2022 ἐν
238 1995 319 2028 αὐτῷ
335 1996 384 2022 καὶ
403 1996 462 2030 τὴν
482 1997 584 2032 αὐλὴν
605 1998 663 2032 τὴν
680 1999 791 2031 ἔξωθεν
816 2001 870 2028 τοῦ
891 2003 979 2036 ναοῦ,

191 2040 301 2066 ἔκϐαλε
311 2040 371 2072 ἔξω
382 2048 389 2056 ·
404 2042 454 2068 καὶ
468 2041 511 2075 μὴ
536 2042 633 2075 αὐτὴν
645 2043 811 2078 μετρήσῃς,
829 2044 874 2071 ὅτι
888 2046 979 2081 ἐδόθη

190 2086 254 2118 τοῖς
265 2086 366 2114 ἔθνεσι
375 2095 381 2102 ·
397 2088 445 2114 καὶ
461 2087 519 2121 τὴν
529 2089 622 2115 πόλιν
635 2088 693 2122 τὴν
705 2089 794 2124 ἁγίαν
807 2090 980 2124 «animum

186 2131 289 2166 μῆνας
306 2133 532 2166 τεσσαράκοντα
549 2133 623 2171 [καί]
639 2135 703 2162 δύο.

225 2178 276 2204 Διά
288 2177 317 2204 δὲ
332 2178 387 2204 τοῦ
403 2180 541 2214 καλάμου
566 2181 673 2214 τούτου,
696 2181 836 2209 δείκνυται
865 2182 979 2220 [πάντα]

190 2224 273 2259 νοερά
287 2222 356 2251 εἷναι
371 2225 406 2251 τὰ
420 2226 449 2252 ἐν
466 2226 576 2261 οὐρανῷ
601 2228 765 2263 φαινόμενα,
785 2230 831 2256 καὶ
854 2230 888 2256 τὰ
912 2231 978 2266 παρ’

1042 321 1095 347 que
1109 313 1154 341 hic
1167 314 1245 341 locus
1266 318 1365 348 potest.
1383 314 1488 342 Etcnim
1510 324 1573 343 cum
1596 317 1764 352 evangelista
1787 318 1830 344 vir

1042 366 1147 393 magum
1163 360 1317 387 sanctitatis
1341 365 1423 394 esset,
1443 362 1567 396 improba
1594 363 1664 390 facta
1680 371 1728 398 per
1744 371 1828 398 expc,

1042 404 1166 432 rieutiam
1184 414 1237 432 non
1268 411 1423 440 gustaverat
1441 417 1446 435 :
1464 416 1559 436 verum
1584 409 1631 436 ubi
1654 409 1764 441 librum,
1782 410 1827 444 qtti

1042 450 1228 485 improborum
1247 456 1273 479 et
1292 460 1408 487 nequam
1438 454 1579 481 hominum
1609 455 1681 483 facta
1706 457 1828 483 contine-

1041 495 1097 528 bat,
1115 495 1304 529 devoraverat,
1331 498 1445 526 edoctus
1462 504 1515 532 est,
1543 500 1713 529 dulcedinem
1744 509 1827 536 quam

1042 540 1264 573 amaritudinem,
1291 543 1343 570 hoc
1365 548 1414 576 est,
1440 544 1466 571 in
1490 552 1597 579 pcenam
1617 551 1645 574 et
1665 547 1826 579 cruciatum,

1076 630 1108 663 Χ,
1127 631 1170 659 to.
1192 632 1226 659 Et
1243 634 1331 668 accepi
1343 633 1440 661 librant
1459 635 1491 662 de
1504 643 1583 662 manu
1596 636 1694 671 angeli,
1711 642 1736 664 et
1751 637 1831 665 dera-

1041 677 1098 703 rant"
1117 677 1212 710 illum;
1229 683 1254 705 et
1267 684 1324 706 erat
1337 680 1364 706 in
1378 687 1422 706 ore
1436 688 1492 707 mea
1515 685 1642 716 tanquam
1658 682 1708 709 mel
1729 683 1806 710 dulce
1817 691 1826 709 .‘

1039 726 1064 748 et
1090 730 1149 748 cum
1177 722 1344 751 devorassem
1370 733 1449 759 eum,
1485 727 1649 754 tamaricum;
1676 732 1714 755 est
1740 732 1828 755 uenter

1040 775 1124 796 meus.

1076 812 1168 842 Dulcis
1195 816 1349 850 apparebat
1365 817 1434 845 liber
1456 818 1483 845 in
1499 819 1621 852 exordio,
1640 824 1750 855 propter
1765 820 1827 849 la'ta

1039 867 1100 894 quae
1116 861 1269 894 tractabat;
1300 862 1431 891 molestus
1455 867 1547 891 autem
1573 869 1600 891 et
1620 866 1775 894 laboriosus
1792 868 1825 894 ad

1041 905 1132 938 tinem,
1153 911 1263 941 propter
1281 907 1373 941 plagas
1393 916 1463 943 quas
1488 909 1715 938 interminabatur
1732 921 1738 938 :
1755 920 1825 946 quc-

1037 951 1214 978 madmodum
1236 957 1379 987 peccatum
1397 961 1507 988 quoque
1530 955 1607 982 dulce
1622 961 1664 983 est
1680 957 1784 990 gustui,
1799 962 1827 985 at

1038 1003 1160 1024 amarum
1177 998 1293 1025 sortitur
1309 999 1429 1032 exitum;
1448 1008 1499 1028 nec
1522 1006 1602 1028 cut-tu
1620 1010 1730 1036 quoque
1747 1003 1828 1031 facile

1037 1044 1088 1068 est.
1101 1041 1169 1068 Cum
1182 1046 1272 1069 autem
1285 1044 1373 1071 sancti
1383 1044 1439 1071 sint
1450 1045 1652 1078 misericordes,
1663 1047 1825 1083 miserisque

1037 1087 1155 1121 compati
1173 1087 1289 1121 soleant,
1315 1089 1395 1116 sicuti
1416 1097 1478 1117 cum
1495 1091 1678 1125 gaudentibus
1693 1094 1824 1127 gaudent,

1036 1132 1074 1160 ita
1098 1141 1160 1160 cutn
1185 1134 1358 1169 plorantibus
1384 1141 1411 1163 ct
1432 1136 1560 1166 ﬂentibus
1585 1139 1650 1166 llent
1673 1148 1781 1175 quoque
1798 1146 1823 1168 et

1036 1179 1153 1213 plorant.
1170 1179 1218 1216 [εἰ
1235 1180 1299 1208 dicit
1313 1181 1392 1209 divus
1405 1182 1577 1220 Apostolus]

1072 1224 1105 1258 Χ,
1128 1225 1171 1253 Η.
1190 1226 1222 1253 Et
1237 1227 1306 1254 dixit
1325 1229 1389 1255 mihi
1408 1237 1417 1256 :
1439 1229 1548 1265 Oportet
1564 1236 1588 1258 te
1601 1232 1696 1259 iterum
1711 1235 1823 1268 prophe-

1037 1274 1094 1296 tare
1120 1271 1260 1305 gentibus,
1287 1276 1312 1299 et
1336 1274 1460 1308 populis,
1482 1280 1506 1302 el
1535 1276 1649 1312 (iugatis,
1674 1284 1698 1305 et
1721 1279 1828 1313 regibus

1036 1316 1139 1342 multis.

1071 1359 1122 1387 Per
1137 1360 1194 1389 haec
1207 1362 1368 1391 alterutrum
1387 1365 1561 1401 insinuatur;
1585 1375 1683 1403 nempe
1697 1377 1759 1404 qua:
1774 1378 1830 1406 per

1036 1405 1156 1434 divinam
1172 1408 1356 1444 Apocalypsin
1381 1415 1489 1439 ostensa
1508 1418 1572 1441 sunt
1586 1416 1770 1449 evangelista,
1790 1424 1822 1444 ea

1036 1453 1156 1480 nondum
1174 1454 1254 1481 tinem
1276 1456 1383 1489 sortita,
1400 1465 1488 1492 neque
1500 1460 1593 1487 statim
1613 1469 1722 1496 quoque
1738 1464 1822 1490 sorti-

1037 1502 1113 1531 tura;
1139 1499 1186 1526 sed
1215 1506 1341 1534 oportere
1368 1502 1477 1530 beatum
1504 1505 1578 1532 illum
1604 1508 1692 1534 virum
1721 1509 1826 1543 partim

1035 1543 1144 1577 quidem
1173 1552 1220 1578 per
1246 1545 1437 1581 Evangelium,
1464 1550 1534 1584 quod
1566 1552 1693 1586 scripsit;
1722 1555 1825 1587 partim

1035 1589 1116 1615 etiam
1129 1596 1178 1624 per
1191 1596 1353 1625 praesentem
1368 1593 1440 1621 hunc
1456 1595 1568 1629 librum,
1586 1605 1672 1632 usque
1684 1600 1716 1626 ad
1727 1600 1825 1628 saeculi"

1035 1634 1126 1667 tinem,
1143 1643 1204 1670 qua:
1224 1636 1316 1665 futura
1332 1645 1395 1666 sunt
1409 1639 1557 1670 lectoribus
1568 1645 1732 1672 annuntiare
1748 1655 1754 1672 :
1773 1652 1825 1674 aut-

1034 1684 1159 1708 sanctum
1175 1688 1249 1710 certe
1260 1685 1414 1718 apostolum
1426 1691 1540 1714 mortem
1554 1689 1670 1716 necdum
1683 1696 1818 1726 gustasse,

1033 1725 1082 1753 sed
1096 1726 1148 1753 sub
1161 1728 1254 1754 saeculi
1271 1731 1535 1760 consummationem
1552 1725 1710 1768 venturum,
1730 1741 1759 1764 ut
1773 1737 1821 1764 ῑιιιο

1033 1777 1210 1806 posturarum
1224 1774 1384 1804 Antichristi
1400 1777 1531 1813 impetum
1547 1780 1626 1807 sistat
1644 1786 1725 1816 atque
1741 1791 1822 1811 (ocr—

1032 1823 1102 1846 εδει.

1066 1865 1114 1899 ΧΙ,
1131 1866 1193 1900 1,2.
1211 1867 1246 1894 Et
1257 1868 1334 1896 datus
1351 1874 1387 1896 εει
1399 1870 1464 1897 milii
1479 1872 1599 1900 calamus
1616 1875 1712 1902 similis
1728 1877 1818 1911 virgtc.

1031 1915 1056 1937 et
1067 1911 1167 1938 dictum
1178 1913 1278 1951 est45
1291 1915 1372 1942 mihi:
1384 1915 1478 1952 Surge,
1486 1922 1510 1945 ct
1521 1920 1611 1946 metire
1620 1921 1744 1955 templum
1760 1922 1821 1955 Dei,-

1031 1961 1056 1983 et
1070 1958 1164 1991 altare,
1186 1963 1211 1985 et
1231 1959 1372 1987 adorantes
1390 1962 1417 1988 in
1438 1970 1469 1988 eo
1483 1971 1492 1989 :
1509 1965 1614 1991 Atrium
1638 1971 1726 1993 autent
1748 1968 1823 2001 quod

1031 2006 1069 2029 cu
1085 2002 1152 2036 foris
1172 2005 1312 2038 templum,
1328 2006 1392 2040 ejice
1408 2007 1501 2041 foras;
1516 2013 1541 2035 et
1555 2018 1587 2036 ne
1601 2012 1718 2039 metiaris
1738 2013 1819 2044 illud;

1031 2047 1093 2081 quia
1108 2046 1202 2073 datum
1216 2052 1256 2074 est
1269 2049 1408 2083 gentibus;
1421 2055 1446 2077 et
1462 2051 1597 2079 civitatem
1620 2060 1742 2081 sanctam
1761 2059 1817 2082 cata

1031 2092 1128 2119 saltant
1146 2094 1278 2121 mensibus
1293 2095 1472 2131 quadraginta
1486 2097 1598 2126 duobus.

1065 2181 1118 2210 Per
1141 2183 1274 2211 calamum
1301 2185 1373 2212 hunc
1397 2186 1564 2220 ostenditur,
1593 2189 1685 2216 omnia
1711 2198 1771 2224 qua:
1790 2191 1821 2217 in

1029 2229 1101 2256 caelo
1115 2235 1276 2262 cernuntur,
1291 2231 1399 2259 etiamsi
1422 2232 1558 2266 ejusmodi
1577 2242 1621 2262 res
1635 2243 1716 2263 sensu
1732 2241 1758 2264 ct
1774 2245 1817 2263 ra-

188 2271 257 2305 ἠμῖν
275 2270 382 2305 ἀψυχα·
401 2270 497 2306 ὥσπερ
511 2271 558 2298 οὖν
572 2273 626 2306 ,καὶ
646 2274 677 2300 τὺ
694 2274 886 2310 θυσιαστήριον
901 2277 949 2303 καὶ
962 2277 976 2302 ό

1033 2275 1104 2303 tione
1121 2276 1191 2310 apud
1208 2284 1256 2304 nos
1271 2282 1395 2312 careant,
1412 2282 1442 2305 ut
1455 2283 1520 2307 sunt
1531 2280 1627 2314 altare,
1646 2282 1774 2316 thronus,
1791 2289 1820 2310 ct

190 2315 294 2350 θρόνος,
309 2316 356 2343 καί
371 2325 433 2344 τινα
444 2317 527 2353 ἕτερα
538 2327 544 2333 ·
560 2319 620 2346 ἐπεὶ
634 2319 691 2352 πῶς
707 2321 722 2346 ό
737 2320 823 2353 δοθεὶς
837 2322 912 2356 αύτῷ
927 2323 976 2350 κά-

188 2361 274 2396 λαμος
291 2361 401 2396 ἐλεγενι
417 2363 558 2398 Ἔγειραι,
572 2365 621 2392 καὶ
648 2365 804 2401 μέτρησον
831 2367 884 2394 τὸν
900 2369 976 2395 ναὸν

188 2408 244 2435 τοῦ
258 2408 354 2441 Θεοῦ;
374 2408 419 2445 [δι’
436 2407 466 2436 οὗ
488 2410 626 2437 δείκνυται
643 2412 776 2448 ἀγγελικῇ
793 2414 901 2440 συνέσει
927 2416 974 2441 ὲκ·

190 2456 300 2490 μετρεῖν
313 2455 359 2481 τὸν
374 2456 438 2482 ναον
449 2456 496 2482 τοῦ
511 2456 604 2493 Θεοῦ.]
616 2457 646 2484 Et
661 2458 691 2485 δέ
706 2467 749 2491 τις
765 2460 846 2495 φήσει
860 2461 913 2488 ὑπὸ
926 2461 974 2488 τοῦ

189 2499 297 2536 [αὐτοῦ]
323 2501 440 2535 ἀγγέλου
458 2503 506 2529 καὶ
525 2505 571 2529 τὸν
596 2504 718 2539 κάλαμον
741 2505 864 2533 δεδόσθαι
888 2507 972 2543 αὐτῷ,

187 2546 390 2582 καὶάκηκοέναι
400 2547 478 2583 [παρ’
489 2549 596 2585 αὐτοῦ]·
610 2551 750 2585 Ἔγειραι,
763 2552 811 2578 καὶ
820 2553 975 2588 μέτρησον

186 2591 241 2618 τὸν
259 2591 334 2618 ναὸν
351 2592 403 2619 τοῦ
422 2594 506 2620 Θεοῦ.
530 2595 629 2621 Τοῦτόν
650 2605 743 2632 φαμεν
764 2597 811 2624 τὺν
837 2598 974 2634 κάλαμον

188 2637 287 2671 μέτρον
300 2637 400 2672 δηλοῦν
415 2639 554 2673 γνώσεως,
569 2642 720 2676 ἀναλογοῦν
734 2643 773 2678 τῷ
788 2643 953 2679 λαμϐάνοντι
964 2654 975 2662 ι

186 2679 220 2716 ἧς
236 2682 376 2714 ἀξιοῦνται
399 2684 424 2710 οἱ
442 2685 518 2720 παρὰ
531 2685 599 2712 Θεοῦ
616 2688 664 2714 καὶ
680 2688 734 2714 τῶν
749 2688 829 2716 θείων
848 2690 973 2724 ἀγγέλων

185 2727 222 2754 δι’
236 2728 324 2764 ἔργων
337 2730 448 2763 ἀγαθῶν
462 2732 670 2768 γινωσκόμενοι,
688 2735 778 2769 Ἔγνω
797 2736 852 2771 γὰρ
871 2737 973 2772 Κύριος

185 2774 250 2806 τοὺς
270 2775 349 2807 ὄντας
365 2777 460 2810 αὐτοῦ,
481 2778 552 2805 θεῖόν
568 2788 634 2813 φησι
651 2780 752 2814 λόγιον.
776 2783 876 2809 ’ἰστέον
893 2784 920 2810 δὲ
934 2784 973 2816 ὡς

183 2819 256 2851 τινὲς
271 2820 325 2847 τὸν
335 2822 384 2856 μὲν
397 2823 450 2850 τοῦ
462 2824 543 2851 Θεοῦί
553 2825 628 2852 ναὸν
643 2827 692 2862 τὴν
704 2828 826 2855 Παλαιὰν
833 2828 972 2866 Διαθήκην

185 2864 300 2899 ἐνόησαν
311 2873 318 2880 '
335 2866 393 2901 τὴν
407 2867 436 2894 δὲ
451 2868 562 2906 ἔξωθεν
585 2872 697 2906 αὐλὴν,
714 2874 763 2908 τὴν
785 2873 862 2906 νέαν,
878 2864 923 2902 stat
941 2864 971 2904 τὸ

186 2910 286 2945 dido;
301 2911 356 2939 τῶν
376 2914 405 2941 ἐν
420 2915 488 2951 αὐτῇ
507 2916 678 2952 σωζομένων,
694 2917 777 2946 οὖσαν
795 2920 947 2957 ἀμέτρητον
963 2931 969 2940 ·

1029 2322 1081 2348 alia
1100 2322 1125 2349 id
1140 2330 1226 2357 genus
1247 2323 1399 2358 complura,
1419 2325 1552 2360 spiritalia
1573 2334 1644 2355 esse.
1661 2327 1729 2355 Nam
1744 2337 1820 2364 (μην

1030 2368 1112 2395 modo
1140 2368 1273 2400 calamus,
1295 2369 1342 2404 qui
1365 2371 1538 2405 cvangelistae
1563 2373 1642 2400 datus
1666 2375 1818 2407 scribitur,

1029 2414 1120 2441 dicere
1144 2419 1259 2449 poterat.
1282 2415 1381 2451 Surge,
1400 2421 1425 2443 et
1446 2418 1538 2445 metire
1564 2419 1687 2454 templum
1712 2420 1768 2453 Dei,
1786 2426 1816 2447 ut

1029 2463 1173 2487 contextus
1187 2466 1264 2488 sonat
1276 2481 1284 2493 ,
1299 2461 1350 2488 nisi
1367 2467 1456 2489 mentc
1468 2468 1494 2489 et
1511 2464 1616 2492 ratione
1630 2465 1727 2493 fuisset
1744 2475 1814 2500 pne-

1028 2505 1122 2533 ditus?
1137 2506 1214 2538 Quod
1229 2506 1251 2534 si
1265 2507 1327 2541 quis
1351 2507 1449 2535 dixerit
1463 2509 1497 2536 ab
1512 2517 1566 2537 uno
1591 2510 1744 2544 eodemque
1765 2519 1814 2536 an.

1028 2551 1087 2586 gelo
1100 2556 1126 2579 et
1143 2552 1283 2580 calamum
1306 2553 1455 2588 accepisse,
1469 2559 1497 2582 et
1510 2562 1603 2582 vocem
1621 2555 1700 2587 hanc,
1717 2555 1814 2590 Surge;

1027 2601 1052 2624 et
1066 2598 1191 2632 templum
1202 2598 1250 2625 hoc
1262 2599 1363 2630 metire,
1380 2599 1534 2631 audivisse,
1553 2607 1599 2633 per
1609 2599 1742 2626 calamum
1754 2607 1814 2626 cer-

1028 2648 1082 2671 tam
1098 2644 1220 2672 scientiae
1235 2653 1403 2678 mensuram,
1420 2645 1658 2681 quaeaccipicnt-is
1685 2645 1814 2678 qualitati

1027 2695 1211 2717 consentanea
1227 2695 1297 2721 erat,
1321 2690 1470 2726 signiﬁcari
1496 2690 1630 2722 dicimus;
1656 2690 1812 2724 cujusnmdi

1026 2741 1232 2771 consequuntur
1255 2737 1311 2768 illi,
1341 2737 1387 2771 qui
1412 2744 1427 2764 a
1449 2737 1505 2763 Deo
1527 2736 1682 2770 divinisque
1708 2736 1812 2769 angelis

1025 2786 1136 2817 propter
1161 2787 1255 2810 sancta
1289 2790 1372 2818 opera
1397 2786 1595 2818 agnoscuntur.
1626 2781 1706 2808 Novit
1737 2782 1810 2809 enim

1026 2827 1168 2860 Dominus.
1187 2829 1233 2863 qtti
1245 2835 1310 2856 sunt
1325 2829 1385 2861 sui;
1399 2828 1479 2863 juxta
1496 2827 1646 2862 Scriptura:
1658 2827 1812 2862 eloquium,

1025 2874 1238 2902 Advertcautem
1247 2882 1301 2902 non
1312 2874 1406 2902 deesse
1417 2875 1461 2908 qui
1474 2881 1522 2908 per
1534 2874 1581 2901 Dei
1592 2875 1718 2909 templum
1729 2874 1812 2903 Vetus

1025 2920 1228 2949 Testamentum
1245 2919 1410 2956 intelligant;
1425 2927 1478 2961 iper
1491 2919 1582 2948 aulam
1598 2925 1688 2949 autem
1703 2921 1814 2948 arteria.
