2075 3157
258 178 312 210 295

840 176 1003 208 ANDRE/E
1022 177 1284 209 CAESARIENSIS

1832 179 1886 210 296

257 235 291 262 ad
305 232 521 267 resipisccntiam
538 233 618 260 tacite
641 239 689 260 cos
711 240 873 268 provocans.
890 233 957 267 Quis
973 235 1045 262 enim
1068 235 1167 262 divina:
1191 235 1237 262 ira!
1261 235 1373 262 calicem
1394 234 1515 270 perferre
1544 239 1648 270 posset,
1676 235 1700 263 si
1729 241 1808 270 pure,
1835 236 1886 263 hoc

257 285 308 309 est.
327 279 400 306 nulla
417 278 559 306 clementia
576 283 756 313 temperatus,
777 280 960 314 propinetur?

293 325 348 360 38
363 324 428 357 VIIII
456 325 499 351 15.
527 324 559 350 Et
580 323 644 355 vidi,
673 329 698 351 et
728 325 819 351 audivi
851 333 937 352 vocem
967 327 1045 352 unius

1133 324 1187 352 Kal
1203 324 1322 359 ἤκουσα
1329 324 1399 358 ἐνὸς
1409 324 1538 358 ἀγγέλου
1551 324 1717 358 πετομένου
1732 324 1767 351 ἐν
1775 333 1886 359 μεσου.

257 371 354 406 aquila:
370 370 483 396 volantis
505 377 551 403 per
577 369 692 396 medium
713 371 782 403 cwli,
805 370 917 398 dicentis
931 370 1045 407 [AliterI

257 425 337 442 unum
352 415 472 450 angelum
488 414 618 441 volantem
635 423 681 449 per
697 416 811 442 medium
823 417 892 448 caeli.
904 417 1045 453 dicentem]

256 471 316 488 voce
335 469 446 494 magna:
467 461 522 493 Vw,
536 469 584 492 rw,
599 469 646 492 me,
662 461 844 489 habitantibus
863 463 890 489 in
916 469 998 495 terra,
1015 464 1047 490 de

256 508 356 535 ca'teris
370 507 475 534 vocibus
492 509 573 534 trium
591 508 746 542 angelorum
764 509 809 543 qui
834 514 909 536 erant
925 511 988 536 tuba
1004 518 1046 536 ca-

257 555 348 582 nituri.

292 600 331 627 Ex
349 601 390 627 his
408 608 516 635 quoque
544 601 678 628 discimus
696 605 798 636 quanta
815 601 969 628 divinorum
996 609 1045 628 an-

258 646 379 680 gelorum
403 646 439 673 sit
462 646 612 678 miseratio,
631 650 788 681 quantaque
802 647 959 674 eorumdem
982 655 1045 682 erga

258 691 385 718 homines
405 691 571 718 humanitas.
597 691 703 718 Etenim
732 692 765 719 ad
797 691 842 719 Dei
867 692 1046 720 imitationem

257 736 369 763 miseret
386 743 434 763 eos
451 737 604 769 hominum,
622 737 667 771 qui
686 738 783 764 durius
805 743 917 772 propter
938 742 1046 772 peccata

256 781 452 815 excipiuntur;
482 782 568 809 multo
592 790 658 809 vero
685 783 773 816 magis
804 783 925 814 illorum,
944 783 990 817 qui
1014 790 1048 810 ne

256 827 344 861 plagis
358 827 468 861 quidem
496 827 617 854 suaviter
634 828 765 855 admoniti
779 849 786 861 ,
803 828 983 855 emendantur
997 837 1003 854 :
1021 829 1047 855 in

256 879 327 906 quos
354 872 395 899 vel
411 873 530 899 maxime
546 872 635 907 ipsum
653 872 699 900 Vae
728 873 862 908 quadrat;
889 879 919 900 ut
944 874 991 909 qui
1020 874 1046 901 in

256 922 328 944 terra
343 918 443 952 degant
458 923 485 945 et
504 924 611 946 terrena
629 924 733 946 tantum
749 920 872 954 sapiant;
893 925 919 947 et
938 928 1047 947 omnum

255 964 349 991 verius
364 969 391 991 et
405 965 555 998 pulverem,
570 973 651 999 quam
665 973 748 993 suave
767 972 937 1001 unguentum
953 987 961 1000 ,
976 967 1047 1002 quod

1096 370 1244 405 ρανήμιιτι
1257 390 1265 402 ,
1281 370 1426 404 λέγοντος
1440 370 1524 404 φωνῇ
1544 369 1663 404 μεγάλῃ
1676 377 1684 385 ⁸
1703 371 1787 403 Οὐαὶ,
1808 372 1886 405 οὺα),

1098 416 1166 444 οὐαὶ
1185 416 1248 448 τοῖς
1267 416 1463 443 κατοικοῦσιν
1481 416 1529 442 ἐπὶ
1545 415 1598 450 τῆς
1614 415 1671 450 γῆς
1690 415 1725 442 ἐκ
1743 416 1802 443 τῶν
1824 419 1888 444 λοι-

1098 461 1164 488 πῶν
1177 461 1285 496 φωνῶν
1301 462 1356 496 τῆς
1369 462 1540 497 σάλπιγγος
1561 461 1621 489 τῶν
1642 461 1732 495 τριῶν
1752 462 1889 498 ἀγγέλων

1098 508 1157 535 τῶν
1165 509 1341 542 μελλόντων
1354 507 1520 538 σαλπίζειν.

1137 600 1210 626 Οὐαὶ
1223 599 1282 632 τοῖς
1295 599 1489 626 κατοικοῦσιν
1497 598 1546 625 ἐπὶ
1565 598 1622 633 τῆς
1635 598 1701 634 γῆς.
1712 599 1767 626 Καὶ
1775 598 1819 626 διὰ
1826 599 1885 627 τού-

1099 654 1152 672 των
1163 646 1193 672 τὸ
1211 645 1352 680 συμπαθὲς
1366 646 1413 672 καὶ
1425 645 1616 680 φιλάνθρωπον
1628 645 1682 671 τῶν
1703 644 1783 671 θείων
1801 645 1887 679 ἀγγέ-

1099 692 1152 718 λων
1178 691 1325 718 δείκνυται·
1341 691 1516 726 θεομιμήτως
1542 690 1732 725 οἰκτειρόντων
1761 691 1886 717 παιδευο-

1100 738 1197 773 μένους
1212 738 1275 768 toil;
1293 735 1559 771 πλημμελήσαντας·
1576 735 1666 770 πολλῷ
1678 735 1706 762 δὲ
1723 735 1804 762 πλέον
1824 735 1887 768 τοὺς

1101 784 1168 819 μηδέ
1182 784 1243 815 ταῖς
1261 782 1372 817 μάστιξι
1397 782 1465 817 πρὸς
1479 782 1647 818 ἐπιστροφὴν
1662 782 1810 818 βλέποντας
1823 791 1830 799 ·
1847 781 1887 815 οἷς

1100 829 1170 866 [καὶ]
1188 829 1307 865 μάλιστα
1323 829 1354 855 τὸ
1370 828 1439 856 Οὐαὶ
1452 829 1583 864 ἁρμόζειῂ
1599 829 1637 861 ὡς
1654 830 1701 856 ἐπὶ
1716 829 1767 864 γῆς
1783 829 1886 856 aiataiat

1099 876 1145 902 καὶ
1158 875 1287 910 φρονοῦσι
1298 874 1332 901 τὰ
1347 875 1441 910 γήϊνα,
1465 875 1513 901 καὶ
1539 875 1604 910 χοῦν
1617 875 1678 902 ἀντὶ
1703 875 1750 902 τοῦ
1769 876 1882 902 ἐκκενωσ

1099 921 1191 953 θέντος
1205 920 1291 956 μύρου
1305 920 1338 947 δι’
1353 921 1427 956 ἡμᾶς
1443 920 1565 947 πνέουσι.
1582 921 1643 952 Τοῖς
1661 920 1715 956 γὰρ
1734 921 1764 947 ὲν
1782 921 1887 956 οὐρανῷ

1100 967 1192 1002 ἔχουσι
1218 967 1248 993 τὸ
1265 967 1417 1002 πολίτευμα
1430 966 1542 1002 ἀφορμὴ
1557 967 1592 993 τὰ
1611 967 1731 1003 δυσχερῆ
1750 967 1890 1002 στεφάνων

255 1011 342 1037 nostri
359 1018 442 1038 causa
459 1011 588 1039 Christus
618 1012 727 1039 effudit.
759 1011 844 1039 Porro
875 1017 977 1045 autem,
998 1013 1044 1048 qui

1097 1013 1263 1048 ἁμαράντων
1281 1013 1328 1040 καὶ
1343 1012 1477 1048 βραϐείων
1493 1014 1622 1047 γίνονται.

255 1064 333 1084 suam
348 1058 584 1085 conversationem
611 1058 638 1085 in
666 1058 744 1086 uelis
771 1059 881 1092 habent,
907 1059 942 1086 iis
973 1059 1060 1086 tristia
1089 1067 1189 1094 resque
1217 1059 1338 1086 adversm
1370 1059 1552 1086 immortalem
1593 1067 1723 1087 coronam
1752 1059 1885 1096 amplissi-

254 1110 355 1138 maque
364 1104 475 1138 praztnia
492 1103 651 1131 conciliant.

533 1161 650 1189 CAPUT
682 1160 777 1190 XXVI.

255 1221 294 1246 De
318 1219 409 1254 quinto
437 1219 547 1254 angelo,
573 1220 741 1255 mysticisque
766 1220 892 1253 locustis,
913 1228 944 1247 ac
970 1221 1045 1247 varia

510 1255 662 1282 earumdem
676 1256 773 1289 forma.

290 1312 336 1345 IX,
357 1311 413 1339 1-5.
431 1311 464 1338 Et
482 1311 590 1346 quintus
616 1311 724 1346 angelus
741 1311 802 1338 tuba
816 1312 908 1338 cecinit
923 1319 932 1339 :
951 1317 973 1338 et
994 1311 1047 1339 vidi

255 1359 358 1385 stellam
378 1360 409 1385 de
423 1358 486 1385 cwlo
513 1357 637 1385 cecidisse
656 1359 681 1384 in
703 1363 820 1391 terram;
841 1363 865 1385 et
883 1359 947 1385 data
966 1365 1003 1385 est
1023 1359 1046 1385 ci

255 1406 337 1432 clavis
353 1405 425 1440 putei
437 1405 537 1439 abyssi,
553 1409 577 1431 et
591 1405 694 1439 aperuit
712 1410 819 1438 puteum
835 1406 935 1441 abyssi,
955 1410 980 1432 et
1002 1414 1046 1432 as-

255 1452 340 1483 cendit
356 1451 444 1486 fumus
461 1450 544 1484 putei,
561 1451 627 1477 sicut
640 1450 728 1485 fumus
742 1451 858 1486 fornacis
879 1459 981 1486 magna:
997 1460 1006 1484 ;
1021 1457 1046 1478 et

255 1499 409 1525 obscuram:
425 1502 462 1523 est
476 1496 516 1524 sol
535 1501 560 1523 et
576 1505 621 1523 aer
636 1497 667 1524 de
681 1497 753 1531 fumo
772 1498 867 1532 putei;
884 1503 908 1524 et
924 1499 956 1524 de
971 1498 1044 1532 fumo

254 1545 377 1571 exierunt
394 1543 504 1570 locusta’
518 1543 543 1570 in
557 1548 655 1570 terram
666 1552 675 1576 ;
686 1549 709 1570 et
725 1544 790 1571 data
802 1549 839 1571 est
854 1544 908 1570 illis
919 1549 1044 1579 potestas,

254 1591 322 1617 sicut
337 1590 430 1617 habent
445 1593 599 1624 potestatem
624 1591 774 1624 scorpiones
795 1596 893 1618 terrm:
911 1595 934 1617 et
947 1599 1045 1625 prtere-

254 1641 328 1671 ptum
342 1641 380 1663 est
394 1635 459 1666 illis.
475 1643 505 1661 ne
522 1635 646 1662 [cederent
664 1635 752 1670 fenum
775 1641 862 1667 [ενι-α’,
879 1644 959 1669 neque
973 1644 1047 1662 omne

1389 1161 1513 1188 ΚΕΦΑΛ.
1534 1161 1606 1195 κς.

1100 1219 1170 1254 Περὶ
1180 1218 1232 1245 τοῦ
1245 1218 1382 1254 πέμπτου
1396 1218 1527 1252 ἀγγέλου
1539 1218 1586 1254 καὶ
1602 1217 1661 1244 τῶν
1675 1219 1793 1254 νοητῶν
1807 1219 1891 1254 ἀκρί-

1151 1253 1222 1287 δων,
1230 1254 1279 1280 καὶ
1291 1253 1344 1280 τοῦ
1360 1254 1501 1280 ποικίλου
1520 1252 1573 1287 τῆς
1586 1253 1707 1288 μορφῆς
1720 1254 1831 1282 αὐτῶν.

1133 1311 1187 1338 Καὶ
1214 1313 1230 1338 ὀ
1253 1310 1388 1345 πέμπτος
1411 1310 1539 1345 ἅγγελος
1559 1310 1710 1338 ἐσάλπισε
1726 1320 1732 1326 ι
1748 1309 1890 1338 καὶεῖδον

1097 1356 1210 1390 ἀστέρα
1228 1356 1262 1383 ἐκ
1276 1355 1329 1383 τοῦ
1344 1356 1475 1390 οὐρανοῦ
1491 1357 1666 1382 πεπτωκότα
1683 1357 1727 1389 είς
1742 1357 1799 1390 τὴν
1813 1357 1884 1392 γῆν·

1097 1405 1146 1432 καὶ
1154 1404 1243 1436 ἐδόθη
1253 1402 1334 1436 αὐτῷ
1342 1403 1360 1436 ἡ
1372 1402 1456 1436 κλεὶς
1464 1403 1517 1430 τοῦ
1529 1403 1654 1437 φρέατος
1667 1403 1720 1437 τῆς
1732 1403 1870 1430 ἀϐύσσου
1879 1410 1886 1417 '

1096 1451 1144 1478 καὶ
1162 1449 1265 1484 ἤνοιξε
1281 1451 1314 1476 τὸ
1334 1449 1428 1484 φρέαρ
1445 1448 1500 1482 τῆς
1528 1449 1667 1476 ἀϐύσσου
1679 1457 1687 1465 ⁶
1718 1449 1767 1476 καὶ
1797 1450 1890 1483 ἀνέϐη

1098 1496 1214 1528 καπνὸς
1227 1496 1261 1522 ἐκ
1278 1495 1332 1522 τοῦ
1351 1495 1479 1529 φρέατος
1494 1495 1533 1528 ὡς
1550 1494 1667 1526 καπνὸς
1692 1495 1820 1529 καμίνου
1839 1503 1891 1530 με·

1099 1542 1211 1578 τὰλης·
1233 1541 1283 1569 καὶ
1294 1541 1460 1574 ἐσκοτίσθη
1481 1542 1498 1567 ὁ
1514 1540 1601 1574 ἣλιος
1619 1540 1668 1567 καὶ
1685 1541 1702 1568 ό
1717 1540 1775 1574 ἀὴρ
1789 1540 1823 1567 ἐκ
1836 1540 1890 1568 τοῦ

1100 1587 1218 1615 καπνοῦ
1228 1587 1281 1614 τοῦ
1296 1587 1435 1622 φρέατος
1450 1587 1498 1613 καὶ
1513 1587 1547 1613 ἐκ
1561 1587 1613 1614 τοῦ
1627 1586 1746 1614 καπνοῦ
1758 1586 1891 1621 ἐξῆλθον

1100 1633 1221 1667 ἀκρίδες
1237 1635 1281 1666 εἰς
1299 1633 1358 1667 τὴν
1367 1633 1436 1668 γῆν,
1459 1633 1508 1660 καὶ
1532 1633 1621 1666 ἐδόθη
1643 1633 1749 1666 αὑταῖς
1764 1633 1891 1665 ἐξουσία

255 1681 348 1712 viride,
363 1688 444 1715 neque
459 1688 561 1707 omnem
578 1680 710 1712 arborem,
733 1681 784 1707 nisi
799 1685 903 1708 tantum
918 1681 1044 1714 homines,

1098 1680 1137 1712 ὡς
1151 1680 1278 1714 ἔχουσιν
1294 1679 1441 1712 ἐξουσίαν
1461 1681 1488 1706 οὶ
1506 1679 1645 1713 σκορπίοι
1662 1678 1717 1712 τῆς
1745 1678 1821 1713 γῆς.
1835 1679 1890 1705 Καὶ

254 1726 298 1759 qui
326 1733 375 1751 non
404 1725 499 1751 [tabent
524 1726 628 1760 signum
650 1725 698 1752 Dei
727 1727 753 1752 in
783 1726 913 1759 frontibus
927 1727 1043 1753 suis:ct

254 1771 348 1797 datum
364 1775 401 1797 est
416 1770 471 1797 illis
485 1778 515 1797 ne
529 1770 676 1797 occiderent
691 1779 745 1804 eos,
758 1772 803 1798 sed
819 1779 846 1798 ut
860 1773 1045 1799 cruciarentur

255 1815 386 1842 mensibus
403 1817 515 1850 quinque
531 1823 540 1842 :
557 1821 581 1842 et
598 1818 731 1844 cruciatus
743 1825 843 1850 eorum,
859 1822 887 1844 ut
911 1819 1044 1845 cruciatus

254 1862 364 1895 scorpii,
385 1869 444 1888 cum
462 1862 571 1896 perculit
584 1862 723 1890 hominem.

1097 1726 1203 1761 ἐρρέθη
1217 1725 1321 1757 αὐτοῖς
1336 1726 1387 1752 ἵνα
1397 1725 1441 1760 μὴ
1454 1725 1624 1757 ἀδικήσωσι
1641 1725 1695 1751 τὸν
1710 1725 1820 1759 χόρτον
1832 1723 1888 1757 τῆς

1098 1772 1165 1807 γῆς,
1177 1771 1248 1799 οὐδὲ
1262 1771 1323 1800 πᾶν
1339 1772 1468 1806 χλωρὸν,
1486 1771 1558 1798 οὐδὲ
1569 1771 1630 1799 πᾶν
1647 1770 1774 1805 δένδρον
1786 1778 1793 1785 ”
1809 1771 1834 1797 ει
1845 1771 1888 1805 μὴ

1097 1819 1169 1852 τοὺς
1183 1819 1358 1852 ἀνθρώπους
1378 1818 1488 1850 οἵτινες
1504 1818 1559 1844 οὐκ
1583 1817 1689 1851 ἔχουσι
1716 1816 1774 1850 τὴν
1793 1824 1890 1851 σφρα-

1098 1865 1163 1899 γῖδα
1178 1864 1242 1900 [τοῦ
1257 1864 1343 1900 Θεοῦ]
1360 1864 1410 1890 ἐπὶ
1427 1863 1487 1890 τῶν
1509 1862 1653 1897 μετώπων
1675 1862 1809 1898 [abuit].
1835 1861 1891 1889 Kal

253 1907 343 1941 ἐδόθη
359 1907 464 1940 αὐτοῖς
478 1907 528 1933 ἵνα
545 1908 589 1942 μὴ
602 1908 822 1936 ἀποκτείνωσιν
850 1910 975 1942 αὐτούς·
992 1909 1063 1937 ἀλλ’
1095 1910 1146 1937 ἵνα
1156 1909 1370 1942 ,βασανισθῶσι
1389 1907 1489 1942 μῆνας
1525 1908 1615 1935 πέντε
1629 1916 1636 1922 ·
1671 1908 1721 1934 καὶ
1753 1909 1770 1934 ὁ
1790 1908 1888 1940 ,ϐασα-

253 1955 363 1989 νισμὸς
381 1955 481 1982 αὐτῶν
508 1955 548 1987 ὡς
567 1956 764 1990 ,βασανισμὸς
788 1957 954 1990 σκορπίου,
979 1957 1053 1985 ὅταν
1070 1958 1165 1991 παίσῃ
1184 1957 1352 1992 ἄνθρωπον.

290 2001 412 2035 Stellam,
423 2010 484 2037 qua:
493 2002 536 2030 hic
548 2003 574 2029 in
588 2006 700 2036 terram,
713 2011 812 2039 nempe
822 2004 849 2031 in
862 2005 957 2032 vallem
967 2004 1048 2032 Josa-

255 2047 331 2081 phat,
347 2054 408 2081 qua:
433 2055 485 2074 una
503 2055 536 2074 ex
561 2048 689 2075 omnibus
716 2049 750 2076 ad
771 2049 934 2077 universalis
951 2049 1047 2084 judicii

260 2101 339 2121 usum
359 2094 463 2128 reliqua
492 2094 547 2126 fiet,
573 2094 685 2129 delapsa
705 2096 848 2129 asserilur,
866 2096 976 2131 quidam
999 2095 1047 2124 Dei

259 2139 383 2174 angelum
394 2139 482 2174 poenis
497 2139 649 2174 irrogandis
662 2140 818 2175 praefectum
831 2149 891 2169 esse
900 2141 1045 2169 dixerunt:

256 2191 362 2219 puteum
383 2192 448 2212 νιτο
468 2185 574 2220 abyssi,
591 2186 762 2221 gehennam;
775 2187 979 2222 fumumautem
997 2188 1044 2223 qui

256 2231 319 2258 inde
336 2233 467 2258 continuo
493 2232 622 2264 e\ha|ut,
647 2240 696 2259 sua
718 2233 883 2260 obscuritate
915 2234 1000 2261 solem
1017 2238 1045 2262 ct

254 2283 343 2302 aerem
363 2276 538 2303 tenebrosum
569 2281 596 2304 et
621 2277 700 2311 quasi
729 2278 950 2312 inaspectabilcm
992 2280 1044 2307 illis

1140 2005 1269 2039 Ἀστέρα
1290 2005 1362 2036 τινὲς
1375 2004 1480 2040 ἔφησαν
1492 2005 1524 2031 ὲκ
1537 2003 1584 2031 τοῦ
1597 2004 1712 2040 οὐρανοῦ
1731 2004 1889 2032 καταϐάντα

1096 2053 1125 2080 ἐν
1139 2054 1171 2088 τῇ
1187 2054 1233 2088 γῇ,
1246 2052 1302 2088 ἠως
1316 2053 1349 2087 τῇ
1365 2051 1560 2086 ὑπολειφθείσῃ
1584 2051 1687 2078 κοιλάδι
1709 2051 1844 2084 Ἰωσαφὰτ
1859 2052 1887 2077 ἐν

1096 2100 1129 2135 τῇ
1147 2100 1246 2134 κρίσει,
1262 2098 1379 2133 ἄγγελον
1391 2098 1463 2125 θεῖον
1479 2095 1550 2124 εἶναι
1579 2098 1626 2124 ἐπὶ
1652 2097 1706 2123 τῶν
1736 2098 1887 2125 κολάσεων.

1096 2146 1191 2180 Φρέαρ
1204 2145 1231 2172 δὲ
1245 2145 1300 2178 τῆς
1314 2145 1464 2175 ἀϐύσσου,
1482 2144 1533 2179 τὴν
1549 2144 1663 2178 γέενναν
1675 2152 1682 2159 ’
1697 2145 1745 2170 καὶ
1757 2144 1786 2177 ἐξ
1802 2143 1888 2177 αὐτῆς

1095 2193 1149 2219 τὸν
1165 2191 1283 2218 καπνὸν
1299 2191 1417 2224 ἐξιόντα,
1433 2190 1549 2217 ἀθέατον
1561 2191 1618 2222 τοῖς
1637 2190 1830 2225 κολαζομένοις
1843 2191 1889 2216 τὸν

1095 2238 1171 2274 ἥλιον
1191 2238 1239 2265 καὶ
1260 2238 1306 2264 τὸν
1344 2237 1413 2272 ἀέρα
1438 2237 1657 2272 ἀπεργάζεσθαι.
1690 2237 1822 2272 Ἄκρίδας
1841 2236 1888 2271 δὲ,

1096 2284 1159 2316 τοὺς
1172 2284 1336 2319 σκώληκας·
1363 2284 1429 2319 περὶ
1451 2280 1488 2310 ὧν
1519 2292 1603 2318 φησιν
1625 2284 1639 2310 ὁ
1664 2287 1808 2319 προφήτης
1822 2291 1829 2298 ·
1856 2283 1888 2309 'U

254 2321 379 2353 reddere,
394 2322 440 2356 qui
457 2323 566 2349 teternis
577 2323 744 2351 cruciatibus
757 2324 856 2352 addicti
873 2330 946 2352 sunt.
957 2324 1044 2352 Locu-

1097 2313 1220 2363 σκόλιηξ
1235 2313 1335 2356 αὖτᾶλν
1346 2330 1382 2356 οὐ
1393 2313 1578 2363 τελευτήσέι.
1595 2329 1632 2356 Τὸ
1642 2329 1670 2355 δὲ
1686 2313 1790 2364 μὴ⁷
1798 2313 1851 2363 νῆν
1870 2329 1886 2363 ἢ

253 2371 309 2394 stas
326 2375 421 2402 porro,
437 2375 547 2395 vermes
562 2368 623 2395 illos
639 2369 671 2395 dc
685 2369 783 2403 quibus
798 2370 927 2405 prephcta
942 2371 993 2398 ait:
1010 2370 1044 2398 Et

253 2414 347 2440 verutis
367 2421 458 2440 eorum
485 2422 538 2440 non
558 2415 671 2441 moritur
685 2416 718 2441 ".
744 2416 807 2443 Ideo
822 2422 912 2444 autem
931 2417 1044 2446 locustis

254 2460 307 2487 illis
324 2460 463 2487 mandavit
482 2468 515 2487 ne
531 2465 630 2488 terram
646 2467 692 2489 aut
708 2461 811 2490 {mnum
828 2463 979 2496 offendant,
997 2465 1044 2492 sed

253 2505 382 2533 homines
395 2509 499 2533 tantum
515 2526 523 2539 ,
542 2508 615 2542 quod
633 2508 727 2536 isthmc
737 2509 793 2544 jam
810 2513 868 2536 tum
883 2510 917 2537 ab
934 2511 1043 2538 interitu

252 2557 279 2579 et
299 2552 475 2586 corruptione
506 2552 637 2580 immunis
666 2559 757 2587 erunt,
786 2556 831 2583 cui
849 2556 900 2584 hoc
923 2561 1044 2592 tempore

254 2598 339 2625 nostri
352 2605 438 2626 causa
455 2599 575 2627 obnoxia
591 2606 654 2627 sunt
667 2609 673 2627 :
689 2609 787 2628 menses
797 2602 915 2638 denique
930 2604 1044 2639 quinque

253 2645 396 2673 insinuare
416 2646 570 2674 inferorum
588 2647 677 2682 pinnis
695 2648 820 2681 traditos,
845 2649 920 2676 brevi
934 2650 1043 2685 quidem

251 2691 444 2726 praetinitoque
479 2695 602 2728 tempore
623 2692 759 2721 intensius
773 2694 952 2728 cruciandos;
982 2701 1045 2730 post

251 2734 317 2763 illud
332 2743 396 2762 vero
425 2742 564 2772 exactum,
593 2738 748 2771 remissius,
779 2739 805 2766 in
823 2746 934 2767 omnem
953 2745 1044 2767 tamen

251 2779 444 2809 :eternitatem.
474 2781 531 2818 Ego
567 2787 658 2811 autem
700 2791 754 2813 una
774 2792 836 2812 cum
866 2785 919 2814 illis
939 2785 1044 2820 fateor,

288 2869 311 2885 ¹¹
329 2869 380 2897 Isa.
395 2878 468 2905 Lm,
479 2871 524 2900 24.

1094 2376 1139 2402 τὸν
1151 2376 1258 2411 χόρτον,
1272 2375 1340 2402 ἀλλὰ
1351 2376 1414 2406 τοὺς
1426 2375 1586 2411 ἀνθρώπους
1604 2376 1799 2411 βασανίζεσθαι
1810 2397 1817 2409 ,
1842 2377 1886 2404 διὰ

1093 2421 1125 2448 τὸ
1139 2421 1359 2449 ἀπαλλάττεσθαι
1376 2422 1462 2448 ταῦτα
1486 2422 1536 2457 τῆς
1560 2418 1667 2457 ’φοορᾰς
1681 2442 1688 2455 ,
1756 2421 1789 2448 δι’
1812 2423 1887 2457 ἡμᾶς

1094 2468 1217 2495 δουλεύει
1234 2469 1365 2504 σήμερον.
1382 2467 1487 2502 Μῆνας
1495 2468 1529 2495 δὲ’
1540 2468 1630 2495 πέντε
1640 2468 1752 2500 τούτους
1773 2468 1881 2504 βασανὶ-

1095 2513 1201 2546 ζεσθαι,
1217 2513 1312 2548 χρόνον
1324 2513 1384 2540 τινὰ
1397 2513 1550 2548 ὡρισμένον
1560 2514 1764 2549 ἐπιτεταμένως
1776 2514 1885 2545 τούτους

1098 2559 1264 2592 κολάζεσθαί
1275 2559 1354 2597 [φησι
1404 2561 1472 2595 μετὰ
1483 2561 1511 2587 δὲ
1530 2560 1635 2593 τοῦτον,
1653 2561 1810 2595 ὑφειμένως
1826 2561 1884 2595 μὲν,

1098 2606 1216 2637 αἰωνίως
1229 2605 1267 2633 δέ.
1290 2605 1361 2640 Ἐγὼ
1383 2606 1412 2632 δὲ
1434 2605 1480 2632 τὸν
1509 2606 1558 2641 μὲν
1582 2606 1696 2640 ἀστέρα
1713 2606 1885 2641 συνομολογῶ

1095 2649 1166 2678 εἶναι
1180 2651 1252 2678 Θεῖον
1272 2651 1389 2686 ἄγγελον
1404 2660 1411 2667 ν
1429 2652 1524 2678 τοῦτον
1544 2652 1574 2678 δὲ
1600 2652 1672 2679 κατὰ
1691 2652 1765 2679 Θείαν
1780 2651 1883 2687 συγχώ-

1096 2705 1175 2733 ρησιν
1186 2697 1250 2728 τοὺς
1262 2697 1554 2732 καταδεδικασμένους
1562 2697 1606 2734 [τῇ
1618 2697 1740 2733 ἁϐύσσῳ]
1752 2706 1819 2731 πονη
1825 2698 1883 2732 poli;

1093 2742 1207 2777 ἀνάγειν
1235 2742 1388 2778 δαίμονας·
1414 2743 1462 2776 οὓς
1490 2744 1504 2770 ὁ
1526 2744 1643 2780 Χριστὸς
1668 2743 1883 2778 ἐνανορωπήσας

1095 2788 1190 2824 ἔδησεν
1201 2797 1207 2804 ·
1221 2788 1296 2820 ὅπως
1315 2789 1370 2825 πρὸ
1380 2789 1429 2824 τῆς
1444 2790 1600 2822 συντελείας
1620 2790 1654 2817 τὰ
1666 2791 1755 2818 οἰκεῖα
1770 2789 1882 2825 ἐνεργή-
