2075 3157
159 158 212 192 3θ1

642 156 945 188 COMMENTARIUS
969 157 1008 187 ΙΝ
1030 156 1294 195 APOCALYPSIN.

1742 157 1794 189 302

160 212 263 250 Ῐθιὶας]
290 213 426 249 θεωρίας·
454 212 621 240 ἀπολύεσθαι
639 213 667 240 δὲ
688 213 718 240 ὲν
736 213 770 248 τῇ
786 211 880 248 ἡμέρᾳ
903 212 953 247 τῆς

1011 212 1066 239 lem
1081 212 1181 240 divinae
1195 210 1439 246 contemplationis
1450 210 1614 246 jucunditati
1633 217 1659 251 et
1674 213 1794 241 ubertati

161 259 281 296 κρίσεως
305 259 375 295 μετά
390 259 588 294 ἀναριθμήτων
614 258 750 293 ἀγγέλων,
774 259 814 290 εἰς
833 258 882 294 τὴν
898 258 952 284 τῶν

161 305 270 333 ἀσεϐῶν
287 305 451 340 κατάκρισιν
464 311 471 319 ⁸
489 305 523 331 δι’
535 301 573 332 ὧν
584 304 615 331 τὸ
624 304 715 340 τρίτον
726 303 950 339 ἀφανισθήσεται.

167 351 239 385 Ἐγὼ
255 351 284 378 δὲ
297 351 344 377 καὶ
362 351 475 382 τούτους
486 348 564 386 οἶμαι
581 351 785 386 πονηροτάτους
805 348 876 376 εἶναι
893 349 954 376 δαί-

165 406 261 432 μονας,
277 397 403 428 δεθέντας
414 398 442 423 ἐν
455 399 489 433 τῇ
504 397 622 432 Χριστοῦ
636 397 774 432 παρουσίᾳ
788 405 794 411 ·
816 396 862 428 οὓς
882 396 955 423 κατὰ

163 445 236 471 θεῖον
251 444 416 479 πρόσταγμα
435 445 467 470 ἐκ
482 443 529 471 τοῦ
544 444 743 479 ὕπερονρανίου
759 443 953 478 θυσιαστηρίου

164 487 373 522 ἑξερχομένους,
387 484 418 514 οὒ
433 485 467 522 ἦν
478 488 509 514 τὸ
528 488 557 514 ὲν
570 489 602 523 τῇ
619 489 720 523 παλαιᾷ
737 489 822 522 σκηνῇ
844 488 954 514 ἀντίτυ-

165 541 228 566 πον,
245 532 298 559 ὑπὸ
314 532 387 559 θείου
397 533 515 568 ἀγγέλου
545 533 665 566 λύεσθαι,
690 533 760 560 ὥστε
785 534 900 569 ταράξαι
921 534 956 560 τὰ

165 576 241 614 ἔθνη,
267 579 297 605 οὺ
318 579 399 614 μόνον
427 579 499 606 κατὰ
518 579 702 614 Χριστιανῶν,
732 578 800 606 ἀλλὰ
827 580 874 606 καὶ
895 580 955 606 κατ’

165 625 291 660 ἀλλήλων
303 634 310 641 ·
326 626 364 658 ὡς
377 626 411 653 ἂν
428 627 453 653 οἱ
469 626 518 661 μὲν
538 626 645 661 δόκιμοι
665 628 711 654 καὶ
730 627 822 653 πιστοὶ
843 626 957 662 φανεροὶ

165 671 312 706 γένωνται,
327 672 375 698 καὶ
388 671 521 707 μειζόνων
533 672 655 707 ἀμοιὸὧν
670 673 718 699 καὶ
726 673 780 700 τῶν
796 673 852 700 ἄνω
867 672 956 707 μονῶν

165 718 214 744 καὶ
229 718 378 753 ἀποθηκῶν
392 718 464 752 ἄξιοι
484 719 619 753 φανῶσιν,
636 718 673 750 ὡς
685 720 758 750 σῖτος
778 719 884 755 ὥριμος
898 727 905 734 ·
931 719 957 745 oi

164 763 194 789 δὲ
205 762 367 798 ἀχυρώδεις,
380 763 502 795 ἀσεϐεῖς,
517 764 564 790 καὶ
576 763 637 791 λίαν
649 763 808 798 ἁμαρτωλοὶ
825 764 873 790 καὶ
886 764 956 799 ἅμε-

167 809 303 844 τανόητοι,
322 809 435 841 ἐνδίκως
450 809 569 836 ἐνταῦθα
586 809 630 844 [δι’
645 809 745 845 αὐτῶν]
768 808 955 844 κολαζόμενοι,

167 855 347 890 ἡμερωτέρας
372 855 423 890 τῆς
450 855 602 890 καταδίκης
626 856 655 882 ὲν
669 856 702 891 τῇ
719 855 809 891 κρίσει
827 855 956 890 τύχωσιν.

1005 259 1108 293 alligati
1126 262 1270 291 tenentur;
1295 263 1360 285 tunc
1387 265 1461 291 vero,
1484 258 1614 286 nimirum
1641 259 1693 286 sub
1721 259 1793 287 diem

1003 303 1110 338 judicii,
1120 311 1181 331 cum
1193 303 1433 331 innumerabilium
1445 303 1605 339 angelorum
1621 303 1796 331 multitudine

1006 349 1038 376 ad
1054 349 1201 384 impiorum
1223 350 1478 377 condemnationem
1498 350 1657 380 solventur.
1685 357 1717 377 ac
1734 354 1795 377 tan-

1006 403 1088 430 quam
1108 395 1154 422 Dei
1177 395 1295 422 ministri
1314 396 1421 422 tertiam
1445 396 1599 422 mortalium
1625 400 1729 430 partem
1752 396 1794 422 in-

1006 443 1158 470 ternecioni
1168 442 1282 470 dabunt.
1298 442 1355 477 Ego
1371 450 1436 470 vero
1460 442 1544 469 hosce
1563 442 1645 470 etiam
1667 450 1721 470 non
1748 450 1796 469 an-

1007 489 1090 524 gelos,
1107 489 1153 516 sed
1169 489 1303 524 pessimos
1316 488 1452 516 daemones
1472 496 1532 516 esse
1546 489 1708 521 essistimo;
1726 496 1796 523 quos

1004 535 1082 570 juxta
1096 535 1218 562 divinum
1232 534 1390 562 mandatum
1406 542 1420 562 e
1437 534 1550 573 sublimi
1567 534 1699 562 caelorum
1716 534 1796 561 altari

1008 581 1098 616 (cujus
1110 581 1264 616 exemplum
1293 581 1320 607 in
1347 581 1432 608 veteri
1463 580 1640 607 tabernaculo
1659 581 1795 614 exstabat)

1007 626 1120 661 eiectos,
1135 630 1162 654 et
1177 634 1225 661 per
1239 625 1341 654 Christi
1358 626 1386 653 in
1398 633 1508 654 carnem
1525 625 1672 653 adventum
1690 626 1723 652 ad
1737 633 1798 653 cer-

1007 677 1066 700 tum
1083 673 1172 700 locum
1193 673 1331 708 ablegatos
1351 677 1378 700 et
1398 672 1539 708 alligatos,
1564 679 1637 700 unus
1660 672 1796 706 quispiam

1007 727 1041 748 ex
1058 719 1215 755 angelorum
1234 726 1349 747 numero
1367 719 1467 746 liberos
1481 727 1515 746 eo
1529 723 1653 753 tempore
1667 718 1797 749 dimittet,

1008 773 1064 801 quo
1080 771 1175 801 gentes
1189 765 1354 793 conturbent
1377 770 1405 793 et
1418 770 1526 796 vexent,
1550 764 1717 799 easdemque
1743 771 1797 790 non

1010 816 1114 839 tantum
1125 812 1258 840 adversus
1269 811 1453 843 Christianos,
1466 811 1512 838 sed
1524 814 1620 838 contra
1635 817 1665 837 se
1680 809 1796 836 invicem

1009 864 1120 892 quoque
1138 857 1289 892 instigent;
1303 861 1333 884 ut
1350 857 1402 884 hac
1415 856 1525 884 demum
1540 856 1647 883 ratione
1667 854 1798 882 tentatio—

167 901 200 927 Et
226 900 256 926 δὲ
281 901 321 935 τῷ
337 900 469 936 Εὐφράτῃ
484 900 678 936 προσδέδενται
692 920 699 932 ,
722 900 799 927 οὐδὲν
816 899 892 932 ξένον
906 907 913 914 ·
932 900 957 926 οἱ

1011 902 1052 929 nis
1064 902 1126 937 igne
1143 902 1250 937 probati
1266 902 1360 930 ﬁdeles
1370 901 1506 929 manifesti
1524 901 1601 934 ﬁant,
1616 901 1798 936 ampliorique

169 946 220 980 μὲν
234 946 302 981 γὰρ,
320 946 360 978 εἰς
375 945 426 981 τὴν
440 945 561 973 ἄϐυσσον
576 952 583 960 ·
599 946 625 972 οἱ
647 945 685 979 δὲ,
710 946 750 977 εις
764 946 828 977 τοὺς
850 945 960 981 χοίρους

167 990 264 1027 [τότεσ]
278 992 302 1018 οἱ
321 991 360 1023 δὲ,
376 991 417 1022 εις
431 991 544 1027 ἑτέρους
559 992 669 1025 τόπους,
682 991 753 1019 κατὰ
765 991 796 1018 τὸ
815 991 960 1026 παραστάν

166 1039 206 1074 τῷ
222 1037 293 1073 Θεῷ,
305 1037 369 1073 ἄχρι
381 1037 481 1073 καιροῦ
494 1038 740 1073 κατεδικάσθησαν,
758 1039 827 1074 μετὰ
836 1038 881 1065 τὸν
892 1046 960 1064 παν-

166 1086 233 1121 τελῆ
250 1084 341 1111 αὐτῶν
371 1084 431 1111 κατ’
455 1084 610 1120 ἀνθρώπων
633 1085 754 1119 πόλεμον
774 1083 893 1115 αὶωνίως
913 1092 958 1110 κο-

167 1129 380 1164 λασθησόμενοι.
400 1128 480 1160 Ἴσως
494 1129 522 1155 δὲ
536 1129 606 1165 [καί]
617 1129 661 1156 διὰ
672 1129 722 1164 τῆς
735 1129 788 1156 τοῦ
798 1128 959 1163 Εὐφράτου

170 1174 282 1210 μνήμης
300 1173 431 1209 δηλοῦται
448 1175 480 1200 ἐκ
494 1174 549 1200 τῶν
560 1174 653 1210 μερῶν
664 1174 777 1200 ἐκείνων
798 1173 898 1206 ἐξιέναι
915 1173 959 1201 τὸν

175 1221 373 1255 ’Δντὶχριστον.
392 1220 460 1255 Περὶ
486 1220 516 1246 δὲ
543 1219 590 1247 τοῦ
619 1219 739 1255 πλήθους
754 1219 809 1246 τῶν
824 1220 959 1255 δαιμόνων

169 1265 350 1300 ἀμφιϐάλλειν
376 1264 406 1291 οὐ
426 1265 490 1299 χρή.
510 1264 615 1295 Πάντες
638 1264 693 1299 γὰρ
707 1264 732 1291 οῑ
755 1265 829 1298 ἅγιοι
855 1264 959 1300 πεπλη-

172 1310 274 1345 ρῶσθαι
296 1310 386 1337 αὐτῶν
414 1309 461 1336 τὸν
487 1309 555 1344 ἀέρα
583 1309 704 1343 λέγουσι.
722 1309 756 1335 Τί
783 1309 811 1335 δὲ
840 1309 915 1345 δηλοί
928 1309 958 1336 τὸ

168 1357 262 1391 τρίτον
277 1356 332 1382 τῶν
347 1356 584 1391 ἀποκτενομένων,
600 1357 648 1382 καὶ
672 1356 722 1391 ἤδη
741 1357 957 1391 προειρήκαμεν.

1010 947 1138 975 mercede
1151 952 1178 975 et
1191 947 1370 982 splendidiori
1386 949 1414 974 in
1428 947 1505 975 ccelis
1522 947 1674 978 mansione,
1689 950 1718 973 et
1730 954 1799 981 apo-

1009 994 1088 1021 theca
1103 993 1221 1029 dcnique
1237 998 1368 1029 tanquam
1387 997 1524 1021 maturum
1546 999 1703 1028 purumque
1729 993 1800 1020 triti-

1009 1048 1071 1067 cum
1099 1040 1227 1068 nobiliori
1248 1039 1322 1076 digni
1348 1039 1525 1068 habeantur:
1547 1039 1631 1074 paleae
1650 1042 1741 1066 autem
1772 1042 1801 1066 et

1008 1086 1083 1121 impii
1101 1087 1276 1121 insignesque
1293 1090 1452 1121 peccatores
1472 1086 1525 1122 41
1552 1090 1579 1113 et
1599 1085 1744 1116 obstinari,
1764 1085 1798 1112 ad

1010 1139 1096 1159 unum
1109 1139 1206 1159 omnes
1221 1131 1295 1166 jnste
1311 1131 1356 1159 hic
1368 1131 1468 1166 puniti,
1486 1131 1656 1158 clementiori
1668 1131 1799 1158 condem-

1011 1177 1131 1204 nationis
1142 1177 1274 1204 sententia
1290 1176 1317 1204 in
1333 1176 1436 1212 judicio
1450 1176 1496 1203 illo
1511 1175 1656 1203 feriantur.
1668 1176 1696 1204 Si
1707 1179 1799 1203 autent

1011 1226 1130 1257 quatuor
1144 1222 1271 1257 pluresve
1296 1222 1436 1249 daemones
1455 1221 1588 1257 Euphrati
1604 1228 1666 1248 vere
1694 1221 1799 1256 alligari

1011 1273 1184 1300 asserantur,
1197 1267 1265 1295 nihil
1281 1267 1341 1294 novi
1357 1272 1404 1295 aut
1420 1267 1545 1295 inusitati
1569 1267 1711 1295 asseritur.
1726 1267 1799 1295 Con-

1012 1316 1068 1339 stat
1093 1319 1211 1346 namque
1238 1312 1346 1340 aliosin
1370 1313 1499 1348 abyssum
1525 1321 1597 1347 smpc
1627 1313 1799 1344 amendatos,

1014 1358 1082 1386 alios
1095 1359 1122 1386 in
1137 1366 1235 1393 porcos
1248 1359 1362 1394 eiectos,
1372 1359 1442 1387 alios
1457 1359 1511 1386 alio
1520 1367 1570 1394 pro
1594 1359 1640 1386 Dei
1661 1360 1800 1387 voluntate

168 1402 202 1429 ad
219 1406 327 1437 tempus
344 1401 484 1437 ablegatos
498 1401 594 1435 fuisse,
614 1402 640 1429 in
660 1409 741 1430 omne
756 1406 850 1437 postea
869 1410 957 1430 aevum
979 1403 1024 1431 ubi
1053 1404 1171 1439 primum
1187 1405 1313 1432 videlicet
1346 1405 1457 1437 bellum,
1469 1405 1542 1439 quod
1557 1404 1690 1432 adversus
1710 1404 1800 1431 homi-

169 1453 230 1473 nem
244 1450 353 1481 gerunt,
368 1446 472 1481 integre
482 1446 659 1479 absolverint,
677 1447 749 1482 apud
781 1446 886 1474 inferos
908 1449 1083 1477 cruciandos.
1115 1449 1252 1477 Credibile
1266 1450 1294 1477 ﬁt
1323 1457 1433 1485 quoque
1455 1449 1600 1484 Euphratis
1613 1450 1647 1477 ob
1677 1450 1703 1476 id
1722 1457 1800 1476 men-

167 1494 270 1521 tionem
284 1492 355 1526 ﬁeri,
376 1492 449 1527 quod
465 1492 649 1520 Antichristus
666 1499 700 1519 ex
714 1491 767 1519 illis
784 1492 853 1521 locis
886 1493 1043 1521 exoriturus
1078 1494 1215 1522 credatur.
1240 1494 1278 1522 De
1295 1495 1398 1529 lugenti
1432 1499 1521 1521 autem
1547 1494 1701 1521 daemonum
1732 1495 1800 1522 mul-

168 1541 286 1569 titudine
309 1549 363 1569 non
390 1545 433 1569 est
456 1540 650 1573 dubitandum,
664 1548 727 1568 cum
750 1548 846 1569 omnes
871 1541 960 1569 sancti
985 1549 1076 1569 aerem
1111 1542 1185 1570 hunc
1221 1541 1392 1569 datmonihus
1414 1541 1543 1569 refertum
1564 1546 1700 1569 asscrant.
1716 1541 1799 1578 [Quid

167 1595 234 1615 vero
245 1588 415 1616 demonstret
428 1587 507 1615 tertia
523 1595 587 1622 pars
603 1588 845 1622 interemptorum,
861 1591 889 1615 et
900 1587 956 1623 jam
971 1588 1116 1624 diximus]

204 1634 259 1661 Kal
276 1633 356 1666 ὅπως
368 1631 452 1660 εῖδον
469 1633 539 1666 τοὺς
553 1634 667 1666 ἵππους
680 1634 715 1660 ἐν
731 1633 768 1668 τῇ
784 1635 898 1668 ὁράσει,
911 1635 960 1661 καὶ
974 1639 995 1668 c

167 1681 240 1713 τοὺς
263 1681 451 1714 καθημένους
477 1680 523 1706 ἐπ’
549 1680 664 1714 αὐτῶν,
681 1681 808 1715 ἔχοντας
827 1680 960 1715 θώρακας

170 1729 327 1761 πυρίνους,
354 1726 404 1752 καὶ
424 1726 630 1759 ὑακινθίνους,
660 1727 710 1753 καὶ
736 1726 885 1760 θειώδεις·
910 1727 961 1754 καί.

170 1774 201 1800 al
212 1772 342 1806 κεφαλαὶ
360 1773 420 1798 τῶν
436 1772 538 1799 ἵππων
556 1772 598 1806 ὼς
616 1773 744 1806 κεφαλαί
761 1774 895 1800 λεόντων
911 1773 959 1799 καὶ

168 1819 204 1846 ἐκ
225 1817 285 1844 τῶν
302 1818 461 1853 στομάτων
481 1818 581 1846 αὐτῶν
600 1818 795 1852 ἐξεπορεύετο
817 1818 887 1850 πῦρ,
911 1819 960 1845 καί

170 1865 299 1897 καπνὸς,
319 1865 367 1892 καὶ
383 1864 474 1892 θεῖον.
499 1864 566 1891 Ἀπὸ
577 1863 638 1891 τῶν
646 1865 734 1898 τριῶν
750 1863 875 1899 πληγῶν
891 1865 960 1892 τού-

169 1918 232 1938 των
247 1910 420 1944 ἀπεκτάνθη
442 1911 476 1937 τὸ
500 1910 601 1945 τρίτον
629 1910 688 1937 τῶν
704 1909 879 1943 ἀνθρώπων,
901 1910 960 1937 ἀπὸ

169 1956 224 1983 τοῦ
240 1956 346 1990 πυρὸς,
365 1957 414 1983 καὶ
437 1956 490 1983 τοῦ
516 1955 645 1987 καπνοῦ,
663 1955 777 1983 καὶτοῦ
791 1956 883 1988 θείου,
904 1955 963 1982 τῶν

169 2003 418 2038 ἐκπορευομένων
430 2003 464 2029 ὲκ
480 2002 541 2029 τῶν
556 2003 712 2036 στομάτων
730 2002 840 2029 αὐτῶν.
863 2002 896 2029 Ἦ
907 2001 963 2036 γὰρ

168 2049 298 2081 ἐξουσία
312 2048 372 2081 τῶν
383 2049 494 2081 ἵππων,
511 2048 547 2075 ἐν
560 2048 601 2081 τῷ
616 2048 742 2082 στόματι
763 2048 863 2075 αὐτῶν
883 2048 961 2079 ἐστι,

1049 1634 1094 1667 IX,
1119 1635 1214 1663 17-19.
1232 1634 1265 1661 Et
1287 1635 1325 1662 ita
1342 1634 1396 1662 vidi
1423 1643 1502 1670 equos
1520 1635 1548 1662 in
1572 1636 1693 1663 uisione:
1709 1641 1734 1663 et
1755 1638 1802 1672 qui

1011 1681 1133 1708 sedebant
1148 1690 1227 1716 super
1239 1689 1294 1713 eos,
1313 1681 1443 1708 habebant
1462 1681 1561 1709 loricas
1578 1683 1679 1717 igneas.
1696 1688 1720 1710 et
1733 1683 1802 1718 hya-

1011 1727 1156 1758 cinthinus,
1179 1731 1204 1753 et
1219 1726 1375 1761 sulphureas
1391 1734 1400 1754 :
1417 1731 1442 1754 et
1463 1728 1553 1761 capita
1575 1736 1702 1762 equorum
1724 1733 1800 1755 erant

1013 1778 1140 1807 tanquam
1159 1773 1248 1807 capita
1259 1773 1382 1804 leonum;
1396 1779 1419 1800 et
1432 1772 1464 1800 de
1478 1781 1523 1800 ore
1540 1781 1630 1800 eorum
1644 1775 1802 1808 procedebat

1012 1821 1092 1856 ignis,
1113 1825 1138 1847 et
1162 1820 1263 1854 fumus,
1286 1824 1311 1846 et
1336 1819 1457 1854 sulphur.
1480 1819 1518 1845 Ab
1543 1819 1583 1846 his
1604 1820 1689 1846 tribus
1715 1820 1801 1855 plagis

1013 1867 1102 1893 occisa
1119 1871 1156 1894 est
1171 1867 1251 1893 tertia
1265 1873 1327 1901 pars
1342 1865 1490 1897 hominum,
1508 1866 1539 1892 tle
1554 1865 1624 1900 igne,
1636 1869 1660 1892 et
1671 1865 1704 1893 de
1716 1865 1800 1900 fumo,

1013 1918 1037 1939 et
1046 1913 1180 1946 sulphure,
1190 1920 1249 1947 qure
1260 1911 1433 1946 procedebant
1444 1911 1475 1938 de
1488 1919 1531 1938 ore
1542 1911 1669 1945 ipsorum.
1681 1910 1801 1938 Potestas

1013 1960 1081 1985 enim
1098 1966 1223 1993 equorum
1241 1958 1270 1984 in
1284 1965 1328 1984 ore
1339 1964 1432 1983 eorum
1447 1961 1496 1988 est,
1510 1962 1534 1983 et
1550 1957 1578 1982 in
1592 1957 1685 1982 caudis
1699 1964 1800 1984 eorum.

1015 2002 1087 2029 Nam
1100 2002 1193 2029 caudw
1211 2010 1301 2029 eorum
1314 2001 1412 2028 similes
1430 2001 1603 2035 serpentibus,
1619 2001 1742 2029 habentes
1754 2010 1801 2029 ca--

1013 2049 1089 2083 pitu;
1107 2054 1130 2075 et
1148 2049 1175 2074 in
1190 2048 1230 2074 his
1248 2052 1350 2074 nocent.
1798 2040 1800 2043 ’

170 2095 221 2122 καὶ
235 2095 271 2122 ἐν
278 2094 342 2127 ταῖς
353 2094 455 2128 οὐραῖς
467 2093 577 2120 αὐτῶν·
587 2095 617 2121 al
629 2094 684 2128 γὰρ
695 2094 779 2127 οὐραὶ
791 2093 899 2126 αὐτῶν,
911 2093 1008 2128 ὅμοιαι
1018 2093 1125 2128 ὄφεσιν
1135 2092 1262 2127 ἔχουσαι
1271 2091 1415 2126 κεφαλὰς,
1429 2090 1477 2118 καὶ
1486 2091 1520 2117 ἐν
1528 2091 1633 2123 αὐτοῖς
1649 2091 1800 2120 ἀδικοῦσι.

208 2142 340 2174 Ἵππους
365 2141 394 2168 δὲ
424 2140 560 2176 [δικαίως]
586 2138 664 2176 οἶμαι
688 2140 827 2174 λέγεσθαι,
854 2141 870 2175 ἥ
897 2140 959 2172 τοὺς

171 2188 341 2223 θηλυμανείς
355 2187 401 2213 καὶ
421 2186 571 2221 κτηνὼδεις
585 2186 747 2222 ἀνθρώπους
758 2195 766 2202 θ
783 2186 799 2222 ἢ
815 2187 878 2218 τοὺς
893 2186 960 2212 ὑπο-

1050 2139 1102 2166 Per
1120 2137 1207 2173 Equos
1225 2138 1277 2165 hoc
1291 2138 1351 2164 loco
1367 2137 1505 2172 designari
1530 2137 1696 2165 arbitramur
1711 2138 1801 2165 homi-

1015 2193 1064 2212 nes
1081 2185 1173 2212 veneri
1192 2184 1324 2218 luxuique
1346 2183 1468 2215 deditos,
1489 2182 1692 2218 belluinamque
1717 2184 1800 2211 vitam

173 2218 330 2270 σεϐηκὸτας
343 2234 390 2260 καὶ
404 2218 573 2269 ἀρχομένους
590 2235 618 2260 ὲν
635 2218 692 2266 τοῖς
706 2218 845 2269 δαίμοσιν·
864 2234 959 2260 ἐπιθά-

1015 2230 1166 2257 ducentes:
1185 2233 1232 2255 aut
1255 2229 1393 2255 dmmones
1412 2235 1488 2259 sane,
1510 2227 1557 2262 qui
1577 2227 1693 2255 aliorum
1713 2228 1800 2263 impc-

171 2289 223 2312 τας
241 2281 281 2312 δὲ,
299 2281 362 2312 τοὺς
376 2280 480 2306 τούτων
495 2280 693 2316 κατάρχοντας.
718 2281 799 2312 Ἔθος
822 2280 877 2315 γὰρ
902 2279 963 2306 τιύ-

171 2335 242 2358 τοις,
258 2325 289 2352 οὐ
309 2325 389 2360 μόνον
403 2325 529 2361 ἀλλήλοις
544 2326 706 2361 ὑπηρέταις,
730 2325 798 2352 ἀλλὰ
817 2325 862 2351 καὶ
880 2332 962 2359 πονη-

172 2372 232 2405 ροῖς
254 2370 408 2405 ἀνθρώποις
431 2370 558 2405 ὀργάνοις
583 2370 651 2405 πρὸς
676 2371 725 2405 τὴν
743 2369 796 2396 τῶν
820 2369 963 2404 ὁμοφύλων

171 2416 326 2452 ἀνθρώπων
341 2416 487 2452 ἐπιϐουλὴν
502 2417 664 2452 κεχρῆσθαι.
683 2418 756 2449 Τοὺς
772 2416 800 2442 δὲ
816 2415 963 2450 πυρίνους

171 2463 221 2489 καὶ
235 2463 429 2495 ὑακινθίνους
447 2463 496 2489 καί
508 2462 638 2496 θειώδεις
650 2462 795 2496 θώρακας,
808 2462 856 2497 τῆς
870 2461 962 2496 ἀερῑου

170 2509 228 2534 τῶν
244 2508 374 2544 πονηρῶν
388 2509 554 2544 πνευμάτων
569 2509 674 2541 οὐσίας,
689 2508 736 2534 καὶ
750 2508 798 2542 τῆς
811 2507 963 2541 καυστικῆς

171 2551 316 2587 ἐνεργείας
349 2549 417 2578 εἶναι
458 2553 642 2587 σημαντικοὺς
669 2551 834 2587 νομίζομεν
856 2551 905 2583 τὰς
934 2551 962 2577 δὲ

170 2597 309 2631 κεφαλὰς
322 2597 382 2623 τῶν
401 2598 545 2628 λεόντων,
559 2597 590 2624 τὸ
608 2597 719 2632 φονικὸν
741 2597 833 2623 αὐτῶν
855 2597 902 2623 καὶ
915 2596 963 2631 θη-

172 2643 271 2680 ριῶδες
294 2643 478 2670 αἰνίττεσθαι·
494 2644 525 2670 τὸ
543 2645 572 2670 δὲ
599 2644 817 2679 ἐκπορευόμενον
839 2643 898 2677 πῦρ
915 2643 963 2669 σὺν

172 2688 272 2723 καπνῷ
288 2689 335 2716 καὶ
353 2689 418 2724 θείῳ
440 2691 474 2717 ὲκ
496 2690 544 2717 τοῦ
564 2691 697 2725 στόματος
717 2690 819 2721 αὐτῶν,
837 2690 871 2716 δι’
888 2686 919 2716 οὗ
933 2690 963 2715 τὸ

171 2735 266 2771 τρίτον
295 2735 348 2761 τῶν
366 2735 517 2770 ἀνθρώπιον
543 2735 739 2763 ἀποκτένεσθαι
765 2735 962 2770 ὴπεὶληται,ῆ

172 2782 223 2812 τὰς
238 2780 282 2807 διὰ
294 2781 348 2807 τῶν
364 2781 475 2808 ἰοϐόλων
487 2781 600 2817 [αὐτῶν]
617 2782 775 2817 προσὸολῶν
790 2783 837 2808 καὶ
851 2782 962 2816 εἰσηγή-

175 2834 246 2852 σεων
260 2826 398 2861 ἁμαρτίας
415 2827 478 2858 τοὺς
495 2827 617 2862 καρποὺς
629 2827 677 2862 τῆς
695 2827 808 2862 καρδίας
820 2826 962 2861 φλογιζοὺ-

175 2881 224 2904 σας
242 2872 406 2899 αἰνίττεται·
427 2873 442 2907 ἢ
472 2873 520 2905 τὰς
538 2874 569 2900 ἐκ
589 2873 642 2900 τῶν
670 2873 845 2909 βαρϐαρικῶν
864 2874 963 2908 χειρῶν

1015 2277 1057 2304 rio
1081 2275 1165 2303 veluti
1183 2275 1253 2302 servi
1274 2274 1434 2308 subiacent;
1457 2280 1573 2308 quorum
1598 2278 1721 2301 vectores
1738 2279 1803 2302 sunt

1016 2321 1136 2356 Spiritus
1166 2320 1211 2355 qui
1241 2319 1425 2355 principatum
1458 2319 1529 2346 inter
1552 2318 1673 2353 reliquos
1697 2323 1802 2347 tcncnt.

1015 2367 1159 2395 Dmmones
1173 2373 1301 2401 namque,
1324 2369 1432 2400 recepto
1452 2365 1523 2400 apud
1549 2365 1625 2400 ipsos
1644 2372 1731 2398 more,
1747 2373 1802 2392 non

1015 2414 1096 2441 modo
1112 2418 1220 2440 mutuas
1239 2413 1290 2440 sibi
1307 2412 1422 2439 invicem
1435 2419 1534 2447 operas
1546 2415 1689 2447 praestant,
1707 2419 1802 2439 verum

1015 2460 1106 2494 pravis
1139 2466 1248 2494 quoque
1280 2458 1439 2486 hominibus
1471 2457 1619 2489 famulari,
1652 2457 1805 2492 iisdemque

1015 2507 1137 2533 vicissim
1164 2510 1294 2540 tanquam
1309 2504 1420 2540 organis
1436 2504 1467 2531 ad
1486 2504 1602 2532 aliorum
1624 2508 1802 2538 cognatorum

1015 2551 1159 2579 hominum
1179 2551 1302 2578 fraudem
1318 2555 1345 2578 et
1363 2550 1478 2577 insidias
1497 2550 1535 2577 uti
1554 2549 1653 2576 solent.
1666 2549 1801 2575 Caeterum

1015 2606 1063 2633 per
1078 2599 1166 2632 igneas
1177 2618 1184 2630 ,
1202 2602 1226 2624 et
1252 2597 1454 2633 hyacinthinus,
1472 2601 1497 2623 et
1513 2595 1667 2630 sulphureas
1693 2593 1801 2623 loricas,

1016 2652 1111 2672 aereas
1128 2644 1322 2671 sceleratorum
1348 2644 1492 2679 spirituum
1511 2647 1635 2673 naturas,
1654 2640 1803 2674 igneasqne

1016 2690 1176 2718 eorumdcm
1192 2690 1265 2718 vires
1276 2695 1303 2717 et
1315 2690 1489 2724 operationes
1503 2687 1636 2715 insinuari
1652 2685 1800 2713 credimus.

1017 2736 1067 2763 Per
1094 2736 1197 2763 leonum
1218 2736 1306 2770 capita
1323 2741 1412 2762 autem
1433 2734 1511 2761 letale
1534 2733 1732 2765 eﬁ‘eratnmquc
1750 2737 1802 2757 uo-

1017 2781 1095 2809 ecndi
1112 2781 1235 2809 studium
1254 2790 1260 2808 ξ
1278 2781 1329 2808 Per
1341 2782 1425 2815 ignem
1441 2780 1570 2813 denique,
1587 2777 1634 2812 qui
1651 2785 1712 2804 cum
1727 2775 1802 2803 fumo

1015 2833 1042 2855 et
1057 2828 1189 2864 sulphure
1204 2836 1237 2855 ex
1252 2836 1299 2855 ore
1312 2827 1421 2854 illorum
1436 2832 1574 2860 egressus,
1591 2823 1697 2851 tertiam
1715 2822 1796 2849 Immi-

1017 2883 1081 2902 num
1108 2880 1212 2910 partem
1231 2883 1285 2903 non
1308 2874 1412 2909 absque
1438 2871 1652 2899 comminatione
1669 2871 1799 2897 interem-
