2093 3159
238 217 293 250 315

828 213 872 242 AN
879 212 988 242 DREE
1014 212 1275 243 C/ESARIENSIS

1823 209 1875 243 3l6

238 280 298 303 suns
314 275 346 301 ”.
363 273 552 303 Convertenos,
570 271 637 298 Deus
649 269 778 297 salutaris
793 274 891 301 noster,
907 274 931 296 et
947 273 1033 296 averte

1089 278 1143 297 σου
1157 271 1208 305 ἀφ’
1224 268 1336 305 ἠμὼνε]
1354 269 1404 296 ἵνα
1415 268 1458 304 μὴ
1475 269 1617 304 είσέλθῃς
1630 270 1674 302 εἷς
1689 269 1790 304 κρίσιν
1801 271 1877 304 μετὰ

239 322 307 347 iram
324 324 397 347 luant
410 327 426 345 α
442 319 514 345 nobis
530 318 564 344 ³⁰.
581 316 671 351 Neque
687 316 769 342 intres
786 316 812 342 in
822 315 956 350 judicium
970 323 1030 341 cum

239 365 320 392 seruis
345 364 398 390 tui:
412 383 419 396 ,
444 363 555 389 Domine
572 362 604 388 ³¹.
619 360 738 388 Judicati
762 361 835 387 cnim
847 361 909 388 “abs
925 364 950 387 te
961 380 969 393 ,
983 361 1030 395 qui

241 411 360 438 clemens
382 414 407 436 et
432 409 567 443 benignus
591 415 631 440 es.
657 408 809 439 erudimur.
835 415 868 434 ne
891 415 953 434 cum
980 408 1032 434 hoc

241 454 344 482 mundo
365 453 598 486 condemnemur;
625 452 671 480 sed
689 460 737 487 per
753 453 822 480 levia
841 453 965 487 quaedam
983 452 1032 480 lla-

241 499 310 534 gella
328 498 473 532 admoniti,
488 497 688 532 sempiternum
702 497 854 524 crueiatum
871 497 1031 525 evadamus.

241 545 377 579 Quoniam
393 545 469 572 dives
485 551 515 572 es
535 544 561 571 in
581 544 816 576 miserationibus,
834 544 944 572 Christe
961 543 1034 572 Deus

241 596 346 619 noster.
358 590 444 624 Quem
462 589 577 625 proinde
592 590 669 617 decet
683 590 773 616 omnis
785 589 933 624 gratiarum
948 589 1032 621 actio,

240 643 267 664 et
283 637 379 671 gloria,
396 641 422 663 et
439 637 539 668 honor,
558 640 585 663 et
600 636 732 668 adoratio,
760 643 813 662 una
830 643 892 662 cum
911 626 991 662 Patre
1006 639 1034 662 et

241 682 350 709 vivillco
375 686 525 717 sanctoque
550 681 668 716 Spiritu,
693 689 767 709 nunc
786 686 812 709 et
833 689 950 716 semper,
964 685 991 709 et
1006 681 1033 709 in

243 728 342 756 Saecula
359 729 533 756 saeculorum.
547 729 644 756 Amen.

416 794 529 823 CAPUT
550 795 646 829 XXXI,
671 796 788 824 SERMO
805 796 852 824 Χι.

246 858 280 886 ω
296 860 348 886 duo
368 861 414 888 isti
433 861 480 888 Dei
500 862 632 899 prop/tetri:
654 863 686 889 ab
702 863 866 891 Antio/uiuo
888 865 1034 899 trucidati,

491 897 576 924 denuo
599 899 775 925 surrexerint.

278 963 326 996 ΧΙ,
342 964 384 997 ll,
403 965 445 992 l2.
463 965 496 992 Et
510 970 568 1000 post
580 967 635 993 dies
651 971 702 993 tres
717 971 741 993 et
756 967 908 1000 dimidium,
919 967 1035 1003 Spiritus

243 1009 304 1035 vita
316 1017 331 1034 α
349 1007 403 1035 Deo
423 1010 533 1036 irritavit
557 1011 584 1037 in
600 1020 662 1044 eos;
677 1017 701 1038 et
717 1017 846 1039 steterunt
867 1021 946 1046 super
959 1014 1036 1048 pedes

243 1061 304 1080 sum
317 1061 326 1079 :
342 1058 366 1080 et
378 1054 458 1080 timor
476 1063 586 1090 magnus
603 1057 695 1083 cecidit
712 1066 790 1092 super
801 1066 844 1085 eos
855 1059 899 1093 qui
914 1060 1035 1086 viderunt

243 1107 297 1125 eos.
313 1098 347 1124 Et
362 1099 519 1127 audiverunt
536 1109 624 1128 vocem
640 1111 762 1138 magnam
774 1111 806 1131 ex
818 1105 892 1137 caelo,
909 1106 1036 1133 dicentem

243 1146 280 1172 eis
302 1153 311 1172 :
332 1145 472 1173 Ascendite
497 1147 557 1175 ltltc.
585 1149 620 1176 Et
645 1150 821 1178 ascenderunt
841 1152 867 1178 in
893 1152 988 1179 uelum
1009 1153 1037 1180 in

245 1194 321 1219 nube.

282 1283 475 1319 Posteaquam,
492 1284 591 1319 inquit,
607 1289 647 1312 tot
662 1285 720 1312 dies
735 1285 863 1313 exstincti
878 1285 1036 1321 jacucrunt,

245 1334 314 1364 quot
333 1337 420 1358 annos
442 1330 583 1358 vaticinati
610 1331 730 1364 fuerant,
750 1331 879 1359 nimirum
906 1337 960 1360 tres
976 1340 1037 1359 cum

246 1375 373 1409 dimidio,
388 1376 478 1405 denuo
491 1382 681 1410 surrexerunt,
698 1377 898 1413 Dominicoque
912 1377 1038 1406 vehiculo

247 1422 331 1458 (nube
344 1423 481 1458 videlicet)
508 1424 645 1454 subvecti.
665 1423 698 1451 ad
715 1424 815 1451 cmlum
832 1425 1037 1457 ascenderunt;

247 1467 356 1494 timoris
367 1468 450 1495 simul
463 1473 491 1496 et
504 1469 625 1504 stupetis
641 1476 726 1496 causa
742 1469 796 1496 illis
811 1468 899 1497 eliecti
915 1470 961 1504 qui
975 1473 1038 1498 ante

247 1512 309 1540 illos
322 1513 458 1542 viderant.

284 1557 329 1591 XI,
344 1559 386 1592 l2,
403 1559 436 1587 l5
462 1559 496 1588 Et
520 1561 639 1588 viderunt
652 1561 712 1588 illos
727 1561 830 1588 inimici
844 1570 945 1589 eorum.
963 1561 994 1588 Et
1011 1562 1038 1589 in

247 1603 296 1630 illa
313 1603 379 1630 hora
395 1604 483 1639 factus
507 1611 544 1633 est
559 1612 636 1634 terra:
652 1612 736 1634 motus
752 1615 883 1642 magnus;
898 1612 922 1635 et
937 1608 1039 1635 decima

1083 315 1142 342 τῶν
1156 315 1275 342 δούλων
1289 323 1349 342 σου
1360 323 1367 331 ⁸
1381 315 1538 350 κρινόμενοι
1553 315 1608 350 γὰρ
1624 314 1677 341 ὑπὸ
1692 315 1739 341 σοῦ
1753 315 1801 341 τοῦ
1816 317 1876 349 φιλ-

1084 361 1229 397 ανθρώπου
1244 360 1419 397 [Δεσπότου,]
1436 361 1634 396 παιδευόμεθα,
1657 361 1702 387 ἶνα
1719 360 1756 396 μὴ
1772 361 1821 387 σὺν
1836 361 1875 396 τῷ

1084 407 1180 442 κόσμῳ
1206 407 1431 442 κατακριθῶμεν,
1456 406 1525 433 ἀλλά
1550 407 1584 433 δι’
1609 406 1709 441 ὀλίγων
1733 407 1877 442 μαστίγων

1084 452 1193 479 αἰώνιον
1209 451 1407 487 ἐκφευξώμεθα
1423 452 1536 479 κόλασιν
1546 459 1552 466 ·
1567 452 1609 478 ὅτι
1636 451 1766 483 πλούσιος
1788 451 1878 487 ὑπάρ-

1084 506 1143 533 χεις
1167 498 1196 524 ὲν
1215 497 1381 533 οῑκτιρμοϊς,
1398 497 1503 532 Χριστὲ
1525 498 1539 524 ὸ
1561 498 1630 530 Θεὸς
1646 497 1738 533 ἡμῶν.
1754 497 1810 524 Καὶ
1835 498 1877 523 σοὶ

1084 543 1186 579 πρέπει
1197 544 1274 571 πᾶσα
1289 543 1489 580 [εὐχαριστία,]
1507 543 1583 578 δόξα,
1599 544 1678 580 τιμὴ,
1694 543 1742 572 καὶ
1752 543 1876 579 προσκύ-

1084 599 1173 626 νησις,
1195 591 1253 626 ἃμα
1267 590 1306 626 τῷ
1333 591 1430 626 Πατρὶ,
1447 591 1495 618 καὶ
1509 590 1547 626 τῷ
1568 590 1694 626 ζωοποιῷ
1718 591 1873 626 Πνεύματι,

1084 638 1132 665 νῦν
1160 638 1206 664 καὶ¹
1230 638 1285 670 ἀεὶ,
1316 638 1363 664 καὶ
1390 638 1430 669 είς
1463 637 1528 670 τοὺς
1548 638 1651 670 αίῶνας
1677 637 1732 665 τῶν
1758 636 1876 665 αίώνων.

1090 685 1118 712 ’Δ
1125 684 1190 720 μήν.

1296 796 1423 824 ΚΕΦΑΔ.
1440 795 1504 824 AA'.
1519 796 1629 824 ΛΟΓΟΣ
1646 797 1699 824 IA’.

1087 867 1183 899 ὀπως
1200 865 1422 902 ’ἀναιρεθέντες
1444 864 1504 892 ὑπὸ
1517 863 1591 902 ’τοῦ-
1605 845 1815 902 ’ᾼντιχρίστου
1839 865 1880 902 [οι

1108 901 1163 928 δύο
1173 898 1261 928 οὗτοι
1274 898 1328 926 τοῦ
1342 899 1416 927 Θεοῦ
1429 899 1591 935 προφῆται]
1607 898 1848 933 ἀναστήσονταιξ

1050 961 1073 991 Β
1125 967 1178 995 Καὶ
1186 967 1261 1002 μετὰ
1280 966 1334 1000 τὰς
1350 966 1428 1000 τρεῖς
1444 966 1492 992 καὶ
1509 966 1605 1000 ἣμισυ
1619 966 1742 1001 ἡμέρας,
1758 949 1882 1002 [luet-ina

1091 1013 1165 1047 ζωῆς
1176 1013 1210 1040 ἐκ
1222 1012 1274 1040 τοῦ
1292 1011 1366 1039 Θεοῦ
1381 1011 1526 1046 εἰσῆλθεν
1540 1012 1584 1045 εὶς
1597 1012 1721 1045 αὐτούς·
1731 1013 1780 1039 καί
1790 1013 1882 1047 ἕστη-

1091 1067 1151 1085 σαν
1167 1059 1216 1085 ἐπὶ
1244 1058 1317 1091 τοὺς
1338 1057 1434 1090 πόδας
1455 1057 1555 1084 αὐτῶν
1569 1066 1575 1073 ·
1604 1057 1654 1084 καὶ
1675 1057 1767 1091 φόϐος
1790 1058 1883 1086 ἔπεσε

1088 1104 1182 1139 μέγας
1196 1103 1245 1130 ἐπὶ
1263 1103 1333 1134 τοὺς
1356 1101 1541 1136 θεωροῦντας
1557 1103 1678 1135 αὐτούς.
1697 1102 1752 1129 Καὶ
1764 1102 1883 1136 ἤκουσα

1091 1150 1194 1186 φωνῆς
1208 1150 1343 1185 μεγάλης
1369 1149 1404 1176 ἐκ
1425 1149 1478 1176 τοῦ
1500 1149 1632 1183 οὐρανοῦ
1651 1149 1805 1184 ,λεγούσης
1828 1150 1883 1177 αὺ-

1091 1197 1154 1230 τοῖς
1164 1205 1171 1212 ν
1198 1196 1336 1230 Ἀνιὶσητε
1346 1194 1405 1222 ὦδε
1416 1203 1422 1210 ’
1438 1194 1487 1222 καί
1502 1195 1656 1229 ἀνέϐησαν
1669 1196 1713 1228 εὶς
1724 1195 1778 1222 τὸν
1793 1196 1883 1230 οἰιρα-

1091 1243 1147 1270 νὸν
1159 1243 1197 1268 ἐν’
1206 1240 1266 1278 [τῇ]
1279 1241 1402 1276 νεφέλῃ.

1133 1287 1306 1323 Ίσαρίθμους
1322 1287 1432 1322 ἡμέρας
1445 1287 1501 1318 τοῖς
1514 1286 1588 1313 ἔτεσι
1601 1287 1650 1322 τῆς
1669 1285 1759 1314 αὐτῶν
1774 1296 1884 1322 προφη-

1091 1333 1179 1365 τείας,
1210 1333 1287 1368 φησι,
1312 1331 1506 1368 νεκρωθέντες,
1539 1332 1644 1368 [πάλιν]
1672 1333 1884 1368 ἀναστήσονται,

1092 1379 1139 1404 καὶ
1176 1379 1216 1409 είς
1241 1377 1354 1412 οὐρανὸν
1387 1376 1438 1413 [ὲν]
1463 1377 1502 1411 τῷ
1529 1377 1687 1412 Δεσποτικῷ
1704 1378 1824 1413 ὀχήματι
1850 1379 1885 1412 τῇ

1092 1425 1191 1460 νεφέλῃ
1222 1424 1431 1457 ἁνελεῠσονται,
1462 1424 1545 1458 φόὸος
1569 1424 1616 1451 καὶ
1643 1423 1813 1459 κατάπληξις
1829 1424 1885 1455 τοῖς

1092 1471 1178 1508 ὁρῶσι
1194 1471 1344 1507 γινόμενοι.
1618 1479 1623 1483 '

1130 1562 1184 1590 Kal
1199 1562 1373 1596 ἐθεώρησαν
1389 1561 1500 1594 αὐτοὺς
1515 1563 1542 1589 al
1566 1560 1665 1596 ἐχθροὶ
1693 1559 1804 1588 αὐτῶν.
1831 1559 1888 1587 Καὶ

1095 1608 1152 1645 [ἐν]
1178 1609 1279 1642 ἐκείνῃ
1301 1608 1338 1641 τῇ
1355 1607 1450 1642 ἡμέρᾳ
1476 1607 1595 1641 ἐγένετο
1626 1607 1755 1642 σεισμὸς
1775 1606 1884 1642 μέγαςυ

247 1657 310 1684 pars
326 1649 442 1678 civitatis
469 1652 582 1684 recidit;
596 1658 620 1679 et
644 1653 730 1680 ocrisa
744 1658 805 1680 sunt
826 1654 853 1680 in
876 1658 953 1681 teme
969 1659 1038 1681 motu

1095 1654 1143 1681 καὶ
1164 1654 1197 1680 τὸ
1210 1654 1338 1680 δέκατον
1352 1652 1406 1686 τῆς
1425 1653 1540 1686 πόλεως
1550 1653 1642 1680 ἔπεσε
1653 1660 1660 1667 ’
1677 1652 1727 1679 καὶ
1737 1651 1888 1680 ἀπεκτάν-

249 1694 356 1722 nomina
374 1695 510 1722 hominum
526 1702 623 1731 septem
636 1697 731 1724 milliu.

285 1780 383 1809 lsthaac
399 1782 493 1810 forsan
511 1783 604 1811 scnsili
623 1783 704 1811 modo
718 1784 863 1819 evenient;
886 1785 1040 1813 sublimiori

250 1833 341 1855 autem
368 1836 452 1856 sensu
477 1837 525 1864 per
548 1835 626 1856 teme
652 1835 763 1862 motum,
786 1839 877 1858 rerum
899 1832 1042 1859 mobiliutu

249 1879 332 1909 atquo
347 1874 483 1902 (luxarum
495 1876 528 1902 ad
540 1876 708 1904 stabiliorcm
722 1877 925 1912 ﬁrmioremque
939 1883 1041 1906 statum

251 1920 394 1948 translatio
414 1921 585 1956 designatur.
603 1921 680 1955 Quod
701 1928 792 1950 autem
809 1923 842 1950 de
855 1923 958 1951 decima
977 1924 1042 1951 civi-

251 1967 315 1993 tatis
333 1973 409 2001 parte
435 1968 604 2003 ejusdemque
628 1969 708 1995 ruina
734 1969 778 1996 hic
800 1970 911 2001 dicitur,
937 1970 988 1998 huc
1008 1971 1042 1998 ad

251 2012 404 2047 impietatis
418 2021 512 2041 casum
528 2014 703 2042 referendum
724 2015 850 2043 videtur:
868 2017 968 2051 quippe
981 2025 1042 2052 qua:

251 2066 302 2086 uec
314 2059 514 2094 admonitione,
529 2068 618 2095 neque
627 2065 786 2088 sanctorum
795 2061 827 2088 ad
837 2062 936 2090 coelum
951 2068 1041 2098 raptu,

251 2104 285 2132 ad
307 2113 401 2132 sanam
422 2110 542 2134 mentem
563 2106 654 2134 redire
678 2106 800 2134 animum
828 2107 976 2143 aliquando
999 2108 1042 2135 in-

251 2151 375 2184 duxerit;
393 2159 454 2179 cum
468 2152 558 2180 czeteri
573 2157 676 2183 tamen,
693 2156 722 2179 ut
733 2153 815 2188 paulo
831 2158 891 2188 post
908 2154 1041 2189 innuitur,

251 2196 306 2224 huc
331 2197 474 2225 redierint.
490 2197 596 2233 Septem
619 2198 737 2233 denique
762 2198 848 2225 millia
873 2200 971 2232 occisa,
995 2207 1043 2228 eos

251 2243 407 2277 signiﬁcare
442 2244 620 2277 arbitramur,
645 2244 692 2279 qui
710 2244 736 2271 in
754 2244 869 2279 septima
902 2246 1043 2278 praesentis

251 2290 313 2315 vitae
328 2293 407 2316 :etate
424 2289 659 2324 obtorpescentes,
676 2289 708 2317 ad
723 2294 848 2317 octavam
863 2291 1043 2318 resurrectio-

253 2335 296 2362 nis
312 2343 366 2362 non
386 2335 532 2369 anhelant;
549 2343 618 2370 quos
633 2336 749 2371 proinde
764 2341 874 2363 mortem
885 2337 1041 2371 secundam,

253 2381 306 2409 hoc
321 2385 363 2409 est
377 2386 511 2409 aeternum
535 2382 666 2418 gehennae
686 2382 861 2417 supplicium,
882 2383 976 2411 subire
998 2391 1045 2412 ne-

253 2435 361 2456 cessum
381 2432 433 2456 est.
450 2429 505 2456 Aut
521 2433 623 2464 septem
638 2429 723 2456 millia
739 2430 801 2457 illos
816 2429 885 2458 forte
901 2430 1044 2464 denotant,

252 2475 299 2510 qui
314 2482 346 2503 ex
362 2474 464 2503 Iudaeis
480 2476 649 2503 Antichristo
663 2475 848 2504 crediderant.

287 2521 343 2558 48
357 2522 404 2553 ΧΙ.
421 2523 465 2556 l3,
482 2522 524 2549 Η.
542 2521 578 2549 Et
593 2522 690 2557 reliqui
706 2523 733 2549 in
745 2522 867 2549 timorem
882 2527 944 2549 sunt
959 2523 1044 2556 missi,

251 2574 276 2596 et
291 2569 420 2596 dederunt
434 2569 548 2604 gloriam
565 2568 620 2595 Deo
635 2569 702 2595 coeli.
723 2568 764 2596 Va:
777 2568 920 2596 secundant
933 2569 1010 2601 ubiit,
1021 2573 1045 2596 et

251 2625 310 2644 ecce
328 2624 367 2643 ea:
385 2617 491 2643 tertium
506 2617 590 2643 veniet
605 2617 668 2643 cito.

290 2663 447 2691 lulitlelibus
471 2663 560 2697 czesis,
585 2662 743 2697 Christique
766 2662 935 2697 martyribus
956 2662 1043 2697 gloria

1093 1703 1193 1735 θησαν
1209 1700 1243 1727 ἐν
1254 1699 1295 1733 τῷ
1309 1699 1426 1734 σεισμῷ
1440 1700 1570 1734 ὀνόματα
1580 1699 1744 1733 ἀνθρώπων
1752 1697 1889 1733 χιλιάδες

1093 1746 1179 1775 ἑπτά.

1127 1792 1184 1819 Καὶ
1201 1793 1230 1818 ἐν
1251 1791 1345 1827 ἐκείνῃ
1360 1792 1393 1827 τῇ
1409 1790 1503 1826 ἡμέρα
1525 1790 1638 1826 σεισμὸς
1657 1790 1743 1826 μέγας
1767 1790 1887 1824 ἐγένετο.

1098 1838 1179 1869 Ἴσως
1195 1838 1245 1873 μὲν
1256 1837 1452 1873 καὶαίσοητῶς
1466 1836 1550 1873 [τότε]
1563 1837 1650 1864 ταῦτα
1664 1837 1890 1872 γενήσεταυνοη-

1094 1885 1148 1916 τῶς
1164 1885 1193 1911 δὲ
1210 1884 1255 1911 τὸν
1269 1883 1410 1918 σεισμὸν,
1428 1883 1477 1918 τὴν
1491 1883 1547 1909 τῶν
1566 1882 1756 1918 σαλευομένων
1775 1882 1890 1918 μετάθε-

1095 1939 1136 1957 σιν
1152 1930 1198 1957 ἐπὶ
1212 1930 1242 1957 τὸ
1257 1929 1387 1965 σταθερὸν
1403 1929 1454 1956 καὶ
1475 1929 1585 1964 βέὸαιον
1609 1927 1708 1964 δηλοῦν
1720 1920 1888 1964 κομίζομεν,

1096 1976 1133 2003 Τὸ
1145 1975 1272 2003 δέκατον
1288 1975 1322 2002 δὲ
1338 1975 1394 2010 τῆς
1419 1977 1537 2008 πόλεως
1560 1976 1692 2007 πίπτειν,
1713 1975 1743 2002 τὸ
1755 1975 1805 2010 τῆς
1825 1976 1890 2002 ἀσε-

1094 2022 1172 2054 ϐείας
1188 2021 1301 2057 πτῶμα,
1316 2021 1385 2056 μήτε
1399 2022 1432 2056 τῇ
1454 2020 1568 2047 ἐκείνων
1587 2021 1699 2056 ἁρπαγῇ
1720 2020 1890 2056 σωφρονιζόο

1096 2075 1187 2102 μενον,
1205 2067 1243 2098 ὡς
1263 2066 1318 2093 τῶν
1337 2065 1440 2092 λοιπῶν
1462 2065 1672 2102 σωθησομένων.
1685 2067 1719 2092 Al
1732 2065 1786 2100 γὰρ
1814 2065 1891 2092 ἑπτὰ

1095 2112 1230 2148 χιλιάδες
1254 2113 1480 2147 ἀναιρούμενοι,
1504 2112 1568 2143 τοὺς
1591 2111 1629 2146 τῷ
1655 2111 1826 2146 ἑϐδοματικῷ
1842 2110 1890 2137 τοῦ

1095 2159 1231 2194 παρόντος
1250 2158 1312 2193 βίου
1327 2157 1415 2193 χρόνῳ
1428 2157 1660 2193 προστετηκότας,
1671 2157 1718 2183 καὶ
1728 2156 1777 2192 τὴν
1793 2156 1891 2192 ὀγδόην

1095 2204 1145 2240 τῆς
1162 2204 1339 2236 ἀναστάσεως
1357 2203 1394 2239 μὴ
1409 2203 1605 2239 ἀναμένοντας,
1616 2202 1762 2238 σημαίνειν
1779 2203 1890 2238 φαίνον-

1095 2258 1140 2276 ται
1153 2259 1159 2266 ·
1177 2249 1224 2282 οὒς
1241 2250 1286 2276 καὶ
1299 2249 1506 2283 ἀποκτανθῆναι
1519 2248 1678 2282 ἐπάναγκες
1690 2249 1736 2275 τὸν
1750 2249 1779 2274 ὲν
1793 2248 1891 2284 γεέννῃ

1096 2295 1237 2329 δεύτερον
1256 2295 1396 2327 θάνατον,
1413 2296 1495 2332 [ἦτοι]
1513 2296 1564 2331 τὴν
1584 2294 1694 2322 αἰώνιον
1713 2294 1837 2322 κόλασιν.
1856 2295 1891 2321 Ἢ

1096 2342 1177 2377 τυχὸν
1201 2343 1317 2374 ἑπτάκις
1344 2342 1424 2377 χίλιοι
1443 2342 1551 2368 ἔσονται
1582 2342 1607 2368 οἱ
1633 2340 1664 2374 ἐξ
1688 2340 1824 2368 Ἱουδαίων
1853 2341 1892 2376 τῷ

1102 2389 1280 2425 Ἀντιχρίστῳ
1293 2390 1461 2425 πειθόμενοι.

1135 2522 1187 2549 Καὶ
1202 2523 1229 2548 ol
1253 2522 1354 2549 λοιποί
1370 2521 1493 2556 ἔμφοϐοι
1518 2522 1677 2556 ἐγένοντο·
1703 2521 1752 2549 καὶ
1776 2521 1893 2548 ἔδωκαν

1099 2568 1195 2601 δόξαν
1215 2569 1255 2602 τῷ
1270 2568 1332 2601 Θεῷ
1347 2568 1401 2595 τοῦ
1425 2569 1567 2603 οὐρανοῦ.
1595 2570 1626 2596 Ἠ
1647 2569 1715 2596 οὐαὶ
1735 2569 1753 2602 ἡ
1766 2567 1893 2602 δευτέρα

1099 2615 1249 2650 ἀπῆλθεν·
1268 2616 1286 2650 ἠ
1302 2615 1369 2642 οὐαὶ
1384 2615 1402 2648 τ’]
1418 2615 1501 2649 τρίτη
1516 2615 1581 2642 ίδοὺ
1597 2615 1714 2650 ἔρχεται
1732 2615 1818 2649 ταχύ.

1133 2664 1189 2690 Καὶ
1211 2664 1318 2691 ἔδωκαν
1343 2663 1423 2696 δόξαν
1447 2664 1486 2700 τῷ
1499 2665 1558 2700 Θεῴ
1573 2673 1580 2681 ’
1599 2665 1810 2700 μαστιζομένων
1835 2663 1891 2690 τῶν

253 2710 378 2741 donatis,
407 2714 544 2745 quotquot
571 2709 660 2737 salute
687 2717 739 2736 non
781 2709 883 2743 indigni
911 2709 1038 2743 compcrt‘

1098 2709 1231 2742 ἀπίστων,
1248 2709 1296 2736 καὶ
1310 2709 1498 2745 δοξαζομένων
1512 2710 1567 2736 τῶν
1591 2709 1741 2746 μαρτύρων
1754 2710 1800 2737 τοῦ
1824 2710 1890 2745 Χρι-

254 2761 329 2787 sunt,
356 2754 455 2789 inquit,
476 2763 571 2782 omnes
589 2755 672 2782 Deum
692 2754 820 2781 laudibus
839 2754 998 2781 extulerunt
1018 2760 1038 2780 e‘

1095 2754 1170 2787 στοῦ,
1185 2756 1209 2782 οἱ
1222 2756 1302 2789 ἄξιοι,
1321 2756 1399 2791 φησὶ,
1416 2756 1466 2791 τῆς
1490 2757 1638 2791 σωτηρίας,
1653 2757 1698 2784 τὺν
1721 2757 1788 2783 Θεὸν
1814 2755 1892 2788 δοξά-

254 2800 452 2834 gloriﬁcnrunt.
472 2801 538 2828 Post
553 2801 608 2829 duo
631 2805 722 2828 autem
749 2809 798 2833 vw,
825 2801 933 2828 tertium
960 2800 1038 2834 venit,

1100 2802 1187 2834 ζουσι.
1201 2803 1278 2830 Μετὰ
1289 2803 1317 2830 δὲ
1332 2803 1380 2834 τὰς
1391 2803 1447 2836 δύο,
1458 2804 1541 2838 φησὶν
1551 2823 1558 2834 ,
1569 2803 1652 2837 Οὐαὶ,
1671 2804 1689 2839 ὴ
1713 2803 1795 2839 τρίτη
1811 2802 1894 2837 ἔρχε-

254 2852 304 2881 per
317 2847 461 2880 septimam
478 2849 571 2877 tubam
587 2849 791 2877 adumbratum.

1099 2851 1177 2886 ταιή
1197 2850 1240 2877 διὰ
1262 2850 1311 2886 τῆς
1325 2850 1442 2886 ὲῦδόμης
1463 2850 1624 2885 σάλπιγγος.

292 2935 317 2953 ”
329 2935 400 2965 Psal.
416 2943 513 2972 nvm,
525 2938 569 2967 7!.
612 2940 633 2956 '°
648 2938 719 2967 Psal.
735 2946 844 2971 uxxtv,
863 2938 889 2966 5.
929 2938 948 2955 "
964 2937 1036 2966 Psal.
1057 2947 1139 2972 LXLII,
1151 2939 1178 2967 Ξ.
