2093 3159
220 169 270 203 321

703 169 1010 201 COMMENTARIUS
1030 171 1072 201 IN
1092 171 1361 203 APOCALYPSIN.

1807 177 1863 209 3‘22

253 226 307 255 Kal
332 227 366 253 ἐν
382 225 486 260 γαστρί
502 223 621 259 ἔχουσα
644 223 768 258 ἔκραζεν
791 224 945 252 ὠδίνουσα
970 225 1017 252 καί

1106 225 1163 259 XII,
1177 226 1204 253 2.
1225 225 1258 252 Et
1275 227 1302 253 in
1319 231 1392 253 utero
1407 225 1524 260 habens;
1539 231 1564 255 et
1578 227 1676 256 clamat
1688 233 1863 266 parturiens;

213 271 438 308 ,ϐασανιζομένη
453 270 560 298 τεκεῖν.

253 329 263 347 ι
288 320 402 346 Ὠδίνειν
415 319 443 345 δέ
461 326 552 353 φαμεν
568 318 618 354 τὴν
639 317 804 353 Ἐκκλησίαν
818 317 1010 345 καθ’ἓκαστον

214 368 269 394 τῶν
283 367 516 401 ἂναγεννωμένων
527 365 560 393 δι’
572 365 668 397 ὓδατος
679 365 727 392 καὶ
739 366 809 392 Πνεύ
814 374 910 400 ματος,
929 365 1011 400 ἄχρις

215 410 247 440 οὗ
270 412 402 448 μορφωθῇ
419 412 536 448 Χριστὸς
557 412 586 438 ἐν
607 411 709 443 αὐτοῖς.
726 411 764 443 ὥς
786 419 871 447 φησιν
884 412 898 438 ὁ
913 411 1010 448 [Θεῖος]

221 457 384 488 ’Δπόστολος
407 456 451 483 διὰ
476 456 506 482 τὸ
532 455 709 491 ἁμὸλώματι
732 455 804 482 εἶναι
827 456 891 487 τοὺς
908 455 940 482 ἐκ
963 455 1010 482 τοῦ

216 503 343 539 ἀληθινοῦ
359 503 450 537 φωτὸς
468 502 588 537 Χριστοῦ
607 502 805 533 ἐκπίπτοντας,
829 502 878 529 καὶ
897 501 1011 537 σύνδρο-

216 558 265 585 μον
281 550 316 585 τῇ
331 549 388 585 ζωῇ
405 549 450 576 τὸν
465 548 499 576 δι’
508 548 637 580 ἀπιστίας
651 549 836 584 ὑπομένοντας
852 549 978 576 θάνατον.
997 558 1006 574 ι

251 645 304 672 Kal
318 644 400 679 ὤφθη
411 643 489 670 ἄλλο
502 642 630 677 σημεῖὸν
638 643 674 671 ἐν
687 643 728 677 τῷ
739 643 867 678 οὐρανᾷν
881 643 930 671 καί
947 643 1011 671 ἰδοὺ
1046 652 1050 656 ”

215 689 334 724 δράκων
350 688 463 723 πυρῤὀς
482 688 587 724 μέγας,
611 688 689 723 ἔχων
709 689 845 724 κεφαλὰς
863 689 939 716 ἑπτὰ
962 689 1012 716 καὶ

215 735 324 769 κέρατα
346 735 429 762 δέκα
454 734 503 761 καὶ
525 734 575 761 ἐπὶ
603 735 656 768 τὰς
672 735 808 773 κεφαλὰς
826 735 920 762 αὑτοῦ
935 734 1012 762 ἑπτὰ

215 779 392 815 διαδήματα.

249 827 303 854 Καί
324 827 408 862 ὤφθη
427 826 505 853 ἄλλο
522 826 652 861 σημεῖον
669 826 705 853 ἐν
717 824 846 860 οὐραγῷ.
864 841 899 846 -
916 827 1010 860 Οὐρα-

213 873 269 899 νὸν
284 872 402 899 ἐνταῦθα
411 872 532 900 νοεῖσθαι
545 873 592 899 τὸν
603 873 672 908 ἀέρα
682 872 841 908 νομίζομεν·
859 872 1009 906 δράκοντα

213 918 242 944 δὲ
270 918 397 952 upper,
418 918 464 944 τὸν
488 917 646 944 πλασθέντα
672 916 926 951 ἑγκαταπαίξεσθαι
957 917 1049 947 ὑπὺΒ

213 964 270 991 τῶν
285 964 412 999 ἀγγέλων
433 963 480 990 τοῦ
498 963 578 997 Θεοῦ,
596 963 634 995 ὼς
661 965 690 990 ἐν
706 963 745 998 τῷ
766 963 827 990 ’1ὼὸ
843 963 1011 998 γέγραπται.

213 1011 334 1046 Πυρρὲν
348 1011 377 1038 δὲ
397 1010 505 1043 τοῦτον,
522 1010 539 1045 ἢ
557 1010 602 1037 διὰ
614 1010 646 1036 τὸ
671 1009 782 1044 φονικὸν
802 1009 885 1036 αὑτοῦ
906 1004 955 1036 Stal.
972 1010 1012 1036 αί-

215 1057 346 1093 μοχαρὲς,
360 1057 380 1092 ἢ
394 1056 438 1084 διὰ
453 1057 485 1083 τὸ
500 1055 628 1091 πυρῶδες
640 1056 690 1092 τῆς
703 1055 856 1091 ἀγγελικῆς
869 1056 974 1088 οὐσίας,
988 1056 1012 1082 εἰ

214 1102 261 1128 καὶ
274 1101 330 1128 τῶν
346 1101 472 1136 ἀγγέλων
486 1101 677 1128 ἐκπέπτωκεν.
700 1101 796 1128 ’Ἑπτὰ
814 1101 843 1128 δὲ
859 1101 1010 1136 κεφαλὰς,

214 1147 264 1180 τὰς
285 1147 357 1174 ἑπτὰ
382 1147 571 1182 πονηροτάτας
600 1146 684 1173 αὐτοῦ
710 1146 852 1183 δυνάμεις.
879 1148 926 1174 καὶ
952 1148 1012 1179 ταῖς

213 1193 415 1228 πνιυματικαίς
429 1192 583 1228 ἐνεργείαις
599 1192 735 1224 ἐναντίαςι
752 1192 769 1229 ἥ
786 1193 821 1220 τὰ
838 1193 909 1220 ἔπτὰ
926 1194 1011 1220 πνεύ-

216 1246 300 1275 μαται
316 1238 388 1274 ἅπερ
403 1239 432 1265 ἐν
447 1238 623 1273 [εὐαγγελίοις
639 1239 654 1265 ὁ
667 1238 784 1273 Χριστὸς
801 1239 913 1274 εἴρηκεν
927 1240 1012 1266 είσοι-

214 1284 339 1318 διίξεσθαι
351 1285 391 1319 τῷ
406 1284 544 1320 ἀνθρώπῳ
565 1284 605 1320 τῷ
620 1284 819 1320 σεσαρωμένην
832 1285 882 1321 τὴν
898 1285 1012 1321 καρδῖαν

215 1332 263 1358 καὶ
277 1331 359 1367 κενὴν
378 1331 409 1364 ἐξ
425 1331 535 1366 ἀγαθῶν
552 1331 663 1358 ἐννοιῶν
685 1331 732 1358 καὶ
755 1330 882 1367 πράξεων
906 1331 1010 1367 ἔχοντι·

214 1376 232 1412 ἢ
244 1377 314 1404 ἑπτὰ
328 1376 438 1409 κακίας,
453 1377 485 1409 ἃς
496 1385 564 1412 φησι
577 1376 704 1412 Σολομῶν
713 1378 742 1404 ὲν
755 1376 813 1413 [τῇ]
828 1378 928 1413 καρδίᾳ
941 1375 1012 1404 εἶναι

213 1423 262 1449 τοῦ
280 1421 390 1458 ἐχθροῦ·
404 1423 480 1454 ὅστις
496 1422 604 1458 μεγάλῃ
630 1423 663 1458 τῇ
680 1424 757 1458 φωνῇ
770 1423 825 1449 τῶν
842 1423 1012 1458 πειθομένων

214 1469 298 1497 δεῖται
313 1468 376 1496 καθ’
387 1469 545 1504 ὑπὼιρισιν.
564 1469 609 1495 Τὰ·
619 1469 647 1496 δὲ
660 1469 734 1496 δέκα
748 1469 858 1503 κέρατα
872 1469 1011 1505 δηλοῦσιν,

215 1515 232 1550 ἢ
247 1514 281 1542 τὰ
300 1514 576 1550 ἀντιδιαστελλόμενα
590 1516 651 1547 ταῖς
668 1515 736 1542 δέκα
748 1516 874 1550 νομικαῖς
890 1515 1013 1549 ἐντολαῖς

217 1560 459 1596 πλημμελήματα,
486 1560 503 1597 ἦ
528 1560 578 1592 τὰς
604 1559 753 1595 διαιρέσεις
780 1561 830 1596 τῆς
854 1561 1012 1596 βασιλείας,

216 1607 292 1642 αὐτῷ
308 1606 412 1641 κόσμον
436 1606 585 1642 φερούσας,
603 1607 641 1639 ὡς
663 1606 724 1638 ταῖς
739 1606 925 1642 διχοστασίαις
950 1607 1014 1643 χαί-

216 1660 302 1687 ροντι.
319 1651 413 1678 Ἑπτὰ
426 1651 455 1678 δὲ
472 1651 641 1686 διαδήματα
664 1652 699 1678 ἐν
715 1651 780 1685 ταῖς
795 1653 942 1687 κεφαλαῖς
959 1653 1014 1680 αὺ-

216 1697 282 1725 τοῦ.
304 1697 378 1724 Διότι
402 1698 427 1725 οἱ
447 1698 499 1729 τὰς
526 1697 690 1733 δαιμονικὰς
716 1698 859 1734 ἐνεργείας
885 1699 1017 1731 νικῶντες

217 1744 322 1770 ἐκεῖθεν
335 1745 400 1775 τοὺς
411 1744 564 1779 στεφάνους
580 1743 643 1781 [τῆς
659 1744 750 1782 νίκης]
767 1744 938 1781 κομίζονται,
955 1746 1017 1773 ὅθεν

218 1792 311 1823 πόνοις
324 1791 372 1818 καὶ
396 1791 492 1826 ἱδρῶσι
507 1791 558 1827 τὴν
576 1791 655 1827 νίκην
678 1791 790 1828 ἧραντο.
816 1791 884 1828 Περὶ
902 1793 930 1820 δὲ
952 1793 1016 1820 τού-

216 1846 272 1864 των
286 1838 332 1864 καὶ
348 1838 363 1864 ὁ
381 1837 517 1874 μακάριος
534 1837 666 1870 Μεθόδιός
690 1846 773 1874 φησιν
798 1838 885 1871 οὕτως
909 1840 956 1866 ἐπὶ
975 1839 1019 1866 λέ-

216 1884 295 1918 ξεως·
317 1884 343 1910 '0
357 1884 474 1918 δράκων
491 1886 508 1912 ὀ
516 1884 612 1920 μέγ-ας
625 1886 642 1912 ό
657 1885 783 1919 πυρρὸς,
808 1887 824 1913 ό
850 1885 1019 1922 ἐπτακέφα-

215 1932 282 1964 λος,
299 1931 316 1958 ὁ
329 1930 432 1965 σύρων
444 1930 477 1957 τὸ
491 1931 593 1965 τρίτον
602 1930 662 1958 τῶν
675 1931 822 1966 ἀστέρων,
837 1931 871 1965 ὃς
886 1932 1019 1967 ἕστηκεν

216 1973 387 2009 ἐφεδρεύων
405 1974 457 2002 ἵνα
476 1974 510 2001 τὸ
530 1975 640 2002 τέκνον
660 1975 715 2010 τῆς
734 1976 904 2010 ὠδινούσης
926 1986 1018 2005 κατα-

217 2019 311 2054 φάγῃ,
334 2020 351 2046 ὀ
380 2018 522 2052 διάϐολός
545 2019 644 2053 ἐστιν,
670 2020 731 2057 [καὶ
758 2021 793 2048 τὰ
820 2021 907 2058 ἑξῆς.]
941 2015 1020 2050 Ἀλλ’

217 2066 348 2101 ἀστοχειῖ
356 2066 404 2093 καὶ
417 2065 588 2100 σφάλλεται
597 2065 653 2101 τῆς
664 2065 768 2102 appar,
779 2066 840 2095 ἅνω
852 2068 927 2102 πρὸς
940 2068 1019 2103 ῡψος

217 2111 431 2146 ἁρπαζομένων
445 2111 505 2139 τῶν
517 2112 843 2148 ἀναγεννωμένων.Καὶ
859 2113 919 2149 μετ’
929 2114 1018 2149 ὀλίγον

223 2158 327 2192 Τρίτον
341 2157 375 2185 δὲ
394 2157 454 2185 τῶν
479 2158 616 2193 ἀστέρων
640 2157 755 2194 ἐκλήθη
773 2159 875 2194 μέρος,
900 2161 927 2188 oi
953 2160 1020 2195 περὶ

217 2203 274 2230 ἕνα
288 2202 341 2230 τοῦ
357 2204 483 2239 ἀριθμοῦ
501 2203 557 2238 τῆς
573 2204 660 2238 ἁγίας
679 2204 804 2239 Τριάδος
820 2206 1018 2241 ἐσφαλμένοι·

218 2250 239 2284 ἡ
253 2249 288 2277 δὲ
305 2249 416 2284 ἕρημος
428 2252 472 2282 εἰς
484 2249 524 2284 ἣν
535 2250 671 2278 ἐλθοῦσα
687 2251 834 2285 τρέφεται,
850 2252 869 2286 ἠ
891 2252 1016 2286 Ἐκκλη-
1035 2265 1055 2292 D

218 2296 274 2323 σία
286 2297 306 2331 ἡ
324 2296 426 2324 κακῶν
446 2297 567 2332 ἕρημος.
585 2297 635 2324 καί
657 2297 761 2332 cresim
784 2297 908 2333 φθορᾶς.
932 2299 970 2326 Τὰ
983 2299 1017 2326 δὲ

218 2342 314 2377 χίλια,
343 2343 427 2379 φησὶ,
445 2344 499 2370 τὸν
530 2344 568 2371 ἐν
579 2343 760 2371 ἑκατοντάσι
784 2346 1018 2372 πολλαπλασια-

219 2389 335 2416 σθέντα
348 2390 467 2417 τέλειον
479 2391 606 2426 ἀριθμὸν
621 2391 671 2417 καὶ
690 2391 792 2425 πλήρη
805 2391 946 2426 περιέχει.
963 2392 1019 2418 Kal.

220 2436 285 2471 ἑξῆς
298 2445 365 2472 φησι
383 2438 448 2474 περὶ
464 2437 520 2465 τῶν
537 2437 680 2472 στεφάνων
702 2437 797 2464 αὐτοῦ·
821 2438 851 2466 Ἡ
869 2437 904 2464 δὲ
927 2426 1018 2465 νέατα-

220 2482 412 2518 γωνισαμένη
427 2483 502 2511 κατὰ
517 2484 570 2511 τοῦ
586 2484 729 2512 διαϐόλου
742 2485 889 2519 πρότερον
901 2485 951 2511 καί
971 2493 1019 2512 νε»

220 2525 368 2559 κρώσασα
384 2526 437 2561 τὰς
451 2527 527 2555 ἑπτὰ
541 2528 687 2567 1:85;qu,
698 2527 757 2555 τῶν
770 2528 845 2556 ἑπτὰ
860 2530 1020 2564 στεφάνων

220 2571 279 2606 τῆς
293 2571 403 2611 ἀρεςῆς
416 2573 565 2608 ἐγκρατὴς
579 2575 703 2609 γίνεται.

257 2619 313 2647 Καὶ
324 2621 344 2654 ἠ
359 2621 434 2654 οὐρὰ
447 2621 541 2649 αὐτοῦ
554 2621 640 2656 σύρει
654 2622 686 2649 τὸ
700 2622 801 2656 τρίτον
812 2622 872 2649 τῶν
884 2622 1020 2657 ἀστέρων

221 2663 288 2701 [τοῦ
304 2665 461 2702 οὐρανοῦ·]
485 2667 534 2693 καὶ
550 2667 659 2694 ἔϐαλεν
681 2667 793 2701 αὐτοὺς
812 2670 856 2702 εἰς
875 2668 934 2702 τὴν
950 2668 1019 2704 γῆν.

257 2711 314 2739 Kal
327 2712 347 2747 ἠ
364 2713 439 2747 οὐρὰ
452 2713 564 2746 αὑτοῦ,
579 2714 665 2748 σύρει
684 2714 717 2741 τὸ
734 2715 835 2748 τρίτον
855 2714 913 2742 τῶν
931 2714 1019 2742 ἀστέ-

218 2764 292 2790 ρων.
307 2772 344 2777 -
359 2758 411 2785 Διά
425 2758 534 2790 τούτου,
550 2758 597 2785 δύο
613 2758 675 2786 τινὰ
691 2758 838 2794 δηλοῦσθαι
859 2759 1018 2796 νομίζομεν·

220 2803 237 2838 ἦ
253 2803 304 2839 τὴν
316 2804 454 2840 προτέραν
471 2805 555 2832 αὑτοῦ
571 2805 602 2838 ἐξ
618 2805 733 2841 οὐρανοῦ
752 2806 869 2840 πτῶσιν,
894 2807 942 2841 τὴν
957 2808 1020 2840 τοὺς

222 2849 272 2876 σὺν
288 2850 364 2886 αὐτῷ
380 2851 539 2884 ἀποστάτας
554 2851 690 2886 ἀγγέλους
710 2851 755 2879 διὰ
769 2852 816 2879 τοῦ
840 2853 956 2888 ἐσχάτου
978 2862 1020 2880 κι-

221 2897 343 2932 νήματος
357 2897 405 2925 τοῦ
421 2898 519 2933 φθόνου
535 2898 617 2935 lupo;
633 2898 696 2934 γῆν]
708 2901 913 2935 χατασύραςαψ
934 2900 1021 2936 [πρῶ-

1027 1586 1052 1618 ο

1074 276 1097 298 ct
1118 272 1252 299 cruciatur
1265 273 1401 307 utpariut.

1101 326 1110 343 ι
1130 317 1250 345 Ecclesia
1268 318 1513 353 ttnumqucntlibet,
1527 321 1572 353 qui
1588 329 1620 349 cx
1639 329 1710 357 aqua
1720 327 1746 351 ct
1757 323 1862 358 Spiritu

1061 367 1159 391 sancto
1186 370 1374 399 regeneratur,
1404 367 1539 401 tantisper
1566 369 1703 402 parturire
1735 370 1836 397 dicitur
1853 391 1861 404 ,

1065 409 1154 436 donec
1177 409 1305 437 Christus
1322 410 1348 437 in
1367 411 1420 437 illis
1446 411 1590 446 formetur,
1609 419 1640 440 ut
1663 414 1810 449 Apostolus
1824 416 1864 442 1.-

1068 457 1174 491 quitur.
1193 455 1247 492 50
1261 457 1476 492 Comperiuntur
1491 460 1564 486 enim
1583 460 1698 487 ahortivi
1713 463 1837 489 nonnulli
1855 472 1862 496 ;

1066 503 1224 538 cujusmodi
1250 507 1315 531 sunt
1332 504 1379 539 qui
1394 512 1409 532 ιι
1425 513 1488 532 vera
1512 505 1584 538 luce,
1602 507 1648 541 qui
1666 507 1793 536 Christus
1810 515 1862 542 est,

1064 549 1304 585 cxciderunt;qui
1332 558 1386 578 una
1413 551 1494 578 ctiaut
1512 560 1575 579 cum
1605 553 1659 580 vita
1686 554 1858 583 infidelitatis

1070 602 1186 624 mortem
1205 598 1351 625 sustinent.
1369 608 1378 625 ι

1098 642 1154 674 XII,
1169 644 1195 671 5.
1211 643 1245 670 Et
1258 645 1341 671 visum
1358 649 1397 671 est
1416 645 1491 672 aliud
1506 646 1611 681 signum
1623 647 1649 674 in
1667 649 1742 681 caelo,
1757 654 1783 677 el
1804 659 1862 678 ecce

1062 690 1143 716 draco
1160 698 1282 725 magnus,
1306 691 1392 725 rufus,
1407 691 1505 718 habens
1521 693 1609 727 capita
1631 699 1738 728 septem,
1755 700 1781 723 et
1802 705 1861 724 cor-

1061 742 1115 761 nua
1134 734 1231 769 decem,
1249 740 1274 762 et
1290 736 1317 762 iu
1333 736 1464 770 capitibus
1476 737 1533 772 ejus
1563 738 1716 767 diademata
1743 746 1856 776 septem.

1099 822 1199 850 Caelum
1218 824 1269 851 hoc
1294 824 1356 851 loco
1382 832 1473 852 aerem
1497 826 1653 862 significare
1677 827 1861 861 arbitramur;

1063 869 1202 896 draconem
1223 875 1314 897 autem
1331 871 1433 905 rufum,
1462 876 1618 907 serpentem
1645 873 1722 900 illum
1750 875 1798 910 qui
1827 875 1863 902 ob

1064 917 1089 944 id
1108 918 1236 946 cottditus
1250 919 1322 953 apud
1335 917 1436 946 Jobnm
1463 920 1606 952 scribitur,
1621 927 1676 955 quo
1706 921 1740 948 ah
1758 922 1863 957 angelis

1064 964 1113 992 Dei
1127 965 1282 993 deludatur.
1310 965 1397 993 Vocat
1422 971 1514 994 autem
1548 967 1624 994 illum
1656 967 1758 1001 rufum,
1788 968 1862 1002 quod

1063 1010 1131 1038 caedi
1146 1016 1174 1039 et
1188 1011 1315 1047 sanguini
1332 1012 1442 1040 deditus
1465 1013 1516 1046 sit;
1533 1017 1580 1040 aut
1594 1013 1668 1048 quod
1695 1013 1858 1048 angelorum

1063 1062 1162 1085 natura
1185 1058 1320 1085 habeatur
1344 1058 1424 1094 ignea
1438 1079 1444 1090 ,
1459 1058 1565 1086 etiamsi
1588 1064 1699 1094 peccato
1728 1060 1864 1087 contami-

1064 1108 1128 1131 nata
1139 1103 1184 1131 sit.
1201 1103 1253 1131 Per
1276 1109 1374 1138 septem
1387 1105 1487 1139 capita,
1502 1109 1606 1140 septent
1624 1105 1770 1140 nequiores
1788 1105 1863 1132 illius

1062 1150 1181 1178 virtutes
1212 1150 1386 1185 spiritalibus
1403 1150 1510 1179 viribus
1536 1157 1563 1179 et
1580 1151 1790 1187 operationibus
1811 1152 1862 1179 atl-

1063 1203 1159 1223 versas
1174 1195 1355 1232 intelligimus
1371 1205 1378 1224 :
1398 1203 1447 1224 aut
1458 1201 1563 1233 septem
1580 1197 1642 1225 illos
1660 1205 1782 1232 nequam
1807 1198 1861 1233 spi-

1063 1241 1145 1274 ritus,
1157 1250 1228 1277 quos
1237 1241 1364 1270 Christus
1378 1242 1406 1270 in
1421 1242 1570 1279 Erangelio
1586 1243 1613 1271 in
1625 1243 1738 1271 homine
1755 1243 1802 1270 illo
1813 1244 1863 1271 ba-

1064 1290 1166 1318 bitasse
1181 1290 1314 1324 asseruit,
1327 1290 1374 1325 qui
1390 1290 1482 1318 cordis
1498 1290 1667 1318 domicilium
1682 1290 1773 1325 scopis
1783 1298 1864 1317 mun-

1063 1336 1158 1363 datum
1178 1336 1307 1369 habebat,
1333 1336 1385 1364 hoc
1399 1340 1442 1364 est
1469 1344 1484 1364 a
1502 1336 1584 1364 bonis
1609 1336 1826 1371 cogitationibus
1837 1340 1865 1364 et

1064 1379 1195 1415 operibus
1215 1387 1343 1407 vacuum.
1357 1382 1413 1408 Aut
1432 1386 1535 1416 septem
1559 1381 1709 1417 nequitias,
1724 1389 1793 1417 quas
1810 1381 1864 1408 Sa-

1065 1425 1157 1452 lomon
1171 1426 1198 1453 in
1214 1426 1298 1454 corde
1323 1426 1428 1455 inimici
1450 1428 1584 1455 exsistere
1600 1428 1731 1460 ostendit,
1746 1428 1792 1463 qui
1816 1436 1865 1463 per

1065 1471 1272 1499 simulationem
1288 1479 1353 1499 voce
1369 1480 1468 1507 magna
1498 1474 1614 1508 supplex
1636 1474 1690 1501 illis
1711 1474 1822 1509 ﬁtquos
1835 1474 1864 1501 in

1066 1516 1230 1544 sententiam
1247 1525 1325 1544 suam
1333 1518 1431 1546 callide
1446 1519 1591 1553 pertraxit.
1606 1519 1698 1546 Decem
1714 1527 1795 1554 porro
1803 1529 1863 1546 cor-

1065 1570 1129 1595 nua,
1145 1562 1238 1590 decem
1256 1568 1367 1598 peccata
1378 1564 1473 1592 decem
1489 1565 1623 1599 legalibus
1636 1565 1780 1600 prmceptis
1801 1573 1866 1593 con-

1069 1607 1153 1634 traria
1159 1607 1289 1636 denotare
1297 1613 1425 1643 putamus
1434 1609 1737 1645 :jAuLJmundaniregni
1750 1611 1864 1638 divisio-

1067 1660 1141 1686 nem,
1156 1661 1218 1688 qua:
1234 1653 1284 1689 ipsi
1300 1659 1431 1689 tanquam
1446 1654 1629 1682 seditionibus
1643 1655 1771 1690 gaudenti
1784 1654 1864 1683 volu-

1067 1703 1169 1734 ptatem
1178 1699 1250 1734 parit
1258 1706 1312 1727 non
1321 1699 1471 1735 vulgarem.
1483 1700 1587 1736 Septem
1597 1705 1688 1728 autent
1699 1701 1864 1735 diademata,

1069 1744 1096 1773 in
1107 1745 1218 1773 totidem
1229 1745 1303 1773 illius
1311 1746 1448 1782 capitibus
1454 1747 1489 1774 ob
1499 1747 1526 1774 id
1536 1748 1666 1775 dicuntur
1680 1747 1780 1783 posita,
1791 1748 1864 1783 quod

1069 1791 1196 1820 homines
1222 1792 1373 1821 diabolicas
1398 1793 1471 1821 vires
1490 1797 1517 1821 et
1542 1793 1863 1829 suggestionesimpigre

1069 1842 1270 1872 expugnantes,
1289 1845 1408 1867 coronas
1431 1838 1495 1867 inde
1515 1839 1681 1874 deportent,
1712 1840 1786 1867 unde
1814 1847 1866 1875 per

1070 1882 1181 1910 labores
1209 1888 1292 1919 atque
1328 1883 1445 1912 sudores
1472 1884 1616 1912 victoriam
1646 1884 1805 1912 retulerant.
1827 1883 1866 1912 De

1071 1929 1114 1957 Itis
1134 1930 1230 1957 beatus
1256 1929 1412 1958 Methodlus
1437 1930 1471 1958 ad
1501 1931 1574 1958 huttc
1606 1930 1719 1957 modum
1749 1930 1864 1958 scribit:

1071 1975 1159 2003 Draco
1177 1985 1298 2011 magnus,
1316 1977 1404 2012 rufus,
1419 1982 1445 2004 et
1463 1978 1605 2012 septiceps,
1621 1978 1668 2012 qui
1681 1977 1786 2004 tertiam
1802 1978 1867 2004 stel-

1072 2022 1158 2049 larum
1171 2027 1274 2057 partem
1284 2022 1376 2055 trahit,
1390 2023 1485 2058 quique
1500 2023 1528 2050 iu
1542 2023 1659 2055 insidiis,
1670 2028 1698 2049 ut
1711 2023 1866 2057 parturien-

1072 2071 1107 2097 tis
1123 2069 1208 2104 ﬁlium
1223 2069 1338 2101 devoret.
1355 2070 1487 2104 consistit,
1504 2069 1628 2097 diabolus
1641 2074 1691 2096 est.
1709 2069 1743 2096 Et
1771 2071 1866 2105 paucis

1072 2116 1225 2151 interiectis
1242 2125 1248 2143 ι
1263 2115 1315 2143 Sed
1331 2116 1450 2151 fallitur,
1466 2116 1616 2150 puellaeque
1639 2123 1685 2150 spe
1714 2116 1882 2150 frustratur:

1072 2162 1286 2197 regeneratisper
1296 2162 1456 2196 baptismum
1473 2169 1578 2188 sursum
1592 2162 1619 2188 in
1635 2161 1748 2188 sublime
1769 2152 1883 2196 ruptis.‘

1071 2209 1105 2236 Et
1121 2209 1203 2243 paulo
1219 2213 1280 2244 post
1296 2216 1424 2236 rursum:
1438 2207 1526 2235 Tertia
1542 2212 1631 2234 autem
1643 2207 1780 2234 stellarum
1792 2215 1866 2242 pars,

1071 2255 1197 2282 dicuntur
1217 2254 1257 2282 illi
1286 2256 1331 2290 qui
1353 2255 1381 2282 in
1394 2258 1495 2282 sancite
1512 2253 1653 2280 Trinitatis
1669 2261 1778 2280 numero
1794 2253 1866 2280 circa

1069 2309 1151 2328 unum
1161 2305 1263 2328 errant.
1284 2300 1319 2327 At
1333 2300 1477 2333 desertum,
1492 2301 1519 2326 in
1529 2299 1599 2335 quod
1615 2298 1736 2326 Ecclesia
1754 2299 1866 2327 commi-

1070 2356 1149 2383 grans
1160 2348 1289 2380 nutritur,
1302 2351 1340 2374 cst
1362 2347 1435 2374 locus
1447 2356 1462 2374 α
1480 2346 1558 2373 malis
1574 2346 1715 2378 immunis,
1729 2347 1867 2382 omnisque

1070 2395 1247 2430 corruptionis
1257 2402 1358 2429 expers.
1374 2393 1464 2420 Millia
1475 2399 1563 2421 autem
1571 2402 1618 2428 per
1636 2398 1744 2420 centena
1773 2393 1866 2419 atulli-

1070 2442 1184 2477 plicuta,
1199 2450 1337 2469 numerum
1353 2442 1486 2468 continent
1505 2441 1650 2476 perfectura
1662 2445 1687 2468 et
1696 2440 1813 2475 plenum.
1831 2439 1869 2466 De

1072 2487 1184 2515 coronis
1199 2494 1281 2522 porro
1300 2487 1395 2514 isthaec
1416 2487 1552 2523 subjuagit
1565 2495 1574 2515 :
1589 2486 1652 2514 llwc
1666 2490 1755 2513 autem
1772 2485 1798 2511 in
1809 2492 1866 2510 cer-

1073 2534 1171 2561 tamine
1180 2533 1304 2561 adversus
1314 2533 1449 2561 diabolum
1457 2533 1615 2568 prteualens,
1624 2537 1772 2566 septemque
1779 2531 1868 2564 capita

1072 2580 1146 2607 illius
1160 2580 1239 2607 morti
1252 2580 1360 2614 dedens,
1378 2580 1493 2615 septenis
1503 2580 1631 2607 uirtutum
1640 2577 1743 2605 coronis
1753 2575 1865 2611 potitur.

1107 2627 1167 2660 XII,
1179 2628 1207 2656 4.
1224 2627 1259 2654 Et
1273 2627 1361 2654 cauda
1389 2627 1463 2654 illius
1480 2626 1600 2654 trahebat
1630 2624 1736 2651 tertium
1758 2626 1862 2656 partem

1072 2673 1213 2701 stellarum
1224 2673 1294 2706 caeli,
1314 2677 1339 2701 et
1356 2673 1429 2700 misit
1439 2681 1484 2700 eas
1502 2672 1532 2699 in
1544 2675 1652 2698 terram.

1109 2717 1160 2745 Per
1171 2717 1228 2745 haec
1239 2717 1402 2745 alterutrum
1427 2725 1442 2744 ο
1455 2716 1565 2744 duobus
1578 2712 1730 2749 signiﬁcari
1747 2712 1846 2747 opinor
1857 2733 1866 2746 ,

1072 2764 1113 2791 vel
1128 2764 1248 2799 primum
1272 2763 1381 2791 luciferi
1406 2771 1422 2791 e
1447 2762 1519 2791 coelo
1537 2769 1642 2793 casum,
1664 2767 1719 2795 quo
1745 2759 1868 2794 angelos,

1072 2810 1118 2845 qui
1137 2818 1185 2845 per
1198 2816 1351 2838 extremum
1377 2809 1487 2837 invidiae
1500 2813 1606 2836 motum
1634 2814 1685 2833 una
1715 2813 1778 2834 cum
1809 2806 1868 2840 ipso

1073 2864 1087 2884 a
1103 2855 1158 2884 Deo
1171 2856 1356 2889 desciverunt,
1373 2856 1503 2884 deorsum
1525 2853 1626 2887 traxit;
1643 2853 1762 2889 (primus
1793 2853 1868 2879 enim

1072 2903 1195 2930 omnium
1209 2907 1299 2930 motus
1317 2903 1416 2930 utentis
1434 2906 1492 2929 erat
1508 2900 1605 2937 elatio)
1624 2905 1693 2935 ;ant
1712 2905 1773 2935 past
1791 2905 1870 2935 caput
