2093 3159
223 162 279 194 323

806 154 971 185 ANDREJE
983 151 1259 187 {Ct‘ESARlENSIS

1811 151 1864 183 321

223 222 297 250 illius
312 220 470 251 contritum.
485 218 580 246 caudae
606 215 728 252 ejusdem
748 215 938 250 agitationem.
953 213 1015 241 llacc

1078 222 1113 240 τον
1134 212 1189 248 γὰρ
1214 214 1229 248 ἡ
1249 210 1388 248 ἔπαρσις]
1409 211 1426 247 ἢ
1447 210 1497 247 τὴν
1520 210 1589 246 μετὰ
1607 210 1637 237 τὸ
1653 210 1801 246 θλασθῆναι
1816 213 1866 247 τὴν

223 269 296 296 enim
313 262 699 296 hominesauimoinstabiles,
709 269 740 289 ex
755 260 919 296 51cmlesti
933 267 1015 288 sensu

224 320 251 342 et
266 313 475 342 conversatione
485 311 614 338 deorsum
626 309 659 336 ad
672 313 780 336 terrena
793 307 904 342 abripit.
921 305 1017 333 Nomi-

226 359 361 388 nauturhi
378 362 467 386 autem
479 355 682 390 metaphoricos
694 353 789 386 stcllaz,
806 358 915 388 propter
927 352 1017 387 splen-

224 408 317 435 dorem
331 412 411 440 quem
428 411 460 430 ex
488 407 584 429 sancto
609 401 773 435 baptismate
797 400 960 427 hauserunt.
978 399 1018 425 Ita

225 457 343 484 uanique
360 448 491 484 propheta
509 446 604 473 Daniel
622 446 656 473 de
676 445 823 476 Antiocho,
844 444 890 479 qui
910 444 1018 472 venturi

225 497 289 523 olim
306 494 468 522 Antichristi
485 498 577 528 typum
599 492 720 527 gerebat,
738 491 903 518 vaticinatus
913 496 964 518 est.

260 540 293 566 Et
310 539 392 566 draco
412 539 482 566 stetit
505 544 565 565 ante
584 537 718 564 mulierem
738 545 796 572 qua:
812 541 868 563 erat
884 537 1017 571 paritura,

224 594 263 620 n',
281 596 339 614 cum
353 588 504 621 peperisset,
515 586 599 621 ﬁlium
614 586 671 620 ejus
679 585 830 621 det-oraret.

261 674 399 701 Continuo
426 681 545 708 namque
561 678 684 708 apustata
708 675 840 701 adversus
867 673 1018 701 Ecclesiam

227 722 252 746 in
270 719 354 746 armis
370 719 514 752 consistit,
542 719 603 747 illos
623 719 669 754 qui
692 727 742 754 pro
767 724 890 754 tempore
919 721 944 747 in
975 721 1020 747 illa

227 770 433 799 regi-iterantur,
459 765 485 791 ll]
507 772 596 792 CSCKHI]
624 773 701 792 suam
726 770 833 792 vertere
849 765 928 792 enixe
953 773 1021 793 COD-

227 812 351 838 tendens.
370 811 422 837 Aut
438 810 529 838 verius
545 818 593 845 per
611 810 760 838 Ecrlcsiam
773 811 912 838 Christum
931 812 1020 847 ipsum

228 857 402 892 persequitur
416 861 546 891 tanquam
566 857 638 884 illius
654 862 754 892 caput;
773 858 818 892 qui
835 859 947 893 proinde
960 867 1022 894 qua:

1069 259 1191 294 κεφαλὴν
1208 258 1302 286 αὑτοῦ.
1320 258 1443 293 Οὐραίαν
1457 258 1576 294 κίνησιν,
1601 258 1664 290 τοὺς
1679 257 1866 294 ἀστηρίκτους

1069 305 1292 340 κατενεγκοῦσαν
1305 305 1337 331 ἐκ
1351 305 1399 332 τοῦ
1419 304 1547 340 οὐρανίου
1562 306 1748 340 φρονήματος,
1773 305 1864 333 ἀστέ-

1066 360 1123 386 ρας
1139 351 1277 386 τροπικῶς
1292 350 1505 386 ὀνομασθέντας,
1522 350 1567 377 διὰ
1581 350 1630 386 τὴν
1647 352 1679 378 ἐκ
1694 350 1741 377 τοῦ
1760 351 1862 387 [ἁγίου]

1071 397 1262 434 βαπτίσματος
1286 397 1480 433 λαμπρότητα.
1501 397 1579 425 Οὕτω
1608 397 1663 433 γὰρ
1694 398 1742 424 καὶ
1764 397 1866 433 Δανιὴλ

1070 445 1136 478 περὶ
1158 443 1298 478 Ἀντιόχου
1314 444 1532 479 προεφήτευσεν,
1558 443 1596 475 ὡς
1622 444 1757 479 ἐσομένου
1781 444 1864 471 τόπου

1069 490 1121 524 τῆς
1136 489 1183 516 τοῦ
1204 488 1392 524 Ἀντιχρίστου
1409 488 1554 520 ἐλεύσεως.

1107 537 1161 563 Kal
1177 537 1194 562 ό
1208 535 1327 569 δράκων
1342 535 1474 569 ἕστηκεν
1488 535 1619 562 ἐνώπιον
1643 534 1699 569 τῆς
1721 534 1866 570 γυναικὸς

1070 581 1126 616 τῆς
1137 582 1315 616 μελλούσης
1339 581 1438 608 τεκεῖν
1453 589 1460 596 υ
1488 581 1540 608 ἵνα
1559 581 1634 608 ὅταν
1650 582 1734 616 τέκῃ,
1752 581 1785 607 τὸ
1811 581 1860 607 τέ-

1071 637 1146 655 κνον
1160 627 1254 662 αὐτῆς
1268 628 1436 664 καταφάγῃ.

1106 674 1163 701 Kal
1179 676 1196 701 ό
1210 674 1329 709 δράκων
1344 675 1474 708 ἕστηκεν
1488 674 1619 702 ἐνώπιον
1633 673 1688 708 τῆς
1706 673 1859 708 γυναικός.

1071 736 1107 741 -
1127 721 1183 747 ’Λεὶ
1199 720 1253 756 γὰρ
1282 721 1295 747 ὁ
1311 721 1470 756 ἀποστάτης
1492 720 1606 755 ἀντικρὺ
1625 720 1676 755 τῆς
1700 719 1864 754 Ἐκκλησίας

1072 767 1225 800 ὀπλίξεται,
1256 767 1319 798 τοὺς
1348 766 1590 800 ἀναγεννωμένους
1615 765 1687 792 κατὰ
1715 764 1811 800 καιρὸν
1836 763 1867 797 ἐξ

1072 813 1169 848 αὐτῆς,
1183 814 1283 840 οἰκεῖον
1299 813 1395 848 βρῶμα
1413 811 1550 839 ποιεῖσθαι
1564 812 1730 847 ὀρεγόμενος
1744 820 1750 827 ·
1764 811 1865 847 μᾶλλον

1074 860 1114 891 δὲ,
1137 860 1182 887 διὰ
1197 860 1246 895 τῆς
1268 859 1432 894 Ἐκκλησιας
1449 859 1497 886 καὶ
1514 858 1595 886 αὑτὸν
1607 858 1653 885 τὸν
1668 859 1785 894 Χριστὸν
1799 857 1865 884 διώ-

228 903 347 930 lidelium
363 907 426 930 sunt
444 903 564 937 propria,
582 903 633 930 sibi
648 903 779 930 vindicat.
796 903 886 936 Quare
900 904 934 931 ad
953 903 1022 931 Sau-

1078 915 1142 939 κων,
1159 906 1197 937 ὠς
1225 906 1348 941 κεφαλὴν
1362 906 1458 940 αὐτῆς,
1483 905 1517 931 τὰ
1534 905 1588 931 τῶν
1617 903 1723 931 πιστῶν
1748 904 1867 932 οἰκειού-

229 949 284 975 lum
297 949 386 976 ait-bat
399 957 408 976 :
427 948 518 981 Saule,
535 948 628 982 Snnle,
643 949 706 984 quid
723 958 763 976 me
781 951 941 985 persequeris
953 950 994 977 ’3?

261 993 319 1025 XII,
338 994 364 1021 5.
383 994 415 1020 Et
433 995 534 1028 peperit
549 995 635 1028 ﬁlium
654 995 816 1028 masculum,
840 996 885 1030 qui
900 1000 1021 1024 recturus

226 1043 282 1065 erat
297 1047 386 1066 omnes
403 1043 492 1074 gentes
507 1039 533 1066 in
550 1040 624 1074 virga
638 1040 736 1074 ferrea.

263 1085 384 1112 Ecclesia
405 1093 451 1120 per
476 1092 523 1112 eos
539 1085 586 1120 qui
612 1085 749 1121 baptismo
772 1086 927 1120 initiantur,
953 1089 1022 1116 citra

228 1130 462 1158 intermissionem
486 1135 599 1166 generat
628 1131 787 1166 Christum;
812 1137 907 1168 utpote
922 1135 949 1160 in
969 1134 1023 1162 illis

228 1176 403 1204 formandum
418 1185 505 1212 usque
519 1177 551 1204 ad
563 1183 781 1204 consummatam
794 1179 925 1211 spiritalis
935 1180 1023 1208 aetatis

229 1223 438 1257 plenitudinem.
464 1223 593 1251 Ecclesize
619 1229 708 1251 autem
728 1225 856 1259 populus,
873 1225 894 1252 is
911 1225 1022 1253 demum

230 1268 302 1294 ﬁlius
323 1268 462 1294 masculus
480 1273 553 1295 recte
570 1269 732 1302 appellatur,
756 1269 802 1303 qui
822 1269 913 1296 carnis
945 1270 1023 1296 volu-

230 1314 350 1349 ptatibus
363 1322 551 1349 sensuumque
567 1314 701 1342 illecebris
710 1322 763 1341 non
780 1314 925 1350 frangitur,
936 1323 1024 1349 neque

231 1360 369 1394 dejicitur,
386 1360 431 1387 sed
447 1360 540 1387 animo
553 1360 670 1387 infracto
685 1361 711 1386 in
727 1359 814 1387 oﬂicio
828 1360 958 1394 persistit.
975 1360 1024 1387 Per

231 1413 313 1441 quem
340 1414 413 1432 mine
437 1406 546 1439 quidem
572 1405 699 1433 Christus
731 1406 801 1433 Deus
820 1405 1022 1439 Romanorum,

231 1453 358 1480 manibus
377 1453 455 1487 quasi
472 1451 573 1480 ferrum
606 1452 739 1485 robustis,
758 1458 851 1488 gentes
873 1453 961 1488 regit;
979 1461 1023 1480 re-

232 1503 326 1526 cturus
338 1499 446 1526 easdem
465 1502 525 1533 post
541 1506 714 1526 communem
726 1506 836 1533 quoque
853 1503 1022 1526 mortuorum

231 1544 472 1572 resurrectionem.
492 1543 650 1570 Constituet.
670 1542 743 1570 enim
759 1543 866 1577 judices
885 1542 937 1570 lide
953 1544 1023 1570 vali-

1075 960 1166 986 μενον.
1178 952 1223 978 Διὸ
1232 951 1291 983 καὶ,
1301 951 1411 983 Σαῦλε,
1421 950 1532 983 Σαῦλε,
1541 951 1617 985 τιμε
1627 950 1743 982 διώκεις
1752 958 1761 981 ;
1777 949 1865 983 ἔλεγε.

1108 997 1163 1025 Καὶ
1176 998 1279 1025 ἔτεκεν
1291 997 1359 1025 υἱὸν
1371 997 1482 1031 ᾶρῤενα
1498 1004 1506 1012 ο
1523 995 1556 1030 ὃς
1570 996 1680 1031 μέλλει
1696 995 1868 1031 ποιμαίνειν

1073 1043 1172 1072 πάντα
1186 1045 1223 1071 τὰ
1237 1044 1310 1078 ἔθνη
1322 1043 1426 1078 ῥάϐδῳ
1439 1043 1558 1077 σιδηρᾷ.

1108 1090 1163 1117 Kal
1174 1089 1277 1116 ἔτεκεν
1287 1088 1354 1116 υἱὸν
1370 1088 1491 1123 ἇῤῥενα.
1509 1087 1690 1123 -Διηνεκῶς
1707 1088 1723 1123 ἡ
1754 1086 1868 1122 Ἐκκλη-

1075 1135 1121 1162 σια
1136 1135 1181 1162 διὰ
1196 1135 1251 1161 τῶν
1267 1134 1475 1170 βαπτιζομένων
1488 1133 1533 1161 τὸν
1548 1134 1666 1170 Χριστὸν
1678 1134 1771 1169 γεννᾷ,
1787 1133 1825 1163 ὡς
1838 1133 1868 1159 ὲν

1074 1180 1190 1212 ἐκείνοις
1207 1180 1398 1216 μορφούμενον
1422 1180 1487 1216 ἄχρι
1503 1181 1553 1216 τῆς
1578 1179 1805 1216 συμπληρώσεως
1818 1178 1868 1213 τῆς

1074 1226 1264 1261 πνευματικῆς
1275 1226 1395 1262 ἡλικίας,
1409 1227 1482 1253 κατὰ
1496 1226 1543 1253 τὸν
1561 1226 1734 1252 ’Λπόστολον.
1755 1225 1869 1259 Ἀρῤην

1074 1271 1102 1298 δὲ
1117 1272 1191 1306 υἱὸς,
1212 1273 1226 1298 ὁ
1245 1272 1296 1307 τῆς
1319 1273 1488 1309 Ἐκκλησίας
1505 1273 1580 1307 λαὸς,
1606 1273 1654 1300 καὶ
1674 1274 1734 1303 ταῖς
1759 1271 1868 1307 ἡδοναῖς

1074 1317 1223 1353 ἀθήλυντος
1237 1327 1243 1334 ·
1259 1318 1293 1345 δι’
1309 1314 1340 1344 οὗ
1356 1317 1427 1355 [καὶ]
1441 1319 1491 1355 ἤδη
1509 1319 1559 1355 μὲν
1574 1320 1636 1350 ταῖς
1663 1318 1718 1344 τῶν
1746 1317 1868 1344 δυνατῶν

1081 1363 1226 1398 Ῥωμαίων
1243 1365 1323 1400 χερσὶ
1337 1366 1398 1396 ταῖς
1418 1367 1565 1401 κραταιαῑς
1587 1365 1623 1397 ὼς
1646 1365 1660 1392 ὁ
1690 1365 1810 1400 σίδηρος,
1835 1363 1869 1390 τὰ

1075 1409 1139 1445 ἔθνη
1151 1410 1281 1445 ὲποὶμανε
1298 1411 1416 1446 Χριστὸς
1427 1412 1441 1438 ὁ
1457 1411 1534 1443 Θεός,
1547 1412 1681 1446 Ποιμανεῐ
1696 1410 1723 1436 δὲ
1740 1409 1787 1436 καὶ
1799 1408 1869 1444 μετὰ

1075 1455 1124 1491 τὴν
1148 1456 1180 1483 ἐκ
1196 1457 1303 1491 νεκρῶν
1329 1456 1489 1490 ἀνάστασιν,
1514 1457 1613 1491 κριτὰς
1640 1456 1779 1483 καθιστῶν
1805 1454 1868 1485 τοὺς

1077 1501 1205 1537 ισχυροὺς
1212 1504 1244 1538 τῇ
1259 1502 1434 1529 πίστεικατὰ
1444 1503 1490 1529 τδν
1502 1503 1622 1539 σίδηρον,
1637 1502 1691 1529 τῶν
1706 1500 1867 1536 εὐθρὺπτων

1076 1548 1124 1574 καὶ
1138 1547 1260 1576 ἀσθενῶν
1275 1549 1380 1576 σκευῶν
1391 1549 1445 1576 τῶν
1459 1549 1555 1582 ἐθνῶν,
1569 1549 1587 1576 ἃ.
1612 1549 1646 1576 δι’
1676 1548 1805 1575 ἀπιστίαν
1824 1546 1870 1574 τδν

232 1591 292 1621 dos.
311 1590 358 1624 qui
379 1594 483 1624 gentes,
503 1596 564 1624 quae
578 1593 688 1623 propter
704 1588 890 1616 infirmitatem
911 1593 938 1616 et
962 1588 1023 1616 inﬁ-

1078 1595 1211 1627 μυστικὸν
1227 1595 1299 1632 [καὶ]
1311 1595 1372 1622 νέον
1387 1594 1458 1623 οἶνον
1470 1596 1520 1623 οὐκ
1535 1596 1690 1632 ἐχώρησαν.

232 1636 370 1664 delitatem
389 1635 533 1670 mysticum
550 1635 615 1662 illud
631 1639 658 1662 et
680 1641 781 1662 novum
795 1634 890 1661 vinum
907 1641 962 1661 non
975 1636 1098 1671 capiunt,
1114 1643 1144 1667 ut
1174 1640 1279 1668 ferrum
1309 1648 1375 1669 vasa
1411 1641 1503 1669 ﬁctilia
1519 1645 1546 1669 et
1579 1641 1688 1668 inlirma
1709 1639 1790 1672 solet,
1805 1645 1872 1666 eon-

232 1687 330 1710 terent.

269 1730 303 1756 Et
324 1733 414 1762 ruptus
431 1733 468 1755 est
483 1728 556 1762 ﬁlius
570 1727 627 1762 ejus
647 1727 682 1754 ml
696 1727 790 1759 Deum,
807 1731 832 1753 et
850 1727 884 1753 ad
903 1727 1027 1755 thronum

237 1777 304 1811 ejus.

271 1822 424 1856 Bapiuntur
442 1821 487 1848 hic
507 1828 617 1856 quoque
633 1828 665 1848 ex
681 1821 855 1856 gravioribus
872 1821 1029 1849 tentationi-

234 1868 286 1895 bus
301 1867 438 1894 interdum
453 1866 552 1899 sancti,
572 1874 606 1894 ne
619 1865 689 1894 forte
707 1867 899 1894 alllictionibus
918 1872 945 1895 et
960 1867 1029 1895 diffi-

199 1914 202 1917 “
235 1912 394 1943 cultatihus,
410 1919 470 1946 qua:
484 1912 555 1939 vires
571 1912 680 1939 illorum
697 1913 844 1945 excedunt,
860 1912 1029 1941 absorbean~

237 1963 290 1985 tur.
310 1957 461 1993 Rapienlur
480 1962 508 1985 et
530 1958 595 1985 olim
617 1959 644 1985 in
658 1965 803 1986 oecursum
819 1959 937 1993 Domini,
952 1960 1031 1987 nubi<

235 2004 287 2031 bus
300 2004 379 2038 quasi
397 2003 530 2031 vehiculis
552 2004 716 2038 Quibusdam
735 2005 762 2032 iu
779 2012 869 2032 aerem
890 2006 1030 2040 subvecti;

235 2058 297 2077 cum
315 2051 368 2077 Deo
381 2051 560 2086 ejusdemque
577 2051 694 2083 thronis,
715 2051 768 2079 hoc
781 2056 832 2085 est,
851 2053 967 2081 summis
983 2061 1032 2080 an-

236 2097 359 2131 gelurum
377 2096 536 2130 virtutibus,
555 2097 648 2124 felices
663 2106 771 2133 semper
788 2099 897 2126 victuri.

272 2142 330 2175 XII,
351 2142 378 2170 6.
397 2145 430 2170 At
446 2143 540 2171 mulier
561 2144 629 2179 fugit
647 2145 673 2171 in
694 2145 876 2178 solitudinem,
893 2147 937 2173 ubi
950 2147 1030 2174 Imbev

237 2188 280 2214 but
298 2189 384 2215 locum
400 2194 523 2223 paratum
537 2199 553 2216 a
569 2190 640 2222 Deo;
654 2199 680 2217 ut
695 2191 732 2218 ibi
743 2197 920 2226 puscantcam
937 2193 1028 2220 diebus

238 2234 311 2260 mille
329 2234 448 2261 ducentis
462 2237 612 2270 sexaginta.

276 2321 392 2353 Quando
424 2323 536 2357 (inquit)
569 2323 695 2351 diabolus
720 2324 766 2359 qui
809 2325 835 2352 in
865 2325 1034 2354 Antichristo

239 2366 335 2394 ellicax
353 2367 404 2393 erit
417 2387 424 2398 ,
446 2368 534 2395 aciem
548 2376 593 2403 per
609 2369 698 2403 ipsmn
713 2374 808 2397 contra
826 2370 974 2398 Ecclesium
992 2372 1034 2399 di-

242 2413 354 2445 rexerit,
380 2417 447 2440 tunc
468 2414 541 2441 illius
556 2414 647 2448 electi,
666 2422 830 2450 summaque
852 2416 973 2451 ejusdem
989 2425 1034 2445 ca-

242 2459 310 2494 pita,
326 2459 450 2486 civilibus
462 2460 625 2487 tumultibus
637 2461 838 2497 mundanisque
849 2463 1033 2497 voluptatibus

242 2505 416 2540 contemptis,
438 2506 464 2532 in
482 2506 620 2533 desertum
636 2507 670 2534 ab
687 2507 761 2535 omni
781 2508 884 2536 malitia
901 2509 1032 2542 alienum,

242 2552 359 2586 vitaeque.
383 2553 607 2580 consuetudinem
625 2555 699 2581 omni
718 2554 848 2582 virtutum
868 2563 967 2591 genere
990 2557 1034 2583 lu-

241 2603 360 2630 centem,
377 2607 436 2626 sese
452 2600 595 2634 recipient,
615 2600 693 2634 juxta
711 2601 801 2636 magni
817 2601 945 2629 lllethodii
969 2611 1031 2630 sen-

242 2644 353 2671 tentiam
369 2654 375 2671 :
390 2645 547 2679 ibidemque
560 2646 778 2680 impugnantiunt
796 2647 960 2680 d:cmonum,
977 2656 1036 2675 ma—

245 2690 437 2726 lignorumque
464 2691 606 2719 hominum
634 2693 752 2728 impetus
791 2699 875 2729 atque
901 2695 1034 2728 insultns,

247 2736 459 2771 sublel'luglenl.
488 2738 635 2766 Probabile
659 2739 688 2767 ﬁt
703 2748 812 2776 qunque
828 2742 957 2769 scnsilcm
974 2750 1036 2769 cre-

249 2789 322 2808 mant
346 2791 393 2811 eos
408 2790 642 2820 conservaturam,
660 2787 705 2822 qui
728 2787 754 2814 in
776 2788 916 2815 montibus
930 2793 956 2815 et
974 2796 1036 2822 spc-

281 2870 306 2889 δ’
320 2873 380 2900 Act.
399 2881 437 2907 ix,
455 2875 481 2902 4.

1112 1729 1168 1756 Kal
1181 1730 1325 1765 ἡρπάσθη
1338 1730 1371 1758 τὸ
1386 1730 1496 1758 τέκνον
1513 1731 1610 1765 αὐτῆς
1626 1731 1701 1765 ,πρὸς
1715 1730 1769 1758 τὸν
1796 1733 1872 1759 Θεέν

1078 1776 1127 1802 καὶ
1145 1775 1242 1812 [πρὸς]
1259 1777 1313 1803 τὸν
1325 1777 1435 1811 θρόνον
1447 1777 1552 1805 αὑτοῦ.

1114 1822 1168 1849 Kal
1181 1822 1324 1857 ἡρπάσθη
1343 1822 1375 1849 τὸ
1389 1822 1497 1849 τέκνον
1514 1823 1610 1857 αὐτῆς
1627 1822 1702 1858 πρὸς
1715 1823 1769 1850 τὸν
1785 1824 1870 1851 Θεόν.

1079 1882 1112 1888 -—
1135 1867 1320 1902 Ἀρπάξονται
1337 1867 1387 1902 μὲν
1402 1867 1456 1903 γὰρ
1473 1868 1616 1896 κάνταῦθα
1631 1870 1659 1895 ὲν
1672 1870 1838 1904 πειρασμοῖς
1846 1870 1871 1895 οἱ

1083 1911 1167 1944 ἅγιοι,
1185 1911 1256 1938 ὥστε
1278 1912 1316 1947 μὴ
1331 1912 1558 1947 καταπονηθῆναι
1584 1914 1639 1945 τοῖς
1656 1913 1800 1948 δυσχερέσι
1816 1915 1874 1946 τοῖς

1083 1957 1154 1993 ὑπὲρ
1166 1957 1280 1993 δύναμιν
1290 1965 1297 1973 ·
1326 1958 1534 1994 ἁρπαγήσονται
1550 1959 1579 1986 δὲ
1594 1958 1653 1995 [καὶ
1666 1959 1738 1995 τότε]
1753 1960 1782 1986 ὲν
1795 1961 1874 1994 νεφὲ-

1079 2004 1139 2036 λαις
1150 2005 1189 2036 εις
1217 2004 1380 2040 συνάντησιν
1396 2005 1443 2031 τοῦ
1459 2005 1561 2042 Κυρίου
1576 2007 1616 2038 εἰς
1643 2005 1712 2040 ἀέρα
1727 2014 1734 2022 ·
1760 2007 1809 2033 καὶ
1826 2007 1874 2034 σὺν

1079 2050 1119 2086 τῷ
1127 2051 1186 2086 Θεῷ
1198 2053 1245 2077 καὶ
1258 2052 1298 2086 τῷ
1311 2051 1398 2087 θρόνῳ
1407 2051 1501 2086 αὑτοῦ,
1513 2052 1620 2089 [ἤγουν]
1634 2055 1695 2085 ταῖς
1707 2053 1876 2089 ὑπερτάταις

1082 2098 1242 2132 ἀγγελικαῐς
1256 2098 1391 2134 δυνάμεσι
1403 2098 1571 2127 συνέσονται.

1118 2144 1172 2171 Kal
1189 2144 1208 2177 ’ἠ
1222 2144 1299 2178 γυνὴ
1316 2144 1428 2179 ἔφυγεν
1442 2146 1486 2178 εις
1499 2145 1557 2179 τὴν
1569 2145 1682 2180 ἔρημον
1695 2154 1702 2161 ·
1719 2146 1796 2172 ὅπου
1811 2145 1875 2180 ἔχει

1084 2189 1171 2226 [ἐκεῖ]
1186 2191 1282 2217 τόπον
1304 2191 1531 2226 ἡτοιμασμένον
1549 2193 1608 2219 ὑπὸ
1625 2192 1703 2228 [tofi]
1727 2192 1812 2224 Θεοῦ,
1827 2193 1878 2218 ἵνα

1083 2235 1148 2262 ἐκεῖ
1166 2235 1315 2270 τρέφωσιν
1342 2236 1440 2271 αὐτὴν
1453 2236 1565 2272 ἡμέρας
1589 2239 1691 2272 χιλίας
1719 2237 1878 2272 διακοσίας

1044 2276 1067 2306 ί)
1084 2281 1242 2315 ἐξήκοντα.

1123 2329 1177 2355 Kal
1191 2328 1210 2362 ἠ
1225 2328 1304 2362 γυνὴ
1315 2330 1478 2364 ἑρυγενεὶς
1494 2329 1550 2363 τὴν
1564 2330 1685 2365 ἔρημον.
1702 2345 1737 2350 —
1751 2331 1814 2356 Ὅτε
1825 2339 1878 2365 φη-

1087 2373 1129 2400 σὶν
1141 2374 1155 2400 ὁ
1172 2375 1201 2400 ἐν
1213 2374 1252 2410 τῷ
1269 2375 1448 2411 Ἀντιχρίστῳ
1463 2375 1584 2412 ἐνεργῶν
1607 2375 1731 2407 διάϐολος
1747 2375 1781 2402 δι’
1796 2375 1878 2402 αὐτοῦ

1085 2419 1157 2445 κατὰ
1171 2420 1221 2454 τῆς
1245 2419 1411 2455 Ἐκκλησίας
1434 2421 1637 2456 παρατάξηται,
1654 2422 1678 2447 οἱ
1702 2421 1805 2455 ταύτης
1831 2421 1879 2446 ἑκ-

1085 2465 1178 2492 λεκτοὶ
1192 2467 1240 2492 καὶ
1254 2468 1481 2502 κορυφαιότατοι,
1508 2468 1563 2495 τῶν
1579 2468 1728 2495 πολιτικῶν
1755 2468 1880 2503 θορύὂων

1086 2512 1135 2538 καὶ
1161 2512 1216 2539 τῶν
1233 2514 1376 2549 κοσμικῶν
1399 2514 1504 2550 ἡδονῶν
1531 2515 1748 2548 καταπτύοντες,
1764 2517 1804 2547 εἰς
1831 2515 1881 2550 τὴν

1087 2560 1190 2596 ἔρημον
1210 2561 1302 2596 πὰσης
1315 2562 1427 2595 κακίας,
1442 2563 1587 2598 πάμφορον
1610 2563 1638 2590 δὲ
1662 2564 1752 2597 πάσης
1780 2563 1882 2597 ἀρετῆς

1090 2606 1230 2633 πολιτείαν
1260 2607 1414 2641 φεύξονται,
1443 2609 1515 2635 κατὰ
1547 2609 1592 2635 τὸν
1612 2609 1698 2644 μέγαν
1727 2608 1881 2635 Μεθόδιον*

1090 2652 1171 2678 κάκεῖ
1184 2652 1238 2679 τῶν
1264 2653 1457 2688 πολεμούντων
1480 2655 1617 2690 δαιμόνων
1631 2663 1661 2681 τε
1689 2655 1736 2681 καὶ
1754 2654 1880 2689 πονηρῶν

1090 2698 1242 2734 ἀνθρώπων
1258 2700 1309 2732 τὰς
1327 2700 1482 2735 προσϐολὰς
1506 2700 1710 2736 διαφεύξονται.
1744 2701 1825 2732 Εἰκὸς
1856 2700 1884 2726 δὲ

1091 2744 1138 2770 καὶ
1153 2744 1202 2780 τὴν
1214 2745 1347 2781 αἰσθητὴν
1363 2746 1466 2781 ἔρημον
1488 2746 1585 2779 σώζειν
1600 2747 1663 2779 τοὺς
1682 2748 1711 2773 ἐν
1733 2747 1810 2783 ὄρεσι
1838 2746 1885 2772 καὶ

1092 2790 1236 2826 σπηλαίοις
1252 2792 1299 2818 καὶ
1312 2794 1371 2824 ταῖς
1388 2793 1470 2824 ὀπαῖς
1485 2793 1534 2829 τῆς
1546 2793 1609 2829 γῆς,
1626 2793 1669 2821 διὰ
1691 2794 1741 2829 τὴν
1756 2792 1802 2826 τοῦ
1818 2793 1887 2819 ἁπο-
