  <div class='ocr_page' id='page_1' title='image "/cluster/home/n/w/nwhite01/storage/ocr_20150623/106/njp.32101077772901/200.png"; bbox 0 0 2093 3159; ppageno 0'>
   <div class='ocr_carea' id='block_1_1' title="bbox 185 166 237 198">
    <p class='ocr_par' dir='ltr' id='par_1_1' title="bbox 185 166 237 198">
     <span class='ocr_line' id='line_1_1' title="bbox 185 166 237 198; baseline 0 0"><span class='ocrx_word' id='word_1_1' title='bbox 185 166 237 198; x_wconf 76' lang='lat'><strong>3‘25</strong></span> 
     </span>
    </p>
   </div>
   <div class='ocr_carea' id='block_1_2' title="bbox 669 160 1327 194">
    <p class='ocr_par' dir='ltr' id='par_1_2' title="bbox 669 160 1327 194">
     <span class='ocr_line' id='line_1_2' title="bbox 669 160 1327 194; baseline -0.005 0"><span class='ocrx_word' id='word_1_2' title='bbox 669 161 979 194; x_wconf 71' lang='lat' dir='ltr'><strong>COMMENTARIUS</strong></span> <span class='ocrx_word' id='word_1_3' title='bbox 999 160 1039 192; x_wconf 84' lang='lat' dir='ltr'><strong>IN</strong></span> <span class='ocrx_word' id='word_1_4' title='bbox 1061 160 1327 192; x_wconf 72' lang='lat' dir='ltr'><strong>APOCALYPSIN.</strong></span> 
     </span>
    </p>
   </div>
   <div class='ocr_carea' id='block_1_3' title="bbox 1773 163 1826 195">
    <p class='ocr_par' dir='ltr' id='par_1_3' title="bbox 1773 163 1826 195">
     <span class='ocr_line' id='line_1_3' title="bbox 1773 163 1826 195; baseline 0 0"><span class='ocrx_word' id='word_1_5' title='bbox 1773 163 1826 195; x_wconf 70' lang='grc'><strong>326</strong></span> 
     </span>
    </p>
   </div>
   <div class='ocr_carea' id='block_1_4' title="bbox 184 217 985 258">
    <p class='ocr_par' dir='ltr' id='par_1_4' title="bbox 184 218 974 258">
     <span class='ocr_line' id='line_1_4' title="bbox 184 218 974 258; baseline -0.008 -8"><span class='ocrx_word' id='word_1_6' title='bbox 184 224 283 250; x_wconf 75' lang='grc' dir='ltr'>πάτου</span> <span class='ocrx_word' id='word_1_7' title='bbox 318 221 379 258; x_wconf 79' lang='grc' dir='ltr'>[καὶ</span> <span class='ocrx_word' id='word_1_8' title='bbox 404 220 613 257; x_wconf 77' lang='grc' dir='ltr'>ψευδοχρίστου]</span> <span class='ocrx_word' id='word_1_9' title='bbox 638 220 787 255; x_wconf 78' lang='grc' dir='ltr'>ἐπιϐουλὴν</span> <span class='ocrx_word' id='word_1_10' title='bbox 811 218 974 254; x_wconf 80' lang='grc' dir='ltr'>φεύγοντας,</span> 
     </span>
    </p>
   </div>
   <div class='ocr_carea' id='block_1_5' title="bbox 1037 217 1825 258">
    <p class='ocr_par' dir='ltr' id='par_1_5' title="bbox 1041 217 1825 252">
     <span class='ocr_line' id='line_1_5' title="bbox 1041 217 1825 252; baseline 0.001 -7"><span class='ocrx_word' id='word_1_11' title='bbox 1041 217 1118 245; x_wconf 89' lang='lat' dir='ltr'><strong>uncis</strong></span> <span class='ocrx_word' id='word_1_12' title='bbox 1139 222 1165 244; x_wconf 88' lang='lat' dir='ltr'><strong>ct</strong></span> <span class='ocrx_word' id='word_1_13' title='bbox 1179 217 1304 244; x_wconf 67' lang='lat' dir='ltr'><strong>cavernis</strong></span> <span class='ocrx_word' id='word_1_14' title='bbox 1321 221 1410 249; x_wconf 76' lang='lat' dir='ltr'><strong>terrae,</strong></span> <span class='ocrx_word' id='word_1_15' title='bbox 1426 220 1536 251; x_wconf 75' lang='lat' dir='ltr'><strong>propter</strong></span> <span class='ocrx_word' id='word_1_16' title='bbox 1553 221 1686 252; x_wconf 81' lang='lat' dir='ltr'><strong>apostatae</strong></span> <span class='ocrx_word' id='word_1_17' title='bbox 1701 221 1728 244; x_wconf 77' lang='lat' dir='ltr'><strong>et</strong></span> <span class='ocrx_word' id='word_1_18' title='bbox 1743 218 1825 246; x_wconf 81' lang='lat' dir='ltr'><strong>Anti-</strong></span> 
     </span>
    </p>
   </div>
   <div class='ocr_carea' id='block_1_6' title="bbox 184 265 978 304">
    <p class='ocr_par' dir='ltr' id='par_1_6' title="bbox 184 265 978 304">
     <span class='ocr_line' id='line_1_6' title="bbox 184 265 978 304; baseline -0.006 -8"><span class='ocrx_word' id='word_1_19' title='bbox 184 269 256 297; x_wconf 75' lang='grc' dir='ltr'>καθὰ</span> <span class='ocrx_word' id='word_1_20' title='bbox 271 269 319 295; x_wconf 78' lang='grc' dir='ltr'>καὶ</span> <span class='ocrx_word' id='word_1_21' title='bbox 335 268 432 304; x_wconf 83' lang='grc' dir='ltr'><strong>πρώην</strong></span> <span class='ocrx_word' id='word_1_22' title='bbox 448 267 511 299; x_wconf 78' lang='grc' dir='ltr'>τοὺς</span> <span class='ocrx_word' id='word_1_23' title='bbox 526 267 679 302; x_wconf 82' lang='grc' dir='ltr'>μάρτυρας.</span> <span class='ocrx_word' id='word_1_24' title='bbox 704 267 766 293; x_wconf 75' lang='grc' dir='ltr'><strong>Ἐπὶ</strong></span> <span class='ocrx_word' id='word_1_25' title='bbox 792 266 844 298; x_wconf 73' lang='grc' dir='ltr'><strong>ἔτη</strong></span> <span class='ocrx_word' id='word_1_26' title='bbox 860 265 888 291; x_wconf 78' lang='grc' dir='ltr'><strong>δὲ</strong></span> <span class='ocrx_word' id='word_1_27' title='bbox 902 265 978 299; x_wconf 77' lang='lat' dir='ltr'><strong>tpla,</strong></span> 
     </span>
    </p>
   </div>
   <div class='ocr_carea' id='block_1_7' title="bbox 188 311 980 350">
    <p class='ocr_par' dir='ltr' id='par_1_7' title="bbox 188 311 980 350">
     <span class='ocr_line' id='line_1_7' title="bbox 188 311 980 350; baseline -0.008 -8"><span class='ocrx_word' id='word_1_28' title='bbox 188 315 294 350; x_wconf 77' lang='grc' dir='ltr'>ἣμισυ,</span> <span class='ocrx_word' id='word_1_29' title='bbox 305 314 341 341; x_wconf 74' lang='grc' dir='ltr'><strong>τὰ</strong></span> <span class='ocrx_word' id='word_1_30' title='bbox 354 313 406 340; x_wconf 81' lang='grc' dir='ltr'>ὑπὸ</span> <span class='ocrx_word' id='word_1_31' title='bbox 420 313 476 340; x_wconf 89' lang='grc' dir='ltr'>τῶν</span> <span class='ocrx_word' id='word_1_32' title='bbox 487 313 582 348; x_wconf 86' lang='grc' dir='ltr'>χιλίων</span> <span class='ocrx_word' id='word_1_33' title='bbox 596 312 743 339; x_wconf 76' lang='grc' dir='ltr'><strong>διακοσίων</strong></span> <span class='ocrx_word' id='word_1_34' title='bbox 765 311 897 347; x_wconf 75' lang='grc' dir='ltr'>ἑξήκοντα</span> <span class='ocrx_word' id='word_1_35' title='bbox 912 312 980 346; x_wconf 77' lang='grc' dir='ltr'>ἠμε-</span> 
     </span>
    </p>
   </div>
   <div class='ocr_carea' id='block_1_8' title="bbox 187 355 981 395">
    <p class='ocr_par' dir='ltr' id='par_1_8' title="bbox 187 355 981 395">
     <span class='ocr_line' id='line_1_8' title="bbox 187 355 981 395; baseline -0.005 -8"><span class='ocrx_word' id='word_1_36' title='bbox 187 362 241 395; x_wconf 76' lang='grc' dir='ltr'>ρὼν</span> <span class='ocrx_word' id='word_1_37' title='bbox 259 360 413 395; x_wconf 76' lang='grc' dir='ltr'>δηλούμενα</span> <span class='ocrx_word' id='word_1_38' title='bbox 425 368 433 375; x_wconf 87' lang='grc'><strong>·</strong></span> <span class='ocrx_word' id='word_1_39' title='bbox 450 360 479 386; x_wconf 80' lang='grc' dir='ltr'>ὲν</span> <span class='ocrx_word' id='word_1_40' title='bbox 501 356 541 390; x_wconf 80' lang='grc' dir='ltr'>οἷς</span> <span class='ocrx_word' id='word_1_41' title='bbox 558 359 691 394; x_wconf 81' lang='grc' dir='ltr'><strong>κρατήσει</strong></span> <span class='ocrx_word' id='word_1_42' title='bbox 706 359 721 394; x_wconf 76' lang='grc' dir='ltr'>ἡ</span> <span class='ocrx_word' id='word_1_43' title='bbox 746 357 901 385; x_wconf 71' lang='grc' dir='ltr'><strong>ἀποστασία</strong></span> <span class='ocrx_word' id='word_1_44' title='bbox 913 365 920 372; x_wconf 91' lang='grc'><strong>·</strong></span> <span class='ocrx_word' id='word_1_45' title='bbox 946 355 981 393; x_wconf 83' lang='grc' dir='ltr'>ἧς</span> 
     </span>
    </p>
   </div>
   <div class='ocr_carea' id='block_1_9' title="bbox 186 403 979 441">
    <p class='ocr_par' dir='ltr' id='par_1_9' title="bbox 186 403 979 441">
     <span class='ocr_line' id='line_1_9' title="bbox 186 403 979 441; baseline -0.005 -8"><span class='ocrx_word' id='word_1_46' title='bbox 186 406 261 441; x_wconf 74' lang='grc' dir='ltr'>ἡμᾶς</span> <span class='ocrx_word' id='word_1_47' title='bbox 277 407 290 432; x_wconf 92' lang='lat'><strong>6</strong></span> <span class='ocrx_word' id='word_1_48' title='bbox 305 405 391 441; x_wconf 82' lang='grc' dir='ltr'>μέγας</span> <span class='ocrx_word' id='word_1_49' title='bbox 404 404 587 440; x_wconf 76' lang='grc' dir='ltr'>ἀγωνοθέτης,</span> <span class='ocrx_word' id='word_1_50' title='bbox 612 405 628 430; x_wconf 89' lang='lat'><strong>6</strong></span> <span class='ocrx_word' id='word_1_51' title='bbox 649 404 687 439; x_wconf 82' lang='grc' dir='ltr'>μὴ</span> <span class='ocrx_word' id='word_1_52' title='bbox 706 403 859 439; x_wconf 79' lang='grc' dir='ltr'><strong>συγχωρῶν</strong></span> <span class='ocrx_word' id='word_1_53' title='bbox 880 411 979 438; x_wconf 84' lang='grc' dir='ltr'>πειρα-</span> 
     </span>
    </p>
   </div>
   <div class='ocr_carea' id='block_1_10' title="bbox 189 449 979 486">
    <p class='ocr_par' dir='ltr' id='par_1_10' title="bbox 189 449 979 486">
     <span class='ocr_line' id='line_1_10' title="bbox 189 449 979 486; baseline -0.004 -8"><span class='ocrx_word' id='word_1_54' title='bbox 189 451 286 486; x_wconf 81' lang='grc' dir='ltr'>σθῆναί</span> <span class='ocrx_word' id='word_1_55' title='bbox 301 460 360 477; x_wconf 79' lang='grc' dir='ltr'>τινα</span> <span class='ocrx_word' id='word_1_56' title='bbox 373 450 444 486; x_wconf 74' lang='grc' dir='ltr'><strong>ὑπὲρ</strong></span> <span class='ocrx_word' id='word_1_57' title='bbox 458 450 473 476; x_wconf 81' lang='grc' dir='ltr'><strong>ὅ</strong></span> <span class='ocrx_word' id='word_1_58' title='bbox 483 450 607 482; x_wconf 78' lang='grc' dir='ltr'>δύναται,</span> <span class='ocrx_word' id='word_1_59' title='bbox 620 449 814 486; x_wconf 76' lang='grc' dir='ltr'><strong>λυτρούμενος,</strong></span> <span class='ocrx_word' id='word_1_60' title='bbox 825 449 979 484; x_wconf 77' lang='grc' dir='ltr'><strong>δωρήσεται</strong></span> 
     </span>
    </p>
   </div>
   <div class='ocr_carea' id='block_1_11' title="bbox 187 495 980 532">
    <p class='ocr_par' dir='ltr' id='par_1_11' title="bbox 187 495 980 532">
     <span class='ocr_line' id='line_1_11' title="bbox 187 495 980 532; baseline -0.004 -9"><span class='ocrx_word' id='word_1_61' title='bbox 187 498 254 532; x_wconf 82' lang='grc' dir='ltr'>ἡμῖν</span> <span class='ocrx_word' id='word_1_62' title='bbox 267 496 402 532; x_wconf 76' lang='grc' dir='ltr'>καρτερὸν</span> <span class='ocrx_word' id='word_1_63' title='bbox 413 496 544 531; x_wconf 82' lang='grc' dir='ltr'>λογισμὸν</span> <span class='ocrx_word' id='word_1_64' title='bbox 559 496 606 522; x_wconf 72' lang='grc' dir='ltr'>καὶ</span> <span class='ocrx_word' id='word_1_65' title='bbox 621 497 681 527; x_wconf 83' lang='grc' dir='ltr'>ταῖς</span> <span class='ocrx_word' id='word_1_66' title='bbox 704 495 842 526; x_wconf 73' lang='grc' dir='ltr'><strong>ἐναντίαις</strong></span> <span class='ocrx_word' id='word_1_67' title='bbox 859 495 980 530; x_wconf 75' lang='grc' dir='ltr'>προσὸο-</span> 
     </span>
    </p>
   </div>
   <div class='ocr_carea' id='block_1_12' title="bbox 187 539 980 577">
    <p class='ocr_par' dir='ltr' id='par_1_12' title="bbox 187 539 980 577">
     <span class='ocr_line' id='line_1_12' title="bbox 187 539 980 577; baseline -0.003 -9"><span class='ocrx_word' id='word_1_68' title='bbox 187 542 246 573; x_wconf 84' lang='grc' dir='ltr'>λαϊς</span> <span class='ocrx_word' id='word_1_69' title='bbox 259 541 408 576; x_wconf 81' lang='grc' dir='ltr'>ἀθήλυντον</span> <span class='ocrx_word' id='word_1_70' title='bbox 422 549 429 556; x_wconf 72' lang='grc' dir='ltr'><strong>θ</strong></span> <span class='ocrx_word' id='word_1_71' title='bbox 448 542 492 568; x_wconf 81' lang='grc' dir='ltr'>ἵνα</span> <span class='ocrx_word' id='word_1_72' title='bbox 504 541 629 576; x_wconf 80' lang='grc' dir='ltr'><strong>νομίμως</strong></span> <span class='ocrx_word' id='word_1_73' title='bbox 645 541 714 577; x_wconf 85' lang='grc' dir='ltr'>πρὸς</span> <span class='ocrx_word' id='word_1_74' title='bbox 739 542 788 573; x_wconf 77' lang='grc' dir='ltr'>τὰς</span> <span class='ocrx_word' id='word_1_75' title='bbox 815 541 904 576; x_wconf 79' lang='grc' dir='ltr'>ἀρχὰς</span> <span class='ocrx_word' id='word_1_76' title='bbox 932 539 980 566; x_wconf 82' lang='grc' dir='ltr'><strong>τοῦ</strong></span> 
     </span>
    </p>
   </div>
   <div class='ocr_carea' id='block_1_13' title="bbox 190 585 982 621">
    <p class='ocr_par' dir='ltr' id='par_1_13' title="bbox 190 585 982 621">
     <span class='ocr_line' id='line_1_13' title="bbox 190 585 982 621; baseline -0.003 -8"><span class='ocrx_word' id='word_1_77' title='bbox 190 586 305 618; x_wconf 76' lang='grc' dir='ltr'><strong>σκότους</strong></span> <span class='ocrx_word' id='word_1_78' title='bbox 320 587 368 613; x_wconf 86' lang='grc' dir='ltr'>καὶ</span> <span class='ocrx_word' id='word_1_79' title='bbox 379 587 428 618; x_wconf 71' lang='grc' dir='ltr'><strong>τὰς</strong></span> <span class='ocrx_word' id='word_1_80' title='bbox 444 586 569 620; x_wconf 77' lang='grc' dir='ltr'>ἐξουσίας</span> <span class='ocrx_word' id='word_1_81' title='bbox 588 586 768 621; x_wconf 81' lang='grc' dir='ltr'>ἀθλήσαντες,</span> <span class='ocrx_word' id='word_1_82' title='bbox 785 585 824 621; x_wconf 84' lang='grc' dir='ltr'><strong>τῷ</strong></span> <span class='ocrx_word' id='word_1_83' title='bbox 856 586 982 621; x_wconf 79' lang='grc' dir='ltr'>στεφάνῳ</span> 
     </span>
    </p>
   </div>
   <div class='ocr_carea' id='block_1_14' title="bbox 188 631 981 668">
    <p class='ocr_par' dir='ltr' id='par_1_14' title="bbox 188 631 981 668">
     <span class='ocr_line' id='line_1_14' title="bbox 188 631 981 668; baseline -0.001 -9"><span class='ocrx_word' id='word_1_84' title='bbox 188 633 238 668; x_wconf 75' lang='grc' dir='ltr'><strong>τῆς</strong></span> <span class='ocrx_word' id='word_1_85' title='bbox 249 632 425 668; x_wconf 78' lang='grc' dir='ltr'><strong>δικαιοσύνης</strong></span> <span class='ocrx_word' id='word_1_86' title='bbox 441 633 711 668; x_wconf 81' lang='grc' dir='ltr'>κατακοσμηθῶμεν,</span> <span class='ocrx_word' id='word_1_87' title='bbox 729 633 777 659; x_wconf 73' lang='grc' dir='ltr'>καὶ</span> <span class='ocrx_word' id='word_1_88' title='bbox 788 633 824 659; x_wconf 79' lang='grc' dir='ltr'><strong>τὰ</strong></span> <span class='ocrx_word' id='word_1_89' title='bbox 838 631 888 667; x_wconf 85' lang='grc' dir='ltr'><strong>τῆς</strong></span> <span class='ocrx_word' id='word_1_90' title='bbox 902 632 981 667; x_wconf 81' lang='grc' dir='ltr'>νίκης</span> 
     </span>
    </p>
   </div>
   <div class='ocr_carea' id='block_1_15' title="bbox 188 677 983 714">
    <p class='ocr_par' dir='ltr' id='par_1_15' title="bbox 188 677 983 714">
     <span class='ocr_line' id='line_1_15' title="bbox 188 677 983 714; baseline -0.001 -9"><span class='ocrx_word' id='word_1_91' title='bbox 188 679 306 714; x_wconf 76' lang='grc' dir='ltr'>βραδεῖα</span> <span class='ocrx_word' id='word_1_92' title='bbox 321 678 464 714; x_wconf 79' lang='grc' dir='ltr'><strong>δεξώμεθα</strong></span> <span class='ocrx_word' id='word_1_93' title='bbox 478 687 484 694; x_wconf 91' lang='grc'><strong>·</strong></span> <span class='ocrx_word' id='word_1_94' title='bbox 501 680 541 706; x_wconf 79' lang='grc' dir='ltr'><strong>ὅτι</strong></span> <span class='ocrx_word' id='word_1_95' title='bbox 561 678 636 714; x_wconf 77' lang='grc' dir='ltr'>αὐτῷ</span> <span class='ocrx_word' id='word_1_96' title='bbox 651 679 752 714; x_wconf 80' lang='grc' dir='ltr'><strong>πρέπει</strong></span> <span class='ocrx_word' id='word_1_97' title='bbox 767 678 811 705; x_wconf 81' lang='grc' dir='ltr'>διὰ</span> <span class='ocrx_word' id='word_1_98' title='bbox 834 678 888 704; x_wconf 83' lang='grc' dir='ltr'><strong>τῶν</strong></span> <span class='ocrx_word' id='word_1_99' title='bbox 901 677 983 704; x_wconf 78' lang='grc' dir='ltr'>ἀσθε-</span> 
     </span>
    </p>
   </div>
   <div class='ocr_carea' id='block_1_16' title="bbox 187 723 981 761">
    <p class='ocr_par' dir='ltr' id='par_1_16' title="bbox 187 723 981 761">
     <span class='ocr_line' id='line_1_16' title="bbox 187 723 981 761; baseline -0.003 -9"><span class='ocrx_word' id='word_1_100' title='bbox 187 725 242 752; x_wconf 85' lang='grc' dir='ltr'><strong>νῶν</strong></span> <span class='ocrx_word' id='word_1_101' title='bbox 259 725 442 761; x_wconf 81' lang='grc' dir='ltr'>τροπουμὲνῳ</span> <span class='ocrx_word' id='word_1_102' title='bbox 457 725 520 756; x_wconf 83' lang='grc' dir='ltr'>τοὺς</span> <span class='ocrx_word' id='word_1_103' title='bbox 538 725 666 760; x_wconf 74' lang='grc' dir='ltr'>ἰσχυροὺς</span> <span class='ocrx_word' id='word_1_104' title='bbox 681 724 822 759; x_wconf 83' lang='grc' dir='ltr'>ὲναερίους</span> <span class='ocrx_word' id='word_1_105' title='bbox 835 723 981 758; x_wconf 80' lang='grc' dir='ltr'>ἄρχοντας,</span> 
     </span>
    </p>
   </div>
   <div class='ocr_carea' id='block_1_17' title="bbox 187 768 982 805">
    <p class='ocr_par' dir='ltr' id='par_1_17' title="bbox 187 768 982 805">
     <span class='ocr_line' id='line_1_17' title="bbox 187 768 982 805; baseline -0.003 -9"><span class='ocrx_word' id='word_1_106' title='bbox 187 771 205 805; x_wconf 82' lang='grc' dir='ltr'><strong>ἡ</strong></span> <span class='ocrx_word' id='word_1_107' title='bbox 217 770 279 805; x_wconf 81' lang='grc' dir='ltr'>νίκη</span> <span class='ocrx_word' id='word_1_108' title='bbox 291 770 339 796; x_wconf 76' lang='grc' dir='ltr'>καὶ</span> <span class='ocrx_word' id='word_1_109' title='bbox 352 769 382 796; x_wconf 74' lang='grc' dir='ltr'><strong>τὸ</strong></span> <span class='ocrx_word' id='word_1_110' title='bbox 398 770 509 805; x_wconf 74' lang='grc' dir='ltr'>κράτος,</span> <span class='ocrx_word' id='word_1_111' title='bbox 520 770 578 804; x_wconf 73' lang='grc' dir='ltr'>ἅμα</span> <span class='ocrx_word' id='word_1_112' title='bbox 589 769 629 805; x_wconf 85' lang='grc' dir='ltr'>τῷ</span> <span class='ocrx_word' id='word_1_113' title='bbox 643 769 732 804; x_wconf 76' lang='grc' dir='ltr'>Πατρὶ</span> <span class='ocrx_word' id='word_1_114' title='bbox 745 769 792 795; x_wconf 77' lang='grc' dir='ltr'><strong>καὶ</strong></span> <span class='ocrx_word' id='word_1_115' title='bbox 802 769 840 803; x_wconf 82' lang='grc' dir='ltr'><strong>τῷ</strong></span> <span class='ocrx_word' id='word_1_116' title='bbox 856 768 982 804; x_wconf 81' lang='grc' dir='ltr'>ζωοποιῷ</span> 
     </span>
    </p>
   </div>
   <div class='ocr_carea' id='block_1_18' title="bbox 188 814 981 852">
    <p class='ocr_par' dir='ltr' id='par_1_18' title="bbox 188 814 981 852">
     <span class='ocr_line' id='line_1_18' title="bbox 188 814 981 852; baseline -0.003 -9"><span class='ocrx_word' id='word_1_117' title='bbox 188 816 340 852; x_wconf 82' lang='grc' dir='ltr'>Πνεύματι,</span> <span class='ocrx_word' id='word_1_118' title='bbox 356 815 415 852; x_wconf 73' lang='grc' dir='ltr'>[νῦν</span> <span class='ocrx_word' id='word_1_119' title='bbox 433 817 480 843; x_wconf 71' lang='grc' dir='ltr'>καὶ</span> <span class='ocrx_word' id='word_1_120' title='bbox 492 817 546 850; x_wconf 73' lang='grc' dir='ltr'>ἀεὶ,</span> <span class='ocrx_word' id='word_1_121' title='bbox 563 815 623 852; x_wconf 78' lang='grc' dir='ltr'>καὶ]</span> <span class='ocrx_word' id='word_1_122' title='bbox 649 817 691 848; x_wconf 82' lang='grc' dir='ltr'><strong>είς</strong></span> <span class='ocrx_word' id='word_1_123' title='bbox 714 816 778 848; x_wconf 81' lang='grc' dir='ltr'>τοὺς</span> <span class='ocrx_word' id='word_1_124' title='bbox 795 815 897 846; x_wconf 79' lang='grc' dir='ltr'>αἰῶνας</span> <span class='ocrx_word' id='word_1_125' title='bbox 915 814 981 852; x_wconf 83' lang='grc' dir='ltr'>[τῶν</span> 
     </span>
    </p>
   </div>
   <div class='ocr_carea' id='block_1_19' title="bbox 188 862 425 898">
    <p class='ocr_par' dir='ltr' id='par_1_19' title="bbox 188 862 425 898">
     <span class='ocr_line' id='line_1_19' title="bbox 188 862 425 898; baseline 0.004 -9"><span class='ocrx_word' id='word_1_126' title='bbox 188 862 318 898; x_wconf 62' lang='lat' dir='ltr'><strong>nidulum]</strong></span> <span class='ocrx_word' id='word_1_127' title='bbox 327 863 425 898; x_wconf 85' lang='grc' dir='ltr'>Ἀμήν.</span> 
     </span>
    </p>
   </div>
   <div class='ocr_carea' id='block_1_20' title="bbox 1030 263 1825 299">
    <p class='ocr_par' dir='ltr' id='par_1_20' title="bbox 1030 263 1825 299">
     <span class='ocr_line' id='line_1_20' title="bbox 1030 263 1825 299; baseline 0.003 -9"><span class='ocrx_word' id='word_1_128' title='bbox 1030 264 1125 291; x_wconf 88' lang='lat' dir='ltr'><strong>cln-isti</strong></span> <span class='ocrx_word' id='word_1_129' title='bbox 1145 264 1258 291; x_wconf 79' lang='lat' dir='ltr'><strong>insidias</strong></span> <span class='ocrx_word' id='word_1_130' title='bbox 1277 263 1455 298; x_wconf 79' lang='lat' dir='ltr'><strong>confugient;</strong></span> <span class='ocrx_word' id='word_1_131' title='bbox 1472 264 1704 298; x_wconf 81' lang='lat' dir='ltr'><strong>quemadmodum</strong></span> <span class='ocrx_word' id='word_1_132' title='bbox 1720 265 1825 299; x_wconf 86' lang='lat' dir='ltr'><strong>primos</strong></span> 
     </span>
    </p>
   </div>
   <div class='ocr_carea' id='block_1_21' title="bbox 1030 310 1826 346">
    <p class='ocr_par' dir='ltr' id='par_1_21' title="bbox 1030 310 1826 346">
     <span class='ocr_line' id='line_1_21' title="bbox 1030 310 1826 346; baseline 0.003 -9"><span class='ocrx_word' id='word_1_133' title='bbox 1030 318 1139 346; x_wconf 80' lang='lat' dir='ltr'><strong>quoque</strong></span> <span class='ocrx_word' id='word_1_134' title='bbox 1157 315 1291 345; x_wconf 77' lang='lat' dir='ltr'><strong>martyres</strong></span> <span class='ocrx_word' id='word_1_135' title='bbox 1307 310 1340 337; x_wconf 85' lang='lat' dir='ltr'><strong>ad</strong></span> <span class='ocrx_word' id='word_1_136' title='bbox 1361 310 1497 345; x_wconf 86' lang='lat' dir='ltr'><strong>ejusmodi</strong></span> <span class='ocrx_word' id='word_1_137' title='bbox 1523 311 1635 338; x_wconf 87' lang='lat' dir='ltr'><strong>latibula</strong></span> <span class='ocrx_word' id='word_1_138' title='bbox 1653 319 1724 346; x_wconf 76' lang='lat' dir='ltr'><strong>sape</strong></span> <span class='ocrx_word' id='word_1_139' title='bbox 1737 319 1767 339; x_wconf 90' lang='lat' dir='ltr'><strong>se</strong></span> <span class='ocrx_word' id='word_1_140' title='bbox 1783 319 1826 338; x_wconf 83' lang='lat' dir='ltr'><strong>rc-</strong></span> 
     </span>
    </p>
   </div>
   <div class='ocr_carea' id='block_1_22' title="bbox 1030 357 1825 392">
    <p class='ocr_par' dir='ltr' id='par_1_22' title="bbox 1030 357 1825 392">
     <span class='ocr_line' id='line_1_22' title="bbox 1030 357 1825 392; baseline 0.001 -8"><span class='ocrx_word' id='word_1_141' title='bbox 1030 357 1147 391; x_wconf 71' lang='lat' dir='ltr'><strong>ccpisse,</strong></span> <span class='ocrx_word' id='word_1_142' title='bbox 1174 361 1346 391; x_wconf 82' lang='lat' dir='ltr'><strong>umrtcmque</strong></span> <span class='ocrx_word' id='word_1_143' title='bbox 1371 357 1404 384; x_wconf 89' lang='lat' dir='ltr'><strong>ad</strong></span> <span class='ocrx_word' id='word_1_144' title='bbox 1427 361 1535 392; x_wconf 74' lang='lat' dir='ltr'><strong>tempus</strong></span> <span class='ocrx_word' id='word_1_145' title='bbox 1557 358 1678 385; x_wconf 78' lang='lat' dir='ltr'><strong>evasisse</strong></span> <span class='ocrx_word' id='word_1_146' title='bbox 1697 362 1825 391; x_wconf 70' lang='lat' dir='ltr'><strong>constat;</strong></span> 
     </span>
    </p>
   </div>
   <div class='ocr_carea' id='block_1_23' title="bbox 1030 403 1827 438">
    <p class='ocr_par' dir='ltr' id='par_1_23' title="bbox 1030 403 1827 438">
     <span class='ocr_line' id='line_1_23' title="bbox 1030 403 1827 438; baseline 0.003 -8"><span class='ocrx_word' id='word_1_147' title='bbox 1030 403 1112 438; x_wconf 81' lang='lat' dir='ltr'><strong>idque</strong></span> <span class='ocrx_word' id='word_1_148' title='bbox 1126 404 1159 431; x_wconf 85' lang='lat' dir='ltr'><strong>ad</strong></span> <span class='ocrx_word' id='word_1_149' title='bbox 1178 411 1261 430; x_wconf 67' lang='lat' dir='ltr'><strong>atinas</strong></span> <span class='ocrx_word' id='word_1_150' title='bbox 1277 407 1329 430; x_wconf 80' lang='lat' dir='ltr'><strong>tres</strong></span> <span class='ocrx_word' id='word_1_151' title='bbox 1343 411 1403 430; x_wconf 83' lang='lat' dir='ltr'><strong>cum</strong></span> <span class='ocrx_word' id='word_1_152' title='bbox 1425 403 1548 437; x_wconf 83' lang='lat' dir='ltr'><strong>dimidio,</strong></span> <span class='ocrx_word' id='word_1_153' title='bbox 1569 412 1616 437; x_wconf 89' lang='lat' dir='ltr'><strong>per</strong></span> <span class='ocrx_word' id='word_1_154' title='bbox 1635 405 1708 432; x_wconf 83' lang='lat' dir='ltr'><strong>mille</strong></span> <span class='ocrx_word' id='word_1_155' title='bbox 1723 405 1827 432; x_wconf 82' lang='lat' dir='ltr'><strong>ducen-</strong></span> 
     </span>
    </p>
   </div>
   <div class='ocr_carea' id='block_1_24' title="bbox 1037 451 1828 486">
    <p class='ocr_par' dir='ltr' id='par_1_24' title="bbox 1037 451 1828 486">
     <span class='ocr_line' id='line_1_24' title="bbox 1037 451 1828 486; baseline 0.003 -10"><span class='ocrx_word' id='word_1_156' title='bbox 1037 455 1127 476; x_wconf 90' lang='lat' dir='ltr'><strong>torum</strong></span> <span class='ocrx_word' id='word_1_157' title='bbox 1143 451 1285 484; x_wconf 77' lang='lat' dir='ltr'><strong>sexaginta</strong></span> <span class='ocrx_word' id='word_1_158' title='bbox 1295 451 1402 477; x_wconf 86' lang='lat' dir='ltr'><strong>dierum</strong></span> <span class='ocrx_word' id='word_1_159' title='bbox 1412 458 1557 478; x_wconf 75' lang='lat' dir='ltr'><strong>numerum</strong></span> <span class='ocrx_word' id='word_1_160' title='bbox 1569 451 1743 486; x_wconf 78' lang='lat' dir='ltr'><strong>designatos;</strong></span> <span class='ocrx_word' id='word_1_161' title='bbox 1757 451 1828 478; x_wconf 83' lang='lat' dir='ltr'><strong>inter</strong></span> 
     </span>
    </p>
   </div>
   <div class='ocr_carea' id='block_1_25' title="bbox 1034 496 1828 533">
    <p class='ocr_par' dir='ltr' id='par_1_25' title="bbox 1034 496 1828 533">
     <span class='ocr_line' id='line_1_25' title="bbox 1034 496 1828 533; baseline 0.003 -10"><span class='ocrx_word' id='word_1_162' title='bbox 1034 504 1104 532; x_wconf 89' lang='lat' dir='ltr'><strong>quos</strong></span> <span class='ocrx_word' id='word_1_163' title='bbox 1128 496 1181 532; x_wconf 81' lang='lat'><strong>52</strong></span> <span class='ocrx_word' id='word_1_164' title='bbox 1199 505 1311 532; x_wconf 80' lang='lat' dir='ltr'><strong>regnum</strong></span> <span class='ocrx_word' id='word_1_165' title='bbox 1334 497 1470 524; x_wconf 83' lang='lat' dir='ltr'><strong>obtinebit</strong></span> <span class='ocrx_word' id='word_1_166' title='bbox 1489 498 1627 532; x_wconf 80' lang='lat' dir='ltr'><strong>apostasia</strong></span> <span class='ocrx_word' id='word_1_167' title='bbox 1643 506 1650 524; x_wconf 94' lang='lat'><strong>:</strong></span> <span class='ocrx_word' id='word_1_168' title='bbox 1672 506 1686 525; x_wconf 91' lang='lat' dir='ltr'><strong>a</strong></span> <span class='ocrx_word' id='word_1_169' title='bbox 1699 505 1752 533; x_wconf 89' lang='lat' dir='ltr'><strong>qua</strong></span> <span class='ocrx_word' id='word_1_170' title='bbox 1772 506 1828 525; x_wconf 90' lang='lat' dir='ltr'><strong>ma-</strong></span> 
     </span>
    </p>
   </div>
   <div class='ocr_carea' id='block_1_26' title="bbox 1035 544 1829 580">
    <p class='ocr_par' dir='ltr' id='par_1_26' title="bbox 1035 544 1829 580">
     <span class='ocr_line' id='line_1_26' title="bbox 1035 544 1829 580; baseline 0.003 -10"><span class='ocrx_word' id='word_1_171' title='bbox 1035 552 1105 579; x_wconf 76' lang='lat' dir='ltr'><strong>gnus</strong></span> <span class='ocrx_word' id='word_1_172' title='bbox 1122 544 1167 571; x_wconf 86' lang='lat' dir='ltr'><strong>ille</strong></span> <span class='ocrx_word' id='word_1_173' title='bbox 1182 545 1353 580; x_wconf 75' lang='lat' dir='ltr'><strong>Agonotheta</strong></span> <span class='ocrx_word' id='word_1_174' title='bbox 1368 552 1417 572; x_wconf 90' lang='lat' dir='ltr'><strong>nos</strong></span> <span class='ocrx_word' id='word_1_175' title='bbox 1436 545 1543 577; x_wconf 88' lang='lat' dir='ltr'><strong>liberet,</strong></span> <span class='ocrx_word' id='word_1_176' title='bbox 1559 545 1606 580; x_wconf 91' lang='lat' dir='ltr'><strong>qui</strong></span> <span class='ocrx_word' id='word_1_177' title='bbox 1621 553 1673 572; x_wconf 91' lang='lat' dir='ltr'><strong>non</strong></span> <span class='ocrx_word' id='word_1_178' title='bbox 1692 545 1829 580; x_wconf 77' lang='lat' dir='ltr'><strong>permittit</strong></span> 
     </span>
    </p>
   </div>
   <div class='ocr_carea' id='block_1_27' title="bbox 1036 590 1828 626">
    <p class='ocr_par' dir='ltr' id='par_1_27' title="bbox 1036 590 1828 626">
     <span class='ocr_line' id='line_1_27' title="bbox 1036 590 1828 626; baseline 0.001 -9"><span class='ocrx_word' id='word_1_179' title='bbox 1036 590 1121 617; x_wconf 89' lang='lat' dir='ltr'><strong>ullum</strong></span> <span class='ocrx_word' id='word_1_180' title='bbox 1139 591 1253 618; x_wconf 91' lang='lat' dir='ltr'><strong>omnino</strong></span> <span class='ocrx_word' id='word_1_181' title='bbox 1273 591 1372 618; x_wconf 81' lang='lat' dir='ltr'><strong>tentari</strong></span> <span class='ocrx_word' id='word_1_182' title='bbox 1389 599 1473 626; x_wconf 87' lang='lat' dir='ltr'><strong>supra</strong></span> <span class='ocrx_word' id='word_1_183' title='bbox 1490 591 1515 618; x_wconf 92' lang='lat' dir='ltr'><strong>id</strong></span> <span class='ocrx_word' id='word_1_184' title='bbox 1538 592 1611 626; x_wconf 90' lang='lat' dir='ltr'><strong>quod</strong></span> <span class='ocrx_word' id='word_1_185' title='bbox 1625 596 1725 626; x_wconf 77' lang='lat' dir='ltr'><strong>potest;</strong></span> <span class='ocrx_word' id='word_1_186' title='bbox 1742 592 1828 619; x_wconf 82' lang='lat' dir='ltr'><strong>ideni-</strong></span> 
     </span>
    </p>
   </div>
   <div class='ocr_carea' id='block_1_28' title="bbox 1036 637 1830 671">
    <p class='ocr_par' dir='ltr' id='par_1_28' title="bbox 1036 637 1830 671">
     <span class='ocr_line' id='line_1_28' title="bbox 1036 637 1830 671; baseline 0.001 -8"><span class='ocrx_word' id='word_1_187' title='bbox 1036 644 1089 671; x_wconf 86' lang='lat' dir='ltr'><strong>que</strong></span> <span class='ocrx_word' id='word_1_188' title='bbox 1106 637 1280 671; x_wconf 87' lang='lat' dir='ltr'><strong>impertiatur</strong></span> <span class='ocrx_word' id='word_1_189' title='bbox 1304 637 1384 665; x_wconf 91' lang='lat' dir='ltr'><strong>nobis</strong></span> <span class='ocrx_word' id='word_1_190' title='bbox 1410 638 1534 665; x_wconf 90' lang='lat' dir='ltr'><strong>animum</strong></span> <span class='ocrx_word' id='word_1_191' title='bbox 1551 638 1708 667; x_wconf 87' lang='lat' dir='ltr'><strong>robustum.</strong></span> <span class='ocrx_word' id='word_1_192' title='bbox 1730 642 1756 665; x_wconf 87' lang='lat' dir='ltr'><strong>et</strong></span> <span class='ocrx_word' id='word_1_193' title='bbox 1781 638 1830 664; x_wconf 88' lang='lat' dir='ltr'><strong>ad-</strong></span> 
     </span>
    </p>
   </div>
   <div class='ocr_carea' id='block_1_29' title="bbox 1033 683 1828 718">
    <p class='ocr_par' dir='ltr' id='par_1_29' title="bbox 1033 683 1828 718">
     <span class='ocr_line' id='line_1_29' title="bbox 1033 683 1828 718; baseline 0.003 -10"><span class='ocrx_word' id='word_1_194' title='bbox 1033 683 1223 710; x_wconf 84' lang='lat' dir='ltr'><strong>versariorum</strong></span> <span class='ocrx_word' id='word_1_195' title='bbox 1241 683 1360 711; x_wconf 85' lang='lat' dir='ltr'><strong>insultus</strong></span> <span class='ocrx_word' id='word_1_196' title='bbox 1380 683 1525 711; x_wconf 78' lang='lat' dir='ltr'><strong>infractum</strong></span> <span class='ocrx_word' id='word_1_197' title='bbox 1537 692 1544 717; x_wconf 88' lang='lat'>;</span> <span class='ocrx_word' id='word_1_198' title='bbox 1557 689 1586 710; x_wconf 92' lang='lat' dir='ltr'><strong>nt</strong></span> <span class='ocrx_word' id='word_1_199' title='bbox 1597 683 1717 718; x_wconf 77' lang='lat' dir='ltr'><strong>legitime</strong></span> <span class='ocrx_word' id='word_1_200' title='bbox 1733 687 1828 710; x_wconf 87' lang='lat' dir='ltr'><strong>contra</strong></span> 
     </span>
    </p>
   </div>
   <div class='ocr_carea' id='block_1_30' title="bbox 1033 728 1830 764">
    <p class='ocr_par' dir='ltr' id='par_1_30' title="bbox 1033 728 1830 764">
     <span class='ocr_line' id='line_1_30' title="bbox 1033 728 1830 764; baseline 0.001 -10"><span class='ocrx_word' id='word_1_201' title='bbox 1033 728 1172 763; x_wconf 87' lang='lat' dir='ltr'><strong>principes</strong></span> <span class='ocrx_word' id='word_1_202' title='bbox 1186 734 1212 756; x_wconf 83' lang='lat' dir='ltr'><strong>et</strong></span> <span class='ocrx_word' id='word_1_203' title='bbox 1229 734 1377 764; x_wconf 75' lang='lat' dir='ltr'><strong>potestates</strong></span> <span class='ocrx_word' id='word_1_204' title='bbox 1402 730 1577 757; x_wconf 83' lang='lat' dir='ltr'><strong>tenebrarum</strong></span> <span class='ocrx_word' id='word_1_205' title='bbox 1590 731 1772 760; x_wconf 82' lang='lat' dir='ltr'><strong>decertantes,</strong></span> <span class='ocrx_word' id='word_1_206' title='bbox 1786 729 1830 764; x_wconf 82' lang='lat' dir='ltr'><strong>ju-</strong></span> 
     </span>
    </p>
   </div>
   <div class='ocr_carea' id='block_1_31' title="bbox 1032 773 1830 809">
    <p class='ocr_par' dir='ltr' id='par_1_31' title="bbox 1032 773 1830 809">
     <span class='ocr_line' id='line_1_31' title="bbox 1032 773 1830 809; baseline -0.001 -8"><span class='ocrx_word' id='word_1_207' title='bbox 1032 773 1113 801; x_wconf 80' lang='lat' dir='ltr'><strong>stiti:e</strong></span> <span class='ocrx_word' id='word_1_208' title='bbox 1124 781 1225 801; x_wconf 86' lang='lat' dir='ltr'><strong>corona</strong></span> <span class='ocrx_word' id='word_1_209' title='bbox 1237 782 1414 806; x_wconf 80' lang='lat' dir='ltr'><strong>exornemur,</strong></span> <span class='ocrx_word' id='word_1_210' title='bbox 1431 775 1606 809; x_wconf 55' lang='lat' dir='ltr'><strong>victoriaque</strong></span> <span class='ocrx_word' id='word_1_211' title='bbox 1624 775 1747 802; x_wconf 92' lang='lat' dir='ltr'><strong>bravium</strong></span> <span class='ocrx_word' id='word_1_212' title='bbox 1762 781 1830 801; x_wconf 87' lang='lat' dir='ltr'><strong>con-</strong></span> 
     </span>
    </p>
   </div>
   <div class='ocr_carea' id='block_1_32' title="bbox 1031 818 1830 854">
    <p class='ocr_par' dir='ltr' id='par_1_32' title="bbox 1031 818 1830 854">
     <span class='ocr_line' id='line_1_32' title="bbox 1031 818 1830 854; baseline 0 -8"><span class='ocrx_word' id='word_1_213' title='bbox 1031 827 1191 853; x_wconf 82' lang='lat' dir='ltr'><strong>sequamur.</strong></span> <span class='ocrx_word' id='word_1_214' title='bbox 1213 819 1282 847; x_wconf 87' lang='lat' dir='ltr'><strong>Eum</strong></span> <span class='ocrx_word' id='word_1_215' title='bbox 1310 827 1440 854; x_wconf 85' lang='lat' dir='ltr'><strong>namque,</strong></span> <span class='ocrx_word' id='word_1_216' title='bbox 1457 819 1504 854; x_wconf 90' lang='lat' dir='ltr'><strong>qui</strong></span> <span class='ocrx_word' id='word_1_217' title='bbox 1529 827 1577 854; x_wconf 86' lang='lat' dir='ltr'><strong>per</strong></span> <span class='ocrx_word' id='word_1_218' title='bbox 1600 820 1708 847; x_wconf 87' lang='lat' dir='ltr'><strong>inlirma</strong></span> <span class='ocrx_word' id='word_1_219' title='bbox 1733 818 1830 846; x_wconf 79' lang='lat' dir='ltr'><strong>mundi</strong></span> 
     </span>
    </p>
   </div>
   <div class='ocr_carea' id='block_1_33' title="bbox 1032 866 1827 901">
    <p class='ocr_par' dir='ltr' id='par_1_33' title="bbox 1032 866 1827 901">
     <span class='ocr_line' id='line_1_33' title="bbox 1032 866 1827 901; baseline -0.001 -8"><span class='ocrx_word' id='word_1_220' title='bbox 1032 871 1160 900; x_wconf 85' lang='lat' dir='ltr'><strong>potentes</strong></span> <span class='ocrx_word' id='word_1_221' title='bbox 1174 867 1246 894; x_wconf 87' lang='lat' dir='ltr'><strong>aeris</strong></span> <span class='ocrx_word' id='word_1_222' title='bbox 1260 871 1410 901; x_wconf 84' lang='lat' dir='ltr'><strong>potestates</strong></span> <span class='ocrx_word' id='word_1_223' title='bbox 1432 866 1460 893; x_wconf 91' lang='lat' dir='ltr'><strong>in</strong></span> <span class='ocrx_word' id='word_1_224' title='bbox 1477 866 1645 901; x_wconf 86' lang='lat' dir='ltr'><strong>triumphum</strong></span> <span class='ocrx_word' id='word_1_225' title='bbox 1665 873 1745 899; x_wconf 71' lang='lat' dir='ltr'><strong>agerc</strong></span> <span class='ocrx_word' id='word_1_226' title='bbox 1759 872 1827 893; x_wconf 89' lang='lat' dir='ltr'><strong>con-</strong></span> 
     </span>
    </p>
   </div>
   <div class='ocr_carea' id='block_1_34' title="bbox 187 909 1832 949">
    <p class='ocr_par' dir='ltr' id='par_1_34' title="bbox 187 909 1832 949">
     <span class='ocr_line' id='line_1_34' title="bbox 187 909 1832 949; baseline 0.002 -13"><span class='ocrx_word' id='word_1_227' title='bbox 187 909 288 942; x_wconf 81' lang='lat' dir='ltr'><strong>suevit,</strong></span> <span class='ocrx_word' id='word_1_228' title='bbox 305 909 383 937; x_wconf 84' lang='lat' dir='ltr'><strong>decet</strong></span> <span class='ocrx_word' id='word_1_229' title='bbox 398 909 515 937; x_wconf 78' lang='lat' dir='ltr'><strong>victoria</strong></span> <span class='ocrx_word' id='word_1_230' title='bbox 540 913 568 937; x_wconf 83' lang='lat' dir='ltr'><strong>et</strong></span> <span class='ocrx_word' id='word_1_231' title='bbox 591 909 748 945; x_wconf 86' lang='lat' dir='ltr'><strong>imperium,</strong></span> <span class='ocrx_word' id='word_1_232' title='bbox 774 918 837 938; x_wconf 93' lang='lat' dir='ltr'><strong>cum</strong></span> <span class='ocrx_word' id='word_1_233' title='bbox 863 910 942 939; x_wconf 78' lang='lat' dir='ltr'><strong>Patre</strong></span> <span class='ocrx_word' id='word_1_234' title='bbox 957 916 984 939; x_wconf 92' lang='lat' dir='ltr'><strong>et</strong></span> <span class='ocrx_word' id='word_1_235' title='bbox 999 912 1106 941; x_wconf 82' lang='lat' dir='ltr'><strong>viviﬁco</strong></span> <span class='ocrx_word' id='word_1_236' title='bbox 1121 913 1237 949; x_wconf 87' lang='lat' dir='ltr'><strong>Spiritu,</strong></span> <span class='ocrx_word' id='word_1_237' title='bbox 1260 921 1333 942; x_wconf 90' lang='lat' dir='ltr'><strong>nunc</strong></span> <span class='ocrx_word' id='word_1_238' title='bbox 1358 918 1385 941; x_wconf 87' lang='lat' dir='ltr'><strong>et</strong></span> <span class='ocrx_word' id='word_1_239' title='bbox 1410 921 1528 948; x_wconf 86' lang='lat' dir='ltr'><strong>semper,</strong></span> <span class='ocrx_word' id='word_1_240' title='bbox 1556 914 1625 942; x_wconf 89' lang='lat' dir='ltr'><strong>etin</strong></span> <span class='ocrx_word' id='word_1_241' title='bbox 1661 913 1762 942; x_wconf 66' lang='lat' dir='ltr'><strong>sxecula</strong></span> <span class='ocrx_word' id='word_1_242' title='bbox 1781 919 1832 940; x_wconf 76' lang='lat' dir='ltr'><strong>sa:-</strong></span> 
     </span>
    </p>
   </div>
   <div class='ocr_carea' id='block_1_35' title="bbox 188 957 442 985">
    <p class='ocr_par' dir='ltr' id='par_1_35' title="bbox 188 957 442 985">
     <span class='ocr_line' id='line_1_35' title="bbox 188 957 442 985; baseline 0.004 -1"><span class='ocrx_word' id='word_1_243' title='bbox 188 957 327 984; x_wconf 88' lang='lat' dir='ltr'><strong>culorum.</strong></span> <span class='ocrx_word' id='word_1_244' title='bbox 343 957 442 985; x_wconf 80' lang='lat' dir='ltr'><strong>Amen.</strong></span> 
     </span>
    </p>
   </div>
   <div class='ocr_carea' id='block_1_36' title="bbox 383 1024 788 1054">
    <p class='ocr_par' dir='ltr' id='par_1_36' title="bbox 383 1024 788 1054">
     <span class='ocr_line' id='line_1_36' title="bbox 383 1024 788 1054; baseline 0.007 -4"><span class='ocrx_word' id='word_1_245' title='bbox 383 1024 510 1052; x_wconf 79' lang='grc' dir='ltr'>ΚΕΦΑΛ.</span> <span class='ocrx_word' id='word_1_246' title='bbox 528 1024 590 1053; x_wconf 86' lang='grc' dir='ltr'><strong>ΛΔ’.</strong></span> <span class='ocrx_word' id='word_1_247' title='bbox 609 1025 721 1052; x_wconf 86' lang='grc' dir='ltr'><strong>ΛΟΓΟΣ</strong></span> <span class='ocrx_word' id='word_1_248' title='bbox 736 1024 788 1054; x_wconf 83' lang='lat' dir='ltr'><strong>lB&#39;.</strong></span> 
     </span>
    </p>
   </div>
   <div class='ocr_carea' id='block_1_37' title="bbox 189 1091 980 1133">
    <p class='ocr_par' dir='ltr' id='par_1_37' title="bbox 189 1091 980 1133">
     <span class='ocr_line' id='line_1_37' title="bbox 189 1091 980 1133; baseline 0.004 -15"><span class='ocrx_word' id='word_1_249' title='bbox 189 1091 259 1126; x_wconf 71' lang='grc' dir='ltr'><strong>Περὶ</strong></span> <span class='ocrx_word' id='word_1_250' title='bbox 270 1092 324 1119; x_wconf 80' lang='grc' dir='ltr'><strong>τοῦ</strong></span> <span class='ocrx_word' id='word_1_251' title='bbox 338 1092 553 1133; x_wconf 47' lang='grc' dir='ltr'>ποτιᾷμου-Ῑῶιί</span> <span class='ocrx_word' id='word_1_252' title='bbox 566 1093 703 1133; x_wconf 49' lang='grc' dir='ltr'>ἆγνέἔιωχ</span> <span class='ocrx_word' id='word_1_253' title='bbox 721 1093 857 1133; x_wconf 29' lang='grc' dir='ltr'><strong>καὶξτῶν</strong></span> <span class='ocrx_word' id='word_1_254' title='bbox 872 1094 980 1133; x_wconf 75' lang='grc' dir='ltr'>ὑαιμᾴ-</span> 
     </span>
    </p>
   </div>
   <div class='ocr_carea' id='block_1_38' title="bbox 225 1127 983 1164">
    <p class='ocr_par' dir='ltr' id='par_1_38' title="bbox 225 1127 983 1164">
     <span class='ocr_line' id='line_1_38' title="bbox 225 1127 983 1164; baseline 0.005 -11"><span class='ocrx_word' id='word_1_255' title='bbox 225 1136 287 1154; x_wconf 80' lang='grc' dir='ltr'><strong>νων</strong></span> <span class='ocrx_word' id='word_1_256' title='bbox 301 1135 309 1143; x_wconf 67' lang='grc' dir='ltr'>θ</span> <span class='ocrx_word' id='word_1_257' title='bbox 337 1127 387 1154; x_wconf 78' lang='grc' dir='ltr'>καὶ</span> <span class='ocrx_word' id='word_1_258' title='bbox 403 1127 495 1164; x_wconf 73' lang='grc' dir='ltr'>[περὶ]</span> <span class='ocrx_word' id='word_1_259' title='bbox 516 1128 572 1163; x_wconf 80' lang='grc' dir='ltr'><strong>τῆς</strong></span> <span class='ocrx_word' id='word_1_260' title='bbox 591 1127 651 1156; x_wconf 61' lang='grc' dir='ltr'>σοῦ</span> <span class='ocrx_word' id='word_1_261' title='bbox 671 1129 791 1157; x_wconf 82' lang='grc' dir='ltr'><em>Σατανᾶ</em></span> <span class='ocrx_word' id='word_1_262' title='bbox 825 1127 983 1157; x_wconf 63' lang='grc' dir='ltr'><strong>κατατέτώ-</strong></span> 
     </span>
    </p>
   </div>
   <div class='ocr_carea' id='block_1_39' title="bbox 227 1170 316 1194">
    <p class='ocr_par' dir='ltr' id='par_1_39' title="bbox 227 1170 316 1194">
     <span class='ocr_line' id='line_1_39' title="bbox 227 1170 316 1194; baseline 0 -5"><span class='ocrx_word' id='word_1_263' title='bbox 227 1170 316 1194; x_wconf 82' lang='grc' dir='ltr'>σεως.</span> 
     </span>
    </p>
   </div>
   <div class='ocr_carea' id='block_1_40' title="bbox 225 1240 982 1277">
    <p class='ocr_par' dir='ltr' id='par_1_40' title="bbox 225 1240 982 1277">
     <span class='ocr_line' id='line_1_40' title="bbox 225 1240 982 1277; baseline 0.005 -10"><span class='ocrx_word' id='word_1_264' title='bbox 225 1241 279 1268; x_wconf 81' lang='lat' dir='ltr'><strong>Kal</strong></span> <span class='ocrx_word' id='word_1_265' title='bbox 292 1240 412 1276; x_wconf 68' lang='grc' dir='ltr'>ἐγένετο</span> <span class='ocrx_word' id='word_1_266' title='bbox 425 1241 557 1276; x_wconf 76' lang='grc' dir='ltr'>πόλεμος</span> <span class='ocrx_word' id='word_1_267' title='bbox 569 1242 605 1269; x_wconf 83' lang='grc' dir='ltr'><strong>ἐν</strong></span> <span class='ocrx_word' id='word_1_268' title='bbox 618 1241 658 1275; x_wconf 85' lang='grc' dir='ltr'><strong>τῷ</strong></span> <span class='ocrx_word' id='word_1_269' title='bbox 671 1242 789 1276; x_wconf 80' lang='grc' dir='ltr'>οὐρανῷ</span> <span class='ocrx_word' id='word_1_270' title='bbox 800 1250 807 1258; x_wconf 76' lang='grc' dir='ltr'><strong>ο</strong></span> <span class='ocrx_word' id='word_1_271' title='bbox 824 1244 841 1270; x_wconf 88' lang='grc' dir='ltr'><strong>ό</strong></span> <span class='ocrx_word' id='word_1_272' title='bbox 854 1243 982 1277; x_wconf 74' lang='grc' dir='ltr'>Μιχαὴλ</span> 
     </span>
    </p>
   </div>
   <div class='ocr_carea' id='block_1_41' title="bbox 190 1287 984 1325">
    <p class='ocr_par' dir='ltr' id='par_1_41' title="bbox 190 1287 984 1325">
     <span class='ocr_line' id='line_1_41' title="bbox 190 1287 984 1325; baseline 0.004 -11"><span class='ocrx_word' id='word_1_273' title='bbox 190 1287 241 1314; x_wconf 79' lang='grc' dir='ltr'>καὶ</span> <span class='ocrx_word' id='word_1_274' title='bbox 255 1289 282 1314; x_wconf 84' lang='grc' dir='ltr'>οι</span> <span class='ocrx_word' id='word_1_275' title='bbox 297 1287 418 1321; x_wconf 78' lang='grc' dir='ltr'>ἄγγελοι</span> <span class='ocrx_word' id='word_1_276' title='bbox 434 1288 528 1315; x_wconf 80' lang='grc' dir='ltr'>αὑτοῦ</span> <span class='ocrx_word' id='word_1_277' title='bbox 543 1288 717 1323; x_wconf 78' lang='grc' dir='ltr'>πολεμῆσαι</span> <span class='ocrx_word' id='word_1_278' title='bbox 741 1289 818 1323; x_wconf 76' lang='grc' dir='ltr'>μετὰ</span> <span class='ocrx_word' id='word_1_279' title='bbox 842 1291 896 1317; x_wconf 78' lang='grc' dir='ltr'><strong>τοῦ</strong></span> <span class='ocrx_word' id='word_1_280' title='bbox 913 1290 984 1325; x_wconf 81' lang='grc' dir='ltr'><strong>δρά-</strong></span> 
     </span>
    </p>
   </div>
   <div class='ocr_carea' id='block_1_42' title="bbox 191 1334 985 1372">
    <p class='ocr_par' dir='ltr' id='par_1_42' title="bbox 191 1334 985 1372">
     <span class='ocr_line' id='line_1_42' title="bbox 191 1334 985 1372; baseline 0.005 -12"><span class='ocrx_word' id='word_1_281' title='bbox 191 1342 310 1367; x_wconf 83' lang='grc' dir='ltr'>κοντος.</span> <span class='ocrx_word' id='word_1_282' title='bbox 324 1335 378 1361; x_wconf 75' lang='grc' dir='ltr'><strong>Καὶ</strong></span> <span class='ocrx_word' id='word_1_283' title='bbox 390 1334 535 1368; x_wconf 81' lang='grc' dir='ltr'>ὀδράκων</span> <span class='ocrx_word' id='word_1_284' title='bbox 545 1334 728 1369; x_wconf 77' lang='grc' dir='ltr'>ἐπολέμησε,</span> <span class='ocrx_word' id='word_1_285' title='bbox 748 1335 798 1362; x_wconf 80' lang='grc' dir='ltr'>καὶ</span> <span class='ocrx_word' id='word_1_286' title='bbox 818 1337 844 1363; x_wconf 80' lang='grc' dir='ltr'>οὶ</span> <span class='ocrx_word' id='word_1_287' title='bbox 860 1335 985 1372; x_wconf 73' lang='grc' dir='ltr'>ἄγγελοι</span> 
     </span>
    </p>
   </div>
   <div class='ocr_carea' id='block_1_43' title="bbox 188 1379 986 1416">
    <p class='ocr_par' dir='ltr' id='par_1_43' title="bbox 188 1379 986 1416">
     <span class='ocr_line' id='line_1_43' title="bbox 188 1379 986 1416; baseline 0.005 -10"><span class='ocrx_word' id='word_1_288' title='bbox 188 1379 286 1407; x_wconf 79' lang='grc' dir='ltr'>αὑτοῦ</span> <span class='ocrx_word' id='word_1_289' title='bbox 300 1387 307 1394; x_wconf 93' lang='grc'><strong>·</strong></span> <span class='ocrx_word' id='word_1_290' title='bbox 319 1380 366 1407; x_wconf 78' lang='grc' dir='ltr'>καὶ</span> <span class='ocrx_word' id='word_1_291' title='bbox 379 1381 434 1407; x_wconf 71' lang='grc' dir='ltr'>οὐκ</span> <span class='ocrx_word' id='word_1_292' title='bbox 452 1380 597 1414; x_wconf 79' lang='grc' dir='ltr'>ἴσχυσαν,</span> <span class='ocrx_word' id='word_1_293' title='bbox 619 1381 691 1408; x_wconf 75' lang='grc' dir='ltr'><strong>οὐδὲ</strong></span> <span class='ocrx_word' id='word_1_294' title='bbox 705 1382 798 1416; x_wconf 81' lang='grc' dir='ltr'><em>τόπος</em></span> <span class='ocrx_word' id='word_1_295' title='bbox 812 1382 913 1409; x_wconf 82' lang='grc' dir='ltr'>αὐτῶν</span> <span class='ocrx_word' id='word_1_296' title='bbox 935 1385 986 1410; x_wconf 83' lang='grc' dir='ltr'><strong>εὐ-</strong></span> 
     </span>
    </p>
   </div>
   <div class='ocr_carea' id='block_1_44' title="bbox 187 1425 572 1461">
    <p class='ocr_par' dir='ltr' id='par_1_44' title="bbox 187 1425 572 1461">
     <span class='ocr_line' id='line_1_44' title="bbox 187 1425 572 1461; baseline -0.003 -8"><span class='ocrx_word' id='word_1_297' title='bbox 187 1426 263 1461; x_wconf 85' lang='grc' dir='ltr'>ρέθη</span> <span class='ocrx_word' id='word_1_298' title='bbox 280 1425 324 1452; x_wconf 82' lang='grc' dir='ltr'><strong>ἔτι</strong></span> <span class='ocrx_word' id='word_1_299' title='bbox 339 1426 374 1452; x_wconf 80' lang='grc' dir='ltr'><strong>ἐν</strong></span> <span class='ocrx_word' id='word_1_300' title='bbox 390 1425 430 1458; x_wconf 84' lang='grc' dir='ltr'><strong>τῷ</strong></span> <span class='ocrx_word' id='word_1_301' title='bbox 444 1425 572 1460; x_wconf 61' lang='grc' dir='ltr'>οὐρανῷ.</span> 
     </span>
    </p>
   </div>
   <div class='ocr_carea' id='block_1_45' title="bbox 228 1483 986 1520">
    <p class='ocr_par' dir='ltr' id='par_1_45' title="bbox 228 1483 986 1520">
     <span class='ocr_line' id='line_1_45' title="bbox 228 1483 986 1520; baseline 0.001 -10"><span class='ocrx_word' id='word_1_302' title='bbox 228 1483 284 1510; x_wconf 75' lang='grc' dir='ltr'><strong>Καὶ</strong></span> <span class='ocrx_word' id='word_1_303' title='bbox 297 1483 382 1510; x_wconf 81' lang='grc' dir='ltr'>ταῦτα</span> <span class='ocrx_word' id='word_1_304' title='bbox 397 1485 429 1519; x_wconf 80' lang='grc' dir='ltr'><strong>τῇ</strong></span> <span class='ocrx_word' id='word_1_305' title='bbox 441 1492 469 1510; x_wconf 80' lang='grc' dir='ltr'>τε</span> <span class='ocrx_word' id='word_1_306' title='bbox 480 1484 576 1520; x_wconf 82' lang='grc' dir='ltr'><strong>πρώτῃ</strong></span> <span class='ocrx_word' id='word_1_307' title='bbox 586 1484 634 1511; x_wconf 79' lang='grc' dir='ltr'>τοῦ</span> <span class='ocrx_word' id='word_1_308' title='bbox 648 1485 772 1512; x_wconf 80' lang='grc' dir='ltr'>διαόό).ου</span> <span class='ocrx_word' id='word_1_309' title='bbox 783 1485 811 1519; x_wconf 77' lang='grc' dir='ltr'><strong>ἐξ</strong></span> <span class='ocrx_word' id='word_1_310' title='bbox 826 1485 986 1517; x_wconf 80' lang='grc' dir='ltr'><strong>ἀλαζονείας</strong></span> 
     </span>
    </p>
   </div>
   <div class='ocr_carea' id='block_1_46' title="bbox 191 1529 983 1567">
    <p class='ocr_par' dir='ltr' id='par_1_46' title="bbox 191 1529 983 1567">
     <span class='ocr_line' id='line_1_46' title="bbox 191 1529 983 1567; baseline 0.003 -11"><span class='ocrx_word' id='word_1_311' title='bbox 191 1531 239 1557; x_wconf 73' lang='grc' dir='ltr'>καὶ</span> <span class='ocrx_word' id='word_1_312' title='bbox 254 1529 353 1564; x_wconf 83' lang='grc' dir='ltr'>φθόνου</span> <span class='ocrx_word' id='word_1_313' title='bbox 369 1530 508 1557; x_wconf 80' lang='grc' dir='ltr'>ἐκπτώσει</span> <span class='ocrx_word' id='word_1_314' title='bbox 522 1530 573 1565; x_wconf 82' lang='grc' dir='ltr'><strong>τῆς</strong></span> <span class='ocrx_word' id='word_1_315' title='bbox 592 1531 744 1566; x_wconf 84' lang='grc' dir='ltr'>ἀγγελικῆς</span> <span class='ocrx_word' id='word_1_316' title='bbox 757 1531 871 1564; x_wconf 77' lang='grc' dir='ltr'>τάξεως,</span> <span class='ocrx_word' id='word_1_317' title='bbox 902 1533 936 1567; x_wconf 75' lang='grc' dir='ltr'><strong>τῇ</strong></span> <span class='ocrx_word' id='word_1_318' title='bbox 953 1539 983 1558; x_wconf 71' lang='grc' dir='ltr'><strong>τε</strong></span> 
     </span>
    </p>
   </div>
   <div class='ocr_carea' id='block_1_47' title="bbox 191 1575 986 1613">
    <p class='ocr_par' dir='ltr' id='par_1_47' title="bbox 191 1575 986 1613">
     <span class='ocr_line' id='line_1_47' title="bbox 191 1575 986 1613; baseline 0.004 -12"><span class='ocrx_word' id='word_1_319' title='bbox 191 1576 237 1602; x_wconf 76' lang='grc' dir='ltr'>διὰ</span> <span class='ocrx_word' id='word_1_320' title='bbox 262 1575 309 1602; x_wconf 77' lang='grc' dir='ltr'><strong>τοῦ</strong></span> <span class='ocrx_word' id='word_1_321' title='bbox 332 1576 501 1603; x_wconf 80' lang='grc' dir='ltr'>Δεσποτικοῦ</span> <span class='ocrx_word' id='word_1_322' title='bbox 530 1577 648 1613; x_wconf 77' lang='grc' dir='ltr'>σταυροῦ</span> <span class='ocrx_word' id='word_1_323' title='bbox 665 1577 826 1613; x_wconf 80' lang='grc' dir='ltr'>καθαιρέσει</span> <span class='ocrx_word' id='word_1_324' title='bbox 853 1577 986 1613; x_wconf 76' lang='grc' dir='ltr'>ἁρμόζειν</span> 
     </span>
    </p>
   </div>
   <div class='ocr_carea' id='block_1_48' title="bbox 191 1620 986 1659">
    <p class='ocr_par' dir='ltr' id='par_1_48' title="bbox 191 1620 986 1659">
     <span class='ocr_line' id='line_1_48' title="bbox 191 1620 986 1659; baseline 0.004 -12"><span class='ocrx_word' id='word_1_325' title='bbox 191 1620 305 1648; x_wconf 80' lang='grc' dir='ltr'>δύναται</span> <span class='ocrx_word' id='word_1_326' title='bbox 323 1630 329 1636; x_wconf 89' lang='grc'><strong>·</strong></span> <span class='ocrx_word' id='word_1_327' title='bbox 349 1621 404 1654; x_wconf 80' lang='grc' dir='ltr'>ὅτε,</span> <span class='ocrx_word' id='word_1_328' title='bbox 422 1621 514 1653; x_wconf 84' lang='grc' dir='ltr'>καθώς</span> <span class='ocrx_word' id='word_1_329' title='bbox 534 1631 618 1657; x_wconf 82' lang='grc' dir='ltr'>φησιν</span> <span class='ocrx_word' id='word_1_330' title='bbox 639 1624 653 1650; x_wconf 90' lang='grc' dir='ltr'><strong>ό</strong></span> <span class='ocrx_word' id='word_1_331' title='bbox 668 1623 781 1659; x_wconf 74' lang='grc' dir='ltr'>Κύριος,</span> <span class='ocrx_word' id='word_1_332' title='bbox 796 1624 810 1650; x_wconf 87' lang='lat'><strong>6</strong></span> <span class='ocrx_word' id='word_1_333' title='bbox 826 1623 919 1659; x_wconf 81' lang='grc' dir='ltr'>ἄρχων</span> <span class='ocrx_word' id='word_1_334' title='bbox 938 1623 986 1650; x_wconf 79' lang='grc' dir='ltr'>τοῦ</span> 
     </span>
    </p>
   </div>
   <div class='ocr_carea' id='block_1_49' title="bbox 192 1667 987 1705">
    <p class='ocr_par' dir='ltr' id='par_1_49' title="bbox 192 1667 987 1705">
     <span class='ocr_line' id='line_1_49' title="bbox 192 1667 987 1705; baseline 0.004 -12"><span class='ocrx_word' id='word_1_335' title='bbox 192 1667 296 1702; x_wconf 79' lang='grc' dir='ltr'>κόσμου</span> <span class='ocrx_word' id='word_1_336' title='bbox 314 1667 410 1694; x_wconf 87' lang='grc' dir='ltr'>τούτου</span> <span class='ocrx_word' id='word_1_337' title='bbox 428 1667 566 1703; x_wconf 78' lang='grc' dir='ltr'>κέκριται,</span> <span class='ocrx_word' id='word_1_338' title='bbox 579 1668 628 1694; x_wconf 77' lang='grc' dir='ltr'>καὶ</span> <span class='ocrx_word' id='word_1_339' title='bbox 637 1669 687 1704; x_wconf 84' lang='grc' dir='ltr'><strong>τῆς</strong></span> <span class='ocrx_word' id='word_1_340' title='bbox 695 1669 813 1704; x_wconf 82' lang='grc' dir='ltr'>ἀρχαίας</span> <span class='ocrx_word' id='word_1_341' title='bbox 828 1669 987 1705; x_wconf 79' lang='grc' dir='ltr'>τυραννίδος</span> 
     </span>
    </p>
   </div>
   <div class='ocr_carea' id='block_1_50' title="bbox 191 1706 1022 1750">
    <p class='ocr_par' dir='ltr' id='par_1_50' title="bbox 191 1706 1022 1750">
     <span class='ocr_line' id='line_1_50' title="bbox 191 1706 1022 1750; baseline 0.004 -11"><span class='ocrx_word' id='word_1_342' title='bbox 191 1713 369 1747; x_wconf 72' lang='grc' dir='ltr'><strong>ὲκόέὸληται.</strong></span> <span class='ocrx_word' id='word_1_343' title='bbox 382 1710 419 1741; x_wconf 64' lang='lat' dir='ltr'><strong>Ui:</strong></span> <span class='ocrx_word' id='word_1_344' title='bbox 434 1713 484 1749; x_wconf 77' lang='grc' dir='ltr'><strong>τὴν</strong></span> <span class='ocrx_word' id='word_1_345' title='bbox 495 1713 656 1746; x_wconf 81' lang='grc' dir='ltr'>ἀλαζονείαν</span> <span class='ocrx_word' id='word_1_346' title='bbox 670 1715 733 1747; x_wconf 73' lang='grc' dir='ltr'>τοὺς</span> <span class='ocrx_word' id='word_1_347' title='bbox 749 1715 838 1747; x_wconf 79' lang='grc' dir='ltr'>θείους</span> <span class='ocrx_word' id='word_1_348' title='bbox 854 1715 986 1750; x_wconf 82' lang='grc' dir='ltr'>ἀγγέλους</span> <span class='ocrx_word' id='word_1_349' title='bbox 1001 1706 1022 1734; x_wconf 78' lang='lat' dir='ltr'><strong>c</strong></span> 
     </span>
    </p>
   </div>
   <div class='ocr_carea' id='block_1_51' title="bbox 191 1758 987 1797">
    <p class='ocr_par' dir='ltr' id='par_1_51' title="bbox 191 1758 987 1797">
     <span class='ocr_line' id='line_1_51' title="bbox 191 1758 987 1797; baseline 0.005 -12"><span class='ocrx_word' id='word_1_350' title='bbox 191 1758 252 1795; x_wconf 77' lang='grc' dir='ltr'>ἅμα</span> <span class='ocrx_word' id='word_1_351' title='bbox 265 1759 304 1794; x_wconf 84' lang='grc' dir='ltr'><strong>τῷ</strong></span> <span class='ocrx_word' id='word_1_352' title='bbox 326 1758 441 1795; x_wconf 74' lang='grc' dir='ltr'>[αὐτῶν]</span> <span class='ocrx_word' id='word_1_353' title='bbox 457 1761 673 1796; x_wconf 79' lang='grc' dir='ltr'>ἁρχιστρατήγῳ</span> <span class='ocrx_word' id='word_1_354' title='bbox 698 1761 809 1797; x_wconf 82' lang='grc' dir='ltr'>Μιχαὴλ</span> <span class='ocrx_word' id='word_1_355' title='bbox 828 1761 865 1797; x_wconf 89' lang='grc' dir='ltr'>μὴ</span> <span class='ocrx_word' id='word_1_356' title='bbox 888 1762 987 1797; x_wconf 81' lang='grc' dir='ltr'>φέρον-</span> 
     </span>
    </p>
   </div>
   <div class='ocr_carea' id='block_1_52' title="bbox 192 1804 988 1842">
    <p class='ocr_par' dir='ltr' id='par_1_52' title="bbox 192 1804 988 1842">
     <span class='ocr_line' id='line_1_52' title="bbox 192 1804 988 1842; baseline 0.004 -12"><span class='ocrx_word' id='word_1_357' title='bbox 192 1812 254 1836; x_wconf 77' lang='grc' dir='ltr'>τας,</span> <span class='ocrx_word' id='word_1_358' title='bbox 270 1804 343 1835; x_wconf 76' lang='grc' dir='ltr'>είκδς</span> <span class='ocrx_word' id='word_1_359' title='bbox 359 1804 440 1831; x_wconf 68' lang='grc' dir='ltr'>αὐτὸν</span> <span class='ocrx_word' id='word_1_360' title='bbox 451 1805 500 1838; x_wconf 81' lang='grc' dir='ltr'><strong>τῆς</strong></span> <span class='ocrx_word' id='word_1_361' title='bbox 513 1805 618 1835; x_wconf 82' lang='grc' dir='ltr'>οἰκείας</span> <span class='ocrx_word' id='word_1_362' title='bbox 631 1805 824 1841; x_wconf 78' lang='grc' dir='ltr'>συνδιατριὸἧς</span> <span class='ocrx_word' id='word_1_363' title='bbox 834 1806 988 1842; x_wconf 67' lang='grc' dir='ltr'>ἀπορῤίψαι</span> 
     </span>
    </p>
   </div>
   <div class='ocr_carea' id='block_1_53' title="bbox 193 1848 988 1886">
    <p class='ocr_par' dir='ltr' id='par_1_53' title="bbox 193 1848 988 1886">
     <span class='ocr_line' id='line_1_53' title="bbox 193 1848 988 1886; baseline 0.003 -11"><span class='ocrx_word' id='word_1_364' title='bbox 193 1849 328 1885; x_wconf 80' lang='grc' dir='ltr'>πρότερον</span> <span class='ocrx_word' id='word_1_365' title='bbox 342 1856 349 1864; x_wconf 94' lang='grc'><strong>·</strong></span> <span class='ocrx_word' id='word_1_366' title='bbox 368 1848 459 1881; x_wconf 86' lang='grc' dir='ltr'>καθώς</span> <span class='ocrx_word' id='word_1_367' title='bbox 475 1858 557 1885; x_wconf 78' lang='grc' dir='ltr'>φησιν</span> <span class='ocrx_word' id='word_1_368' title='bbox 581 1849 713 1885; x_wconf 79' lang='grc' dir='ltr'>ἰεζεκιὴλ</span> <span class='ocrx_word' id='word_1_369' title='bbox 735 1851 789 1878; x_wconf 79' lang='grc' dir='ltr'><strong>ὑπὸ</strong></span> <span class='ocrx_word' id='word_1_370' title='bbox 814 1850 869 1877; x_wconf 82' lang='grc' dir='ltr'>τῶν</span> <span class='ocrx_word' id='word_1_371' title='bbox 888 1859 988 1886; x_wconf 74' lang='grc' dir='ltr'>χερουο</span> 
     </span>
    </p>
   </div>
   <div class='ocr_carea' id='block_1_54' title="bbox 193 1896 988 1934">
    <p class='ocr_par' dir='ltr' id='par_1_54' title="bbox 193 1896 988 1934">
     <span class='ocr_line' id='line_1_54' title="bbox 193 1896 988 1934; baseline 0.003 -12"><span class='ocrx_word' id='word_1_372' title='bbox 193 1896 261 1931; x_wconf 74' lang='grc' dir='ltr'>ὃεὶμ</span> <span class='ocrx_word' id='word_1_373' title='bbox 282 1896 465 1929; x_wconf 79' lang='grc' dir='ltr'>ὲκὸεόλῆσθαι</span> <span class='ocrx_word' id='word_1_374' title='bbox 489 1897 572 1924; x_wconf 78' lang='grc' dir='ltr'>αὑτὸν</span> <span class='ocrx_word' id='word_1_375' title='bbox 604 1898 638 1924; x_wconf 73' lang='grc' dir='ltr'>ὲκ</span> <span class='ocrx_word' id='word_1_376' title='bbox 653 1898 737 1934; x_wconf 82' lang='grc' dir='ltr'>μέσου</span> <span class='ocrx_word' id='word_1_377' title='bbox 758 1898 882 1933; x_wconf 82' lang='grc' dir='ltr'>πυρίνων</span> <span class='ocrx_word' id='word_1_378' title='bbox 905 1898 988 1925; x_wconf 83' lang='grc' dir='ltr'>λίθων</span> 
     </span>
    </p>
   </div>
   <div class='ocr_carea' id='block_1_55' title="bbox 193 1941 988 1979">
    <p class='ocr_par' dir='ltr' id='par_1_55' title="bbox 193 1941 988 1979">
     <span class='ocr_line' id='line_1_55' title="bbox 193 1941 988 1979; baseline 0.003 -10"><span class='ocrx_word' id='word_1_379' title='bbox 193 1943 248 1969; x_wconf 85' lang='grc' dir='ltr'>τῶν</span> <span class='ocrx_word' id='word_1_380' title='bbox 263 1943 429 1977; x_wconf 80' lang='grc' dir='ltr'>ἀγγελικῶν,</span> <span class='ocrx_word' id='word_1_381' title='bbox 440 1941 529 1979; x_wconf 78' lang='grc' dir='ltr'>οἶμαι,</span> <span class='ocrx_word' id='word_1_382' title='bbox 547 1944 663 1977; x_wconf 76' lang='grc' dir='ltr'>τάξεων,</span> <span class='ocrx_word' id='word_1_383' title='bbox 680 1944 724 1971; x_wconf 85' lang='grc' dir='ltr'>διὰ</span> <span class='ocrx_word' id='word_1_384' title='bbox 739 1944 769 1971; x_wconf 83' lang='grc' dir='ltr'><strong>τὸ</strong></span> <span class='ocrx_word' id='word_1_385' title='bbox 788 1944 936 1979; x_wconf 75' lang='grc' dir='ltr'>εὑρεθῆναι</span> <span class='ocrx_word' id='word_1_386' title='bbox 960 1945 988 1971; x_wconf 78' lang='grc' dir='ltr'>ὲν</span> 
     </span>
    </p>
   </div>
   <div class='ocr_carea' id='block_1_56' title="bbox 194 1988 988 2026">
    <p class='ocr_par' dir='ltr' id='par_1_56' title="bbox 194 1988 988 2026">
     <span class='ocr_line' id='line_1_56' title="bbox 194 1988 988 2026; baseline 0.001 -11"><span class='ocrx_word' id='word_1_387' title='bbox 194 1988 268 2024; x_wconf 79' lang='grc' dir='ltr'><strong>αὑτῷ</strong></span> <span class='ocrx_word' id='word_1_388' title='bbox 353 1990 522 2025; x_wconf 81' lang='grc' dir='ltr'>ἀδικήματα.</span> <span class='ocrx_word' id='word_1_389' title='bbox 541 1990 585 2017; x_wconf 87' lang='grc' dir='ltr'>Ἐν</span> <span class='ocrx_word' id='word_1_390' title='bbox 598 1991 627 2017; x_wconf 79' lang='grc' dir='ltr'><strong>δὲ</strong></span> <span class='ocrx_word' id='word_1_391' title='bbox 641 1992 674 2026; x_wconf 79' lang='grc' dir='ltr'><strong>τῇ</strong></span> <span class='ocrx_word' id='word_1_392' title='bbox 691 1990 761 2026; x_wconf 79' lang='grc' dir='ltr'><strong>[τοῦ]</strong></span> <span class='ocrx_word' id='word_1_393' title='bbox 779 1990 897 2026; x_wconf 86' lang='grc' dir='ltr'>Χριστοῦ</span> <span class='ocrx_word' id='word_1_394' title='bbox 915 1999 988 2026; x_wconf 85' lang='grc' dir='ltr'>παρ-</span> 
     </span>
    </p>
   </div>
   <div class='ocr_carea' id='block_1_57' title="bbox 194 2035 990 2072">
    <p class='ocr_par' dir='ltr' id='par_1_57' title="bbox 194 2035 990 2072">
     <span class='ocr_line' id='line_1_57' title="bbox 194 2035 990 2072; baseline 0.001 -11"><span class='ocrx_word' id='word_1_395' title='bbox 194 2035 276 2070; x_wconf 64' lang='lat' dir='ltr'><strong>aucta.</strong></span> <span class='ocrx_word' id='word_1_396' title='bbox 299 2036 363 2067; x_wconf 81' lang='grc' dir='ltr'>τοὺς</span> <span class='ocrx_word' id='word_1_397' title='bbox 390 2035 618 2072; x_wconf 83' lang='grc' dir='ltr'>διακονουμένους</span> <span class='ocrx_word' id='word_1_398' title='bbox 637 2037 712 2071; x_wconf 80' lang='grc' dir='ltr'><strong>αὐτῷ</strong></span> <span class='ocrx_word' id='word_1_399' title='bbox 734 2036 805 2072; x_wconf 84' lang='grc' dir='ltr'>μετὰ</span> <span class='ocrx_word' id='word_1_400' title='bbox 821 2037 866 2063; x_wconf 74' lang='grc' dir='ltr'><strong>τὸν</strong></span> <span class='ocrx_word' id='word_1_401' title='bbox 894 2045 990 2072; x_wconf 84' lang='grc' dir='ltr'>πειρα-</span> 
     </span>
    </p>
   </div>
   <div class='ocr_carea' id='block_1_58' title="bbox 196 2080 990 2117">
    <p class='ocr_par' dir='ltr' id='par_1_58' title="bbox 196 2080 990 2117">
     <span class='ocr_line' id='line_1_58' title="bbox 196 2080 990 2117; baseline 0.001 -11"><span class='ocrx_word' id='word_1_402' title='bbox 196 2080 266 2115; x_wconf 71' lang='grc' dir='ltr'>σμὸν</span> <span class='ocrx_word' id='word_1_403' title='bbox 273 2080 312 2112; x_wconf 85' lang='grc' dir='ltr'>ὡς</span> <span class='ocrx_word' id='word_1_404' title='bbox 322 2081 496 2116; x_wconf 73' lang='grc' dir='ltr'>ἠτιμωμένον</span> <span class='ocrx_word' id='word_1_405' title='bbox 503 2081 596 2108; x_wconf 85' lang='grc' dir='ltr'>δοῦλον</span> <span class='ocrx_word' id='word_1_406' title='bbox 604 2082 684 2109; x_wconf 81' lang='grc' dir='ltr'>πάλιν</span> <span class='ocrx_word' id='word_1_407' title='bbox 694 2080 883 2117; x_wconf 78' lang='grc' dir='ltr'>βδελύξασθαι.</span> <span class='ocrx_word' id='word_1_408' title='bbox 892 2081 990 2108; x_wconf 79' lang='grc' dir='ltr'>Ἰστέον</span> 
     </span>
    </p>
   </div>
   <div class='ocr_carea' id='block_1_59' title="bbox 194 2126 988 2164">
    <p class='ocr_par' dir='ltr' id='par_1_59' title="bbox 194 2126 988 2164">
     <span class='ocr_line' id='line_1_59' title="bbox 194 2126 988 2164; baseline 0.001 -12"><span class='ocrx_word' id='word_1_409' title='bbox 194 2126 224 2152; x_wconf 83' lang='grc' dir='ltr'><strong>δὲ</strong></span> <span class='ocrx_word' id='word_1_410' title='bbox 249 2126 302 2159; x_wconf 83' lang='grc' dir='ltr'>ὅτι,</span> <span class='ocrx_word' id='word_1_411' title='bbox 320 2126 412 2159; x_wconf 83' lang='grc' dir='ltr'>καθὼς</span> <span class='ocrx_word' id='word_1_412' title='bbox 430 2129 487 2159; x_wconf 84' lang='grc' dir='ltr'>τοῖς</span> <span class='ocrx_word' id='word_1_413' title='bbox 503 2128 628 2164; x_wconf 85' lang='grc' dir='ltr'>Πατράσι</span> <span class='ocrx_word' id='word_1_414' title='bbox 642 2128 777 2162; x_wconf 83' lang='grc' dir='ltr'>δέδοκται,</span> <span class='ocrx_word' id='word_1_415' title='bbox 800 2128 870 2164; x_wconf 81' lang='grc' dir='ltr'>μετὰ.</span> <span class='ocrx_word' id='word_1_416' title='bbox 878 2127 928 2163; x_wconf 83' lang='grc' dir='ltr'><strong>τὴν</strong></span> <span class='ocrx_word' id='word_1_417' title='bbox 942 2127 988 2154; x_wconf 78' lang='grc' dir='ltr'><strong>τοῦ</strong></span> 
     </span>
    </p>
   </div>
   <div class='ocr_carea' id='block_1_60' title="bbox 195 2171 990 2210">
    <p class='ocr_par' dir='ltr' id='par_1_60' title="bbox 195 2171 990 2210">
     <span class='ocr_line' id='line_1_60' title="bbox 195 2171 990 2210; baseline 0.003 -12"><span class='ocrx_word' id='word_1_418' title='bbox 195 2171 327 2206; x_wconf 75' lang='grc' dir='ltr'><strong>αἰσθητοῦ</strong></span> <span class='ocrx_word' id='word_1_419' title='bbox 339 2172 443 2207; x_wconf 85' lang='grc' dir='ltr'>κόσμου</span> <span class='ocrx_word' id='word_1_420' title='bbox 458 2173 654 2210; x_wconf 74' lang='grc' dir='ltr'>δημιουργίαν,</span> <span class='ocrx_word' id='word_1_421' title='bbox 679 2173 766 2206; x_wconf 80' lang='grc' dir='ltr'>οὕτως</span> <span class='ocrx_word' id='word_1_422' title='bbox 784 2174 820 2201; x_wconf 79' lang='grc' dir='ltr'>δι’</span> <span class='ocrx_word' id='word_1_423' title='bbox 843 2174 990 2209; x_wconf 78' lang='grc' dir='ltr'>ὑπερηφα-</span> 
     </span>
    </p>
   </div>
   <div class='ocr_carea' id='block_1_61' title="bbox 195 2218 990 2256">
    <p class='ocr_par' dir='ltr' id='par_1_61' title="bbox 195 2218 990 2256">
     <span class='ocr_line' id='line_1_61' title="bbox 195 2218 990 2256; baseline 0.003 -12"><span class='ocrx_word' id='word_1_424' title='bbox 195 2218 256 2250; x_wconf 77' lang='grc' dir='ltr'>νίας</span> <span class='ocrx_word' id='word_1_425' title='bbox 268 2218 316 2244; x_wconf 81' lang='grc' dir='ltr'>καὶ</span> <span class='ocrx_word' id='word_1_426' title='bbox 333 2218 432 2254; x_wconf 77' lang='grc' dir='ltr'>φθόνου</span> <span class='ocrx_word' id='word_1_427' title='bbox 447 2220 664 2256; x_wconf 79' lang='grc' dir='ltr'>καταδέὸληται,</span> <span class='ocrx_word' id='word_1_428' title='bbox 691 2220 741 2256; x_wconf 79' lang='grc' dir='ltr'><strong>τὴν</strong></span> <span class='ocrx_word' id='word_1_429' title='bbox 770 2221 866 2256; x_wconf 79' lang='grc' dir='ltr'>ἀέριον</span> <span class='ocrx_word' id='word_1_430' title='bbox 881 2220 990 2256; x_wconf 82' lang='grc' dir='ltr'>πρῶτον</span> 
     </span>
    </p>
   </div>
   <div class='ocr_carea' id='block_1_62' title="bbox 196 2264 989 2301">
    <p class='ocr_par' dir='ltr' id='par_1_62' title="bbox 196 2264 989 2301">
     <span class='ocr_line' id='line_1_62' title="bbox 196 2264 989 2301; baseline 0.004 -12"><span class='ocrx_word' id='word_1_431' title='bbox 196 2264 417 2299; x_wconf 77' lang='grc' dir='ltr'>πεπιστευμένος</span> <span class='ocrx_word' id='word_1_432' title='bbox 432 2265 529 2300; x_wconf 82' lang='grc' dir='ltr'>ἀρχὴν,</span> <span class='ocrx_word' id='word_1_433' title='bbox 548 2264 641 2297; x_wconf 81' lang='grc' dir='ltr'>καθώς</span> <span class='ocrx_word' id='word_1_434' title='bbox 661 2274 744 2301; x_wconf 85' lang='grc' dir='ltr'>φησιν</span> <span class='ocrx_word' id='word_1_435' title='bbox 771 2266 785 2292; x_wconf 91' lang='lat'><strong>6</strong></span> <span class='ocrx_word' id='word_1_436' title='bbox 817 2265 989 2297; x_wconf 77' lang='grc' dir='ltr'>Ἀπόστο).ος.</span> 
     </span>
    </p>
   </div>
   <div class='ocr_carea' id='block_1_63' title="bbox 1197 1024 1658 1058">
    <p class='ocr_par' dir='ltr' id='par_1_63' title="bbox 1197 1024 1658 1058">
     <span class='ocr_line' id='line_1_63' title="bbox 1197 1024 1658 1058; baseline 0 -6"><span class='ocrx_word' id='word_1_437' title='bbox 1197 1024 1311 1054; x_wconf 80' lang='lat' dir='ltr'><strong>CAPUT</strong></span> <span class='ocrx_word' id='word_1_438' title='bbox 1326 1024 1450 1058; x_wconf 75' lang='lat' dir='ltr'><strong>XXXIV,</strong></span> <span class='ocrx_word' id='word_1_439' title='bbox 1466 1024 1585 1052; x_wconf 80' lang='lat' dir='ltr'><strong>SERMO</strong></span> <span class='ocrx_word' id='word_1_440' title='bbox 1603 1024 1658 1052; x_wconf 73' lang='lat' dir='ltr'><strong>XII.</strong></span> 
     </span>
    </p>
   </div>
   <div class='ocr_carea' id='block_1_64' title="bbox 1039 1091 1829 1127">
    <p class='ocr_par' dir='ltr' id='par_1_64' title="bbox 1039 1091 1829 1127">
     <span class='ocr_line' id='line_1_64' title="bbox 1039 1091 1829 1127; baseline 0.001 -8"><span class='ocrx_word' id='word_1_441' title='bbox 1039 1092 1076 1119; x_wconf 79' lang='lat' dir='ltr'><strong>De</strong></span> <span class='ocrx_word' id='word_1_442' title='bbox 1094 1091 1246 1127; x_wconf 78' lang='lat' dir='ltr'><strong>angelorum</strong></span> <span class='ocrx_word' id='word_1_443' title='bbox 1261 1096 1285 1119; x_wconf 83' lang='lat' dir='ltr'><strong>et</strong></span> <span class='ocrx_word' id='word_1_444' title='bbox 1300 1094 1449 1119; x_wconf 72' lang='lat' dir='ltr'><strong>dwiitonum</strong></span> <span class='ocrx_word' id='word_1_445' title='bbox 1465 1092 1568 1126; x_wconf 67' lang='lat' dir='ltr'><strong>pratia,</strong></span> <span class='ocrx_word' id='word_1_446' title='bbox 1581 1097 1605 1119; x_wconf 88' lang='lat' dir='ltr'><strong>et</strong></span> <span class='ocrx_word' id='word_1_447' title='bbox 1623 1092 1731 1120; x_wconf 86' lang='lat' dir='ltr'><strong>Satana&#39;</strong></span> <span class='ocrx_word' id='word_1_448' title='bbox 1754 1100 1829 1120; x_wconf 81' lang='lat' dir='ltr'><strong>casu.</strong></span> 
     </span>
    </p>
   </div>
   <div class='ocr_carea' id='block_1_65' title="bbox 1074 1243 1832 1278">
    <p class='ocr_par' dir='ltr' id='par_1_65' title="bbox 1074 1243 1832 1278">
     <span class='ocr_line' id='line_1_65' title="bbox 1074 1243 1832 1278; baseline 0.001 -7"><span class='ocrx_word' id='word_1_449' title='bbox 1074 1243 1134 1276; x_wconf 73' lang='lat' dir='ltr'><strong>XII,</strong></span> <span class='ocrx_word' id='word_1_450' title='bbox 1158 1243 1185 1277; x_wconf 89' lang='lat'><strong>7,</strong></span> <span class='ocrx_word' id='word_1_451' title='bbox 1215 1243 1240 1271; x_wconf 83' lang='lat'><strong>8.</strong></span> <span class='ocrx_word' id='word_1_452' title='bbox 1269 1243 1303 1270; x_wconf 83' lang='lat' dir='ltr'><strong>Et</strong></span> <span class='ocrx_word' id='word_1_453' title='bbox 1329 1243 1428 1278; x_wconf 80' lang='lat' dir='ltr'><strong>factum</strong></span> <span class='ocrx_word' id='word_1_454' title='bbox 1450 1247 1490 1271; x_wconf 73' lang='lat' dir='ltr'><strong>est</strong></span> <span class='ocrx_word' id='word_1_455' title='bbox 1509 1244 1630 1278; x_wconf 63' lang='lat' dir='ltr'><strong>prin/inm</strong></span> <span class='ocrx_word' id='word_1_456' title='bbox 1655 1253 1779 1278; x_wconf 76' lang='lat' dir='ltr'><strong>niagnunt</strong></span> <span class='ocrx_word' id='word_1_457' title='bbox 1804 1246 1832 1272; x_wconf 84' lang='lat' dir='ltr'><strong>in</strong></span> 
     </span>
    </p>
   </div>
   <div class='ocr_carea' id='block_1_66' title="bbox 1039 1289 1831 1324">
    <p class='ocr_par' dir='ltr' id='par_1_66' title="bbox 1039 1289 1831 1324">
     <span class='ocr_line' id='line_1_66' title="bbox 1039 1289 1831 1324; baseline 0.001 -8"><span class='ocrx_word' id='word_1_458' title='bbox 1039 1290 1123 1322; x_wconf 62' lang='lat' dir='ltr'><strong>malo,-</strong></span> <span class='ocrx_word' id='word_1_459' title='bbox 1145 1289 1260 1316; x_wconf 77' lang='lat' dir='ltr'><strong>Michael</strong></span> <span class='ocrx_word' id='word_1_460' title='bbox 1272 1294 1296 1316; x_wconf 71' lang='grc' dir='ltr'>ει</span> <span class='ocrx_word' id='word_1_461' title='bbox 1312 1289 1399 1324; x_wconf 82' lang='lat' dir='ltr'><strong>angeli</strong></span> <span class='ocrx_word' id='word_1_462' title='bbox 1415 1289 1472 1324; x_wconf 70' lang='lat' dir='ltr'><strong>ejus</strong></span> <span class='ocrx_word' id='word_1_463' title='bbox 1485 1291 1675 1323; x_wconf 69' lang='lat' dir='ltr'><strong>prwliabamur</strong></span> <span class='ocrx_word' id='word_1_464' title='bbox 1694 1298 1752 1316; x_wconf 85' lang='lat' dir='ltr'><strong>cum</strong></span> <span class='ocrx_word' id='word_1_465' title='bbox 1767 1290 1831 1317; x_wconf 86' lang='lat' dir='ltr'><strong>dm-</strong></span> 
     </span>
    </p>
   </div>
   <div class='ocr_carea' id='block_1_67' title="bbox 1039 1335 1833 1371">
    <p class='ocr_par' dir='ltr' id='par_1_67' title="bbox 1039 1335 1833 1371">
     <span class='ocr_line' id='line_1_67' title="bbox 1039 1335 1833 1371; baseline -0.001 -8"><span class='ocrx_word' id='word_1_466' title='bbox 1039 1344 1118 1368; x_wconf 78' lang='lat' dir='ltr'><strong>cune;</strong></span> <span class='ocrx_word' id='word_1_467' title='bbox 1136 1341 1160 1362; x_wconf 87' lang='lat' dir='ltr'><strong>et</strong></span> <span class='ocrx_word' id='word_1_468' title='bbox 1178 1336 1260 1362; x_wconf 79' lang='lat' dir='ltr'><strong>draco</strong></span> <span class='ocrx_word' id='word_1_469' title='bbox 1272 1336 1418 1371; x_wconf 81' lang='lat' dir='ltr'><strong>pugnabat,</strong></span> <span class='ocrx_word' id='word_1_470' title='bbox 1436 1340 1459 1362; x_wconf 88' lang='lat' dir='ltr'><strong>et</strong></span> <span class='ocrx_word' id='word_1_471' title='bbox 1482 1335 1568 1371; x_wconf 77' lang='lat' dir='ltr'><strong>angeli</strong></span> <span class='ocrx_word' id='word_1_472' title='bbox 1585 1336 1699 1370; x_wconf 76' lang='lat' dir='ltr'><strong>ejus;et</strong></span> <span class='ocrx_word' id='word_1_473' title='bbox 1715 1345 1764 1362; x_wconf 84' lang='lat' dir='ltr'><strong>mm</strong></span> <span class='ocrx_word' id='word_1_474' title='bbox 1786 1345 1833 1363; x_wconf 81' lang='lat' dir='ltr'><strong>va-</strong></span> 
     </span>
    </p>
   </div>
   <div class='ocr_carea' id='block_1_68' title="bbox 1039 1381 1833 1416">
    <p class='ocr_par' dir='ltr' id='par_1_68' title="bbox 1039 1381 1833 1416">
     <span class='ocr_line' id='line_1_68' title="bbox 1039 1381 1833 1416; baseline 0 -8"><span class='ocrx_word' id='word_1_475' title='bbox 1039 1382 1156 1415; x_wconf 82' lang='lat' dir='ltr'><strong>luerunt,</strong></span> <span class='ocrx_word' id='word_1_476' title='bbox 1174 1389 1254 1415; x_wconf 83' lang='lat' dir='ltr'><strong>neque</strong></span> <span class='ocrx_word' id='word_1_477' title='bbox 1273 1381 1346 1408; x_wconf 82' lang='lat' dir='ltr'><strong>locus</strong></span> <span class='ocrx_word' id='word_1_478' title='bbox 1369 1382 1487 1408; x_wconf 76' lang='lat' dir='ltr'><strong>inventus</strong></span> <span class='ocrx_word' id='word_1_479' title='bbox 1502 1386 1539 1409; x_wconf 78' lang='lat' dir='ltr'><strong>est</strong></span> <span class='ocrx_word' id='word_1_480' title='bbox 1562 1389 1652 1408; x_wconf 84' lang='lat' dir='ltr'><strong>eorum</strong></span> <span class='ocrx_word' id='word_1_481' title='bbox 1670 1381 1784 1416; x_wconf 82' lang='lat' dir='ltr'><strong>amplius</strong></span> <span class='ocrx_word' id='word_1_482' title='bbox 1805 1383 1833 1409; x_wconf 82' lang='lat' dir='ltr'><strong>in</strong></span> 
     </span>
    </p>
   </div>
   <div class='ocr_carea' id='block_1_69' title="bbox 1039 1428 1114 1456">
    <p class='ocr_par' dir='ltr' id='par_1_69' title="bbox 1039 1428 1114 1456">
     <span class='ocr_line' id='line_1_69' title="bbox 1039 1428 1114 1456; baseline 0.013 -1"><span class='ocrx_word' id='word_1_483' title='bbox 1039 1428 1114 1456; x_wconf 66' lang='lat' dir='ltr'><strong>calo.</strong></span> 
     </span>
    </p>
   </div>
   <div class='ocr_carea' id='block_1_70' title="bbox 1076 1484 1834 1520">
    <p class='ocr_par' dir='ltr' id='par_1_70' title="bbox 1076 1484 1834 1520">
     <span class='ocr_line' id='line_1_70' title="bbox 1076 1484 1834 1520; baseline -0.001 -7"><span class='ocrx_word' id='word_1_484' title='bbox 1076 1485 1173 1513; x_wconf 73' lang='lat' dir='ltr'><strong>lstlirec</strong></span> <span class='ocrx_word' id='word_1_485' title='bbox 1189 1485 1278 1520; x_wconf 91' lang='lat' dir='ltr'><strong>primo</strong></span> <span class='ocrx_word' id='word_1_486' title='bbox 1295 1485 1395 1512; x_wconf 88' lang='lat' dir='ltr'><strong>diaboli</strong></span> <span class='ocrx_word' id='word_1_487' title='bbox 1413 1484 1515 1520; x_wconf 83' lang='lat' dir='ltr'><strong>lapsui.</strong></span> <span class='ocrx_word' id='word_1_488' title='bbox 1531 1492 1587 1520; x_wconf 84' lang='lat' dir='ltr'><strong>quo</strong></span> <span class='ocrx_word' id='word_1_489' title='bbox 1604 1492 1637 1512; x_wconf 75' lang='lat' dir='ltr'><strong>ex</strong></span> <span class='ocrx_word' id='word_1_490' title='bbox 1653 1484 1776 1520; x_wconf 76' lang='lat' dir='ltr'><strong>angelico</strong></span> <span class='ocrx_word' id='word_1_491' title='bbox 1787 1492 1834 1512; x_wconf 88' lang='lat' dir='ltr'><strong>or-</strong></span> 
     </span>
    </p>
   </div>
   <div class='ocr_carea' id='block_1_71' title="bbox 1040 1531 1831 1567">
    <p class='ocr_par' dir='ltr' id='par_1_71' title="bbox 1040 1531 1831 1567">
     <span class='ocr_line' id='line_1_71' title="bbox 1040 1531 1831 1567; baseline 0 -8"><span class='ocrx_word' id='word_1_492' title='bbox 1040 1533 1104 1559; x_wconf 84' lang='lat' dir='ltr'><strong>dine</strong></span> <span class='ocrx_word' id='word_1_493' title='bbox 1118 1537 1228 1567; x_wconf 84' lang='lat' dir='ltr'><strong>propter</strong></span> <span class='ocrx_word' id='word_1_494' title='bbox 1242 1532 1398 1566; x_wconf 80' lang='lat' dir='ltr'><strong>superbiam</strong></span> <span class='ocrx_word' id='word_1_495' title='bbox 1413 1537 1441 1558; x_wconf 89' lang='lat' dir='ltr'><strong>et</strong></span> <span class='ocrx_word' id='word_1_496' title='bbox 1455 1531 1584 1558; x_wconf 85' lang='lat' dir='ltr'><strong>invidiam</strong></span> <span class='ocrx_word' id='word_1_497' title='bbox 1596 1532 1769 1567; x_wconf 87' lang='lat' dir='ltr'><strong>proscriptus</strong></span> <span class='ocrx_word' id='word_1_498' title='bbox 1780 1536 1831 1564; x_wconf 86' lang='lat' dir='ltr'><strong>est,</strong></span> 
     </span>
    </p>
   </div>
   <div class='ocr_carea' id='block_1_72' title="bbox 1040 1577 1834 1612">
    <p class='ocr_par' dir='ltr' id='par_1_72' title="bbox 1040 1577 1834 1612">
     <span class='ocr_line' id='line_1_72' title="bbox 1040 1577 1834 1612; baseline -0.003 -6"><span class='ocrx_word' id='word_1_499' title='bbox 1040 1578 1241 1607; x_wconf 82' lang='lat' dir='ltr'><strong>accommodari</strong></span> <span class='ocrx_word' id='word_1_500' title='bbox 1255 1581 1371 1612; x_wconf 84' lang='lat' dir='ltr'><strong>possunt</strong></span> <span class='ocrx_word' id='word_1_501' title='bbox 1383 1586 1390 1604; x_wconf 90' lang='lat'><strong>:</strong></span> <span class='ocrx_word' id='word_1_502' title='bbox 1406 1582 1434 1604; x_wconf 88' lang='lat' dir='ltr'><strong>et</strong></span> <span class='ocrx_word' id='word_1_503' title='bbox 1449 1577 1576 1604; x_wconf 66' lang='lat' dir='ltr'><strong>secundae</strong></span> <span class='ocrx_word' id='word_1_504' title='bbox 1589 1585 1699 1604; x_wconf 86' lang='lat' dir='ltr'><strong>rursum</strong></span> <span class='ocrx_word' id='word_1_505' title='bbox 1712 1577 1834 1611; x_wconf 82' lang='lat' dir='ltr'><strong>ejusdem</strong></span> 
     </span>
    </p>
   </div>
   <div class='ocr_carea' id='block_1_73' title="bbox 1041 1623 1834 1660">
    <p class='ocr_par' dir='ltr' id='par_1_73' title="bbox 1041 1623 1834 1660">
     <span class='ocr_line' id='line_1_73' title="bbox 1041 1623 1834 1660; baseline -0.003 -8"><span class='ocrx_word' id='word_1_506' title='bbox 1041 1633 1143 1658; x_wconf 73' lang='lat' dir='ltr'><strong>rutnte,</strong></span> <span class='ocrx_word' id='word_1_507' title='bbox 1160 1631 1215 1660; x_wconf 86' lang='lat' dir='ltr'><strong>qua</strong></span> <span class='ocrx_word' id='word_1_508' title='bbox 1232 1631 1281 1659; x_wconf 88' lang='lat' dir='ltr'><strong>per</strong></span> <span class='ocrx_word' id='word_1_509' title='bbox 1304 1623 1474 1651; x_wconf 90' lang='lat' dir='ltr'><strong>Dominicam</strong></span> <span class='ocrx_word' id='word_1_510' title='bbox 1493 1630 1602 1651; x_wconf 89' lang='lat' dir='ltr'><strong>crucem</strong></span> <span class='ocrx_word' id='word_1_511' title='bbox 1628 1623 1734 1651; x_wconf 80' lang='lat' dir='ltr'><strong>fractus</strong></span> <span class='ocrx_word' id='word_1_512' title='bbox 1753 1628 1834 1658; x_wconf 87' lang='lat' dir='ltr'><strong>atque</strong></span> 
     </span>
    </p>
   </div>
   <div class='ocr_carea' id='block_1_74' title="bbox 1041 1668 1834 1705">
    <p class='ocr_par' dir='ltr' id='par_1_74' title="bbox 1041 1668 1834 1705">
     <span class='ocr_line' id='line_1_74' title="bbox 1041 1668 1834 1705; baseline -0.005 -7"><span class='ocrx_word' id='word_1_513' title='bbox 1041 1671 1161 1705; x_wconf 76' lang='lat' dir='ltr'><strong>deiectus</strong></span> <span class='ocrx_word' id='word_1_514' title='bbox 1176 1675 1235 1702; x_wconf 87' lang='lat' dir='ltr'><strong>est;</strong></span> <span class='ocrx_word' id='word_1_515' title='bbox 1260 1668 1372 1704; x_wconf 90' lang='lat' dir='ltr'><strong>quando</strong></span> <span class='ocrx_word' id='word_1_516' title='bbox 1388 1668 1518 1695; x_wconf 89' lang='lat' dir='ltr'><strong>nimirum</strong></span> <span class='ocrx_word' id='word_1_517' title='bbox 1541 1668 1637 1695; x_wconf 89' lang='lat' dir='ltr'><strong>mundi</strong></span> <span class='ocrx_word' id='word_1_518' title='bbox 1655 1668 1737 1703; x_wconf 91' lang='lat' dir='ltr'><strong>hujus</strong></span> <span class='ocrx_word' id='word_1_519' title='bbox 1757 1669 1834 1703; x_wconf 88' lang='lat' dir='ltr'><strong>prin-</strong></span> 
     </span>
    </p>
   </div>
   <div class='ocr_carea' id='block_1_75' title="bbox 1040 1711 1834 1749">
    <p class='ocr_par' dir='ltr' id='par_1_75' title="bbox 1040 1711 1834 1749">
     <span class='ocr_line' id='line_1_75' title="bbox 1040 1711 1834 1749; baseline -0.005 -7"><span class='ocrx_word' id='word_1_520' title='bbox 1040 1722 1114 1749; x_wconf 59' lang='grc' dir='ltr'>σερε,</span> <span class='ocrx_word' id='word_1_521' title='bbox 1124 1714 1203 1749; x_wconf 77' lang='lat' dir='ltr'><strong>juxta</strong></span> <span class='ocrx_word' id='word_1_522' title='bbox 1219 1712 1323 1740; x_wconf 87' lang='lat' dir='ltr'><strong>Christi</strong></span> <span class='ocrx_word' id='word_1_523' title='bbox 1338 1711 1447 1739; x_wconf 87' lang='lat' dir='ltr'><strong>Domini</strong></span> <span class='ocrx_word' id='word_1_524' title='bbox 1462 1711 1613 1744; x_wconf 84' lang='lat' dir='ltr'><strong>oraculum,</strong></span> <span class='ocrx_word' id='word_1_525' title='bbox 1629 1711 1769 1747; x_wconf 79' lang='lat' dir='ltr'><strong>judicatus</strong></span> <span class='ocrx_word' id='word_1_526' title='bbox 1782 1731 1790 1744; x_wconf 85' lang='lat'><strong>,</strong></span> <span class='ocrx_word' id='word_1_527' title='bbox 1806 1715 1834 1739; x_wconf 80' lang='lat' dir='ltr'><strong>et</strong></span> 
     </span>
    </p>
   </div>
   <div class='ocr_carea' id='block_1_76' title="bbox 1040 1757 1834 1796">
    <p class='ocr_par' dir='ltr' id='par_1_76' title="bbox 1040 1757 1834 1796">
     <span class='ocr_line' id='line_1_76' title="bbox 1040 1757 1834 1796; baseline -0.004 -9"><span class='ocrx_word' id='word_1_528' title='bbox 1040 1769 1055 1788; x_wconf 86' lang='lat' dir='ltr'><strong>a</strong></span> <span class='ocrx_word' id='word_1_529' title='bbox 1077 1759 1237 1796; x_wconf 81' lang='lat' dir='ltr'><strong>tyrannide,</strong></span> <span class='ocrx_word' id='word_1_530' title='bbox 1256 1766 1338 1793; x_wconf 87' lang='lat' dir='ltr'><strong>quam</strong></span> <span class='ocrx_word' id='word_1_531' title='bbox 1359 1761 1422 1784; x_wconf 84' lang='lat' dir='ltr'><strong>ante</strong></span> <span class='ocrx_word' id='word_1_532' title='bbox 1440 1758 1606 1789; x_wconf 71' lang='lat' dir='ltr'><strong>exercebat,</strong></span> <span class='ocrx_word' id='word_1_533' title='bbox 1632 1757 1763 1791; x_wconf 85' lang='lat' dir='ltr'><strong>depulsus</strong></span> <span class='ocrx_word' id='word_1_534' title='bbox 1782 1761 1834 1784; x_wconf 86' lang='lat' dir='ltr'><strong>est.</strong></span> 
     </span>
    </p>
   </div>
   <div class='ocr_carea' id='block_1_77' title="bbox 1042 1803 1836 1839">
    <p class='ocr_par' dir='ltr' id='par_1_77' title="bbox 1042 1803 1836 1839">
     <span class='ocr_line' id='line_1_77' title="bbox 1042 1803 1836 1839; baseline -0.004 -5"><span class='ocrx_word' id='word_1_535' title='bbox 1042 1808 1187 1834; x_wconf 80' lang='lat' dir='ltr'><strong>Enimvero</strong></span> <span class='ocrx_word' id='word_1_536' title='bbox 1200 1812 1263 1833; x_wconf 89' lang='lat' dir='ltr'><strong>cum</strong></span> <span class='ocrx_word' id='word_1_537' title='bbox 1280 1804 1364 1832; x_wconf 90' lang='lat' dir='ltr'><strong>divini</strong></span> <span class='ocrx_word' id='word_1_538' title='bbox 1381 1804 1470 1839; x_wconf 73' lang='lat' dir='ltr'><strong>angeli</strong></span> <span class='ocrx_word' id='word_1_539' title='bbox 1483 1811 1545 1832; x_wconf 93' lang='lat' dir='ltr'><strong>cum</strong></span> <span class='ocrx_word' id='word_1_540' title='bbox 1558 1804 1627 1831; x_wconf 88' lang='lat' dir='ltr'><strong>duce</strong></span> <span class='ocrx_word' id='word_1_541' title='bbox 1639 1811 1689 1832; x_wconf 88' lang='lat' dir='ltr'><strong>suo</strong></span> <span class='ocrx_word' id='word_1_542' title='bbox 1704 1803 1836 1831; x_wconf 79' lang='lat' dir='ltr'><strong>Michaele</strong></span> 
     </span>
    </p>
   </div>
   <div class='ocr_carea' id='block_1_78' title="bbox 1042 1849 1834 1886">
    <p class='ocr_par' dir='ltr' id='par_1_78' title="bbox 1042 1849 1834 1886">
     <span class='ocr_line' id='line_1_78' title="bbox 1042 1849 1834 1886; baseline -0.004 -7"><span class='ocrx_word' id='word_1_543' title='bbox 1042 1852 1117 1879; x_wconf 87' lang='lat' dir='ltr'><strong>illius</strong></span> <span class='ocrx_word' id='word_1_544' title='bbox 1135 1851 1292 1886; x_wconf 83' lang='lat' dir='ltr'><strong>superbiam</strong></span> <span class='ocrx_word' id='word_1_545' title='bbox 1309 1854 1336 1878; x_wconf 82' lang='lat' dir='ltr'><strong>et</strong></span> <span class='ocrx_word' id='word_1_546' title='bbox 1349 1849 1536 1884; x_wconf 78' lang='lat' dir='ltr'><strong>arrogantiam</strong></span> <span class='ocrx_word' id='word_1_547' title='bbox 1553 1849 1626 1877; x_wconf 81' lang='lat' dir='ltr'><strong>ferre</strong></span> <span class='ocrx_word' id='word_1_548' title='bbox 1639 1856 1694 1876; x_wconf 93' lang='lat' dir='ltr'><strong>non</strong></span> <span class='ocrx_word' id='word_1_549' title='bbox 1711 1854 1834 1884; x_wconf 86' lang='lat' dir='ltr'><strong>possent,</strong></span> 
     </span>
    </p>
   </div>
   <div class='ocr_carea' id='block_1_79' title="bbox 1041 1895 1836 1932">
    <p class='ocr_par' dir='ltr' id='par_1_79' title="bbox 1041 1895 1836 1932">
     <span class='ocr_line' id='line_1_79' title="bbox 1041 1895 1836 1932; baseline -0.003 -8"><span class='ocrx_word' id='word_1_550' title='bbox 1041 1899 1128 1932; x_wconf 81' lang='lat' dir='ltr'><strong>ipsum</strong></span> <span class='ocrx_word' id='word_1_551' title='bbox 1146 1905 1178 1924; x_wconf 76' lang='lat' dir='ltr'><strong>ex</strong></span> <span class='ocrx_word' id='word_1_552' title='bbox 1200 1904 1250 1924; x_wconf 86' lang='lat' dir='ltr'><strong>suo</strong></span> <span class='ocrx_word' id='word_1_553' title='bbox 1266 1896 1405 1924; x_wconf 90' lang='lat' dir='ltr'><strong>consortio</strong></span> <span class='ocrx_word' id='word_1_554' title='bbox 1420 1901 1447 1922; x_wconf 87' lang='lat' dir='ltr'><strong>et</strong></span> <span class='ocrx_word' id='word_1_555' title='bbox 1463 1895 1674 1929; x_wconf 82' lang='lat' dir='ltr'><strong>consuetudine,</strong></span> <span class='ocrx_word' id='word_1_556' title='bbox 1689 1901 1721 1922; x_wconf 92' lang='lat' dir='ltr'><strong>ut</strong></span> <span class='ocrx_word' id='word_1_557' title='bbox 1737 1895 1836 1930; x_wconf 86' lang='lat' dir='ltr'><strong>proha-</strong></span> 
     </span>
    </p>
   </div>
   <div class='ocr_carea' id='block_1_80' title="bbox 1041 1942 1836 1978">
    <p class='ocr_par' dir='ltr' id='par_1_80' title="bbox 1041 1942 1836 1978">
     <span class='ocr_line' id='line_1_80' title="bbox 1041 1942 1836 1978; baseline -0.003 -7"><span class='ocrx_word' id='word_1_558' title='bbox 1041 1944 1094 1971; x_wconf 82' lang='lat' dir='ltr'><strong>bile</strong></span> <span class='ocrx_word' id='word_1_559' title='bbox 1110 1944 1151 1976; x_wconf 73' lang='grc' dir='ltr'>ῆι,</span> <span class='ocrx_word' id='word_1_560' title='bbox 1165 1944 1256 1970; x_wconf 80' lang='lat' dir='ltr'><strong>statim</strong></span> <span class='ocrx_word' id='word_1_561' title='bbox 1270 1943 1443 1978; x_wconf 76' lang='lat' dir='ltr'><strong>abiecerunt.</strong></span> <span class='ocrx_word' id='word_1_562' title='bbox 1459 1942 1549 1975; x_wconf 82' lang='lat' dir='ltr'><strong>Atque</strong></span> <span class='ocrx_word' id='word_1_563' title='bbox 1563 1942 1615 1969; x_wconf 92' lang='lat' dir='ltr'><strong>huc</strong></span> <span class='ocrx_word' id='word_1_564' title='bbox 1629 1946 1745 1976; x_wconf 80' lang='lat' dir='ltr'><strong>spectat,</strong></span> <span class='ocrx_word' id='word_1_565' title='bbox 1762 1942 1836 1977; x_wconf 90' lang='lat' dir='ltr'><strong>quod</strong></span> 
     </span>
    </p>
   </div>
   <div class='ocr_carea' id='block_1_81' title="bbox 1041 1986 1836 2022">
    <p class='ocr_par' dir='ltr' id='par_1_81' title="bbox 1041 1986 1836 2022">
     <span class='ocr_line' id='line_1_81' title="bbox 1041 1986 1836 2022; baseline 0.003 -10"><span class='ocrx_word' id='word_1_566' title='bbox 1041 1987 1172 2022; x_wconf 74' lang='lat' dir='ltr'><strong>propheta</strong></span> <span class='ocrx_word' id='word_1_567' title='bbox 1194 1986 1321 2014; x_wconf 81' lang='lat' dir='ltr'><strong>Ezechiel</strong></span> <span class='ocrx_word' id='word_1_568' title='bbox 1346 1986 1423 2013; x_wconf 90' lang='lat' dir='ltr'><strong>illum</strong></span> <span class='ocrx_word' id='word_1_569' title='bbox 1447 1994 1480 2013; x_wconf 79' lang='lat' dir='ltr'><strong>ex</strong></span> <span class='ocrx_word' id='word_1_570' title='bbox 1500 1987 1667 2014; x_wconf 90' lang='lat' dir='ltr'><strong>Cherubinis</strong></span> <span class='ocrx_word' id='word_1_571' title='bbox 1689 1987 1836 2022; x_wconf 86' lang='lat' dir='ltr'><strong>mediaque</strong></span> 
     </span>
    </p>
   </div>
   <div class='ocr_carea' id='block_1_82' title="bbox 1042 2029 1835 2071">
    <p class='ocr_par' dir='ltr' id='par_1_82' title="bbox 1042 2029 1835 2071">
     <span class='ocr_line' id='line_1_82' title="bbox 1042 2029 1835 2071; baseline -0.006 -8"><span class='ocrx_word' id='word_1_572' title='bbox 1042 2036 1188 2071; x_wconf 74' lang='lat' dir='ltr'><strong>ignitoruiu</strong></span> <span class='ocrx_word' id='word_1_573' title='bbox 1203 2034 1339 2068; x_wconf 85' lang='lat' dir='ltr'><strong>lapidum,</strong></span> <span class='ocrx_word' id='word_1_574' title='bbox 1357 2034 1408 2061; x_wconf 91' lang='lat' dir='ltr'><strong>hoc</strong></span> <span class='ocrx_word' id='word_1_575' title='bbox 1428 2029 1479 2064; x_wconf 83' lang='lat' dir='ltr'><strong>est,</strong></span> <span class='ocrx_word' id='word_1_576' title='bbox 1496 2033 1682 2068; x_wconf 74' lang='lat' dir='ltr'><strong>angelicorum</strong></span> <span class='ocrx_word' id='word_1_577' title='bbox 1696 2033 1835 2066; x_wconf 84' lang='lat' dir='ltr'><strong>ordinum,</strong></span> 
     </span>
    </p>
   </div>
   <div class='ocr_carea' id='block_1_83' title="bbox 1042 2078 1836 2115">
    <p class='ocr_par' dir='ltr' id='par_1_83' title="bbox 1042 2078 1836 2115">
     <span class='ocr_line' id='line_1_83' title="bbox 1042 2078 1836 2115; baseline -0.005 -7"><span class='ocrx_word' id='word_1_578' title='bbox 1042 2082 1159 2109; x_wconf 75' lang='lat' dir='ltr'><strong>statione</strong></span> <span class='ocrx_word' id='word_1_579' title='bbox 1179 2081 1297 2115; x_wconf 81' lang='lat' dir='ltr'><strong>ejectum</strong></span> <span class='ocrx_word' id='word_1_580' title='bbox 1325 2079 1443 2111; x_wconf 86' lang='lat' dir='ltr'><strong>asserit;</strong></span> <span class='ocrx_word' id='word_1_581' title='bbox 1468 2085 1499 2105; x_wconf 90' lang='lat' dir='ltr'><strong>ea</strong></span> <span class='ocrx_word' id='word_1_582' title='bbox 1521 2079 1650 2104; x_wconf 91' lang='lat' dir='ltr'><strong>nimirum</strong></span> <span class='ocrx_word' id='word_1_583' title='bbox 1676 2078 1709 2104; x_wconf 87' lang='lat' dir='ltr'><strong>de</strong></span> <span class='ocrx_word' id='word_1_584' title='bbox 1736 2085 1836 2111; x_wconf 83' lang='lat' dir='ltr'><strong>causa,</strong></span> 
     </span>
    </p>
   </div>
   <div class='ocr_carea' id='block_1_84' title="bbox 1042 2122 1836 2164">
    <p class='ocr_par' dir='ltr' id='par_1_84' title="bbox 1042 2122 1836 2164">
     <span class='ocr_line' id='line_1_84' title="bbox 1042 2122 1836 2164; baseline -0.006 -10"><span class='ocrx_word' id='word_1_585' title='bbox 1042 2128 1115 2164; x_wconf 88' lang='lat' dir='ltr'><strong>quod</strong></span> <span class='ocrx_word' id='word_1_586' title='bbox 1133 2127 1291 2162; x_wconf 82' lang='lat' dir='ltr'><strong>iniquitates</strong></span> <span class='ocrx_word' id='word_1_587' title='bbox 1308 2126 1335 2153; x_wconf 87' lang='lat' dir='ltr'><strong>in</strong></span> <span class='ocrx_word' id='word_1_588' title='bbox 1352 2126 1399 2153; x_wconf 94' lang='lat' dir='ltr'><strong>illo</strong></span> <span class='ocrx_word' id='word_1_589' title='bbox 1413 2128 1562 2159; x_wconf 63' lang='lat' dir='ltr'><strong>comperta!</strong></span> <span class='ocrx_word' id='word_1_590' title='bbox 1576 2127 1678 2151; x_wconf 85' lang='lat' dir='ltr'><strong>essent.</strong></span> <span class='ocrx_word' id='word_1_591' title='bbox 1691 2122 1719 2150; x_wconf 87' lang='lat' dir='ltr'><strong>ln</strong></span> <span class='ocrx_word' id='word_1_592' title='bbox 1733 2122 1836 2150; x_wconf 80' lang='lat' dir='ltr'><strong>Christi</strong></span> 
     </span>
    </p>
   </div>
   <div class='ocr_carea' id='block_1_85' title="bbox 1042 2168 1836 2212">
    <p class='ocr_par' dir='ltr' id='par_1_85' title="bbox 1042 2168 1836 2212">
     <span class='ocr_line' id='line_1_85' title="bbox 1042 2168 1836 2212; baseline -0.01 -9"><span class='ocrx_word' id='word_1_593' title='bbox 1042 2183 1123 2212; x_wconf 90' lang='lat' dir='ltr'><strong>porro</strong></span> <span class='ocrx_word' id='word_1_594' title='bbox 1141 2175 1259 2202; x_wconf 87' lang='lat' dir='ltr'><strong>adventu</strong></span> <span class='ocrx_word' id='word_1_595' title='bbox 1274 2172 1362 2208; x_wconf 78' lang='lat' dir='ltr'><strong>angeli</strong></span> <span class='ocrx_word' id='word_1_596' title='bbox 1382 2171 1432 2203; x_wconf 87' lang='lat' dir='ltr'><strong>illi,</strong></span> <span class='ocrx_word' id='word_1_597' title='bbox 1447 2171 1493 2206; x_wconf 88' lang='lat' dir='ltr'><strong>qui</strong></span> <span class='ocrx_word' id='word_1_598' title='bbox 1512 2175 1574 2204; x_wconf 87' lang='lat' dir='ltr'><strong>post</strong></span> <span class='ocrx_word' id='word_1_599' title='bbox 1594 2169 1751 2197; x_wconf 80' lang='lat' dir='ltr'><strong>absolutum</strong></span> <span class='ocrx_word' id='word_1_600' title='bbox 1763 2168 1836 2203; x_wconf 79' lang='lat' dir='ltr'><strong>jeju-</strong></span> 
     </span>
    </p>
   </div>
   <div class='ocr_carea' id='block_1_86' title="bbox 1042 2216 1838 2255">
    <p class='ocr_par' dir='ltr' id='par_1_86' title="bbox 1042 2216 1838 2255">
     <span class='ocr_line' id='line_1_86' title="bbox 1042 2216 1838 2255; baseline -0.01 -5"><span class='ocrx_word' id='word_1_601' title='bbox 1042 2223 1130 2255; x_wconf 88' lang='lat' dir='ltr'><strong>nium,</strong></span> <span class='ocrx_word' id='word_1_602' title='bbox 1150 2222 1370 2254; x_wconf 75' lang='lat' dir='ltr'><strong>intentntamque</strong></span> <span class='ocrx_word' id='word_1_603' title='bbox 1390 2226 1404 2245; x_wconf 88' lang='lat' dir='ltr'><strong>a</strong></span> <span class='ocrx_word' id='word_1_604' title='bbox 1423 2217 1524 2245; x_wconf 87' lang='lat' dir='ltr'><strong>Satana</strong></span> <span class='ocrx_word' id='word_1_605' title='bbox 1542 2216 1721 2244; x_wconf 73' lang='lat' dir='ltr'><strong>tentationem</strong></span> <span class='ocrx_word' id='word_1_606' title='bbox 1734 2236 1741 2248; x_wconf 84' lang='lat'><strong>,</strong></span> <span class='ocrx_word' id='word_1_607' title='bbox 1760 2222 1838 2242; x_wconf 86' lang='lat' dir='ltr'><strong>acce-</strong></span> 
     </span>
    </p>
   </div>
   <div class='ocr_carea' id='block_1_87' title="bbox 1042 2260 1836 2296">
    <p class='ocr_par' dir='ltr' id='par_1_87' title="bbox 1042 2260 1836 2296">
     <span class='ocr_line' id='line_1_87' title="bbox 1042 2260 1836 2296; baseline -0.01 -1"><span class='ocrx_word' id='word_1_608' title='bbox 1042 2268 1139 2296; x_wconf 86' lang='lat' dir='ltr'><strong>dentes</strong></span> <span class='ocrx_word' id='word_1_609' title='bbox 1154 2265 1348 2295; x_wconf 83' lang='lat' dir='ltr'><strong>ministrabant</strong></span> <span class='ocrx_word' id='word_1_610' title='bbox 1365 2264 1410 2296; x_wconf 88' lang='lat' dir='ltr'><strong>ei,</strong></span> <span class='ocrx_word' id='word_1_611' title='bbox 1426 2262 1566 2290; x_wconf 88' lang='lat' dir='ltr'><strong>diabolum</strong></span> <span class='ocrx_word' id='word_1_612' title='bbox 1588 2261 1671 2289; x_wconf 86' lang='lat' dir='ltr'><strong>veluti</strong></span> <span class='ocrx_word' id='word_1_613' title='bbox 1687 2261 1741 2288; x_wconf 89' lang='lat' dir='ltr'><strong>vile</strong></span> <span class='ocrx_word' id='word_1_614' title='bbox 1760 2260 1836 2295; x_wconf 76' lang='lat' dir='ltr'><strong>abic-</strong></span> 
     </span>
    </p>
   </div>
   <div class='ocr_carea' id='block_1_88' title="bbox 197 2307 985 2349">
    <p class='ocr_par' dir='ltr' id='par_1_88' title="bbox 197 2309 985 2344">
     <span class='ocr_line' id='line_1_88' title="bbox 197 2309 985 2344; baseline 0.004 -8"><span class='ocrx_word' id='word_1_615' title='bbox 197 2309 252 2336; x_wconf 75' lang='grc' dir='ltr'><strong>Καὶ</strong></span> <span class='ocrx_word' id='word_1_616' title='bbox 271 2309 402 2342; x_wconf 87' lang='grc' dir='ltr'>Παππίας</span> <span class='ocrx_word' id='word_1_617' title='bbox 414 2310 443 2338; x_wconf 84' lang='grc' dir='ltr'>δὲ</span> <span class='ocrx_word' id='word_1_618' title='bbox 461 2310 548 2343; x_wconf 78' lang='grc' dir='ltr'>οὕτως</span> <span class='ocrx_word' id='word_1_619' title='bbox 563 2312 610 2339; x_wconf 75' lang='grc' dir='ltr'><strong>ἐπὶ</strong></span> <span class='ocrx_word' id='word_1_620' title='bbox 629 2311 737 2344; x_wconf 81' lang='grc' dir='ltr'>λέξεως·</span> <span class='ocrx_word' id='word_1_621' title='bbox 757 2312 871 2344; x_wconf 82' lang='grc' dir='ltr'>Ἔνιοις</span> <span class='ocrx_word' id='word_1_622' title='bbox 889 2311 923 2338; x_wconf 80' lang='grc' dir='ltr'><strong>δὲ</strong></span> <span class='ocrx_word' id='word_1_623' title='bbox 938 2313 985 2339; x_wconf 81' lang='grc' dir='ltr'><strong>αὺ-</strong></span> 
     </span>
    </p>
   </div>
   <div class='ocr_carea' id='block_1_89' title="bbox 1037 2307 1838 2349">
    <p class='ocr_par' dir='ltr' id='par_1_89' title="bbox 1043 2307 1838 2349">
     <span class='ocr_line' id='line_1_89' title="bbox 1043 2307 1838 2349; baseline -0.009 -8"><span class='ocrx_word' id='word_1_624' title='bbox 1043 2319 1173 2349; x_wconf 77' lang='lat' dir='ltr'><strong>ctuinque</strong></span> <span class='ocrx_word' id='word_1_625' title='bbox 1191 2311 1355 2346; x_wconf 82' lang='lat' dir='ltr'><strong>mancipium</strong></span> <span class='ocrx_word' id='word_1_626' title='bbox 1377 2317 1431 2338; x_wconf 90' lang='lat' dir='ltr'><strong>non</strong></span> <span class='ocrx_word' id='word_1_627' title='bbox 1455 2309 1562 2344; x_wconf 83' lang='lat' dir='ltr'><strong>absque</strong></span> <span class='ocrx_word' id='word_1_628' title='bbox 1580 2308 1772 2336; x_wconf 74' lang='lat' dir='ltr'><strong>exsecratione</strong></span> <span class='ocrx_word' id='word_1_629' title='bbox 1788 2307 1838 2334; x_wconf 79' lang='lat' dir='ltr'><strong>ile-</strong></span> 
     </span>
    </p>
   </div>
   <div class='ocr_carea' id='block_1_90' title="bbox 197 2353 985 2394">
    <p class='ocr_par' dir='ltr' id='par_1_90' title="bbox 197 2353 985 2393">
     <span class='ocr_line' id='line_1_90' title="bbox 197 2353 985 2393; baseline 0.005 -12"><span class='ocrx_word' id='word_1_630' title='bbox 197 2353 269 2387; x_wconf 83' lang='grc' dir='ltr'>τῶν,</span> <span class='ocrx_word' id='word_1_631' title='bbox 284 2355 403 2391; x_wconf 75' lang='grc' dir='ltr'><strong>δηλαδὴ</strong></span> <span class='ocrx_word' id='word_1_632' title='bbox 415 2356 476 2384; x_wconf 81' lang='grc' dir='ltr'><strong>τῶν</strong></span> <span class='ocrx_word' id='word_1_633' title='bbox 490 2357 584 2385; x_wconf 74' lang='grc' dir='ltr'>πάλαι</span> <span class='ocrx_word' id='word_1_634' title='bbox 598 2359 686 2386; x_wconf 79' lang='grc' dir='ltr'>θείων</span> <span class='ocrx_word' id='word_1_635' title='bbox 703 2358 850 2393; x_wconf 72' lang='grc' dir='ltr'>ἀγγέλων,</span> <span class='ocrx_word' id='word_1_636' title='bbox 863 2358 913 2385; x_wconf 74' lang='grc' dir='ltr'>καὶ</span> <span class='ocrx_word' id='word_1_637' title='bbox 937 2357 985 2392; x_wconf 77' lang='grc' dir='ltr'><strong>τῆς</strong></span> 
     </span>
    </p>
   </div>
   <div class='ocr_carea' id='block_1_91' title="bbox 1037 2353 1838 2394">
    <p class='ocr_par' dir='ltr' id='par_1_91' title="bbox 1043 2354 1838 2394">
     <span class='ocr_line' id='line_1_91' title="bbox 1043 2354 1838 2394; baseline -0.009 -8"><span class='ocrx_word' id='word_1_638' title='bbox 1043 2367 1099 2386; x_wconf 91' lang='lat' dir='ltr'><strong>nuo</strong></span> <span class='ocrx_word' id='word_1_639' title='bbox 1124 2358 1328 2394; x_wconf 86' lang='lat' dir='ltr'><strong>propulsarunt.</strong></span> <span class='ocrx_word' id='word_1_640' title='bbox 1353 2357 1469 2383; x_wconf 79' lang='lat' dir='ltr'><strong>Adverte</strong></span> <span class='ocrx_word' id='word_1_641' title='bbox 1494 2360 1586 2382; x_wconf 87' lang='lat' dir='ltr'><strong>autem</strong></span> <span class='ocrx_word' id='word_1_642' title='bbox 1611 2354 1739 2381; x_wconf 84' lang='lat' dir='ltr'><strong>Patribus</strong></span> <span class='ocrx_word' id='word_1_643' title='bbox 1765 2361 1838 2380; x_wconf 83' lang='lat' dir='ltr'><strong>non-</strong></span> 
     </span>
    </p>
   </div>
   <div class='ocr_carea' id='block_1_92' title="bbox 197 2392 985 2440">
    <p class='ocr_par' dir='ltr' id='par_1_92' title="bbox 197 2392 985 2440">
     <span class='ocr_line' id='line_1_92' title="bbox 197 2392 985 2440; baseline 0.005 -13"><span class='ocrx_word' id='word_1_644' title='bbox 197 2402 264 2435; x_wconf 76' lang='grc' dir='ltr'><strong>περὶ</strong></span> <span class='ocrx_word' id='word_1_645' title='bbox 275 2402 334 2436; x_wconf 79' lang='grc' dir='ltr'><strong>τὴν</strong></span> <span class='ocrx_word' id='word_1_646' title='bbox 348 2403 409 2439; x_wconf 78' lang='grc' dir='ltr'><strong>γῆν</strong></span> <span class='ocrx_word' id='word_1_647' title='bbox 429 2404 661 2440; x_wconf 80' lang='grc' dir='ltr'>διακοσμήσεως</span> <span class='ocrx_word' id='word_1_648' title='bbox 675 2392 788 2432; x_wconf 64' lang='grc' dir='ltr'>ἔδωκεν</span> <span class='ocrx_word' id='word_1_649' title='bbox 801 2405 921 2440; x_wconf 72' lang='grc' dir='ltr'>ἆρχε-ιγ’</span> <span class='ocrx_word' id='word_1_650' title='bbox 942 2406 985 2432; x_wconf 72' lang='grc' dir='ltr'>ε(αέ</span> 
     </span>
    </p>
   </div>
   <div class='ocr_carea' id='block_1_93' title="bbox 1037 2392 1838 2440">
    <p class='ocr_par' dir='ltr' id='par_1_93' title="bbox 1045 2392 1838 2437">
     <span class='ocr_line' id='line_1_93' title="bbox 1045 2392 1838 2437; baseline -0.008 -4"><span class='ocrx_word' id='word_1_651' title='bbox 1045 2392 1131 2433; x_wconf 81' lang='lat' dir='ltr'><strong>nullis</strong></span> <span class='ocrx_word' id='word_1_652' title='bbox 1152 2392 1240 2432; x_wconf 83' lang='lat' dir='ltr'><strong>visum</strong></span> <span class='ocrx_word' id='word_1_653' title='bbox 1261 2411 1324 2431; x_wconf 83' lang='lat' dir='ltr'><strong>esse</strong></span> <span class='ocrx_word' id='word_1_654' title='bbox 1349 2407 1411 2437; x_wconf 88' lang='lat' dir='ltr'><strong>post</strong></span> <span class='ocrx_word' id='word_1_655' title='bbox 1437 2401 1612 2437; x_wconf 61' lang='lat' dir='ltr'><strong>aspecti-bilis</strong></span> <span class='ocrx_word' id='word_1_656' title='bbox 1637 2400 1730 2428; x_wconf 88' lang='lat' dir='ltr'><strong>mundi</strong></span> <span class='ocrx_word' id='word_1_657' title='bbox 1756 2400 1838 2432; x_wconf 80' lang='lat' dir='ltr'><strong>hujus</strong></span> 
     </span>
    </p>
   </div>
   <div class='ocr_carea' id='block_1_94' title="bbox 197 2446 985 2487">
    <p class='ocr_par' dir='ltr' id='par_1_94' title="bbox 197 2447 985 2487">
     <span class='ocr_line' id='line_1_94' title="bbox 197 2447 985 2487; baseline 0.008 -14"><span class='ocrx_word' id='word_1_658' title='bbox 197 2447 300 2480; x_wconf 73' lang='grc' dir='ltr'>καλῶς</span> <span class='ocrx_word' id='word_1_659' title='bbox 314 2449 419 2484; x_wconf 80' lang='grc' dir='ltr'>ἄρχειν</span> <span class='ocrx_word' id='word_1_660' title='bbox 434 2452 642 2486; x_wconf 75' lang='grc' dir='ltr'>παρηγγύησε.</span> <span class='ocrx_word' id='word_1_661' title='bbox 671 2452 724 2478; x_wconf 77' lang='grc' dir='ltr'><strong>Καὶ</strong></span> <span class='ocrx_word' id='word_1_662' title='bbox 741 2452 805 2487; x_wconf 78' lang='grc' dir='ltr'><strong>ἑξῆς</strong></span> <span class='ocrx_word' id='word_1_663' title='bbox 820 2460 903 2487; x_wconf 79' lang='grc' dir='ltr'>φησιν</span> <span class='ocrx_word' id='word_1_664' title='bbox 916 2461 922 2467; x_wconf 70' lang='grc'><strong>⁸</strong></span> <span class='ocrx_word' id='word_1_665' title='bbox 939 2454 985 2485; x_wconf 72' lang='grc' dir='ltr'><strong>Εἰς</strong></span> 
     </span>
    </p>
   </div>
   <div class='ocr_carea' id='block_1_95' title="bbox 1037 2446 1837 2487">
    <p class='ocr_par' dir='ltr' id='par_1_95' title="bbox 1046 2446 1837 2486">
     <span class='ocr_line' id='line_1_95' title="bbox 1046 2446 1837 2486; baseline -0.009 -7"><span class='ocrx_word' id='word_1_666' title='bbox 1046 2451 1186 2486; x_wconf 85' lang='lat' dir='ltr'><strong>opillcium</strong></span> <span class='ocrx_word' id='word_1_667' title='bbox 1204 2450 1346 2478; x_wconf 88' lang='lat' dir='ltr'><strong>diabolum</strong></span> <span class='ocrx_word' id='word_1_668' title='bbox 1361 2452 1471 2483; x_wconf 84' lang='lat' dir='ltr'><strong>propter</strong></span> <span class='ocrx_word' id='word_1_669' title='bbox 1489 2447 1648 2483; x_wconf 83' lang='lat' dir='ltr'><strong>superbiam</strong></span> <span class='ocrx_word' id='word_1_670' title='bbox 1664 2450 1691 2474; x_wconf 87' lang='lat' dir='ltr'><strong>et.</strong></span> <span class='ocrx_word' id='word_1_671' title='bbox 1706 2446 1837 2473; x_wconf 85' lang='lat' dir='ltr'><strong>invidiam</strong></span> 
     </span>
    </p>
   </div>
   <div class='ocr_carea' id='block_1_96' title="bbox 176 2492 985 2533">
    <p class='ocr_par' dir='ltr' id='par_1_96' title="bbox 176 2493 985 2533">
     <span class='ocr_line' id='line_1_96' title="bbox 176 2493 985 2533; baseline 0.007 -14"><span class='ocrx_word' id='word_1_672' title='bbox 176 2531 178 2533; x_wconf 12' lang='grc' dir='ltr'><strong>μ</strong></span> <span class='ocrx_word' id='word_1_673' title='bbox 197 2493 292 2521; x_wconf 80' lang='grc' dir='ltr'><strong>οὐδὲν</strong></span> <span class='ocrx_word' id='word_1_674' title='bbox 303 2494 360 2532; x_wconf 80' lang='grc' dir='ltr'><strong>[δὲ]</strong></span> <span class='ocrx_word' id='word_1_675' title='bbox 381 2497 496 2530; x_wconf 74' lang='grc' dir='ltr'>συνέϐη</span> <span class='ocrx_word' id='word_1_676' title='bbox 512 2496 694 2532; x_wconf 76' lang='grc' dir='ltr'><strong>τελευτῆσαι</strong></span> <span class='ocrx_word' id='word_1_677' title='bbox 708 2497 766 2532; x_wconf 81' lang='grc' dir='ltr'><strong>τὴν</strong></span> <span class='ocrx_word' id='word_1_678' title='bbox 781 2497 868 2530; x_wconf 80' lang='grc' dir='ltr'><strong>τάξιν</strong></span> <span class='ocrx_word' id='word_1_679' title='bbox 879 2498 985 2526; x_wconf 83' lang='grc' dir='ltr'><strong>αὐτῶν.</strong></span> 
     </span>
    </p>
   </div>
   <div class='ocr_carea' id='block_1_97' title="bbox 1037 2492 1839 2533">
    <p class='ocr_par' dir='ltr' id='par_1_97' title="bbox 1045 2492 1839 2532">
     <span class='ocr_line' id='line_1_97' title="bbox 1045 2492 1839 2532; baseline -0.01 -7"><span class='ocrx_word' id='word_1_680' title='bbox 1045 2505 1061 2525; x_wconf 88' lang='lat' dir='ltr'><strong>e</strong></span> <span class='ocrx_word' id='word_1_681' title='bbox 1075 2497 1146 2525; x_wconf 73' lang='lat' dir='ltr'><strong>caelo</strong></span> <span class='ocrx_word' id='word_1_682' title='bbox 1159 2497 1295 2532; x_wconf 74' lang='lat' dir='ltr'><strong>ejectum,</strong></span> <span class='ocrx_word' id='word_1_683' title='bbox 1310 2499 1474 2532; x_wconf 87' lang='lat' dir='ltr'><strong>potestatem</strong></span> <span class='ocrx_word' id='word_1_684' title='bbox 1489 2502 1572 2530; x_wconf 91' lang='lat' dir='ltr'><strong>quam</strong></span> <span class='ocrx_word' id='word_1_685' title='bbox 1593 2494 1619 2521; x_wconf 95' lang='lat' dir='ltr'><strong>in</strong></span> <span class='ocrx_word' id='word_1_686' title='bbox 1637 2500 1746 2521; x_wconf 86' lang='lat' dir='ltr'><strong>aeream</strong></span> <span class='ocrx_word' id='word_1_687' title='bbox 1767 2492 1839 2518; x_wconf 79' lang='lat' dir='ltr'><strong>hanc</strong></span> 
     </span>
    </p>
   </div>
   <div class='ocr_carea' id='block_1_98' title="bbox 171 2537 1838 2582">
    <p class='ocr_par' dir='ltr' id='par_1_98' title="bbox 171 2537 1838 2582">
     <span class='ocr_line' id='line_1_98' title="bbox 171 2537 1838 2582; baseline -0.005 -10"><span class='ocrx_word' id='word_1_688' title='bbox 171 2546 175 2554; x_wconf 97' lang='lat'><strong>’</strong></span> <span class='ocrx_word' id='word_1_689' title='bbox 200 2545 340 2580; x_wconf 74' lang='lat' dir='ltr'><strong>regionem</strong></span> <span class='ocrx_word' id='word_1_690' title='bbox 381 2550 444 2573; x_wconf 90' lang='lat' dir='ltr'><strong>ante</strong></span> <span class='ocrx_word' id='word_1_691' title='bbox 469 2546 576 2581; x_wconf 86' lang='lat' dir='ltr'><strong>lapsum</strong></span> <span class='ocrx_word' id='word_1_692' title='bbox 601 2550 764 2581; x_wconf 85' lang='lat' dir='ltr'><strong>acceperat,</strong></span> <span class='ocrx_word' id='word_1_693' title='bbox 783 2552 845 2582; x_wconf 87' lang='lat' dir='ltr'><strong>post</strong></span> <span class='ocrx_word' id='word_1_694' title='bbox 871 2546 980 2581; x_wconf 86' lang='lat' dir='ltr'><strong>lapsum</strong></span> <span class='ocrx_word' id='word_1_695' title='bbox 1007 2547 1033 2573; x_wconf 93' lang='lat' dir='ltr'><strong>in</strong></span> <span class='ocrx_word' id='word_1_696' title='bbox 1056 2551 1160 2582; x_wconf 88' lang='lat' dir='ltr'><strong>partem</strong></span> <span class='ocrx_word' id='word_1_697' title='bbox 1190 2545 1280 2573; x_wconf 89' lang='lat' dir='ltr'><strong>adhuc</strong></span> <span class='ocrx_word' id='word_1_698' title='bbox 1308 2544 1466 2572; x_wconf 86' lang='lat' dir='ltr'><strong>retinuisse.</strong></span> <span class='ocrx_word' id='word_1_699' title='bbox 1496 2543 1569 2570; x_wconf 87' lang='lat' dir='ltr'><strong>Sane</strong></span> <span class='ocrx_word' id='word_1_700' title='bbox 1587 2540 1736 2576; x_wconf 79' lang='lat' dir='ltr'><strong>Apostolus</strong></span> <span class='ocrx_word' id='word_1_701' title='bbox 1766 2537 1838 2565; x_wconf 84' lang='lat' dir='ltr'><strong>haud</strong></span> 
     </span>
    </p>
   </div>
   <div class='ocr_carea' id='block_1_99' title="bbox 198 2590 1840 2628">
    <p class='ocr_par' dir='ltr' id='par_1_99' title="bbox 198 2590 1840 2628">
     <span class='ocr_line' id='line_1_99' title="bbox 198 2590 1840 2628; baseline -0.004 -6"><span class='ocrx_word' id='word_1_702' title='bbox 198 2596 317 2622; x_wconf 87' lang='lat' dir='ltr'><strong>obscure</strong></span> <span class='ocrx_word' id='word_1_703' title='bbox 333 2595 454 2623; x_wconf 81' lang='lat' dir='ltr'><strong>insinuat</strong></span> <span class='ocrx_word' id='word_1_704' title='bbox 476 2595 557 2627; x_wconf 87' lang='lat' dir='ltr'><strong>illud,</strong></span> <span class='ocrx_word' id='word_1_705' title='bbox 573 2595 637 2623; x_wconf 87' lang='lat' dir='ltr'><strong>dum</strong></span> <span class='ocrx_word' id='word_1_706' title='bbox 658 2595 757 2622; x_wconf 82' lang='lat' dir='ltr'><strong>luctam</strong></span> <span class='ocrx_word' id='word_1_707' title='bbox 782 2595 862 2623; x_wconf 89' lang='lat' dir='ltr'><strong>nobis</strong></span> <span class='ocrx_word' id='word_1_708' title='bbox 880 2603 933 2623; x_wconf 92' lang='lat' dir='ltr'><strong>non</strong></span> <span class='ocrx_word' id='word_1_709' title='bbox 965 2596 1097 2623; x_wconf 79' lang='lat' dir='ltr'><strong>adversus</strong></span> <span class='ocrx_word' id='word_1_710' title='bbox 1130 2602 1241 2622; x_wconf 87' lang='lat' dir='ltr'><strong>carnem</strong></span> <span class='ocrx_word' id='word_1_711' title='bbox 1265 2599 1292 2621; x_wconf 76' lang='lat' dir='ltr'><strong>et</strong></span> <span class='ocrx_word' id='word_1_712' title='bbox 1324 2593 1498 2628; x_wconf 74' lang='lat' dir='ltr'><strong>sanguinem,</strong></span> <span class='ocrx_word' id='word_1_713' title='bbox 1522 2590 1569 2619; x_wconf 79' lang='lat' dir='ltr'><strong>sed</strong></span> <span class='ocrx_word' id='word_1_714' title='bbox 1595 2590 1727 2617; x_wconf 87' lang='lat' dir='ltr'><strong>adversus</strong></span> <span class='ocrx_word' id='word_1_715' title='bbox 1744 2594 1840 2615; x_wconf 72' lang='lat' dir='ltr'><strong>aereas</strong></span> 
     </span>
    </p>
   </div>
   <div class='ocr_carea' id='block_1_100' title="bbox 199 2636 1840 2678">
    <p class='ocr_par' dir='ltr' id='par_1_100' title="bbox 199 2636 1840 2678">
     <span class='ocr_line' id='line_1_100' title="bbox 199 2636 1840 2678; baseline -0.005 -8"><span class='ocrx_word' id='word_1_716' title='bbox 199 2648 352 2678; x_wconf 87' lang='lat' dir='ltr'><strong>potestates</strong></span> <span class='ocrx_word' id='word_1_717' title='bbox 369 2651 442 2676; x_wconf 84' lang='lat' dir='ltr'><strong>esse,</strong></span> <span class='ocrx_word' id='word_1_718' title='bbox 465 2643 562 2670; x_wconf 89' lang='lat' dir='ltr'><strong>scribit</strong></span> <span class='ocrx_word' id='word_1_719' title='bbox 580 2652 586 2670; x_wconf 89' lang='lat'>:</span> <span class='ocrx_word' id='word_1_720' title='bbox 610 2643 759 2671; x_wconf 76' lang='lat' dir='ltr'><strong>Conﬁrmat</strong></span> <span class='ocrx_word' id='word_1_721' title='bbox 781 2648 873 2671; x_wconf 81' lang='lat' dir='ltr'><strong>autem</strong></span> <span class='ocrx_word' id='word_1_722' title='bbox 898 2643 996 2678; x_wconf 84' lang='lat' dir='ltr'><strong>Papias</strong></span> <span class='ocrx_word' id='word_1_723' title='bbox 1014 2644 1044 2670; x_wconf 84' lang='grc' dir='ltr'><strong>Β.</strong></span> <span class='ocrx_word' id='word_1_724' title='bbox 1058 2643 1174 2671; x_wconf 82' lang='lat' dir='ltr'><strong>Joannis</strong></span> <span class='ocrx_word' id='word_1_725' title='bbox 1189 2642 1341 2677; x_wconf 86' lang='lat' dir='ltr'><strong>discipulus</strong></span> <span class='ocrx_word' id='word_1_726' title='bbox 1374 2642 1477 2668; x_wconf 85' lang='lat' dir='ltr'><strong>diserte</strong></span> <span class='ocrx_word' id='word_1_727' title='bbox 1508 2639 1582 2666; x_wconf 84' lang='lat' dir='ltr'><strong>hisce</strong></span> <span class='ocrx_word' id='word_1_728' title='bbox 1593 2637 1705 2664; x_wconf 78' lang='lat' dir='ltr'><strong>verbis:</strong></span> <span class='ocrx_word' id='word_1_729' title='bbox 1724 2636 1791 2662; x_wconf 78' lang='lat' dir='ltr'><strong>Aliis</strong></span> <span class='ocrx_word' id='word_1_730' title='bbox 1807 2643 1840 2661; x_wconf 74' lang='lat' dir='ltr'><strong>ea;</strong></span> 
     </span>
    </p>
   </div>
   <div class='ocr_carea' id='block_1_101' title="bbox 200 2683 1840 2724">
    <p class='ocr_par' dir='ltr' id='par_1_101' title="bbox 200 2683 1840 2724">
     <span class='ocr_line' id='line_1_101' title="bbox 200 2683 1840 2724; baseline -0.004 -9"><span class='ocrx_word' id='word_1_731' title='bbox 200 2689 284 2723; x_wconf 77' lang='lat' dir='ltr'><strong>ipsis,</strong></span> <span class='ocrx_word' id='word_1_732' title='bbox 301 2696 389 2722; x_wconf 81' lang='lat' dir='ltr'><strong>nempe</strong></span> <span class='ocrx_word' id='word_1_733' title='bbox 406 2689 517 2724; x_wconf 83' lang='lat' dir='ltr'><strong>angelis,</strong></span> <span class='ocrx_word' id='word_1_734' title='bbox 537 2689 678 2724; x_wconf 78' lang='lat' dir='ltr'><strong>quamdam</strong></span> <span class='ocrx_word' id='word_1_735' title='bbox 695 2690 766 2716; x_wconf 80' lang='lat' dir='ltr'><strong>circa</strong></span> <span class='ocrx_word' id='word_1_736' title='bbox 779 2694 857 2716; x_wconf 69' lang='lat' dir='ltr'><strong>terra:</strong></span> <span class='ocrx_word' id='word_1_737' title='bbox 887 2689 1143 2716; x_wconf 81' lang='lat' dir='ltr'><strong>administrulimiem</strong></span> <span class='ocrx_word' id='word_1_738' title='bbox 1158 2693 1313 2721; x_wconf 80' lang='lat' dir='ltr'><strong>potestatem</strong></span> <span class='ocrx_word' id='word_1_739' title='bbox 1343 2692 1367 2715; x_wconf 75' lang='lat' dir='ltr'><strong>et</strong></span> <span class='ocrx_word' id='word_1_740' title='bbox 1400 2687 1614 2723; x_wconf 64' lang='lat' dir='ltr'><strong>procuratione»):</strong></span> <span class='ocrx_word' id='word_1_741' title='bbox 1645 2683 1755 2714; x_wconf 82' lang='lat' dir='ltr'><strong>tribuit;</strong></span> <span class='ocrx_word' id='word_1_742' title='bbox 1775 2683 1840 2709; x_wconf 80' lang='lat' dir='ltr'><strong>ritc-</strong></span> 
     </span>
    </p>
   </div>
   <div class='ocr_carea' id='block_1_102' title="bbox 199 2728 1841 2770">
    <p class='ocr_par' dir='ltr' id='par_1_102' title="bbox 199 2728 1841 2770">
     <span class='ocr_line' id='line_1_102' title="bbox 199 2728 1841 2770; baseline -0.004 -10"><span class='ocrx_word' id='word_1_743' title='bbox 199 2742 250 2770; x_wconf 79' lang='lat' dir='ltr'><strong>que</strong></span> <span class='ocrx_word' id='word_1_744' title='bbox 266 2743 361 2761; x_wconf 82' lang='lat' dir='ltr'><strong>manus</strong></span> <span class='ocrx_word' id='word_1_745' title='bbox 378 2735 527 2769; x_wconf 75' lang='lat' dir='ltr'><strong>injunrtum</strong></span> <span class='ocrx_word' id='word_1_746' title='bbox 544 2735 733 2762; x_wconf 75' lang='lat' dir='ltr'><strong>adntinistrure</strong></span> <span class='ocrx_word' id='word_1_747' title='bbox 744 2736 839 2770; x_wconf 84' lang='lat' dir='ltr'><strong>jussit.</strong></span> <span class='ocrx_word' id='word_1_748' title='bbox 853 2735 886 2762; x_wconf 81' lang='lat' dir='ltr'><strong>Et</strong></span> <span class='ocrx_word' id='word_1_749' title='bbox 904 2735 999 2770; x_wconf 85' lang='lat' dir='ltr'><strong>paucis</strong></span> <span class='ocrx_word' id='word_1_750' title='bbox 1037 2735 1219 2770; x_wconf 89' lang='lat' dir='ltr'><strong>interpositis,</strong></span> <span class='ocrx_word' id='word_1_751' title='bbox 1237 2734 1379 2770; x_wconf 66' lang='lat' dir='ltr'><strong>subjungit</strong></span> <span class='ocrx_word' id='word_1_752' title='bbox 1394 2742 1401 2760; x_wconf 87' lang='lat'><strong>:</strong></span> <span class='ocrx_word' id='word_1_753' title='bbox 1436 2731 1539 2759; x_wconf 75' lang='lat' dir='ltr'><strong>Accidit</strong></span> <span class='ocrx_word' id='word_1_754' title='bbox 1560 2735 1657 2762; x_wconf 76' lang='lat' dir='ltr'><strong>autem,</strong></span> <span class='ocrx_word' id='word_1_755' title='bbox 1674 2733 1702 2754; x_wconf 86' lang='lat' dir='ltr'><strong>ut</strong></span> <span class='ocrx_word' id='word_1_756' title='bbox 1722 2728 1841 2754; x_wconf 74' lang='lat' dir='ltr'><strong>ordinem</strong></span> 
     </span>
    </p>
   </div>
   <div class='ocr_carea' id='block_1_103' title="bbox 199 2783 855 2818">
    <p class='ocr_par' dir='ltr' id='par_1_103' title="bbox 199 2783 855 2818">
     <span class='ocr_line' id='line_1_103' title="bbox 199 2783 855 2818; baseline 0.002 -8"><span class='ocrx_word' id='word_1_757' title='bbox 199 2783 250 2811; x_wconf 86' lang='lat' dir='ltr'><strong>sibi</strong></span> <span class='ocrx_word' id='word_1_758' title='bbox 264 2783 427 2818; x_wconf 77' lang='lat' dir='ltr'><strong>pra&#39;ﬁuitum</strong></span> <span class='ocrx_word' id='word_1_759' title='bbox 446 2784 606 2812; x_wconf 76' lang='lat' dir='ltr'><strong>absolverent</strong></span> <span class='ocrx_word' id='word_1_760' title='bbox 624 2792 675 2812; x_wconf 83' lang='lat' dir='ltr'><strong>non</strong></span> <span class='ocrx_word' id='word_1_761' title='bbox 692 2789 721 2811; x_wconf 85' lang='lat' dir='ltr'><strong>ut</strong></span> <span class='ocrx_word' id='word_1_762' title='bbox 737 2785 855 2812; x_wconf 81' lang='lat' dir='ltr'><strong>decebat.</strong></span> 
     </span>
    </p>
   </div>
   <div class='ocr_carea' id='block_1_104' title="bbox 238 2841 996 2878">
    <p class='ocr_par' dir='ltr' id='par_1_104' title="bbox 238 2841 996 2878">
     <span class='ocr_line' id='line_1_104' title="bbox 238 2841 996 2878; baseline -0.004 -7"><span class='ocrx_word' id='word_1_763' title='bbox 238 2843 294 2871; x_wconf 77' lang='grc' dir='ltr'><strong>Καὶ</strong></span> <span class='ocrx_word' id='word_1_764' title='bbox 309 2843 422 2878; x_wconf 75' lang='grc' dir='ltr'>ἐϐλήθη</span> <span class='ocrx_word' id='word_1_765' title='bbox 438 2845 455 2870; x_wconf 83' lang='grc' dir='ltr'><em>ὀ</em></span> <span class='ocrx_word' id='word_1_766' title='bbox 470 2842 591 2877; x_wconf 77' lang='grc' dir='ltr'>δράκων</span> <span class='ocrx_word' id='word_1_767' title='bbox 608 2844 625 2869; x_wconf 85' lang='grc' dir='ltr'><em>ὁ</em></span> <span class='ocrx_word' id='word_1_768' title='bbox 644 2843 752 2877; x_wconf 80' lang='grc' dir='ltr'>μέγας,</span> <span class='ocrx_word' id='word_1_769' title='bbox 765 2841 807 2878; x_wconf 66' lang='grc' dir='ltr'><strong>ἶό]</strong></span> <span class='ocrx_word' id='word_1_770' title='bbox 826 2841 897 2876; x_wconf 68' lang='grc' dir='ltr'>ὄψις</span> <span class='ocrx_word' id='word_1_771' title='bbox 915 2842 930 2868; x_wconf 86' lang='grc' dir='ltr'><strong>ό</strong></span> <span class='ocrx_word' id='word_1_772' title='bbox 946 2841 996 2875; x_wconf 76' lang='grc' dir='ltr'><strong>ἁρ-</strong></span> 
     </span>
    </p>
   </div>
   <div class='ocr_carea' id='block_1_105' title="bbox 201 2887 994 2926">
    <p class='ocr_par' dir='ltr' id='par_1_105' title="bbox 201 2887 994 2926">
     <span class='ocr_line' id='line_1_105' title="bbox 201 2887 994 2926; baseline -0.005 -8"><span class='ocrx_word' id='word_1_773' title='bbox 201 2890 287 2926; x_wconf 80' lang='grc' dir='ltr'>χαῖος</span> <span class='ocrx_word' id='word_1_774' title='bbox 301 2891 316 2917; x_wconf 88' lang='grc' dir='ltr'><strong>ό</strong></span> <span class='ocrx_word' id='word_1_775' title='bbox 332 2890 521 2925; x_wconf 73' lang='grc' dir='ltr'>καλούμενος</span> <span class='ocrx_word' id='word_1_776' title='bbox 536 2888 677 2923; x_wconf 74' lang='grc' dir='ltr'>διάϐολος</span> <span class='ocrx_word' id='word_1_777' title='bbox 693 2889 741 2917; x_wconf 76' lang='grc' dir='ltr'>καὶ</span> <span class='ocrx_word' id='word_1_778' title='bbox 760 2888 801 2926; x_wconf 76' lang='grc' dir='ltr'><strong>[ὁ]</strong></span> <span class='ocrx_word' id='word_1_779' title='bbox 818 2887 963 2921; x_wconf 75' lang='grc' dir='ltr'>Σατανᾶς,</span> <span class='ocrx_word' id='word_1_780' title='bbox 978 2889 994 2914; x_wconf 87' lang='grc' dir='ltr'><strong><em>ό</em></strong></span> 
     </span>
    </p>
   </div>
   <div class='ocr_carea' id='block_1_106' title="bbox 1085 2831 1842 2872">
    <p class='ocr_par' dir='ltr' id='par_1_106' title="bbox 1085 2831 1842 2872">
     <span class='ocr_line' id='line_1_106' title="bbox 1085 2831 1842 2872; baseline -0.013 -5"><span class='ocrx_word' id='word_1_781' title='bbox 1085 2838 1147 2871; x_wconf 73' lang='lat' dir='ltr'><strong>XII,</strong></span> <span class='ocrx_word' id='word_1_782' title='bbox 1167 2838 1195 2866; x_wconf 86' lang='lat'><strong>9.</strong></span> <span class='ocrx_word' id='word_1_783' title='bbox 1220 2837 1252 2864; x_wconf 85' lang='lat' dir='ltr'><strong>Et</strong></span> <span class='ocrx_word' id='word_1_784' title='bbox 1267 2836 1401 2872; x_wconf 80' lang='lat' dir='ltr'><strong>projectns</strong></span> <span class='ocrx_word' id='word_1_785' title='bbox 1427 2838 1465 2861; x_wconf 84' lang='lat' dir='ltr'><strong>est</strong></span> <span class='ocrx_word' id='word_1_786' title='bbox 1483 2833 1564 2859; x_wconf 74' lang='lat' dir='ltr'><strong>draco</strong></span> <span class='ocrx_word' id='word_1_787' title='bbox 1587 2831 1632 2859; x_wconf 80' lang='lat' dir='ltr'><strong>ille</strong></span> <span class='ocrx_word' id='word_1_788' title='bbox 1655 2840 1765 2868; x_wconf 81' lang='lat' dir='ltr'><strong>magnus</strong></span> <span class='ocrx_word' id='word_1_789' title='bbox 1788 2841 1842 2859; x_wconf 78' lang='lat' dir='ltr'><strong>srr-</strong></span> 
     </span>
    </p>
   </div>
   <div class='ocr_carea' id='block_1_107' title="bbox 1050 2878 1843 2922">
    <p class='ocr_par' dir='ltr' id='par_1_107' title="bbox 1050 2878 1843 2922">
     <span class='ocr_line' id='line_1_107' title="bbox 1050 2878 1843 2922; baseline -0.01 -8"><span class='ocrx_word' id='word_1_790' title='bbox 1050 2895 1111 2922; x_wconf 70' lang='lat' dir='ltr'><strong>pcns</strong></span> <span class='ocrx_word' id='word_1_791' title='bbox 1123 2886 1259 2920; x_wconf 79' lang='lat' dir='ltr'><strong>antiquits,</strong></span> <span class='ocrx_word' id='word_1_792' title='bbox 1279 2883 1323 2918; x_wconf 78' lang='lat' dir='ltr'><strong>qui</strong></span> <span class='ocrx_word' id='word_1_793' title='bbox 1345 2885 1453 2908; x_wconf 75' lang='lat' dir='ltr'><strong>voratur</strong></span> <span class='ocrx_word' id='word_1_794' title='bbox 1467 2878 1588 2906; x_wconf 72' lang='lat' dir='ltr'><strong>diabolus</strong></span> <span class='ocrx_word' id='word_1_795' title='bbox 1601 2885 1624 2906; x_wconf 82' lang='lat' dir='ltr'><strong>et</strong></span> <span class='ocrx_word' id='word_1_796' title='bbox 1648 2878 1781 2911; x_wconf 82' lang='lat' dir='ltr'><strong>Satanas;</strong></span> <span class='ocrx_word' id='word_1_797' title='bbox 1798 2879 1843 2909; x_wconf 79' lang='lat' dir='ltr'><strong>qui</strong></span> 
     </span>
    </p>
   </div>
  </div>
