2093 3159
269 133 321 164 363
849 134 1012 166 ANDREE
1032 133 1290 163 C/ESARIENSIS
1849 131 1903 163 364

270 191 351 218 nihus
376 189 484 224 quidem
515 190 686 218 confusionis
717 190 932 226 dcjuctiunisque
972 198 1055 218 causa
1073 190 1200 224 exsistat,
1218 190 1323 225 angelis
1349 193 1440 217 autem
1477 188 1578 216 lietitize
1599 189 1774 216 occasionem
1786 189 1900 223 oﬂ'ernt;

269 247 323 273 quo
339 246 392 266 una
406 246 467 265 cum
485 238 538 265 illis
557 239 583 264 iu
600 245 665 265 voce
689 238 884 266 exsultationis
911 243 939 266 et
971 237 1154 266 confessionis
1189 244 1258 264 sono
1288 236 1388 264 festum
1432 236 1614 269 celebremus,
1649 237 1815 272 Christoque
1846 237 1901 265 Deo

269 289 362 312 nostro
393 285 425 312 de
470 284 584 311 victoria
610 283 743 311 adversus
772 284 909 318 malignos
935 284 1074 312 daemones
1111 283 1236 314 obtenta,
1261 283 1364 316 gratias
1392 290 1527 318 agamus,
1557 290 1619 310 cum
1649 290 1704 318 quo
1736 283 1844 311 Patrem
1873 287 1903 311 rt

269 330 399 366 Spiritum
415 334 540 357 sanctum
557 330 635 357 decet
647 329 744 364 gloria,
763 337 836 358 nunc
850 335 877 358 et
892 337 1010 365 semper,
1029 334 1056 358 et
1077 329 1104 356 in
1118 328 1216 356 saacula
1235 328 1412 356 saeculorum.
1427 329 1525 356 Amen.

459 385 535 412 CAP.
551 384 643 412 XLIX.
658 384 773 412 SERMO
786 385 870 412 XVII.

269 444 302 470 ιπι
315 451 362 478 per
387 448 511 477 quartam
526 442 633 477 plaganl
645 441 741 468 ardore
754 442 905 468 crucientur
929 441 1055 468 Imminet.

299 532 370 564 XVI,
400 533 426 564 8,
445 533 472 560 9.
501 531 535 558 Et
556 536 667 566 quartus
687 531 794 566 angi-lus
819 530 912 565 e/fudit
939 530 1058 565 phialam

263 581 290 606 iu
305 580 405 612 solem;
422 583 446 605 ct
462 579 554 604 datum
571 582 609 604 est
625 577 665 603 illi
689 581 756 604 a’stu
770 577 884 612 a/ﬂigcre
899 576 1016 603 homines
1032 580 1056 602 et

262 628 322 661 igne
334 634 342 652 :
354 630 378 653 ιιι
396 629 545 652 (caluerunt
561 623 678 649 homines
694 627 760 650 wsm
774 627 921 657 mugno;et
936 622 1056 656 blasphe-

263 676 371 699 marunt
399 678 492 698 nomen
522 669 569 696 Dei
583 668 702 695 habentis
729 673 883 699 potestatem
904 675 981 702 super
1006 667 1055 694 has

263 718 381 752 plagas:
404 723 485 750 neque
499 718 608 749 egeram
627 713 819 748 paenitentiam,
844 716 873 738 ut
891 711 985 738 darent
1014 711 1055 737 illi

263 763 386 797 gloriam.

299 852 402 879 Forsan
417 850 527 878 sensilis
541 849 605 876 solis
623 849 719 875 ardore
733 847 857 875 homines
873 852 938 874 tunc
950 851 1055 881 tempo-

261 899 300 925 ris
325 897 522 929 inccudentur;
556 895 691 922 clemente
719 893 775 921 Deo
801 901 881 920 camo
912 897 940 920 et
969 891 1054 919 fraeuo

261 943 388 970 maxillas
404 942 458 977 7o
474 948 568 968 eorum
586 939 802 974 constringente,
818 943 845 966 et
872 942 977 965 tantum
999 945 1052 964 non

262 991 287 1016 vi
309 989 427 1024 quadam
456 987 624 1022 impellente,
650 986 697 1021 qui
721 984 898 1012 cunctantius
915 984 949 1012 ad
976 984 1052 1010 illum

260 1035 415 1068 accedunt;
432 1042 487 1068 quo
503 1033 553 1060 hac
567 1033 663 1060 saltem
679 1032 786 1059 ratione
805 1031 926 1064 excitati,
944 1031 1051 1057 tandem

261 1081 413 1116 aliquando
430 1080 463 1107 ad
482 1080 672 1115 paenitentiam
687 1083 812 1113 spectent
828 1087 834 1105 :
861 1078 912 1105 etsi
928 1077 965 1105 illi
984 1077 1051 1104 inte-

260 1128 325 1160 rim,
342 1131 434 1161 utpote
459 1125 486 1152 in
505 1125 672 1160 profundum
697 1123 830 1150 malorum
852 1123 968 1158 delapsi,
996 1129 1050 1148 non

262 1173 294 1199 ad
311 1172 524 1200 conversionem
545 1170 703 1205 respiciant,
726 1168 772 1196 sed
792 1169 934 1204 impotenti
958 1168 1051 1195 animo

261 1218 442 1253 improbaque
462 1221 552 1243 mente
568 1217 595 1242 in
622 1215 820 1250 blasphemiam
849 1222 910 1242 sese
925 1213 1049 1242 ell'erant.

260 1263 331 1290 Fieri
353 1269 464 1296 quoque
488 1265 591 1295 potest,
617 1265 648 1287 ut
671 1267 720 1294 per
749 1259 830 1286 solem
856 1259 908 1286 diei
938 1266 1048 1286 cursum

261 1308 416 1339 adumbret,
442 1308 566 1342 adeoque
591 1307 730 1333 variarum
759 1305 939 1332 tentationum
955 1305 1056 1332 ardore

262 1355 335 1381 hunc
355 1361 404 1380 eos
420 1353 583 1380 adustorum
605 1351 773 1382 subiudieet,
790 1350 837 1385 qui
853 1350 965 1384 ﬂagellis
979 1349 1055 1384 digni

259 1401 392 1435 comperti
416 1399 534 1432 fuerint;
554 1403 690 1434 quatenus
706 1398 837 1425 nimirum
855 1404 1001 1432 poenarum
1026 1401 1053 1423 et

259 1448 434 1475 crueiatuum
453 1454 537 1474 sensu
559 1445 706 1477 admoniti,
724 1452 819 1471 earum
844 1452 935 1471 rerum
952 1450 1052 1478 paren-

261 1499 327 1526 tem,
344 1500 443 1528 nempe
459 1495 615 1527 peccatum,
636 1491 700 1518 odio
720 1490 821 1517 habere
836 1490 979 1524 incipiant.
996 1487 1050 1516 Ve-

259 1548 320 1567 rum
337 1539 426 1566 insani
444 1538 580 1569 homines,
595 1544 643 1572 pro
657 1537 783 1572 lapsuum
797 1540 824 1562 et
837 1535 972 1562 scelerum
985 1541 1053 1561 suo-

258 1595 319 1614 rum
356 1585 494 1620 agnitione
521 1590 548 1612 ct
579 1584 782 1615 detestatione,
826 1583 945 1617 linguam
973 1588 1051 1608 suam

259 1635 353 1658 contra
368 1631 455 1658 Deum
466 1634 618 1661 exacuent;
633 1627 864 1664 quemadmodum
878 1627 930 1654 hac
941 1633 1052 1661 quoque

1282 385 1408 412 ΚΕΦΑΛ.
1439 384 1507 412 MO’.
1532 384 1642 411 ΛΟΓΟΣ
1671 385 1722 412 IZ'.

1109 443 1210 476 ’Ὅπως
1225 443 1274 470 διὰ
1287 443 1343 477 τῆς
1357 443 1498 477 τετάρτης
1511 441 1654 478 [πληγῆς]
1673 442 1900 476 καυματίζονται

1401 480 1426 505 οὶ
1440 478 1600 511 ἅνθρωποι.

1143 534 1197 560 Καὶ
1214 536 1231 561 ὁ
1256 534 1395 569 τέταρτος
1418 534 1548 569 ἅγγελος
1570 534 1673 568 ἐξέχεε
1703 535 1761 568 τὴν
1784 535 1901 569 φιάλην

1107 581 1202 607 αὐτοῦ
1217 580 1265 607 ἐπὶ
1279 581 1333 607 τὸν
1346 581 1436 614 ἣλιον
1446 589 1453 595 ·
1480 580 1528 606 καὶ
1545 581 1634 614 ἐδόθη
1661 581 1742 614 αὐτῷ
1757 583 1901 616 καυματί-

1107 633 1160 652 σαι
1186 626 1259 658 τοὺς
1279 625 1454 659 ἀνθρώπους
1476 626 1510 651 ἐν
1534 627 1623 660 mmi-
1656 626 1707 653 καὶ
1737 627 1898 661 ἐκαυματί-

1107 673 1231 704 σθησαν
1243 673 1270 698 οἱ
1286 671 1434 705 ἂνθρωποι
1452 672 1552 706 καῦμα
1568 672 1659 707 μέγα·
1675 673 1724 699 καὶ
1742 672 1898 707 ἐϐλασφή-

1103 724 1210 750 μησαν
1236 717 1269 744 τὸ
1291 718 1385 752 ὄνομα
1409 717 1464 744 τοῦ
1495 718 1570 745 Θεοῦ
1591 719 1644 745 τοῦ
1671 719 1796 753 ἔχοντος
1819 717 1900 755 [τὴν]

1106 763 1253 794 ἐξουσίαν
1271 763 1320 789 ἐπὶ
1340 763 1395 796 τὰς
1415 764 1535 797 πληγὰς
1548 764 1676 797 ταύτας·
1699 765 1748 791 καὶ
1774 766 1810 792 οὐ
1826 773 1899 800 μετ-

1106 808 1239 842 ενόησαν
1252 808 1358 835 δοῦναι
1370 808 1451 841 αὐτῷ
1465 809 1568 841 δόξαν.

1145 854 1226 884 Ἴσως
1241 854 1292 888 μὲν
1319 854 1365 880 καὶ
1385 855 1523 889 αἰσθητῶς
1536 854 1574 889 τῷ
1597 854 1644 881 τοῦ
1664 856 1755 888 ἡλίου
1770 858 1899 892 φλογμῷ

1105 896 1291 931 τοτηνικαῦτα
1315 899 1585 932 καυματισθήσονται
1611 900 1635 925 oi
1663 900 1814 935 ἄνθρωποι,
1844 901 1896 929 τοῦ

1106 942 1299 978 φιλανθρώπου
1307 943 1376 970 Θεοῦ
1386 945 1414 969 ὲν
1429 944 1511 979 κημῷ
1523 944 1570 970 καὶ
1588 945 1692 980 χαλινῷ
1704 946 1753 977 τὰς
1766 948 1897 982 σιαγόνας

1105 988 1160 1014 τῶν
1177 988 1213 1024 μὴ
1239 989 1405 1023 ἐγγιζόντων
1431 990 1500 1025 πρὸς
1512 991 1593 1017 αὑτὸν
1607 991 1748 1026 ἄγχοντοτ,
1765 992 1809 1019 ἵνα
1828 993 1897 1028 πρὸς

1106 1034 1252 1069 μετάνοιαν
1265 1035 1357 1061 ἴδωσιν
1369 1043 1376 1050 ·
1393 1036 1418 1062 εί
1444 1037 1490 1062 καὶ
1513 1035 1562 1072 [oi]
1575 1037 1613 1066 εἰς
1630 1036 1712 1071 βάθος
1734 1038 1826 1064 κακῶν
1845 1040 1897 1073 ἐμ-

1106 1080 1248 1113 πεσόντες,
1262 1081 1292 1108 οὺ
1310 1081 1378 1117 πρὸς
1390 1082 1572 1118 ἐπιστροφὴν,
1591 1082 1660 1109 ἀλλὰ
1683 1083 1752 1119 πρὸς
1769 1083 1894 1120 βλασφη-

1106 1127 1171 1161 μίαν
1188 1127 1326 1163 μοχθηριᾳ.
1342 1127 1455 1163 γνώμης
1467 1128 1701 1163 ἐξενεχθήσονται.
1719 1131 1799 1162 Ἴσως
1809 1130 1838 1157 δὲ
1850 1131 1895 1158 διὰ

1103 1172 1149 1198 τοῦ
1165 1173 1255 1206 ἡλίου
1270 1173 1316 1199 καὶ
1329 1173 1376 1200 τὸν
1390 1174 1440 1208 τῆς
1453 1173 1560 1208 ἡμέρας
1574 1174 1674 1209 δρόμον
1689 1175 1852 1202 αἰνίττεται·
1864 1176 1895 1202 ὃν

1103 1216 1213 1244 ἅπαντα
1221 1218 1260 1253 τῷ
1273 1218 1327 1245 τῶν
1339 1219 1499 1254 πειρασμῶν
1513 1219 1633 1246 καύσωνι
1648 1220 1709 1252 τοὺς
1723 1220 1816 1253 ἀξίους
1836 1230 1892 1256 μα-

1104 1263 1205 1296 στίγων
1228 1265 1296 1299 φησὶ
1313 1264 1545 1300 καυματίζεσθαι,
1570 1265 1614 1292 ἵνα
1632 1267 1664 1300 τῇ
1677 1266 1735 1292 τῶν
1763 1267 1895 1301 ἀλγεινῶν

1103 1309 1247 1344 ἐπαγωγῇ,
1266 1310 1316 1344 τὴν
1335 1310 1442 1345 μητέρα
1458 1310 1562 1337 τούτων
1576 1313 1626 1346 τὴν
1652 1311 1793 1346 ἁμαρτίαν
1810 1313 1893 1348 μισή-

1102 1363 1197 1382 σωσιν.
1223 1355 1294 1381 Ἀλλ’
1307 1357 1332 1382 οἱ
1343 1356 1470 1391 ἄφρονες,
1483 1357 1545 1384 ἀντὶ
1553 1358 1601 1392 τῆς
1620 1358 1674 1384 τῶν
1683 1358 1790 1384 οἰκείων
1815 1367 1895 1385 πται-

1102 1401 1216 1435 σμάτων
1232 1401 1468 1437 ἐπιγνωμοσύνης,
1480 1402 1551 1429 κατὰ
1560 1402 1606 1429 τοῦ
1621 1403 1689 1430 Θεοῦ
1705 1405 1755 1439 τὴν
1769 1404 1894 1438 γλῶτταν

1102 1446 1298 1481 ἀκονήσουσιν”
1315 1447 1353 1478 ὡς
1366 1448 1412 1473 καὶ
1432 1448 1479 1474 νῦν
1493 1449 1559 1484 ὁρᾷν
1572 1448 1661 1480 ἔξεστι
1686 1449 1811 1483 πολλοὺς,
1835 1451 1893 1482 τοῖς

1102 1490 1276 1517 κυκλώσασιν
1292 1491 1365 1526 ἡμᾶς
1383 1492 1416 1518 ὲκ
1442 1492 1619 1528 βαρΰαρικῶν
1637 1493 1739 1528 χειρῶν
1760 1494 1892 1530 ἀρῤήτοις

1101 1534 1198 1566 δεινοῖς
1211 1535 1406 1570 ἀσχάλλοντας,
1421 1537 1469 1572 τὴν
1481 1537 1556 1564 θείαν
1569 1538 1708 1565 αἱτιᾶσθαι
1721 1539 1891 1574 ἀγαθότητα,

1101 1580 1217 1612 ὃτι,τὰ;
1241 1581 1377 1614 τοσαύτας
1398 1582 1535 1614 κακώσεις
1560 1583 1593 1617 τῇ
1615 1581 1737 1618 ήμετέρᾷ
1749 1584 1831 1619 γενεᾴ
1843 1593 1890 1611 τε-

1101 1626 1134 1661 τή
1141 1633 1233 1661 ρηκεν.
1443 1627 1449 1632 “

258 1681 336 1704 atate
363 1676 464 1703 multos
495 1675 640 1702 ostendere
666 1674 740 1704 licet,
772 1673 819 1708 qui
851 1671 969 1700 nefanda
1005 1670 1152 1703 illamala,
1180 1678 1242 1705 quae
1266 1679 1298 1698 ex
1330 1671 1458 1699 Barbaris
1482 1672 1529 1707 qui
1561 1673 1589 1699 in
1636 1673 1752 1701 circuitu
1789 1674 1893 1710 degunt

259 1722 423 1754 iuleruntur,
440 1729 513 1756 aegro
527 1725 553 1748 et
569 1720 663 1755 iniquo
678 1720 771 1747 animo
783 1719 911 1751 ierentes,
944 1718 1063 1746 divinam
1101 1717 1251 1744 benitatem
1285 1718 1438 1753 iniquitatis
1466 1719 1627 1747 insimulare
1661 1727 1715 1747 non
1744 1725 1890 1752 verentur;

258 1769 336 1804 quasi
357 1772 396 1794 tot
422 1767 483 1795 illas
510 1771 656 1801 tantasque
685 1766 848 1793 alllictioues
864 1769 966 1792 nostra:
986 1763 1050 1791 huic
1069 1764 1237 1797 generationi
1254 1772 1394 1792 reservare
1409 1772 1464 1791 non
1483 1765 1618 1793 debuerit.

585 1821 661 1849 CAP.
689 1822 721 1848 L.

260 1880 294 1908 Ut
320 1889 366 1916 per
390 1881 511 1915 quintam
532 1877 638 1913 plagam
666 1877 756 1918 (testim
788 1884 896 1912 regnum
924 1875 1050 1902 obscura—

587 1918 643 1940 tum
661 1918 706 1939 stt.

295 1980 364 2013 XVI,
383 1980 427 2012 10,
451 1979 493 2007 Η.
514 1978 547 2005 Et
567 1979 674 2013 quintus
696 1976 805 2012 angelus
819 1976 912 2010 e/I‘udit
930 1976 1049 2010 phialam

258 2036 336 2055 suam
351 2034 429 2061 super
440 2025 527 2052 sedem
541 2024 684 2055 bestire;et
699 2023 800 2058 factum
817 2027 854 2049 est
871 2029 979 2057 regnum
991 2022 1049 2056 ejtu

260 2073 444 2105 tenebrosum;
459 2077 483 2099 et
497 2070 784 2098 commanduravcruut
803 2070 906 2104 linguas
922 2078 985 2096 suus
995 2077 1049 2104 prta

259 2122 360 2152 dolore,
375 2124 398 2146 et
415 2118 662 2153 blasphemaverunt
674 2116 758 2143 Deum
774 2115 833 2143 cazli
845 2124 902 2150 pra’
913 2115 1050 2142 doloribus

259 2168 313 2194 suis
338 2173 362 2193 et
386 2165 518 2192 ulceribus
535 2166 610 2197 suis;
626 2169 650 2191 et
673 2172 726 2191 non
745 2168 851 2198 egerunt
868 2163 1049 2197 paenitentiam

259 2214 290 2239 de
310 2211 431 2246 operibus
447 2211 514 2238 suis.

297 2297 394 2324 Phiala
410 2305 491 2332 super
504 2296 598 2324 bestia:
615 2296 706 2323 sedem
720 2294 816 2327 eﬂusa,
831 2293 964 2328 ejusmodi
980 2293 1047 2320 iram

260 2352 344 2379 super
368 2343 531 2370 Antichristi
549 2349 664 2377 regnum
682 2346 826 2369 venturam
855 2340 966 2370 iudicat.
988 2347 1050 2374 qua).

261 2391 327 2417 illud
342 2390 450 2425 penitus
461 2390 653 2421 obscuratum,
667 2388 811 2423 palamque
819 2387 947 2414 omnibus
957 2392 1050 2414 osten-

260 2444 325 2464 sura
353 2437 398 2468 sit,
427 2435 500 2463 Solis
523 2435 638 2469 iustitia:
662 2435 723 2461 luce
755 2441 868 2468 prorsus
887 2433 1047 2461 destitutum

1400 1819 1527 1848 ΚΕΦΑΛ.
1544 1819 1586 1847 N'.

1104 1877 1204 1910 Ὅπως
1229 1877 1279 1904 διὰ
1307 1878 1369 1918 cf”:
1383 1878 1523 1918 ξέμξιτης
1542 1877 1688 1918 [παζῃγῆς]
1710 1879 1729 1913 ἡ
1743 1879 1890 1912 βασιλεία

1317 1913 1371 1939 τοῦ
1388 1914 1492 1946 θηρίου
1503 1913 1678 1943 σκυτίζεται.

1136 1978 1192 2004 Καὶ
1218 1979 1235 2004 ὀ
1261 1978 1394 2012 πέμπτος
1420 1978 1548 2014 tim-8.100
1568 1978 1671 2013 ἐξέχεε
1690 1979 1749 2014 τὴν
1774 1980 1890 2015 φιάλην

1101 2023 1195 2050 αὐτοῦ
1213 2023 1261 2050 ἐπι
1282 2023 1335 2050 τοῦ
1361 2024 1470 2058 θρόνου
1486 2024 1539 2051 τοῦ
1561 2026 1682 2058 θηρίου·
1700 2026 1748 2053 καὶ
1771 2026 1890 2062 ἐγένετο

1101 2070 1120 2104 ἡ
1130 2070 1275 2101 βασιλειά
1291 2070 1385 2097 αὑτοῦ
1409 2070 1610 2106 ἐσκοτωμένη
1620 2080 1626 2087 ·
1645 2072 1694 2099 καὶ
1710 2073 1889 2108 ἐμασσῶντο

1101 2116 1154 2148 τὰς
1166 2115 1309 2149 γλώσσας
1324 2115 1424 2142 αὐτῶν
1437 2116 1471 2143 ἐκ
1497 2117 1550 2143 τοῦ
1570 2117 1682 2144 πόνου·
1705 2119 1753 2145 καὶ
1779 2119 1890 2146 ἐϐλασ-

1101 2160 1248 2194 φήμησαν
1258 2160 1312 2187 τὸν
1325 2160 1400 2187 Θεὸν
1413 2161 1467 2188 τοῦ
1490 2162 1622 2195 οὐρανοῦ
1647 2162 1682 2190 ἐκ
1707 2163 1768 2190 τῶν
1788 2165 1890 2191 πόνων

1100 2205 1200 2231 αὐτῶν
1214 2205 1264 2231 καὶ
1279 2204 1336 2240 [ἐκ]
1362 2205 1422 2232 τῶν
1442 2205 1540 2232 ἑλκῶν
1561 2206 1678 2233 αὐτῶνυ
1695 2208 1746 2235 καὶ
1770 2209 1807 2235 οὐ
1819 2217 1889 2243 μετ-

1099 2251 1234 2283 ενόησαν
1252 2251 1286 2277 ἐκ
1303 2250 1359 2277 τῶν
1371 2251 1466 2286 ἔργων
1478 2251 1588 2279 αὐτῶν.

1136 2298 1172 2323 Τὸ
1193 2297 1353 2332 ὲπιχεθῆναι
1380 2298 1430 2332 τὴν
1458 2298 1573 2332 φιάλην
1587 2299 1634 2325 ἐπὶ
1654 2299 1701 2326 τὸν
1717 2299 1764 2326 τοῦ
1792 2299 1888 2335 θηρίου

1101 2343 1207 2379 θρόνον,
1222 2343 1352 2378 σημαίνει
1375 2343 1406 2369 τὸ
1420 2343 1466 2369 ἐπὶ
1493 2342 1543 2378 τὴν
1559 2343 1698 2378 βασιλείαν
1718 2344 1766 2370 τοῦ
1798 2345 1887 2371 Ἀντι-

1100 2388 1211 2423 χρίστου
1227 2388 1276 2424 τὴν
1291 2387 1421 2422 τοιαύτην
1436 2387 1521 2423 ὀργὴν
1537 2388 1691 2423 ἐκκεῖσθαι,
1708 2389 1755 2415 καὶ
1780 2389 1888 2416 {axon-

1103 2433 1207 2468 σμένην
1221 2432 1388 2464 δείκνυσθαι,
1407 2432 1454 2458 ἅτε
1471 2433 1580 2468 ἀφεγγῆ
1595 2433 1635 2466 τῷ
1648 2434 1698 2468 τῆς
1713 2433 1888 2468 δικαιοσύνης

258 2491 329 2511 esse.
349 2483 433 2509 Porro
447 2487 538 2509 autem
559 2482 710 2517 linguarum
725 2480 963 2508 commanducalio.
980 2479 1047 2506 emi-

1106 2480 1189 2514 Ἡλιῳ
1201 2479 1398 2514 τυγχάνουσαν.
1420 2479 1451 2505 'ﬂ
1463 2479 1491 2506 δὲ
1506 2478 1566 2505 τῶν
1581 2479 1731 2513 γλωσσῶν
1751 2480 1889 2514 μάσησις·

263 2533 372 2556 rientem
391 2528 495 2556 doloris
516 2527 732 2562 magnitudinem
751 2526 871 2554 denotat.
893 2525 941 2552 llic
954 2529 1044 2552 autent

259 2575 319 2602 ideo
336 2574 462 2606 infertur,
481 2581 535 2609 quo
557 2574 592 2600 ab
611 2578 736 2608 apostata
767 2571 883 2603 seducti,
903 2571 989 2605 plagis
1007 2570 1047 2596 di-

259 2623 361 2650 vinitus
384 2622 467 2649 illatis
493 2621 625 2648 admoniti
648 2620 862 2651 confundantur.
882 2618 1047 2652 confusique

259 2669 437 2704 iuipnstorem
453 2673 481 2696 et
494 2669 669 2696 seductorem
684 2667 792 2694 tandem
808 2665 954 2701 aliquando
969 2665 1045 2692 iliutn

259 2723 321 2743 esse
334 2719 494 2750 agnoscant,
511 2723 592 2750 quem
611 2714 656 2740 Dei
675 2714 735 2740 loco
748 2712 891 2740 colueraut
906 2717 933 2738 et
951 2711 1047 2737 obser-

259 2766 358 2788 varant
372 2769 380 2794 ;
397 2769 484 2796 eaque
498 2761 605 2788 ratione
622 2760 657 2786 ab
671 2767 765 2786 errore
786 2758 928 2785 desistant.
945 2755 1045 2783 Verum

261 2805 296 2832 ita
314 2807 464 2840 comparati
480 2811 562 2833 erunt
580 2805 683 2835 miseri.
707 2809 736 2831 ut
754 2804 818 2830 hinc
832 2803 864 2829 ad
883 2802 1006 2830 convicia
1019 2807 1046 2829 et

261 2850 343 2878 verba
358 2851 386 2878 in
406 2850 489 2878 Deum
507 2851 664 2886 blasphema
689 2849 779 2884 potius
797 2855 857 2876 sese
871 2851 1044 2879 convertant,

1101 2525 1151 2560 τὴν
1169 2524 1323 2560 ὑπερὸολὴν
1341 2524 1390 2559 τῆς
1404 2523 1500 2559 ὀδύνης
1515 2524 1601 2559 δηλοῖ,
1628 2521 1644 2560 ᾗ
1666 2525 1690 2551 οἱ
1706 2524 1888 2559 πλανηθέντες

1102 2570 1147 2597 ὑπ’
1162 2571 1244 2597 αὑτοῦ
1258 2569 1521 2605 κατασχεθήσονται,
1534 2570 1587 2596 ὑπὸ
1598 2570 1653 2596 τῶν
1669 2570 1808 2604 θεηλάτων
1817 2570 1887 2604 πλη-

1100 2617 1156 2651 γῶν
1173 2615 1365 2652 μαστιξόμενοι
1379 2623 1386 2631 '
1404 2616 1478 2648 ὅπως
1494 2616 1538 2649 ἂν,
1559 2616 1670 2649 γνόντες
1691 2616 1733 2643 ὅτι
1748 2616 1888 2652 ἀπατηλὸς

1101 2663 1174 2689 ἐστιν
1189 2663 1204 2688 ὁ
1220 2661 1285 2697 παρ’
1299 2661 1389 2688 αὐτῶν
1402 2661 1440 2693 ὡς
1457 2662 1522 2693 Θεὸς
1548 2661 1740 2697 δοξαζόμενος,
1752 2662 1803 2697 τῆς
1817 2661 1888 2688 πλά-

1100 2717 1149 2743 νης
1166 2708 1336 2735 παύσωνται.
1355 2708 1387 2734 Οἱ
1405 2707 1446 2739 δὲ,
1474 2707 1535 2734 οὐδὲ
1557 2707 1684 2734 ἐντεῦθεν
1713 2707 1782 2742 πρὸς
1804 2707 1887 2742 μετὰ·

1100 2762 1184 2786 νοιαν,
1213 2752 1281 2780 ἀλλὰ
1298 2753 1367 2788 πρὸς
1392 2752 1568 2788 βλασφημίαν
1582 2752 1707 2788 [μᾶλλον]
1729 2753 1888 2788 τραπὴσο-.-

1099 2808 1154 2826 ται.
1182 2798 1225 2834 [Εἰ
1245 2799 1274 2825 δὲ
1297 2795 1370 2825 οὗτοι
1398 2799 1428 2824 ὲν
1443 2800 1476 2833 τῇ
1498 2799 1553 2824 τῶν
1587 2799 1729 2833 μαστίγων
1753 2797 1886 2832 ἐπαγωγῇ

1099 2846 1168 2880 πρὸς
1181 2844 1356 2880 βλασφημίαν
1369 2844 1581 2880 τραπήσονται,]
1598 2844 1644 2871 καὶ
1662 2845 1687 2870 oi
1705 2845 1733 2871 ὲν
1749 2844 1807 2875 τοῖς
1818 2851 1885 2869 κατ-
