2093 3159
263 157 314 189 861

840 154 1004 185 ANDREzE
1023 154 1282 186 CI’ESARIENSIS

1840 152 1892 185 3f'8

262 220 331 244 tare,
345 212 538 246 dmmonesque
553 211 686 246 malignos
699 210 817 243 vincere,
833 211 958 244 micaque
975 216 1052 238 teter-

1108 213 1282 240 ὲκτείνωσιν
1289 215 1316 241 οΙ
1325 212 1431 240 δίκαιοι
1441 213 1475 239 ἐν
1482 212 1619 247 circulum
1628 212 1730 246 χεῖρας
1738 211 1847 245 αὐτῶν,
1855 213 1892 244 ὠς

263 260 306 286 nis
321 259 399 286 bonis
415 259 508 293 potiri,
537 258 563 285 id
580 258 605 283 in
629 256 706 283 nobis
721 262 763 283 est
783 257 913 291 positum.
940 259 975 284 At
1005 258 1052 292 qui

262 307 416 331 du-mouum
442 304 591 330 insultibus
619 302 814 335 succumbunt,
836 303 897 329 illos
924 303 1003 330 dolor
1027 307 1054 330 et

264 359 367 378 mmror
381 351 476 384 ingens
491 357 544 376 non
564 352 652 383 potest
666 356 718 374 non
732 348 867 375 comitari.
883 348 981 374 Verum
997 355 1054 383 pm-

263 396 377 423 niteulia
395 400 418 422 et
439 395 527 421 thrcri
554 394 625 428 apud
654 402 702 421 eos
721 393 767 428 qui
791 394 966 428 sempiternis
988 401 1053 420 eru-

261 442 379 468 ciatibus
397 440 453 474 jam
471 439 618 473 mancipati
638 439 784 471 habentur,
803 446 915 472 prorsus
937 439 1050 466 inutiles

261 491 334 514 sinit.
352 486 418 512 Nam
435 485 505 520 apud
528 485 630 512 inferos
659 485 731 511 nulla
749 489 790 512 cst
810 485 972 519 redemptio,
1001 493 1052 513 nec

263 533 336 560 ullus
350 532 387 558 ibi
403 531 561 563 Dominum,
574 531 651 565 juxta
676 530 862 562 Psalmi‘tam,
883 531 1050 562 conﬁtetur;

261 580 362 613 quippe
387 586 450 605 cum
481 577 600 612 Spiritus
625 578 711 604 sancti
741 577 908 609 subsidium,
929 578 1003 612 quod
1024 578 1050 604 in

262 627 313 653 hac
340 625 447 651 mortali
474 625 529 650 vita
561 624 658 650 adesse
674 624 754 654 solet,
783 623 972 650 condemnatis
992 631 1051 650 am.

262 672 334 705 ptius
347 679 400 697 non
419 671 498 697 adsit.
516 669 676 696 Dividenlur
691 670 776 700 enim.
801 674 830 695 ut
848 669 886 696 ait
912 669 1049 700 Christus,

1103 257 1220 290 ἀμίκτου
1233 257 1316 292 οὔσης
1334 257 1424 285 αὐτῶν
1439 258 1488 292 τῆς
1500 257 1572 292 ζωῆς
1583 265 1590 273 ·
1605 258 1634 284 οὐ
1651 257 1731 292 μόνον
1744 258 1825 284 διὰτὸ
1837 257 1893 284 τῶν

1104 302 1168 337 βίων
1197 303 1296 337 ἀμιγὲς
1323 305 1370 330 καὶ
1397 303 1595 338 ἀκατάλληλον,
1615 304 1653 335 ὡς
1668 304 1784 335 ἕκαστος
1801 305 1892 330 ἐπολι-

1102 347 1232 373 τεύσατο·
1252 348 1319 374 ἀλλᾶ
1332 349 1379 374 καὶ
1396 348 1483 375 διὰ-τὺ
1499 348 1602 383 ἀραρὸς
1617 349 1645 374 ἐν
1662 349 1701 383 τῷ
1722 348 1817 383 ἀγαθῷ
1841 350 1889 375 καὶ

1103 393 1213 426 πάγιον,
1228 394 1297 428 μήτε
1313 395 1346 429 τῇ
1362 395 1488 429 ἐπιμιξίᾳ
1504 394 1550 420 τοῦ
1567 395 1688 429 χείρονος
1706 395 1776 429 πρὸς
1797 395 1891 430 ἀμαρ-

1103 439 1164 464 τίαν
1187 439 1383 475 ὲρεθιζομένης
1401 441 1450 475 τῆς
1473 441 1576 466 τούτων
1598 441 1797 476 προαιρέσεως,
1823 443 1892 475 μήτε

1104 482 1232 518 ἀσθενείᾳ
1252 484 1354 518 σαρκὸς
1378 485 1394 521 ἢ
1422 484 1526 519 τροπῆς
1552 485 1627 520 φόϐῳ
1645 485 1694 519 τὴν
1722 485 1893 520 εὐφροσύνην

1103 528 1282 563 ἔλαττούσης,
1298 530 1367 556 ἀλλὰ
1381 530 1491 564 βέὸαιον
1504 530 1574 557 κατὰ
1587 530 1655 556 Θεὸν
1670 530 1893 566 κληρονομούσης

1102 574 1132 600 τὺ
1141 575 1286 608 ἄτρεπτον.
1302 576 1355 601 Καὶ
1368 576 1455 602 ταῦτα
1469 576 1517 611 μὲν
1531 576 1612 610 μέχρι
1626 576 1719 602 τούτου
1735 577 1803 610 πρὸς
1811 577 1893 612 ἔτερα

1103 620 1149 646 τοῦ
1163 620 1245 654 λόγου
1261 622 1417 656 τρέχοντος,
1434 621 1506 657 ἅπερ
1532 622 1721 657 καθυπέσχετο
1733 631 1739 637 ·
1766 623 1848 657 ἡμεῖς
1864 622 1892 648 δὲ

1101 669 1157 695 τῶν
1174 670 1238 704 ὲξῆς
1248 670 1387 704 ἐχώμεθα.

262 728 276 746 :I
295 719 404 746 vivifico
422 719 468 745 illo
495 718 609 752 Spiritu,
627 725 707 752 quem
726 717 776 752 ipsi
801 718 900 752 injuria
931 722 956 744 ct
978 717 1144 744 contumelia
1178 717 1338 751 affecerant,
1370 725 1501 753 perpeluo
1532 719 1630 746 avulsi.
1657 719 1744 753 Atque
1772 719 1805 746 ad
1823 719 1894 745 hunc

263 773 371 792 sensum
387 764 628 798 Psalmographum
652 768 789 798 spectasse
810 764 986 794 arbitramur,
1011 771 1073 789 cum
1094 763 1149 790 ait:
1169 764 1301 796 Quoniam
1329 772 1380 790 non
1394 764 1523 799 relinquat
1549 765 1676 791 Dominus
1704 765 1806 800 virgam
1832 772 1893 798 pec-

263 814 381 836 catorum
393 817 473 844 super
491 813 587 836 sortem
595 809 742 842 justorum,
759 817 790 835 ne
802 809 943 835 extendant
957 807 1024 842 justi
1045 807 1079 834 ad
1103 809 1270 843 iniquitatem
1296 817 1391 836 manus
1410 818 1481 836 suns.
1511 809 1603 844 Neque
1626 811 1699 837 enim
1719 810 1815 836 horum
1831 817 1893 836 cum

263 857 371 883 illorum
393 855 446 881 vita
462 855 570 882 misceri
593 858 700 888 potest;
722 862 775 880 non
809 854 896 880 solum
926 855 991 888 quia
1006 855 1135 889 operibus
1151 855 1222 882 inter
1253 863 1283 882 se
1317 863 1371 882 non
1404 857 1618 888 communicant,
1647 865 1734 891 neque
1761 856 1894 888 moribus,

261 905 362 938 quibus
379 902 495 937 quisque
516 902 610 932 utitur.
629 901 822 932 consentiunt;
843 908 937 927 verum
963 900 1045 927 etiam
1066 901 1130 936 quia
1145 902 1211 936 justi
1227 903 1360 929 concinne
1395 902 1615 937 inconcusseque
1646 904 1717 930 bono
1733 903 1894 935 adltazrent,

262 951 470 985 m-queillornm
498 949 625 976 voluntas
666 947 788 982 cujusvis
818 948 882 975 muli
909 948 1073 975 admistione
1093 949 1126 975 ad
1161 954 1304 983 peccatum
1330 949 1474 982 irritatur;
1504 958 1591 985 neque
1617 951 1710 978 carnis
1736 951 1895 978 iutirmitatc

260 998 413 1033 frangitur,
435 1003 524 1031 neque
559 994 720 1022 mutationis
749 993 896 1021 formidine
925 994 1046 1021 laetitiam
1085 994 1256 1023 diminneutc
1286 996 1423 1026 turbatur.
1441 997 1487 1024 sed
1518 997 1714 1024 immutabilem
1735 996 1762 1023 in
1779 997 1833 1023 Deo
1851 997 1896 1023 tir-

260 1048 383 1073 mitatem
413 1045 536 1072 sortitur.
563 1043 596 1070 Et
621 1043 679 1070 haec
703 1042 848 1074 hactenus.
869 1043 993 1070 oratione
1010 1042 1043 1070 ad
1064 1043 1116 1071 alia
1138 1043 1242 1078 dilapsa
1265 1053 1271 1070 :
1294 1052 1368 1071 nunc
1389 1044 1492 1079 reliqua
1517 1044 1613 1071 ordine
1633 1051 1840 1079 persequamur.

540 1112 594 1146 72
607 1110 721 1138 CAPUT
749 1111 790 1138 LI.
1069 1104 1090 1132 Β

264 1171 296 1199 Ut
311 1179 356 1206 per
369 1174 474 1206 sextam
488 1168 664 1206 phinlum‘uia
676 1167 821 1206 Euphratis
837 1168 970 1202 pandatur
985 1169 1053 1202 regi-

466 1204 513 1230 bus
525 1206 557 1230 ab
577 1203 677 1230 oriente
694 1202 867 1229 venientibus.

296 1303 368 1335 XVI,
389 1304 430 1330 l2.
453 1302 485 1329 Et
500 1307 592 1329 sextus
607 1302 717 1336 angelus
731 1301 826 1335 effudit
844 1300 961 1334 phialam
979 1309 1055 1327 suam

262 1351 290 1376 iu
307 1350 405 1385 ﬂumen
430 1348 497 1375 illud
524 1355 650 1382 magnum
668 1346 852 1380 Euphratem;
866 1352 888 1372 et
905 1347 1004 1373 siccata
1016 1350 1055 1374 cat

262 1405 331 1431 aqua
358 1396 426 1431 ejus,
458 1401 486 1421 ut
516 1400 715 1429 pra'pararetur
738 1394 780 1420 via
803 1393 907 1428 regibus
933 1393 966 1419 ab
994 1398 1054 1420 ortu

261 1443 339 1470 soIis.

299 1488 412 1516 Flumen
430 1487 584 1522 Euphrates
597 1485 691 1513 divino
713 1490 781 1512 nutu
804 1484 840 1511 ita
861 1483 990 1511 fortassis
1005 1491 1054 1510 va-

262 1536 360 1562 dosum
376 1541 523 1561 evasurum
538 1537 590 1565 est,
608 1537 638 1559 ut
653 1532 776 1567 gentium
802 1531 914 1566 regibus
937 1531 970 1557 ad
991 1538 1054 1556 mu-

263 1587 338 1608 tuam
363 1581 482 1613 czntlcm,
519 1580 695 1614 aliorumque
726 1578 868 1605 hominum
901 1577 1053 1608 interitum,

263 1626 437 1654 commodum
455 1626 598 1652 transitum
616 1625 745 1658 pra-beat.
761 1623 900 1656 Quantum
914 1627 1005 1649 autem
1020 1629 1053 1648 ex

264 1674 299 1700 iis
314 1681 375 1708 qua:
390 1672 460 1699 infra
471 1680 503 1699 ea
519 1672 552 1699 de
567 1679 597 1698 re
611 1671 638 1698 iu
654 1669 817 1705 Apocalypsi
832 1669 990 1699 traduntur.
1012 1668 1055 1695 di-

264 1718 384 1745 vinando
398 1717 529 1751 consequi
553 1723 713 1750 possumus,
739 1715 908 1742 arbitramur
930 1714 1054 1741 homines

1390 1115 1515 1142 ΚΕΦΑΛ.
1546 1114 1611 1141 NA’.

1107 1171 1207 1204 ’Ὅπως
1220 1171 1268 1198 διὰ
1282 1172 1337 1205 τῆς
1362 1172 1454 1205 ἕκτης
1479 1171 1613 1207 [φιάλης]
1631 1172 1650 1206 ἡ
1663 1171 1733 1207 ὁδὸς
1753 1170 1824 1207 [διὰ]
1840 1171 1894 1198 τοῦ

1139 1207 1297 1242 Εὐφράτου
1315 1207 1376 1239 τοῖς
1395 1207 1454 1234 ἀπὸ
1488 1207 1645 1234 ἀνατολῶν
1667 1206 1781 1242 [ἡλίου]
1801 1206 1894 1239 ,βασι-

1140 1241 1251 1268 λεῦσιν
1262 1242 1422 1276 ἀνοίγεται.

1142 1307 1196 1334 Καὶ
1211 1307 1297 1339 ἕκτος
1313 1307 1440 1342 ἅγγελος
1466 1308 1567 1342 ἐξέχεε
1592 1308 1650 1342 τὴν
1671 1307 1787 1342 φιάλην
1799 1307 1895 1335 αὑτοῦ

1105 1353 1155 1380 ἐπὶ
1171 1353 1224 1380 τὸν
1236 1353 1372 1387 ποταμὸν
1387 1354 1440 1380 τὸν
1456 1354 1552 1388 μάταν
1574 1355 1629 1381 τὸν
1647 1354 1809 1388 Εὐφράτην
1819 1362 1827 1370 ο
1845 1354 1894 1381 καὶ

1105 1398 1256 1433 ἐξηράνθη
1280 1398 1313 1425 τὸ
1334 1399 1411 1432 ὕδωρ
1425 1399 1529 1431 αὑτοῦ,
1545 1400 1594 1426 ἵνα
1616 1399 1778 1434 ἑτοιμασθῇ
1792 1400 1811 1433 ἠ
1825 1399 1894 1432 ὀδό(

1105 1444 1166 1471 ἰὠν
1176 1444 1332 1476 ,βασιλέων
1347 1444 1406 1470 τῶν
1418 1445 1477 1471 ἀπὸ
1488 1445 1640 1478 ἀνατολῆς
1653 1445 1753 1478 ὴλίσυ.

1142 1489 1222 1521 Εἰκὸς
1235 1490 1280 1516 τὸν
1302 1490 1450 1525 Εὐφράτην
1472 1491 1595 1524 ποταμὸν
1615 1491 1686 1518 κατὰ
1702 1491 1778 1517 θείαν
1790 1491 1895 1525 συγχώ-

1107 1543 1186 1569 ρησιν
1209 1534 1395 1570 ὀλιγούμενον,
1421 1537 1476 1567 τοῖς
1497 1535 1639 1570 βασιλεῦσι
1655 1536 1710 1562 τῶν
1728 1537 1812 1563 ἐθνῶν
1827 1537 1896 1563 διδό-

1106 1589 1149 1605 ναι
1170 1579 1287 1615 πάροδον
1305 1580 1345 1612 είς
1363 1580 1414 1615 τὴν
1429 1580 1490 1607 κατ’
1519 1581 1644 1616 ἀλλήλων
1660 1582 1706 1608 καὶ
1723 1582 1827 1608 λοιπῶν
1848 1584 1895 1609 ἀν·-

1106 1625 1224 1660 Ορώπων
1240 1625 1426 1661 ὲξολόθρευσιν
1439 1634 1446 1642 ·
1464 1626 1512 1657 οὒς
1527 1627 1560 1653 ὲκ
1572 1627 1627 1654 τῶν
1642 1627 1785 1654 Σκυθικῶν
1802 1628 1897 1663 μερῶν

1106 1671 1138 1697 ἐκ
1154 1672 1203 1706 τῆς
1217 1671 1264 1698 τοῦ
1276 1672 1344 1705 Γὼγ
1355 1672 1402 1698 καὶ
1417 1671 1526 1706 Μαγὼγ
1539 1673 1650 1707 μνήμης
1670 1673 1805 1700 κινεῖσθαι
1817 1674 1895 1709 νομί-

1107 1717 1201 1751 ζομεν,
1217 1717 1288 1743 κατὰ
1303 1717 1332 1743 τὸ
1351 1718 1380 1743 ὲν
1398 1719 1454 1749 τοῖς
1469 1718 1585 1744 κατόπιν
1609 1719 1639 1745 ὲν
1655 1720 1687 1753 τῇ
1712 1719 1896 1754 Ἀποκαλὺψει

265 1763 326 1790 illos
341 1763 396 1797 Gog
410 1767 437 1789 et
451 1762 548 1797 Magog
565 1761 724 1788 nominibus
741 1761 912 1794 designatos,
928 1767 960 1786 ex
987 1758 1054 1794 Scy-

1108 1761 1268 1796 φερόμενον.
1295 1761 1374 1793 Είκὸς
1391 1762 1420 1788 δὲ
1444 1762 1491 1789 καὶ
1517 1763 1564 1789 τὸν
1587 1763 1771 1798 Ἀντίχριστον
1785 1764 1817 1790 ὲκ
1839 1764 1895 1790 τῶν

266 1811 375 1836 tharum
407 1808 517 1841 regione
533 1811 665 1833 moturos.
682 1806 753 1838 Quill
776 1813 840 1832 vero
862 1812 972 1839 quoque
990 1812 1056 1831 con~

265 1859 426 1881 scntancum
456 1852 624 1879 arbitramur
650 1851 848 1878 Antichristqu
872 1859 904 1877 cx
929 1850 1056 1877 orientali

265 1899 385 1932 Perside,
413 1898 446 1924 ad
467 1905 550 1931 quam
575 1897 662 1924 tribus
685 1896 752 1928 Dan,
780 1904 795 1924 e
811 1904 864 1931 qua
893 1901 984 1923 ortum
1012 1896 1056 1922 ille

264 1946 400 1972 ducturus
412 1945 523 1976 dicitur,
545 1943 668 1978 ablegala
682 1947 734 1972 est.
750 1951 804 1970 una
815 1951 877 1970 cum
894 1943 956 1970 aliis
983 1942 1055 1977 regi-

266 1992 318 2018 bus
328 1996 352 2017 ct
369 1989 540 2025 principibus
565 1989 669 2023 regium
686 1995 786 2014 nomen
801 1987 916 2021 adt-ptis,
932 1986 1058 2021 Euphra-

266 2042 320 2064 tem
343 2035 572 2064 transmissurum
597 2034 750 2068 artiumque
783 2033 823 2060 vel
841 2034 965 2066 corporis
984 2040 1057 2059 mor-

267 2087 321 2109 tem
340 2081 498 2108 liominibus
511 2080 652 2106 illaturum
677 2086 683 2105 :
712 2079 782 2105 hanc
806 2078 929 2113 quidem,
947 2081 1057 2112 propter

266 2128 328 2156 lidei
353 2127 537 2155 constantiam
562 2125 701 2160 animique
728 2124 938 2157 fortitudinem;
981 2125 1055 2152 illam

266 2181 342 2205 vero,
362 2177 473 2207 propter
488 2172 622 2207 ignaviam
637 2171 776 2204 animique
788 2171 941 2198 mollitiem.

301 2217 374 2250 XVI,
391 2217 434 2244 1'5.
452 2216 485 2243 Et
499 2216 551 2242 vidi
565 2224 597 2242 ea:
610 2224 655 2243 ore
668 2215 804 2248 draconis,
822 2221 846 2242 et
860 2223 893 2242 ea:
911 2223 955 2241 ore
968 2215 1058 2242 bestia:

267 2268 332 2290 etez
341 2270 385 2288 ore
393 2261 636 2295 pseudoprophetm,
651 2262 723 2287 exire
748 2266 800 2287 tres
814 2261 924 2295 apiritus
942 2260 1057 2287 immun-

267 2309 316 2335 dos
329 2307 355 2334 in
371 2307 476 2333 modum
494 2313 631 2332 ranarum.

305 2397 337 2424 Et
349 2396 413 2423 hinc
437 2403 547 2430 quoque
582 2394 740 2422 ostenditur
765 2394 904 2421 diabolum
927 2398 1056 2428 tanquam

1110 1807 1278 1834 ἀνατολικῶν
1292 1807 1384 1842 μερῶν
1398 1808 1449 1842 τῆς
1475 1809 1613 1844 Περσικῆς
1631 1809 1692 1843 γῆς,
1709 1809 1774 1836 ἔνθα
1795 1810 1811 1844 ἡ
1825 1809 1897 1845 φυλὴ

1109 1852 1158 1878 τοῦ
1174 1852 1238 1884 Δάν,
1253 1853 1285 1878 ὲκ
1300 1852 1378 1887 ῥίζης
1407 1852 1540 1887 Ἐϐραίων
1562 1852 1751 1888 ὲξερχόμενον,
1767 1854 1825 1889 ἅμα
1840 1855 1899 1882 ἑτέ-

1112 1905 1169 1931 ροις
1186 1897 1341 1931 βασιλεῦσιν
1355 1897 1372 1932 ἢ
1387 1899 1534 1932 μεγιστᾶσι
1551 1898 1690 1933 βασιλικὸν
1699 1899 1898 1935 κληρουμένοις

1110 1943 1206 1978 ὂνομα,
1227 1943 1273 1969 τὸν
1295 1943 1443 1978 Εὐφράτην
1463 1944 1653 1979 περαιοῦσθαι,
1675 1946 1692 1981 ἢ
1707 1945 1864 1980 σωματικὸν
1879 1946 1896 1981 ἢ

1110 1988 1226 2023 ψυχικὴν
1256 1988 1370 2015 θάνατον
1394 1990 1450 2021 τοῖς
1477 1989 1632 2024 ἀνθρώποις
1658 1991 1812 2023 ἑπάξοντα·
1841 1993 1898 2023 τοῖς

1112 2033 1162 2067 μὲν
1184 2033 1228 2060 διὰ
1252 2034 1370 2065 πίστεως
1396 2035 1443 2061 καὶ
1461 2035 1621 2070 καρτερίας.
1644 2037 1699 2067 τοῖς
1714 2036 1743 2062 δὲ
1763 2036 1797 2063 δι’
1818 2038 1898 2064 ἀναν-

1109 2079 1186 2115 δρίας
1200 2082 1246 2108 καὶ
1260 2082 1406 2113 ἑκλὺσεως.

1145 2206 1199 2234 Kal
1212 2205 1295 2234 εἶδον
1309 2207 1342 2234 ὲκ
1360 2207 1413 2234 tot")
1428 2209 1578 2242 στόματος
1589 2208 1642 2235 τοῦ
1654 2207 1831 2242 δράκοντος,
1847 2208 1898 2235 καὶ

1110 2253 1144 2279 ἐκ
1155 2252 1208 2279 τοῦ
1223 2254 1373 2287 στόματος
1382 2253 1435 2280 τοῦ
1446 2254 1562 2288 θηρίου,
1576 2254 1626 2280 καί
1638 2254 1672 2280 ἐκ
1685 2253 1739 2280 τοῦ
1750 2254 1900 2288 στόματος

1111 2299 1164 2325 τοῦ
1189 2299 1442 2333 ψευδοπροφήτου
1464 2300 1619 2334 πνεύματα
1645 2301 1711 2333 τρία
1735 2299 1900 2334 ἀκάθαρτα,

1111 2345 1182 2372 ὡσεὶ
1197 2345 1344 2379 βάτραχοι
1359 2345 1612 2381 [ὲκπορευθέντα].

1153 2390 1202 2416 ‘Ex
1215 2390 1242 2416 δὲ
1269 2390 1317 2416 τοῦ
1343 2391 1407 2417 ίδεῐν
1424 2392 1457 2418 ὲκ
1480 2391 1534 2417 τῶν
1556 2391 1640 2426 τριῶν
1666 2391 1811 2426 πνεύματα
1836 2392 1901 2426 τρία

267 2443 430 2473 draconem.
458 2448 485 2469 et
513 2441 715 2468 Anticltristum
743 2446 872 2475 tanquam
887 2440 1013 2472 bestiam,
1032 2444 1055 2466 et

1113 2435 1265 2470 ἀκάθαρτα,
1282 2436 1420 2463 δείκνυται
1437 2437 1466 2463 ἐν
1483 2437 1540 2472 ίδίῳ
1564 2436 1713 2472 προσώπῳ,
1737 2437 1783 2463 τόν
1797 2445 1827 2463 τε
1842 2437 1899 2463 διά-

269 2488 539 2525 pseudopropbetam
555 2491 685 2521 tanquam
700 2486 784 2513 alium
800 2486 958 2521 quempiam
970 2485 1005 2512 ab
1030 2485 1058 2511 ila

269 2537 303 2564 lis
330 2536 480 2566 diversum,
510 2542 557 2568 per
579 2542 609 2561 se
638 2540 763 2560 seorsum
794 2532 1014 2559 commemorari.
1039 2533 1060 2559 E

267 2582 371 2617 quibus
382 2581 470 2608 tribus
490 2585 545 2606 tres
567 2579 701 2606 imtnuudi
722 2578 838 2613 spiritus
867 2578 941 2604 ranis
957 2577 1061 2605 similes

269 2628 392 2655 exibant.
409 2626 606 2653 Assimilantur
621 2628 714 2651 autem
745 2623 831 2654 ranis.
848 2628 961 2658 propter
984 2624 1060 2650 viru-

271 2676 385 2704 leulum.
397 2673 570 2702 obscmnum.
579 2675 605 2698 et
616 2670 786 2697 immundum
798 2670 906 2697 illorum
923 2669 1061 2701 affectum,

269 2727 377 2746 necnon
406 2718 441 2745 ob
456 2717 645 2751 serpentinum
675 2715 856 2748 malignarum
872 2715 1002 2741 virtutum
1028 2715 1061 2741 ad

265 2771 398 2790 caenosas
411 2762 566 2796 voluptates
589 2760 722 2787 studium.
741 2759 773 2786 ili
804 2768 886 2794 porro
905 2759 1020 2791 diaboli,
1035 2764 1063 2786 et

270 2807 484 2842 pscudocbristi,
518 2812 544 2833 ct
572 2806 816 2840 pseudoprophetaa
841 2805 975 2839 spiritus,
1004 2804 1061 2831 sola

272 2853 404 2889 iussione,
422 2861 483 2888 quae
497 2860 545 2888 per
558 2860 585 2879 os
597 2852 779 2887 signiﬁcatur,
794 2850 886 2878 fucata
907 2851 986 2886 signa
1008 2849 1059 2877 fal-

1113 2482 1191 2508 6ολον
1205 2483 1240 2514 ὡς
1256 2482 1401 2517 δράκοντα,
1417 2483 1463 2509 τόν
1484 2491 1513 2509 τε
1546 2482 1730 2517 ’Δντίχριστον
1741 2482 1779 2514 ὡς
1795 2482 1900 2517 θηρίον,

1112 2527 1157 2553 τόν
1184 2535 1214 2553 τε
1244 2527 1473 2563 ψευδοπροφήτην
1504 2527 1541 2559 ὡς
1568 2527 1662 2562 ἕτερον
1685 2527 1763 2562 παρὰ
1789 2527 1901 2558 τούτους

1115 2571 1343 2607 μνημονεύεσθαι.
1379 2572 1423 2606 Ἐξ
1447 2570 1484 2599 ὧν
1512 2581 1595 2608 φησιν
1622 2572 1730 2599 ἐοικότι
1755 2571 1902 2607 βατράχοις

1114 2616 1201 2653 [τρία]
1219 2617 1417 2652 ἐκπορεύεσθαι
1435 2617 1579 2652 πνεύματα
1591 2626 1599 2634 ⁸
1616 2618 1659 2644 διὰ
1674 2618 1705 2644 τὸ
1719 2617 1795 2649 ἰῶδες
1810 2617 1902 2644 αὐτῶν

1114 2663 1161 2689 καὶ
1186 2663 1354 2698 βορϐορῶδες
1372 2664 1419 2691 καὶ
1438 2663 1603 2699 ἀκάθαρτον,
1633 2663 1766 2698 καὶπρὸς
1789 2663 1840 2694 τὰς
1859 2663 1901 2689 δι-

1113 2711 1214 2745 ύγρους
1227 2710 1323 2746 ἡδονὰς
1340 2710 1506 2744 ἑρπυστικδν
1525 2710 1580 2737 τῶν
1598 2710 1725 2745 πονηρῶν
1739 2710 1899 2745 δυνάμεων·

1112 2756 1140 2782 αἳ
1157 2757 1212 2786 τοῖς
1235 2754 1283 2782 τοῦ
1303 2755 1427 2782 διασόλου
1451 2756 1497 2781 καὶ
1516 2755 1564 2782 τοῦ
1585 2755 1773 2790 ’Λντιχρίστου
1788 2755 1836 2781 ml.
1853 2753 1901 2780 τοῦ

1111 2802 1335 2837 ψευδοπροφήτου
1350 2801 1546 2836 προστάγμασι
1560 2802 1616 2832 τοῖς
1632 2801 1843 2836 σημαινομένοις
1857 2799 1902 2826 διὰ

1111 2847 1158 2874 τοῦ
1176 2847 1319 2882 στόματος,
1337 2846 1465 2882 ἀπατηλὰ
1485 2848 1587 2882 σημεῖα
1603 2847 1651 2873 καὶ
1661 2847 1764 2882 τέρατα
1779 2847 1834 2876 τοῖς
1848 2846 1897 2871 ἁν-
