2093 3159
233 153 284 185 391

831 150 994 180 ANDRE/E
1010 147 1268 179 C/ESA'RIENSIS

1811 143 1865 175 392

234 211 309 238 modi
321 218 412 237 rerum
424 211 529 245 ctutptio
540 211 575 237 sit
592 210 717 236 usitatior
730 218 737 241 ;
751 215 778 235 et
793 209 893 243 quibus
912 216 941 234 ru
948 215 1021 234 rsum

1081 215 1137 237 ποις
1154 207 1170 241 ἡ
1186 206 1241 232 τῶν
1269 204 1408 240 περισσῶν
1431 203 1528 239 κτῆσις
1557 201 1790 237 περισπούδαστος
1819 199 1864 226 διὰ

235 257 392 284 heminibus
408 257 502 283 istlnec
528 263 796 290 supervacaneorum
823 254 973 289 possessio,
988 253 1023 279 ob

236 303 446 329 immoderatum
459 300 461 302 ⁷
474 301 623 336 voluptatis
650 301 781 334 studium,
795 300 830 327 sit
849 299 1023 326 familiarior.

1078 252 1183 287 τρυφὴν
1197 251 1328 286 ἄμετρον.

274 361 429 396 [Probabile
450 362 478 387 ﬁt
500 368 566 388 sane
600 361 674 387 hunc
690 360 777 387 locum
803 366 858 386 non
885 364 965 393 agere
988 356 1022 383 de
1053 355 1140 390 prisca
1181 353 1329 389 Babylone,
1359 352 1402 379 vel
1427 352 1461 379 de
1484 351 1569 378 veteri
1596 353 1643 377 aut
1671 356 1742 377 nova
1765 349 1864 380 Roma,

237 410 328 435 auttle
343 416 437 442 quaws
461 408 513 434 alia
533 407 663 442 peculiari
687 407 811 438 civitate;
839 406 886 433 sed
901 405 936 432 tle
966 405 1034 431 orbe
1069 403 1209 434 universo,
1235 401 1414 435 ejusdemque
1431 398 1585 434 inquilinis,
1619 398 1666 433 qui
1690 397 1766 424 varia
1788 397 1817 424 in
1832 403 1867 424 eo

238 456 343 489 negotia
371 459 489 481 tractant
501 474 508 486 ,
537 454 778 488 Intndinarumque
815 451 911 479 nmndi
943 450 1026 484 hujus
1045 450 1125 477 linem
1138 456 1200 476 cum
1215 448 1289 475 luctu
1303 450 1330 474 et
1344 445 1406 473 ﬂetu
1423 443 1593 481 excipient.]

274 513 308 539 Et
325 520 462 547 equorum,
478 517 501 538 et
517 511 672 543 rhedarum,
689 516 713 537 et
734 510 938 544 mancipiorum.

275 557 306 584 Et
325 559 422 584 borum
448 557 541 583 itidem
563 565 630 585 usus
658 556 768 591 (inquit)
785 556 838 582 erit
863 561 1028 588 supervaca-

239 611 319 630 uens.
347 603 399 630 l‘er
425 603 519 629 rhedas
550 607 639 628 autent
671 601 860 637 signiﬁcantur
877 600 1028 632 vehicula;

1109 506 1164 533 Kal
1180 507 1281 533 ἵππων
1297 505 1344 531 καὶ
1355 504 1453 538 ῥέδων
1465 503 1514 530 καὶ
1533 501 1689 536 σωμάτων.

1110 553 1165 580 Kal
1183 553 1282 579 ἵππων
1293 551 1342 578 καὶ
1353 549 1451 584 ρέδων
1474 549 1522 575 καὶ
1543 547 1697 582 σωμάτων,
1725 547 1820 582 φησιν,
1847 547 1865 582 ἡ

1076 600 1175 635 χρῆσις
1190 599 1308 633 περισσή
1324 606 1332 612 ·
1348 597 1393 623 διὰ
1410 596 1439 622 δὲ
1454 595 1501 623 τοῦ
1522 594 1620 629 ,ὀέδων
1641 593 1675 620 τὰ
1689 593 1815 628 ὀχήματα
1827 593 1867 619 ει-

239 649 320 676 rhedn
348 649 420 675 enim
462 649 532 675 idem
561 653 641 675 sonat
668 647 800 675 Romanis
831 646 903 681 quod
930 645 1030 673 Grzccis

1081 646 1128 677 κδς
1143 643 1325 679 σημαίνεσθαι
1340 652 1347 659 ⁸
1367 642 1478 678 ρεδιοὺμ.
1486 641 1540 676 γὰρ
1556 640 1706 675 Ῥωμαϊστὶ
1717 639 1747 665 τδ
1771 639 1869 673 ὄχημα

240 694 343 728 ὄχημα,
363 694 414 720 hoc
438 698 489 726 est,
517 693 635 720 essedum
658 697 704 719 aut
726 691 883 719 vehiculum.
905 691 927 717 A
943 690 1026 717 rlteda

240 739 363 765 nascitur
378 739 513 771 genitivus
543 738 655 772 pluralis
671 737 809 772 ῥεδάρουμ
835 736 988 767 r/tedarum,
1003 739 1030 761 et

240 791 290 818 per
303 791 440 817 syneOpen
459 782 559 818 ῥεδῶμ.

274 828 369 861 XVIII,
390 829 431 860 Η,
459 829 498 854 15.
518 828 551 854 Et
569 828 720 854 animarum
735 826 882 853 hominum.
901 825 935 851 Et
949 833 1027 859 poma

241 874 365 900 desiderii
376 874 472 900 animle
487 878 538 900 tum
548 873 723 899 discesserunt
734 881 750 898 α
762 877 803 902 te;
819 871 907 898 omnia
920 871 1029 905 pinguia

240 925 264 946 et
279 919 409 953 pra'clara
434 919 569 952 perierunt
585 927 600 944 α
618 923 657 949 te;
673 923 698 944 et
713 917 828 951 amplius
844 916 891 943 illa
902 916 960 951 jam
982 924 1028 943 ne-

241 971 374 998 quaquam
388 964 513 990 iitt‘Cttit’K.

277 1009 306 1035 In
325 1014 478 1043 pesterum,
489 1008 538 1039 ait,
555 1007 711 1034 mortalium
723 1008 830 1033 animas
844 1014 898 1034 non
913 1007 1030 1041 amplius

240 1061 326 1085 entes,
344 1060 432 1088 neque
449 1053 549 1080 liberos
562 1053 686 1078 homines
696 1052 722 1078 in
737 1052 895 1078 servitutem
908 1052 1029 1086 redigas;

241 1106 330 1132 neque
357 1099 383 1125 in
405 1098 553 1133 pinguibus
575 1098 629 1124 illis
653 1102 681 1124 et
706 1097 869 1132 splendidis,
886 1097 913 1124 in
931 1097 1031 1131 quibus

241 1145 305 1171 olim
322 1144 500 1176 voiutabal‘is,
518 1145 631 1178 posthac
645 1143 868 1177 rolutabere,aut
881 1142 1030 1177 quidquam

241 1198 275 1218 ex
289 1190 322 1217 iis
337 1190 370 1216 ad
386 1198 465 1216 usum
481 1190 606 1216 habebis.

277 1234 372 1265 XVIII,
391 1234 484 1262 15-17.
506 1234 669 1261 Mercatore;
686 1234 789 1266 horum,
806 1233 851 1268 qui
863 1232 956 1259 divites
967 1233 1031 1267 (acti

242 1286 314 1312 sunt,
326 1280 357 1306 ab
375 1288 404 1306 ea
420 1281 495 1314 longe
510 1281 631 1310 stabunt,
652 1283 759 1314 propter
776 1279 897 1305 timorem
916 1283 1030 1304 tormen-

243 1331 327 1352 torum
339 1326 406 1360 ejus.
420 1326 522 1360 ﬂentes,
539 1330 563 1352 et
578 1326 705 1360 lugentes,
719 1330 744 1352 et
758 1325 894 1351 dicentes:
912 1324 969 1357 νω,
982 1332 1031 1357 vce,

243 1372 335 1399 civitas
354 1372 402 1398 illa
427 1380 535 1406 magna,
554 1380 612 1407 quia
628 1371 727 1398 amicta
746 1375 804 1397 erat
822 1369 911 1405 bysso,
926 1374 950 1396 et
967 1376 1031 1403 pur-

242 1426 320 1452 pura.
332 1423 357 1444 et
368 1425 444 1444 cocco
455 1425 464 1449 ;
475 1418 605 1444 deaurata
615 1421 671 1443 erat
685 1424 763 1448 auro,
772 1420 797 1442 et
810 1415 896 1449 lapide
906 1416 1030 1449 pretioso,

242 1468 268 1490 et
293 1463 609 1498 margaritis:quaniam
633 1471 689 1489 una
718 1462 784 1489 hora
811 1461 945 1489 destitutw
970 1465 1031 1487 sunt

244 1513 326 1536 ιαηιω
344 1509 456 1536 divilia’.

279 1606 320 1634 0b
335 1606 432 1632 oculos
451 1605 526 1640 ponit
551 1604 684 1640 insignem
710 1604 856 1640 Babylonis
881 1604 962 1639 hujus
974 1604 1031 1632 cla-

244 1651 305 1678 dem
321 1655 348 1678 et
365 1650 539 1677 alllietionem
553 1658 560 1682 ;
586 1657 635 1684 per
660 1650 750 1676 luctus
770 1655 797 1676 et
812 1649 1031 1681 lamentationes,

244 1696 421 1728 calamitatis,
448 1702 530 1729 quam
554 1702 719 1729 perpessura
750 1694 793 1720 illa
824 1702 885 1728 qua:
910 1699 973 1722 ante
999 1694 1033 1721 ob

245 1741 349 1775 regiam
365 1740 524 1774 dignitatem
542 1743 569 1766 et
587 1739 769 1772 majestatetn,
786 1739 856 1766 elato
874 1739 944 1766 collo
957 1739 1033 1766 incc-

246 1786 337 1818 dcbat,
355 1785 574 1818 magnitudinem
593 1785 718 1820 apposite
734 1785 888 1812 delineans.

281 1830 377 1863 XVIII,
396 1830 491 1856 I7-I9.
510 1828 544 1856 Et
560 1830 644 1856 onmis
664 1829 836 1862 gubernator,
852 1835 875 1856 et
889 1837 977 1857 omnes
990 1831 1035 1865 qui

247 1878 275 1904 in
303 1876 390 1902 lacum
407 1875 541 1910 navigant,
567 1880 591 1901 et
608 1879 707 1908 nautte,
732 1879 757 1902 et
770 1875 815 1910 qui
830 1875 857 1901 in
881 1876 951 1902 mari
978 1884 1035 1910 ope-

247 1927 360 1954 rantur,
384 1921 460 1955 longe
485 1925 636 1952 steterunt,
652 1925 676 1947 et
695 1920 895 1953 clamaverunt,
920 1920 1035 1948 videntes

248 1968 351 2002 fumum
369 1967 484 1993 incendii
499 1966 570 2000 ejus,
585 1967 702 1993 dicentes
716 1974 724 1993 :
744 1966 809 1999 Qua:
825 1967 919 1993 similis
935 1967 1036 1993 civitati

247 2013 307 2039 huic
322 2013 445 2046 magna?
458 2012 490 2038 Et
506 2013 632 2039 miserunt
645 2012 776 2046 pulverem
784 2021 863 2047 super
875 2014 964 2047 tapita
975 2021 1035 2043 sua.

246 2062 271 2085 et
282 2059 460 2085 clanmverunt
473 2059 574 2092 flentes,
589 2064 612 2085 et
630 2059 757 2094 lugentes,
772 2059 907 2086 dicentes:
921 2059 976 2091 ναξ,
989 2069 1036 2092 rte,

248 2104 343 2130 civitas
360 2103 408 2130 illa
425 2112 532 2138 magna,
549 2105 578 2130 in
592 2112 645 2138 qua
662 2104 756 2131 divites
779 2105 845 2139 facti
863 2110 922 2132 sunt
949 2114 1036 2132 omnes

248 2151 293 2184 qui
306 2149 434 2176 habebant
445 2158 522 2176 naves
536 2151 562 2176 in
575 2150 654 2182 mari,
667 2150 699 2177 de
712 2151 803 2184 pretiis
818 2151 895 2182 eius;
910 2152 1034 2186 quoniam

248 2203 303 2222 una
319 2196 385 2222 hora
397 2195 518 2223 desolata
534 2200 584 2222 est.

285 2295 343 2322 Etsi
361 2303 482 2329 praesens
500 2296 554 2322 vita
571 2304 644 2322 mare
673 2304 721 2330 per
739 2297 924 2330 metaphoram
943 2297 1037 2332 appel~

250 2340 339 2373 latur,
358 2345 389 2367 ut
406 2349 467 2375 qua:
484 2341 611 2368 ﬂuctibus
625 2346 652 2368 et
667 2342 875 2376 tempestatibus
885 2343 921 2369 sit
940 2342 1036 2376 plena;

249 2391 277 2413 et
293 2391 428 2420 quotquot
445 2386 472 2413 in
490 2387 550 2423 ipsa
567 2387 753 2421 negotiantur,
770 2387 844 2415 euris
859 2393 886 2414 et
903 2388 1038 2415 sollicitu-

250 2430 373 2463 dinibus,
389 2438 458 2465 quas
471 2431 529 2466 ipsa
545 2431 634 2467 all‘ert,
652 2431 724 2459 haud
741 2440 820 2459 secus
835 2431 890 2459 fere
901 2433 1037 2466 jactentur

251 2480 334 2509 atque
358 2474 459 2509 pisces,
484 2475 529 2510 qui
550 2475 577 2502 in
595 2476 689 2511 pelago
717 2482 852 2508 natantes,
879 2477 960 2504 undis
975 2485 1038 2512 pro-

250 2521 383 2555 cellisque
411 2521 510 2556 jactari
539 2522 646 2553 solent,
675 2527 795 2552 attamen
813 2531 866 2549 non
891 2528 958 2550 esta
975 2531 1039 2550 vero

251 2566 381 2596 alienum,
409 2567 557 2600 civitatem,
587 2575 648 2600 qua:
672 2567 767 2595 istincc
792 2569 964 2595 incommoda
984 2578 1039 2604 pcr-

251 2621 363 2647 pessura
379 2613 423 2640 hic
437 2613 562 2645 traditur,
580 2614 736 2648 quampiam
754 2623 785 2641 ex
801 2623 894 2641 earum
917 2624 1035 2643 numero

251 2666 322 2691 csse,
348 2667 409 2694 quin
432 2667 496 2687 vero
512 2661 579 2687 mari
604 2661 744 2695 adjacens,
762 2670 792 2689 ea
814 2671 874 2698 quae
892 2671 966 2690 mare
982 2665 1038 2691 sul-

252 2709 346 2731 cantes
363 2705 522 2740 important,
541 2707 682 2741 suscipere
698 2712 805 2735 assueta
823 2713 882 2735 erat
896 2718 902 2735 :
917 2717 977 2743 qua:
990 2716 1038 2735 sua

254 2749 366 2783 proinde
375 2751 524 2778 salitudinc
532 2757 559 2779 et
567 2753 693 2779 vastitate
707 2753 798 2780 nautis
805 2759 831 2780 et
839 2755 1039 2781 mercatoribus

253 2795 355 2829 justam
374 2796 463 2824 luctus
489 2797 633 2825 materiam
650 2798 686 2825 sit
703 2800 836 2832 paritura.
858 2798 941 2831 Idem,
957 2800 1041 2826 velint

255 2842 356 2874 nolint,
387 2843 531 2870 mundana:
556 2844 638 2880 hujus
664 2843 810 2880 Itahylonis
824 2849 851 2872 et
870 2845 1040 2872 cordus-iouis

1080 691 1201 727 [λέγεται
1214 690 1235 726 ]·
1255 690 1313 724 ἡδὲ
1337 688 1432 715 τούτου
1463 687 1563 722 γενικὴ
1587 685 1642 712 τῶν
1666 685 1865 720 πληθυντικῶν,

1080 736 1234 773 ρεδιώρουμ
1246 743 1254 751 ⁶
1273 735 1334 770 ἥτις
1347 734 1418 761 κατὰ
1435 732 1575 767 συγκοπὴν
1593 730 1678 766 ρἑων
1689 730 1796 765 γέγονε.

1115 826 1168 855 Kal
1185 825 1288 860 ψυχὰς
1304 824 1468 858 ἀνθρώπων
1486 830 1493 837 ·
1515 821 1564 848 καὶ
1581 821 1600 855 ἡ
1614 820 1714 854 ὀπώρα
1733 819 1790 853 τῆς
1804 818 1869 846 ἐπι-

1081 873 1187 907 θυμίας
1199 871 1253 905 τῆς
1267 870 1371 905 ψυχῆς
1392 878 1451 897 σου
1476 868 1615 902 ἀπῆλθεν
1629 867 1689 894 ἀπὸ
1713 866 1772 893 σοῦ
1786 873 1793 880 ·
1820 865 1870 892 καὶ

1081 917 1180 946 πάντα
1196 918 1232 944 τὰ
1247 916 1359 950 λιπαρὰ
1383 915 1432 942 καὶ
1447 912 1637 951 [τὰμαμπιὰ
1662 911 1796 946 ἀπῴχετο
1809 911 1869 938 ἀπὸ

1081 963 1139 990 σοῦ
1155 971 1162 979 ·
1175 963 1224 989 καὶ
1240 963 1295 989 οὐκ
1310 962 1353 988 ἔτι
1367 961 1403 988 οὐ
1415 959 1458 994 μὴ
1476 959 1566 992 εὕρῃς
1576 957 1663 985 αὐτὰ.

1117 1008 1170 1035 Kal
1182 1007 1284 1041 ψυχὰς
1297 1005 1469 1040 ἀνθρώπων.
1487 1019 1522 1024 -
1536 1005 1604 1030 Οῡτε
1617 1003 1705 1038 ψυχὰς
1717 1001 1869 1037 ἀνθρώπων

1081 1052 1251 1088 ὲμπορεύσῃ,
1283 1051 1360 1086 φησὶ,
1383 1051 1429 1077 τοῦ
1453 1049 1548 1076 λοιποῦ
1577 1048 1781 1076 καταδουλοῠσα
1805 1047 1870 1079 τοὺς

1081 1098 1239 1132 ἐλευθέρους
1255 1105 1262 1113 ·
1279 1097 1340 1123 οὒτε
1357 1097 1411 1123 τῶν
1430 1096 1514 1122 πάλαι
1532 1095 1656 1130 λιπαρῶν
1668 1094 1715 1122 καὶ
1729 1092 1866 1129 λαμπρῶν

1081 1143 1152 1175 ἕξεις
1167 1143 1218 1178 τὴν
1231 1143 1394 1171 ἀπόλαυσιν.

1119 1231 1152 1256 Ol
1162 1229 1284 1263 ἔμποροι
1301 1229 1423 1260 τούτων,
1449 1229 1476 1255 ol
1492 1227 1723 1260 πλουτήσαντες
1746 1226 1797 1253 ἀπ’
1812 1227 1869 1252 αὺ-

1082 1275 1147 1309 τῆς,
1165 1275 1225 1302 ἀπὸ
1242 1275 1392 1309 μακρόθεν
1419 1274 1597 1307 στήσονται,
1621 1273 1670 1299 διὰ
1693 1273 1746 1298 τὸν
1775 1273 1871 1306 φόϐον

1083 1322 1136 1348 τοῦ
1145 1321 1342 1356 βασανισμοῦ
1358 1321 1464 1354 αὐτῆς,
1479 1320 1639 1351 κλαίοντες
1663 1318 1711 1345 καὶ
1730 1319 1872 1345 πενθοῦνι

1083 1376 1141 1400 τες,
1152 1367 1200 1393 καὶ
1214 1366 1355 1401 λέγοντες
1366 1374 1372 1382 υ
1382 1365 1465 1398 Οὐαὶ,
1482 1365 1560 1397 οὐαὶ,
1573 1365 1592 1398 ἠ
1605 1365 1695 1396 πόλις
1709 1363 1728 1397 ’ἡ
1741 1363 1868 1398 μεγάλη.

1083 1413 1102 1447 ἡ
1116 1412 1350 1446 περιϐεϐλημένη
1364 1412 1490 1444 βύσσον
1506 1410 1556 1437 καὶ
1569 1410 1727 1444 πορφύραν
1741 1409 1790 1435 καὶ
1799 1410 1870 1436 κόκ-

1084 1467 1179 1490 κινον,
1197 1458 1245 1484 καὶ
1263 1457 1476 1492 κεχρυσωμένη
1491 1457 1525 1483 ἐν
1541 1455 1645 1491 χρυσῷ
1666 1455 1715 1482 καὶ
1735 1455 1808 1487 λίθῳ
1829 1463 1872 1481 τι-

1046 1511 1067 1539 C
1081 1505 1140 1538 μίῳ
1155 1503 1204 1530 καὶ
1226 1503 1423 1538 μαργαρίταις
1437 1509 1446 1519 ”
1475 1502 1520 1528 ὅτι
1537 1501 1591 1537 μιᾷ
1614 1501 1674 1536 ὥρᾳ
1695 1499 1834 1535 ἠρημώθη
1853 1500 1872 1526 ό

1083 1549 1227 1582 τοσοῦτος
1241 1549 1385 1582 πλοῦτος.

1121 1606 1203 1637 Οὐαὶ,
1224 1606 1301 1636 οὐαὶ.
1324 1606 1344 1639 ἠ
1368 1606 1457 1638 πόλις
1479 1605 1498 1638 ἡ
1514 1604 1641 1640 μεγάλη.
1664 1619 1700 1624 -
1719 1604 1781 1630 ’Υπ“
1810 1603 1872 1637 ὄψιν

1083 1654 1145 1688 ἄγει
1159 1653 1193 1679 τὰ
1209 1653 1259 1688 τῆς
1274 1652 1431 1683 Βαῦυλῶνος
1455 1651 1558 1686 ταύτης
1581 1651 1666 1687 πάθη,
1693 1650 1736 1677 διὰ
1758 1650 1813 1676 τῶν
1829 1650 1872 1676 ἐπ’

1084 1699 1152 1734 αὑτῇ
1164 1699 1270 1734 θρήνων
1282 1698 1312 1725 τὺ
1324 1699 1374 1732 τῆς
1402 1698 1545 1733 συμφορᾶς
1559 1697 1718 1732 διαγράφων
1735 1695 1850 1730 μέγεθος
1863 1704 1870 1711 ·

1084 1745 1153 1780 ὅπερ
1166 1745 1291 1771 πείσεται
1307 1745 1323 1777 ἡ
1334 1744 1365 1770 τὸ
1379 1744 1443 1778 πρὶν
1453 1743 1573 1777 αὑχοῦσα
1587 1743 1633 1768 ἐπὶ
1646 1741 1778 1777 βασιλικῷ
1789 1739 1871 1774 ἀξιώ-

1088 1798 1164 1825 ματι.

1121 1834 1176 1861 Καὶ
1197 1834 1256 1867 πᾶς
1272 1832 1469 1868 κυϐερνήτης,
1501 1833 1549 1860 καὶ
1581 1833 1641 1865 πᾶς
1666 1832 1706 1868 [dix
1736 1832 1784 1859 ἐπὶ
1813 1831 1874 1858 τῶν

1086 1880 1200 1907 πλοίων
1213 1880 1325 1911 πλέων,
1333 1880 1383 1907 καὶ
1393 1880 1499 1907 ναῦται
1510 1879 1558 1906 καὶ
1570 1879 1634 1906 ὅσοι
1644 1878 1702 1911 τὴν
1711 1878 1874 1906 θάλασσαν

1085 1926 1264 1961 ἐργάζονται.
1288 1926 1347 1953 ἀπὸ
1369 1927 1521 1959 μακρόθεν
1547 1925 1710 1958 ἑστηκότες
1737 1922 1871 1957 ἔκραζον,

1084 1971 1254 2002 ,βλέποντες
1270 1970 1323 1996 τὸν
1346 1969 1464 1996 καπνὸν
1488 1969 1544 2003 τῆς
1570 1968 1733 2003 πυρώσεως
1753 1967 1849 2002 αὐτῆς
1864 1988 1872 1999 ,

1088 2016 1150 2052 [καὶ
1161 2015 1270 2051 ἔλεγον
1284 2023 1290 2030 ’
1311 2015 1358 2048 Τις
1369 2015 1456 2049 ὁμοία
1466 2013 1504 2048 τῇ
1515 2014 1601 2040 πόλει
1619 2013 1656 2047 τῇ
1668 2014 1805 2047 μεγάλῃ;
1822 2013 1871 2039 καὶ

1087 2061 1197 2088 ἔϐαλον
1213 2061 1290 2095 χοῦν
1306 2060 1355 2087 ἐπὶ
1376 2061 1428 2092 τὰς
1439 2060 1575 2094 κεφαλὰς
1589 2058 1689 2085 αὐτῶν
1701 2067 1708 2074 ·
1725 2058 1874 2091 καὶὲκρα-

1088 2106 1146 2138 (or,
1161 2107 1318 2138 κλαίοντες
1347 2106 1396 2132 καὶ
1414 2105 1606 2137 πενθοῦντες,
1634 2103 1694 2139 καὶ]
1710 2104 1851 2138 ,λέγοντες
1864 2111 1872 2118 °

1089 2151 1172 2183 Οὐαὶ,
1187 2151 1265 2184 οὐαὶ,
1278 2152 1297 2184 ἡ
1313 2151 1401 2183 πόλις
1415 2151 1434 2184 ἠ
1443 2150 1559 2185 μεγάλη
1571 2158 1577 2164 ·
1593 2150 1629 2176 ἐν
1642 2148 1662 2185 ᾖ
1678 2150 1875 2183 ἐπλούτησαν

1049 2190 1076 2219 Ῑ)
1089 2197 1200 2230 πάντες
1215 2198 1242 2223 cl
1256 2197 1378 2230 ἔχοντες
1391 2196 1482 2223 πλοῖα
1499 2197 1534 2222 ἐν
1552 2196 1588 2230 τῇ
1601 2196 1753 2229 θαλάσσῃ.
1772 2195 1806 2222 ἐκ
1818 2194 1873 2229 τῆς

1086 2243 1255 2277 τιμιότητος
1267 2242 1362 2276 αὐτῆς
1377 2251 1384 2258 ·
1406 2243 1451 2268 ὅτι
1462 2241 1518 2278 [ἐν]
1532 2241 1585 2276 μιᾷ
1595 2241 1655 2276 ὥρᾳ
1668 2241 1819 2275 ἠρημώθη.

1118 2300 1151 2326 οι
1167 2299 1289 2333 ἔχοντες
1312 2299 1404 2325 πλοῖα
1432 2299 1467 2325 ὲν
1500 2298 1536 2332 τῇ
1554 2298 1708 2331 θαλάσσῃ.
1727 2312 1762 2317 —-
1779 2297 1809 2323 Et
1826 2297 1874 2323 καὶ

1086 2345 1229 2373 θάλασσα
1248 2345 1386 2380 τροπικῶς
1408 2346 1422 2371 ὁ
1446 2344 1543 2379 παρὼν
1561 2344 1617 2379 βίος
1642 2344 1680 2375 ὡς
1709 2342 1873 2377 πολυκύμων

1087 2391 1195 2426 εἴρηται
1211 2410 1218 2422 ,
1235 2391 1282 2417 καὶ
1297 2391 1320 2419 οἱ
1338 2391 1368 2416 ὲν
1387 2390 1455 2425 αὐτῇ
1474 2390 1702 2425 ἐμπορευόμενοι,
1716 2390 1740 2415 ol
1753 2388 1793 2423 τῷ
1809 2388 1873 2422 βιω-

1087 2436 1156 2471 τικῷ
1170 2436 1208 2467 ὡς
1227 2436 1316 2471 ἰχθύες
1332 2436 1476 2471 νηχόμενοι
1492 2435 1607 2463 κλύδωνι
1623 2445 1629 2450 -
1649 2435 1707 2461 ἀλλ’
1728 2435 1800 2466 εἰκὸς
1826 2434 1874 2460 καὶ

1087 2482 1136 2518 τὴν
1148 2481 1234 2508 ταῦτα
1253 2481 1410 2516 πάσχουσαν
1426 2481 1513 2512 πόλιν,
1529 2480 1644 2515 αἰσθητῇ
1660 2480 1781 2515 θαλάσσῃ
1799 2487 1874 2512 γειτ-

1088 2528 1198 2559 νιῶσαν,
1216 2526 1285 2563 [καὶ]
1302 2528 1335 2554 τὰ
1348 2527 1425 2561 παρὰ
1441 2527 1495 2553 τῶν
1506 2528 1542 2559 ,ἐν
1563 2527 1632 2561 αὐτῇ
1648 2526 1785 2552 πλεόντων
1797 2526 1874 2559 δεχο-

1091 2573 1186 2607 μένην,
1202 2572 1317 2603 πένθους
1334 2571 1438 2602 τούτοις
1457 2571 1501 2597 διὰ
1515 2572 1564 2606 τῆς
1578 2572 1682 2602 οἰκείας
1709 2571 1875 2606 ἐρημώσεως

1094 2618 1221 2644 ὑπόθεσιν
1236 2617 1355 2643 ἕπεσθαι.
1369 2617 1472 2643 Ίάυτὺν
1483 2617 1511 2643 δὲ
1529 2617 1625 2644 παθεῖν
1649 2617 1804 2650 ἐπάναγκες
1828 2616 1877 2642 καὶ

1090 2664 1152 2695 τοὺς
1168 2664 1217 2698 τῆς
1235 2663 1408 2698 παγκοσμίου
1430 2662 1587 2693 Βαϐυλῶνος
1612 2663 1697 2699 Ιῆγουν
1718 2662 1876 2696 συγχύσεως

1089 2710 1240 2743 ἐμπόρους,
1258 2710 1285 2735 ἐν
1302 2710 1334 2744 τῇ
1349 2709 1489 2744 συντελείᾳ
1509 2709 1562 2735 τῶν
1578 2709 1736 2743 ὁρωμένων,
1767 2708 1878 2742 Θρῃνεῐν

1091 2755 1307 2790 ἀπαραμύθητα,
1323 2754 1376 2781 τῶν
1394 2755 1479 2789 ἡδέων
1501 2755 1548 2780 τοῦ
1566 2755 1699 2788 παρόντος
1725 2753 1782 2788 βίου
1797 2753 1878 2780 ἀϐου-

1091 2799 1180 2833 λήτως
1193 2799 1395 2834 χωριζομένους
1409 2800 1455 2826 καὶ
1471 2800 1666 2833 κεντουμένους
1679 2798 1731 2826 ὑπὸ
1747 2798 1794 2827 τοῦ
1811 2806 1874 2825 συν-

1095 2845 1198 2877 ειδότος
1230 2846 1277 2873 ἐπὶ
1291 2846 1350 2876 ταῖς
1365 2845 1480 2876 οἱκεῐαις
1496 2845 1638 2879 πράξεσιν,
