2093 3159
266 169 324 201 395

866 167 1029 198 ANDRE/E
1059 167 1330 198 CESARIENSIS'

1846 167 1900 199 396

271 224 341 250 hanc
356 230 416 249 eam
437 222 525 257 ipsam
542 229 612 253 csse,
642 229 702 256 qua:
721 220 855 255 superbiae
869 227 896 248 et
909 222 1051 248 insolentia

1114 221 1285 249 διδασκάλων
1302 220 1371 247 κατὰ
1389 220 1438 255 τῆς
1461 219 1536 255 παρὰ
1565 219 1710 255 Ῥωμαέοις
1739 220 1898 254 Βαϐυλῶνος

270 269 404 296 adversus
421 268 560 295 Christum
576 271 603 293 ct
616 274 710 294 servos
723 266 784 300 ejus
795 266 937 293 declarata:
950 275 1056 302 pinnas,

270 313 304 340 de
319 314 419 348 quiihus
445 313 548 340 dictum
574 316 626 344 est,
646 312 714 338 luat.
733 311 833 338 Verum
852 311 916 338 huic
934 312 1057 346 opinioni

270 359 409 386 adversari
435 358 550 388 videtur,
570 358 642 392 quod
662 358 785 392 plerique
807 361 913 385 veteres
928 357 1058 385 Ecclesia:

269 405 395 430 doctores
414 403 472 430 lucc
486 407 582 430 contra
597 411 657 430 eam
674 402 837 438 Babyloaem
856 403 985 437 przcdicta
1002 408 1057 430 tra-

269 449 344 480 dant,
357 456 416 482 quae
433 448 504 482 apud
518 448 657 475 Romanos
667 453 755 475 exstat
769 457 775 481 ;
794 456 856 475 cum
871 448 906 475 ob
921 449 985 480 alia,
999 453 1056 475 tum

268 502 332 520 \‘et'o
350 494 468 520 maxime
481 515 488 526 ,
515 493 588 528 quod
611 494 637 520 in
661 499 759 528 quarta
786 494 872 521 bestia
887 513 894 526 ,
912 501 1010 527 nempe
1029 494 1055 520 in

267 539 392 566 Romano
417 538 472 573 85
489 539 614 573 imperio,
636 539 694 566 visa
716 539 769 565 sint
795 539 889 566 decem
911 545 1025 568 cornua.
1041 544 1057 564 e

266 585 367 619 quibus
384 592 467 611 unum
479 585 542 612 inde
557 588 679 616 enatum,
698 585 748 612 tria
762 592 824 611 mox
840 585 973 612 radicitus
985 591 1058 611 ever-

266 631 420 662 tit,ca)tcra
442 638 506 658 vero
523 631 575 658 sibi
598 631 736 665 subjugat.
763 630 831 658 Tum
849 638 957 657 rursum
983 629 1055 665 quod

265 676 462 708 Auticlu'istus,
488 677 533 704 ubi
563 677 678 709 venerit,
703 681 832 711 tanquam
850 684 896 702 rex
915 675 1055 703 Romano-

266 730 326 749 rum
346 722 371 749 in
391 722 509 749 medium
530 723 687 756 proditurus
705 722 751 754 sit,
774 729 807 749 eo
830 721 940 756 quidem
959 721 1051 748 colore

265 773 292 794 et
313 773 446 802 praetextu
471 769 549 801 quasi
576 768 683 794 illorum
708 767 851 802 imperium
868 767 933 794 velit
952 767 1056 794 instau-

265 821 327 840 rare
350 818 377 840 ct
399 812 557 845 confovere,
583 820 688 840 necnon
714 812 846 839 adversus
874 812 967 839 hostes
991 819 1053 839 cum

266 859 320 886 illis
336 859 512 893 conspirare;
529 866 591 886 cum
608 866 636 886 re
653 858 711 893 ipsa
724 862 814 884 tamen
832 860 1051 884 consummatam

1107 267 1194 294 ταῦτα
1210 267 1294 301 φάναι
1309 266 1547 302 προφητεύεσοαι·
1566 266 1609 292 διὰ
1627 267 1656 292 τὸ
1667 267 1696 292 ἐν
1718 266 1758 300 τῷ
1774 266 1897 302 τετάρτῳ

1108 313 1195 348 θηρίῳ
1215 313 1355 348 ἑωρᾶσθαι
1372 312 1406 339 τὰ
1420 312 1485 338 δέκα
1514 312 1629 346 κέρατα,
1647 312 1787 338 τουτέστιν
1811 313 1840 338 ὲν
1862 313 1895 347 τῇ

1112 358 1257 393 Ῥωμαίων
1268 359 1338 393 ἀρχῇ
1353 364 1360 372 ⁸
1377 357 1423 384 καὶ
1435 357 1463 390 ἐξ
1478 357 1564 392 αὐτῆς
1578 358 1607 383 τὸ
1617 357 1645 383 ἓν
1660 356 1808 392 βλαστάνον
1821 359 1897 392 ἐκρι-

1107 403 1172 434 ζοῦν
1186 403 1219 429 τὰ
1234 403 1309 438 τρία,
1326 402 1373 429 καὶ
1388 403 1421 429 τὰ
1443 402 1524 429 λοιπὰ
1542 403 1713 435 ὑποτάττειν,
1731 404 1777 430 καὶ
1793 404 1830 435 ὡς
1846 404 1895 438 βα-

1108 448 1183 475 σιλέα
1213 449 1357 484 Ῥωμαίων
1392 448 1548 474 ἐλεύσεσθαι
1580 449 1753 484 προσχήματι
1772 449 1821 484 μὲν
1847 449 1894 476 τοῦ

1107 494 1218 521 θάλπειν
1234 495 1281 521 καὶ
1307 495 1468 530 συγκροτεῖν
1490 494 1540 528 τὴν
1568 493 1656 529 ἀρχὴν
1683 494 1791 521 αὐτῶν·
1817 496 1850 530 τῇ
1865 495 1896 522 δὲ

1106 540 1230 575 ἀληθείᾳ,
1249 541 1296 567 τοῦ
1314 541 1363 575 τὴν
1373 540 1480 567 τελείαν
1495 540 1580 575 αὐτῆς
1604 540 1682 567 λύσιν
1708 541 1891 575 ἐργάσασθαι.

1106 585 1163 617 Διὸ,
1180 585 1342 620 ὼςεῖρηται,
1356 585 1406 620 τὴν
1418 585 1455 616 ὼς
1468 586 1496 611 ὲν
1507 585 1547 611 ἐνὶ
1559 584 1665 620 σώματι
1681 586 1800 620 ἀρχῆθεν
1811 586 1894 622 μέχρι

1106 630 1153 657 τοῦ
1172 631 1219 657 νῦν
1245 631 1423 666 κρατήσασαν
1448 631 1587 665 βασιλείαν
1615 630 1718 665 ταύτην
1741 639 1784 662 τις
1812 632 1895 657 ἐκλα-

1107 676 1172 710 ϐὼν,
1187 676 1236 711 τὴν
1253 677 1291 708 ὡς
1315 676 1424 711 ἀληθῶς
1439 676 1597 703 ἀποστόλων
1610 676 1657 702 κα)⁸
1678 675 1825 711 προφητῶν
1846 676 1894 702 καὶ

1108 721 1256 758 μαρτύρων
1273 722 1408 757 ὲκχέασαν
1422 722 1538 756 αἵματα,
1555 721 1605 748 οὐκ
1622 720 1655 748 ἂν
1675 721 1819 757 διαμάρτοι
1844 720 1893 748 τοῦ

1107 768 1291 802 προσήκοντος
1302 775 1310 782 ·
1326 767 1373 794 καὶ
1393 766 1447 801 γὰρ
1468 766 1563 802 ὥσπερ
1576 763 1617 798 εἷς
1633 766 1712 801 χορδς
1731 766 1779 793 καὶ
1808 774 1893 801 στρα-

1105 813 1151 843 ea;
1165 814 1213 840 καὶ
1229 814 1278 849 μία
1294 814 1370 846 πόλις
1381 813 1503 847 λέγεται,
1516 812 1568 839 κᾶν
1581 812 1775 846 ὑπαλλαγῶσιν
1787 812 1812 838 οι
1827 813 1891 839 ἀνα-

1105 860 1274 895 πληροῦντες
1286 859 1388 886 τούτων
1402 859 1528 891 ἕκαστον,
1546 858 1617 886 οὕτω
1632 859 1678 885 καὶ
1689 858 1812 894 βασιλεία
1827 858 1887 893 μια,

265 904 339 931 illius
377 904 547 931 eversionem
577 908 604 931 ct
628 903 784 931 vastitatem
822 903 969 929 moliturus
1005 901 1051 930 sit.

1105 892 1214 937 κᾶνὶἐις
1231 905 1345 938 πολλοὺς
1366 906 1479 941 χρόνους
1507 906 1555 932 καὶ
1583 892 1695 936 τόπους*
1711 892 1891 940 κατακερμα-

263 948 424 984 Eapropter,
442 955 472 977 ut
489 954 552 977 ante
570 957 679 985 quoque
700 949 802 976 dictum
818 953 870 980 est,
887 948 988 975 rectius
1004 955 1052 982 per

261 1003 377 1030 regnum
402 995 455 1022 hoc
481 995 614 1029 accipitur
640 995 715 1022 orbis
742 994 900 1029 imperium,
919 993 946 1020 in
965 1000 1050 1020 unum

1104 950 1225 984 τίζηται.

262 1042 342 1076 quasi
359 1049 458 1076 corpus
470 1050 503 1070 ex
519 1042 603 1070 variis
621 1042 762 1075 membriS,
784 1049 844 1076 quat
857 1041 914 1076 jam
933 1040 996 1068 inde
1023 1040 1057 1067 ab
1077 1040 1155 1068 initio
1183 1047 1270 1075 usque
1293 1039 1375 1067 modo
1384 1040 1558 1073 exstiterunt,
1583 1041 1729 1069 conflatum
1745 1048 1891 1076 rerumque

262 1089 392 1120 potitum.
411 1088 469 1115 lloc
490 1088 563 1115 enim
580 1088 646 1115 illud
676 1092 730 1119 est,
764 1087 837 1122 quod
855 1094 951 1114 revera
984 1085 1172 1121 apostolorum
1197 1091 1223 1113 et
1264 1087 1465 1121 prophetarum-
1485 1091 1512 1113 et
1539 1091 1689 1122 martyrum
1725 1087 1884 1122 sanguinem

262 1133 359 1160 alludit
383 1137 411 1160 ct
437 1141 490 1160 non
511 1141 563 1160 una
582 1133 672 1167 aliqua
699 1132 847 1167 singularis
867 1132 976 1159 civitas.
998 1130 1050 1164 Qui
1070 1131 1152 1166 igitur
1165 1131 1258 1158 urbem
1274 1130 1344 1158 hanc
1374 1138 1500 1164 magnam
1526 1132 1577 1159 hoc
1591 1139 1674 1159 sensu
1691 1132 1889 1166 interpretatus

262 1177 356 1209 fuerit,
377 1178 449 1205 haud
466 1177 545 1205 facile
565 1179 609 1206 ille
624 1186 640 1205 ιι
655 1185 740 1212 scopo
769 1182 817 1204 aut
850 1177 951 1204 decoro
978 1176 1157 1204 aberraverit.
1175 1176 1281 1203 Etenim
1297 1180 1325 1202 ut
1357 1183 1428 1203 unus
1454 1176 1566 1209 chorus,
1582 1181 1609 1204 et
1642 1185 1713 1205 ttnus
1738 1178 1888 1212 exercitus,

263 1227 290 1249 et
304 1230 358 1250 una
367 1223 463 1250 civitas
474 1224 583 1254 dicitur.
598 1223 705 1251 etiamsi
718 1223 875 1254 multitudo,
890 1229 951 1257 qua:
975 1223 1190 1258 unumquodque
1206 1223 1320 1249 istorum
1351 1221 1536 1249 membrorum
1571 1223 1723 1256 constituit,
1741 1223 1887 1250 identidem

263 1267 445 1301 mutetur;ita
456 1275 539 1295 unum
550 1268 632 1295 etiam
642 1276 755 1302 regnum
766 1267 819 1295 dici
829 1271 929 1302 potest,
943 1267 1051 1296 etiamsi
1068 1267 1096 1295 in
1130 1267 1214 1294 multa
1237 1267 1296 1294 loca
1320 1271 1348 1294 et
1373 1271 1496 1302 tempora
1521 1267 1708 1302 distinguatur
1727 1272 1754 1295 et
1782 1267 1888 1296 discin-

263 1313 355 1342 tiatur.

549 1369 662 1398 CAPUT
683 1370 749 1397 LVI.

263 1436 301 1463 De
319 1441 473 1464 sanctorum
493 1437 597 1471 hymnis
620 1442 643 1463 et
659 1436 793 1468 laudibus,
812 1436 961 1471 triplicique
975 1436 1050 1463 Alle-

298 1472 366 1504 luia,
381 1473 575 1512 quodyropter
591 1471 742 1498 subversam
762 1471 923 1506 Babylonem
948 1472 1050 1499 cecine-

297 1512 359 1533 runt
377 1512 475 1533 sancit.

296 1585 368 1616 XIX,
391 1585 443 1612 1-4.
465 1584 526 1616 Ροδι
549 1584 604 1612 hinc
619 1585 710 1612 audivi
724 1585 802 1620 quasi
821 1593 907 1613 vocem
926 1585 1050 1612 tubarum

262 1633 407 1658 multarunt
422 1632 447 1657 in
460 1631 523 1657 caelo
532 1631 687 1664 dicentium,
707 1631 832 1664 Alleluia,
860 1631 917 1658 laus
929 1636 953 1658 et
964 1631 1050 1666 gloria

262 1682 287 1703 et
302 1678 384 1704 virtus
399 1676 451 1702 Duo
471 1681 560 1703 nostra
575 1682 613 1703 est
628 1684 636 1703 :
660 1676 724 1710 quia
746 1684 806 1703 cera
819 1681 843 1703 et
853 1677 929 1710 juxta
944 1677 1050 1711 judicia

262 1723 331 1755 ejus,
351 1723 397 1756 qui
409 1722 542 1756 judicavit
558 1722 590 1748 de
605 1723 741 1749 meretrice
764 1731 870 1757 magna,
887 1731 946 1754 qua:
959 1731 1050 1749 carru-

263 1768 301 1801 pit
330 1771 428 1793 terram
452 1767 479 1792 in
499 1767 686 1800 prostitutione
707 1775 775 1798 sua;
793 1771 818 1794 et
835 1767 977 1794 vindicavit
992 1775 1052 1794 san-

263 1812 368 1846 guinem
392 1814 528 1838 seril'orum
558 1820 667 1838 suorum
704 1812 735 1839 de
769 1813 891 1839 manibus
927 1813 994 1845 eius.
1016 1813 1050 1840 Et

263 1858 358 1884 iterum
380 1858 517 1888 dixerunt,
546 1857 664 1884 Alleluia
681 1866 689 1884 :
707 1862 731 1885 et
748 1858 836 1892 fumus
854 1858 910 1892 ejus
932 1859 1049 1886 ascendit

263 1904 291 1929 in
307 1903 406 1930 sa'cula
424 1903 593 1930 twculorum.
615 1902 648 1929 Et
663 1904 812 1930 ceciderunt
827 1905 916 1938 uiyimi
935 1910 1050 1938 quatuor

264 1951 399 1981 seniores,
432 1954 457 1976 et
488 1953 603 1984 quatuor
633 1950 780 1982 mxima/ia,
818 1955 841 1976 et
873 1950 1048 1976 adoraveruut

264 1995 347 2021 Deum
374 1994 505 2021 sedentem
533 2002 611 2029 super
631 1994 764 2028 thronum,
785 1995 915 2028 dicentes,
940 1996 1020 2022 Amen
1039 2003 1048 2022 :

263 2040 389 2067 Alleluia.
437 2055 441 2059 ε

298 2181 354 2208 Vox
375 2180 500 2212 Alleluia,
513 2180 631 2207 divinam
646 2180 771 2214 laudem;
786 2188 837 2208 vox
849 2185 939 2209 autem
954 2183 1046 2214 Anien,

261 2235 331 2258 vere,
364 2230 412 2253 aut
445 2226 504 2260 fiat,
528 2226 687 2260 significat:
707 2231 822 2261 utraque
838 2229 911 2261 [vero
937 2231 1047 2262 propter

262 2279 346 2298 unam
361 2270 492 2298 Deitalem
507 2270 535 2298 in
552 2271 638 2298 tribus
654 2272 791 2305 personis,
808 2271 895 2300 Patris
906 2273 1048 2305 nimirum,

263 2322 291 2345 et
309 2316 380 2349 Filii,
401 2322 428 2344 et
443 2316 562 2352 Spiritus
575 2318 672 2350 sancti,
689 2318 885 2346 subsistentem
903 2318 1048 2350 trifariam,

264 2371 327 2390 cum
346 2363 381 2390 ab
402 2363 532 2398 angelicis
562 2364 720 2397 virtutibus,
751 2369 807 2391 tum
832 2364 866 2391 ab
892 2365 1049 2392 hominibus

263 2417 376 2444 quoque
387 2410 517 2444 angelica
528 2411 655 2445 puritatis
676 2411 792 2443 aemulis,
808 2411 840 2438 ad
856 2409 941 2437 Deum
957 2415 1048 2438 trans-

262 2455 393 2482 mittitur.
419 2455 542 2483 Laudant
561 2462 652 2483 autem
686 2456 723 2482 illi
742 2455 839 2488 Deum,
855 2456 928 2491 quod
954 2464 1047 2483 servo-

262 2509 324 2528 rum
339 2508 452 2529 suorum
468 2501 628 2537 sanguinem
646 2501 678 2528 de
692 2509 774 2528 manu
792 2500 939 2536 Babylonis
959 2501 1048 2528 vindi-

261 2548 377 2580 caverit,
402 2547 582 2582 ejusdemque
603 2547 771 2573 liabitatm'es
789 2554 836 2580 per
850 2547 1047 2581 temporarium

263 2593 414 2619 cruciatqu
439 2592 572 2619 beneficio
596 2591 729 2624 aﬂ‘ccerit,
756 2593 857 2627 quippe
867 2593 912 2627 qui
926 2593 982 2627 jam
996 2593 1048 2619 ali-

262 2642 399 2672 quatenus
427 2637 525 2671 puniti,
543 2637 754 2664 moderatiorem
776 2638 802 2665 in
827 2638 920 2665 futuro
947 2639 1048 2666 saeculo

259 2690 371 2716 poenam
388 2682 478 2710 daturi
494 2686 566 2714 sunt,
583 2687 714 2709 :eternam
730 2687 820 2710 tamen
835 2692 842 2716 ;
861 2683 990 2718 peccandi
1007 2683 1048 2710 fa—

263 2729 363 2755 cultate
372 2735 483 2762 prorsus
494 2728 595 2755 orbati.
607 2727 685 2760 Quod
696 2733 787 2755 autem
799 2735 921 2755 accensa:
931 2727 1048 2755 civitatis

256 2773 352 2807 {uinus
367 2774 393 2800 in
405 2773 502 2800 uacula
515 2774 671 2800 sa-rulorum
684 2775 801 2800 ascendit
811 2794 819 2806 ,
835 2773 901 2801 illud
913 2778 1047 2802 tormenta

260 2819 322 2852 ejus
337 2826 478 2853 nunquam
497 2818 577 2845 tinem
595 2819 730 2850 habitura,
748 2826 837 2853 neque
850 2819 907 2845 ullo
924 2827 1046 2854 unquam

261 2869 385 2899 tempore
399 2865 426 2891 in
443 2864 607 2892 obliviouent
626 2869 751 2898 ventura,
770 2865 868 2892 innuit.

1383 1366 1510 1394 ΚΕΦΛΛ.
1523 1365 1597 1400 Nq‘.

1101 1433 1172 1467 Περὶ
1188 1433 1244 1467 τῆς
1260 1431 1321 1458 τῶν
1336 1432 1428 1466 ἁγίων
1452 1432 1604 1466 ῠμνῳδιάς
1623 1432 1672 1458 καὶ
1692 1431 1746 1459 τοῦ
1763 1433 1888 1464 τριπλοῦ

1137 1466 1320 1499 iunicum,
1338 1466 1410 1500 ὅπερ
1437 1467 1487 1493 ἐπὶ
1508 1467 1544 1501 τῇ
1561 1467 1731 1501 καθαιρέσει
1749 1468 1889 1494 Βαϐυλὼ-

1135 1512 1189 1535 νος
1200 1502 1328 1536 ᾅδουσιν
1346 1501 1384 1537 [οἱ
1396 1501 1497 1537 arma]

1138 1580 1191 1608 Kal
1204 1581 1280 1615 μετὰ
1295 1580 1388 1607 ταῦτα
1403 1579 1522 1614 ἥκουσα
1537 1579 1640 1613 φωνῆς
1657 1580 1751 1614 ὄχλου
1768 1582 1885 1609 πολλοῦ

1102 1625 1135 1652 ἐν
1149 1625 1187 1658 τῷ
1198 1626 1316 1660 οὐρανῷ
1334 1625 1486 1659 λεγόντων
1499 1633 1507 1640 ·
1533 1625 1718 1657 Ἀλληλούΐα
1730 1634 1736 1641 ·
1753 1626 1772 1659 ἢ
1794 1634 1875 1661 σωτη

1098 1669 1151 1702 pla
1165 1669 1213 1695 καὶ
1232 1669 1251 1702 ἡ
1266 1668 1350 1700 δόξα,
1369 1668 1428 1704 [καὶ
1440 1669 1459 1702 ἠ
1476 1667 1557 1704 τιμὴ]
1574 1668 1622 1694 καὶ
1639 1669 1658 1703 ἠ
1675 1669 1801 1704 δύναμις
1816 1670 1887 1706 [Κυ-

1098 1713 1153 1746 ρίῳ
1167 1712 1207 1745 τῷ
1223 1711 1283 1745 Θεῷ
1300 1711 1383 1746 ἡμῶν
1394 1712 1415 1748 ·]
1436 1712 1479 1739 ὅτι
1495 1713 1633 1746 ἀληθιναὶ
1652 1713 1701 1740 καὶ
1723 1713 1832 1741 δίκαιαι
1856 1716 1888 1742 al

1100 1758 1215 1791 κρίσεις
1230 1757 1323 1784 αὑτοῦ
1334 1766 1341 1772 ·
1358 1757 1401 1784 ὅτι
1416 1757 1515 1791 ἔκρινε
1527 1756 1583 1790 τὴν
1596 1758 1714 1791 πόρνην
1727 1758 1784 1792 τὴν
1797 1759 1886 1794 μεγά-

1101 1804 1169 1836 λην,
1185 1803 1251 1837 ἣτις
1267 1803 1414 1837 διέφθειρε
1430 1802 1486 1836 τὴν
1501 1801 1561 1836 γῆν
1570 1802 1604 1828 ὲν
1625 1802 1663 1837 τῇ
1677 1805 1801 1838 πορνείᾳ
1830 1806 1885 1832 αύ-

1101 1848 1156 1882 τῆς
1167 1857 1173 1864 ·
1189 1849 1237 1876 καὶ
1251 1849 1410 1882 ἐξεδίκησε
1423 1848 1457 1875 τὸ
1470 1847 1542 1882 αἷμα
1553 1848 1611 1875 τῶν
1620 1849 1738 1876 δούλων
1747 1851 1841 1877 αὐτοῦ
1851 1852 1886 1878 ἐκ

1101 1894 1155 1928 τῆς
1167 1894 1266 1927 χειρὸς
1285 1893 1392 1927 αὐτῆς.
1405 1893 1459 1920 Kal
1475 1892 1617 1926 δεύτερον
1634 1893 1801 1927 εἰρήκασιν·
1819 1895 1886 1922 ’Λλ-

1101 1940 1243 1973 ληλούΐίι.
1266 1939 1320 1966 Καὶ
1346 1940 1362 1965 ό
1390 1938 1506 1971 καπνὸς
1523 1937 1641 1974 [αὐτῆς]
1663 1939 1816 1967 ἀναϐαίνει
1842 1942 1887 1974 εἰς

1100 1985 1171 2018 τοὺς
1181 1985 1290 2018 αἰῶνας
1309 1985 1367 2011 τῶν
1380 1985 1494 2012 αἰώνων
1506 1992 1513 2000 '
1528 1985 1577 2012 καὶ
1593 1985 1709 2012 ἔπεσον
1727 1987 1754 2012 οἱ
1772 1987 1881 2013 εικοσι-

1100 2032 1249 2066 τέσσαρες
1260 2032 1453 2065 πρεσϐύτεροι
1478 2031 1528 2058 καὶ
1541 2032 1577 2058 τὰ
1592 2032 1727 2066 τέσσαρα
1741 2028 1806 2065 ζῶα,
1833 2034 1884 2060 καὶ

1099 2077 1335 2109 προσεκύνησαν
1360 2075 1399 2108 τῷ
1418 2075 1478 2108 Θεῷ
1502 2076 1541 2108 τῷ
1561 2076 1717 2110 καθημένῳ
1732 2077 1779 2104 ἐπὶ
1808 2077 1885 2114 [τοῦ]

1099 2122 1218 2154 θρόνου.
1230 2121 1373 2156 λέγοντες
1383 2129 1390 2135 '
1410 2121 1509 2155 Ἀμὴν,
1528 2122 1706 2155 ἀλληλούΐα.

1135 2166 1171 2192 Τὸ
1189 2167 1237 2201 μὲν
1274 2167 1467 2200 Ἀλληλούΐα,
1489 2167 1561 2194 θεῖον
1589 2165 1663 2194 αἶνον
1685 2169 1814 2203 σημαίνει
1829 2177 1836 2184 ·
1855 2170 1885 2195 τὺ

1101 2211 1128 2238 δὲ
1151 2212 1254 2247 Ἃμὴν,
1288 2212 1417 2246 ἀληθῶς,
1435 2212 1451 2248 ἢ
1471 2213 1586 2247 γένοιτο
1600 2222 1606 2228 ·
1626 2214 1698 2249 ἅπερ
1710 2214 1805 2246 κοινῶς
1817 2215 1847 2241 ἔκ
1855 2223 1886 2241 τε

1099 2258 1154 2284 τῶν
1169 2258 1324 2292 ἀγγελικῶν
1340 2259 1492 2294 δυνάμεων,
1506 2259 1537 2286 ἔκ
1555 2268 1584 2286 τε
1599 2260 1653 2286 τῶν
1671 2260 1823 2294 ἰσαγγέλων
1836 2261 1885 2287 ἀν-

1100 2302 1228 2338 Ορὼπων,
1246 2303 1283 2338 τῷ
1297 2303 1356 2338 Θεῷ
1367 2299 1451 2338 φησιν
1466 2304 1678 2339 ἀναπέμπεσθαι
1698 2305 1825 2340 τρισσῶς,
1843 2306 1886 2333 διὰ

1100 2350 1149 2383 τὴν
1164 2350 1380 2384 τρισυπόστατον
1399 2349 1470 2385 [τοῦ]
1484 2350 1590 2384 Πατρδς
1602 2350 1660 2386 [καὶ
1673 2350 1733 2387 τοῦ]
1757 2345 1821 2377 Ῠξοῦ
1839 2352 1887 2379 καὶ

1099 2395 1176 2428 ἁγίου
1196 2394 1353 2429 lli/supero;
1370 2395 1474 2421 ὲνισιὶαν
1487 2395 1603 2431 θεότητα
1619 2404 1626 2411 ·
1639 2397 1680 2422 ὅτι
1700 2396 1748 2423 καὶ
1769 2396 1799 2423 τὸ
1815 2394 1886 2432 αἷμα

1099 2440 1151 2466 τῶν
1166 2440 1265 2466 δούλων
1281 2440 1364 2467 αὑτοῦ
1388 2441 1419 2467 ἐκ
1447 2440 1520 2476 [τῆς]
1540 2442 1632 2476 χειρὸς
1665 2442 1824 2474 Βαϐυλῶνος
1844 2443 1886 2475 ἐξ·

1103 2484 1223 2519 εδίκησε,
1236 2486 1283 2512 καὶ
1298 2486 1362 2517 τοὺς
1376 2486 1460 2521 αὐτῆς
1470 2486 1617 2521 οἰκήτορας
1632 2486 1675 2513 διὰ
1686 2486 1735 2521 τῆς
1750 2486 1886 2518 κολάσεως

1099 2531 1292 2565 εὐηργέτησεν,
1309 2531 1429 2566 ἐκκοπὴν
1452 2533 1502 2566 τῆς
1527 2531 1666 2567 ἁμαρτίας
1687 2533 1885 2567 ἐργασάμενος.

1098 2577 1147 2602 Διὰ
1160 2576 1186 2602 δὲ
1201 2576 1248 2602 τοῦ
1276 2578 1319 2609 εις
1330 2576 1440 2610 αἰῶνας
1464 2577 1579 2604 αἰώνων
1594 2578 1647 2604 τὸν
1673 2578 1792 2605 καπνὸν
1815 2578 1886 2606 ἀνα·

1099 2621 1211 2647 σαίνειν
1221 2622 1272 2656 τῆς
1292 2622 1405 2655 πόλεως,
1426 2621 1554 2658 δηλοῦται
1578 2623 1594 2658 ἢ
1621 2623 1650 2650 τὸ
1665 2624 1704 2655 εἰς
1718 2624 1748 2650 τὸ
1761 2623 1886 2659 διηνεκὲς

1099 2667 1152 2694 τῶν
1168 2667 1340 2695 ἐπελθουσῶν
1354 2669 1422 2704 αὐτῇ
1438 2669 1577 2696 κολάσεων
1599 2669 1779 2705 ἀνεπίληστον
1790 2678 1796 2685 ·
1821 2669 1838 2705 ἢ
1856 2669 1886 2696 τὸ

1101 2713 1222 2748 μερικῶς
1250 2713 1335 2749 αὐτὴν
1364 2713 1463 2741 δοῦσαν
1498 2715 1586 2748 δίκας,
1621 2715 1806 2750 μετριωτέρας
1824 2716 1885 2750 μὲν,

1100 2759 1217 2791 alonim;
1233 2759 1259 2785 δὲ
1279 2761 1353 2795 ὅμως
1368 2761 1396 2786 ἐν
1409 2759 1447 2795 τῷ
1460 2760 1582 2795 μέλλοντι
1601 2760 1830 2796 κολασθήσεσθαι.
