2093 3159
219 199 271 232 411

819 199 981 229 ANDREtE
997 198 1257 229 CzESARlENSIS

1796 198 1849 229 412

257 254 317 287 llic,
333 253 503 288 magistrales
530 251 668 279 cathedra:
680 251 749 278 datm
772 250 882 279 fuerunt
902 253 1006 279 sanctis

1095 252 1148 278 Καὶ
1161 251 1211 286 ἤδη
1234 251 1283 286 μὲν
1300 250 1354 282 τοῖς
1379 250 1468 285 ἁγίοις
1487 251 1646 284 ἀποστόλοις
1663 251 1850 279 διδασκαλικοὶ

220 299 365 332 apostolis,
382 306 430 334 per
443 305 511 332 quos
527 302 621 330 gentes
636 296 697 323 fidei
716 297 806 323 lumen
822 301 985 331 acceperunt
999 304 1006 323 :

221 345 257 372 ibi
276 350 378 376 autem,
399 351 494 378 nempe
513 343 539 369 iu
562 343 654 369 futuro
666 342 774 372 smculo.
793 342 871 376 juxta
887 343 1006 370 divinam

223 391 448 425 promissionem,
473 389 533 416 alite
558 388 612 415 illis
636 389 852 422 assignabuntur
873 388 962 420 sedes,
981 389 1007 415 in

220 443 314 462 cuium
335 435 469 468 judicium
482 438 509 460 ct
524 433 780 460 condemnationem
807 433 852 467 qui
873 433 1010 467 evangeli-

222 488 280 505 -~:im
299 480 520 514 piwdieationem
530 479 753 513 repudiaverunt.
764 479 816 511 Ibi,
826 480 899 506 canit
911 480 1006 511 David,

221 525 391 550 auem/erunt
429 524 533 555 tribus,
566 524 650 550 tribus
680 523 795 555 Domini,
830 524 1008 550 testimonium

222 569 310 596 Israel
324 571 356 596 ¹¹⁹.
386 570 417 597 Et
434 576 527 604 postea
538 590 545 601 ,
562 569 693 602 Quoniam
719 570 773 596 illic
790 570 911 596 sederunt
935 570 1007 596 sedes

221 616 247 642 in
257 616 361 649 judicia
377 616 410 643 '°.
428 615 498 648 Quin
515 615 627 649 reliquis
643 623 751 650 quoque
765 616 870 643 sanctis
882 615 1008 649 martyri-

222 662 284 692 bus,
301 661 347 696 qui
365 669 413 694 pro
431 661 541 688 Christo
560 666 673 687 mortem
692 661 811 696 perpessi
830 668 903 693 sunt,
920 669 1009 696 neque

221 707 344 740 mysticae
360 706 463 737 bestiae,
478 706 525 740 qui
537 705 664 733 diabolus
680 711 731 737 est,
745 707 943 738 characterem,
957 707 1008 733 hoe

221 756 264 777 est
284 751 432 785 imagini-in
451 751 597 786 apostasia),
622 751 706 783 illius.
728 756 918 786 susceperunt,
935 751 1007 785 judi-

221 795 302 822 candi
330 801 449 830 potestas
479 796 540 822 data
559 801 619 829 est;
649 804 695 831 per
711 805 791 831 quam
812 798 960 829 daemones,
979 801 1008 824 ut

222 840 258 867 ob
276 841 372 868 oculos
399 841 532 874 videmus,
557 840 680 874 judicare
697 849 750 868 non
767 842 905 873 desinunt.
923 849 1008 875 usque

221 885 255 912 ad
271 885 412 919 przesentis
431 885 520 913 surculi
539 887 803 914 consumn‘iatimtem
820 895 881 914 cum
899 887 1007 914 Christo

221 930 382 964 glorificati;
410 939 424 957 ιι
458 931 509 964 piis
540 939 648 958 rursum
681 933 790 966 regibus
831 923 1044 967 fidelibusque”

221 976 392 1010 principibus
407 977 532 1007 adorati;
547 981 574 1003 et
586 977 679 1004 divina
695 978 813 1013 denique
829 979 927 1005 virtute
941 986 1008 1006 con-

222 1027 263 1048 tra
281 1030 389 1049 onmem
402 1030 546 1056 corporum
561 1024 698 1054 morbum.
718 1023 897 1059 fraudemque
913 1030 940 1051 et
954 1025 1008 1052 vim

221 1067 377 1094 damonum
400 1068 549 1102 conspicue
569 1069 673 1096 donati.
700 1069 832 1097 Caeterum
849 1071 921 1105 quod
948 1071 1008 1097 dia-

220 1113 301 1141 bolus
314 1118 341 1140 et
357 1114 541 1141 Antichristus
556 1120 583 1142 et
599 1115 839 1149 pscudnpropheta
856 1117 1010 1143 communi-

221 1163 285 1186 cent
299 1167 353 1186 non
373 1161 454 1187 modo
468 1160 606 1194 operibus,
632 1169 724 1187 verum
741 1161 821 1188 etiam
839 1162 1006 1194 nominibus,

221 1205 288 1232 illud
305 1212 336 1231 ex
360 1212 393 1232 eo
408 1205 584 1232 manifestum
603 1210 655 1238 est,
673 1206 745 1240 quod
761 1206 945 1240 unusquilibet
961 1208 1009 1235 ho-

221 1258 283 1277 rum
310 1251 461 1285 appelletur
487 1250 586 1283 bestia,
613 1251 752 1285 similique
777 1251 869 1278 habitu
895 1259 1009 1280 ornatus

221 1301 364 1323 cernatur.
381 1295 449 1323 Nam
467 1301 493 1322 et
509 1296 591 1322 draco
608 1297 665 1323 sive
687 1295 815 1328 Satanas,
834 1303 936 1330 septem
962 1306 1008 1325 ca-

221 1342 278 1376 pita
294 1346 320 1369 et
335 1341 429 1371 decem
448 1349 562 1374 cornua,
575 1349 636 1368 cum
654 1345 696 1368 tot
726 1342 888 1370 diadematis
904 1342 1009 1371 deferre

221 1387 334 1420 visitur;
351 1391 378 1415 et
391 1387 486 1419 bestia,
505 1395 566 1422 qua:
584 1395 616 1413 ex
636 1388 704 1414 mari
720 1388 856 1419 ascendit,
879 1388 1008 1415 nimirum

221 1433 422 1464 Anticliristus,
441 1432 524 1460 simili
542 1434 683 1460 schemate
701 1434 818 1460 vestitus
839 1433 866 1460 in
890 1434 1008 1460 medium

221 1479 334 1514 prodire
360 1479 554 1514 conspicitur:
583 1485 607 1506 et
632 1479 871 1514 pscudopropheta
897 1479 1009 1506 tandem

219 1524 345 1551 eamdem
362 1531 424 1551 cum
442 1529 561 1559 utroque
574 1529 691 1551 mentem
709 1529 735 1551 et
749 1525 802 1551 vim
822 1524 857 1552 ad
876 1525 1009 1552 Seducen‘

220 1570 285 1597 dum
306 1575 332 1597 et
348 1571 515 1605 perdendum
539 1571 638 1598 afferre
661 1571 885 1605 deprehenditur.
905 1570 1008 1597 Abho-

1060 295 1150 331 Θρόνοι
1171 295 1311 328 δέδονται,
1327 296 1361 322 δι’
1382 293 1419 322 ὤν
1441 296 1474 323 τὰ
1494 296 1557 331 ἔθνη
1577 296 1849 332 πεφωταγώγηνταιο

1059 342 1216 376 δοθήσονται
1239 341 1267 368 δὲ
1291 341 1362 368 κατὰ
1375 342 1425 377 τὴν
1446 342 1521 368 θείαν
1537 342 1684 377 ὑπόσχεσιν
1707 344 1753 370 καὶ
1767 344 1796 370 ὲν
1811 344 1849 378 τῷ

1061 386 1184 421 μέλλοντι
1196 385 1298 422 [αἰῶνι]
1311 388 1350 418 είς
1363 387 1528 421 κατάκρισιν
1542 388 1600 418 τοῖς
1612 388 1804 422 ἀπωσαμένοις
1818 389 1850 415 τδ

1059 432 1237 465 εὐαγγελικδν
1250 433 1394 467 κήρυγμα,
1417 433 1507 463 καθώς
1522 441 1605 468 φησιν
1619 434 1633 459 ὁ
1650 434 1730 460 Δαυῖδ
1740 442 1747 448 ·
1772 434 1854 460 Ἐκεῖ

1058 477 1114 512 γὰρ
1127 478 1281 511 ἀνέϐησαν
1305 479 1335 505 at
1351 479 1460 512 φυλαὶ,
1482 480 1574 513 φυλαί
1591 480 1702 513 ΚίφΙου
1715 499 1722 511 ,
1738 479 1850 514 μαρτύ-

1055 532 1124 557 ριον
1143 523 1182 556 τῷ
1203 525 1335 558 Ἰσραήλ.
1357 525 1411 551 Καὶ
1433 525 1513 558 ἑξῆς·
1537 526 1600 551 Ὅτι
1621 525 1684 552 ἐκεῖ
1704 525 1852 552 ἐκάθισαν

1059 569 1159 602 θρόνοι
1175 570 1220 602 είς
1235 571 1345 602 κρίσιν.
1362 571 1417 596 Καὶ
1440 571 1496 601 τοῖς
1511 570 1613 602 λοιποῖς
1627 571 1655 597 δὲ
1671 571 1758 604 ἁγίοις
1780 571 1852 606 μάρ-

1059 623 1131 646 τυσι,
1148 616 1203 646 τοῖς
1215 615 1285 650 ὑπὲρ
1298 615 1416 650 Χριστοῦ
1430 616 1556 648 παθοῦσι,
1573 616 1620 642 καὶ
1638 616 1676 651 μὴ
1691 616 1851 651 δεξαμένοις

1059 660 1090 686 τὸ
1101 660 1146 686 τοῦ
1163 660 1260 694 νοητοῦ
1275 661 1370 695 Θηρίου
1388 661 1435 687 τοῦ
1451 661 1576 688 διαϐόλου
1592 661 1734 696 χάραγμα,
1750 661 1850 698 δηλαδὴ

1059 705 1107 740 τὴν
1127 705 1218 731 εἰκόνι
1243 705 1292 739 τῆς
1317 706 1399 732 αὐτοῦ
1425 706 1611 736 ἀποστασίας.
1639 706 1716 741 ἐδόθη
1741 707 1848 741 κρῖμα”

1059 751 1199 776 τουτέστιν
1216 750 1324 783 ἐξουσία
1339 750 1385 777 τοῦ
1403 751 1516 786 κρίνειν·
1530 751 1563 778 δι’
1576 749 1606 778 οὗ
1620 751 1751 786 δαίμονας
1768 752 1850 787 μέχρι

1058 795 1105 821 τοῦ
1132 796 1188 827 νῦν,
1207 796 1245 826 ὡς
1272 796 1389 831 ὁρῶμεν,
1404 796 1543 831 κρίνουσι,
1569 796 1792 831 συνδοξαζόμενοι
1812 797 1851 831 τῷ

1059 841 1168 875 Χριστῷ
1186 841 1266 876 μέχρι
1281 840 1352 876 [τῆς]
1370 841 1526 872 συντελείας
1537 841 1583 868 τοῦ
1598 842 1732 876 παρόντος
1743 841 1850 874 αἰῶνος,

1060 887 1113 913 ὑπὸ
1130 887 1265 921 βασιλέων
1280 887 1399 913 εὐσεὸὦν
1424 887 1471 914 καὶ
1493 888 1631 921 ἀρχόντων
1645 888 1747 914 πιστῶν
1767 896 1852 923 προσ-

1061 931 1238 966 κυνούμενοι·
1256 931 1389 958 καὶκατὰ
1415 932 1505 966 πάσης
1530 933 1690 967 σωματικῆς
1714 933 1791 959 νόσου
1805 933 1852 959 καὶ

1060 977 1220 1012 δαιμονικῆς
1243 978 1384 1011 ἐνεργείας
1412 977 1462 1012 τὴν
1487 977 1626 1004 θεόσδοτον
1655 978 1768 1011 δύναμιν
1793 979 1853 1005 ἐπι-

1060 1022 1239 1056 δεικνύμενοι.
1258 1023 1319 1049 Ὅτι
1332 1023 1359 1048 δὲ
1373 1023 1547 1049 κοινωνοῦσιν
1563 1023 1687 1058 ἀλλήλοις
1704 1024 1718 1049 ὁ
1729 1023 1852 1054 διάϐολος

1062 1067 1131 1103 [καὶ]
1143 1069 1157 1094 ὁ
1177 1068 1362 1103 ’Λντίχριστος
1375 1089 1382 1101 ,
1403 1069 1449 1094 καὶ
1464 1069 1478 1094 6
1493 1068 1720 1103 ψευδοπροφήτης
1730 1089 1737 1100 ,
1758 1068 1853 1103 ὥσπερ

1060 1115 1121 1146 ταῖς
1137 1114 1278 1149 πράξεσιν,
1301 1114 1372 1141 οὕτω
1389 1115 1436 1141 καὶ
1454 1116 1510 1145 τοῖς
1529 1115 1654 1149 ὀνόμασι,
1667 1115 1746 1149 δῆλον
1767 1114 1796 1146 ἐξ
1815 1111 1852 1141 ὧν

1061 1160 1165 1194 θηρίον
1180 1159 1295 1192 ἕκαστος
1310 1159 1413 1186 τούτων
1429 1161 1675 1195 προσαγορεύεται,
1698 1161 1745 1186 καὶ
1758 1161 1790 1186 ἐκ
1804 1159 1852 1186 τοῦ

1060 1205 1106 1232 τὸν
1121 1205 1254 1239 δράκοντα
1271 1205 1310 1237 δὲ,
1325 1205 1425 1240 δηλαδὴ
1440 1205 1485 1231 τὸν
1499 1206 1634 1237 Σατανᾶν,
1650 1205 1719 1231 ἑπτὰ
1731 1204 1852 1239 κεφαλὰς

1061 1251 1108 1278 καὶ
1122 1251 1187 1278 δέκα
1199 1251 1303 1285 κέρατα
1322 1251 1370 1277 σὺν
1387 1250 1522 1282 τοσούτοις
1537 1251 1684 1286 διαδήμασι
1702 1251 1852 1285 πεφηνέναι

1062 1296 1270 1332 ἐπιφερόμενον.
1287 1297 1342 1323 Καὶ
1364 1297 1394 1323 τὸ
1408 1297 1442 1323 ἐκ
1460 1296 1516 1331 τῆς
1537 1297 1689 1330 θαλάττης
1707 1296 1851 1323 ἀναὸαἶνον

1061 1343 1182 1376 θηρίον,
1194 1341 1293 1377 δηλαδὴ
1302 1341 1348 1368 τὸν
1369 1342 1566 1377 Ἀντίχριστον,
1582 1341 1621 1377 τῷ
1634 1341 1719 1377 ὁμοίῳ
1734 1340 1853 1375 φανῆναι

1062 1388 1192 1422 σχήματι,
1201 1387 1250 1422 τὴν
1259 1387 1344 1422 αὐτὴν
1357 1388 1566 1422 προσμαρτυρεῖ
1573 1386 1701 1423 [τούτοις]
1713 1386 1811 1422 βουλήν
1820 1394 1852 1413 τε

1061 1433 1107 1458 καὶ
1123 1432 1263 1466 ἐνέργειαν
1281 1432 1349 1466 πρὸς
1365 1432 1413 1466 τὴν
1429 1431 1483 1458 τῶν
1497 1433 1686 1467 ἀπατωμένων
1703 1431 1852 1458 ἀπώλειαν.

1061 1474 1114 1509 Ἶίς
1128 1478 1153 1504 οἰ
1176 1477 1412 1512 ἐλευθεριάζον-τες
1423 1497 1431 1510 ,
1447 1477 1486 1512 τῷ
1507 1477 1618 1513 Χριστῷ
1634 1477 1705 1504 κατὰ
1726 1477 1770 1504 τὸν
1787 1486 1854 1512 προ-

1061 1524 1190 1559 λεχθὲντα
1201 1524 1300 1559 τρόπον
1308 1524 1388 1560 μέχρι
1397 1524 1446 1559 τῆς
1460 1524 1590 1559 δευτέρας
1602 1524 1685 1550 αὑτοῦ
1699 1523 1852 1558 παρουσίας

1062 1569 1326 1604 συμϐασιλεύσουσι,
1355 1570 1424 1605 μετὰ
1444 1570 1547 1605 ταύτην
1569 1570 1771 1606 περισσοτέρως
1795 1570 1851 1597 τῶν

221 1623 281 1643 rum
299 1621 389 1643 autem
414 1616 553 1643 consortio
577 1622 603 1643 et
620 1616 715 1643 fraude
736 1617 826 1651 quise
848 1619 1008 1643 exemerunt

1063 1615 1143 1642 θείων
1158 1616 1330 1650 ἐπαγγελιῶν
1343 1616 1552 1647 ἀπολαύσοντες.

220 1669 248 1690 et
271 1664 456 1696 vindicarunt,
478 1672 540 1691 cum
566 1664 676 1691 Christo
702 1664 781 1698 juxta
807 1664 917 1691 modum
944 1663 1025 1697 paulo
1037 1667 1100 1690 ante
1111 1664 1277 1698 expositum,
1298 1671 1386 1698 usque
1399 1663 1433 1690 ad
1457 1663 1608 1691 secundum
1619 1662 1692 1690 illius
1704 1663 1852 1690 adventurm

220 1709 392 1744 regnabunt',
411 1714 471 1744 post
484 1709 559 1736 illum
574 1714 676 1742 autem,
691 1709 792 1736 divinis
808 1709 1040 1744 promissionibus
1059 1709 1244 1737 abundantius
1263 1710 1411 1744 potientur.

530 1766 645 1794 CAPUT
660 1766 741 1793 LXII.

220 1821 275 1856 93
294 1821 360 1855 Qua:
373 1822 406 1849 sit
423 1822 511 1857 prima
532 1823 701 1883 resurget-tio,
714 1831 773 1858 qua:
794 1823 856 1850 item
877 1831 948 1851 mors
966 1832 1008 1851 re-

551 1865 602 1883 cuu
623 1865 650 1883 ο.

551 1865 650 1884 cuuaa.

256 1911 318 1945 XX,
333 1911 358 1945 5,
375 1912 402 1940 ϐ.
427 1911 522 1940 Caneri
544 1920 603 1939 vero
623 1917 786 1939 mortuorum
804 1921 855 1940 non
878 1914 1009 1947 vixerunt,

221 1957 303 1985 donec
315 1963 562 1984 contaminarentur
577 1958 649 1984 mille
663 1959 738 1985 auiti.
756 1958 819 1985 Ηωε
837 1964 876 1986 εει
892 1967 1008 1986 resurre-

221 2004 274 2030 ctio
287 2004 385 2038 prima.
405 2003 504 2030 Beatus
521 2009 544 2030 et
567 2009 685 2035 sanctus,
706 2005 752 2038 qui
765 2004 841 2031 liabet
861 2010 962 2038 partem
981 2005 1008 2031 in
1028 2005 1030 2008 ’

221 2049 412 2076 resurrectione
434 2049 532 2081 prima.
554 2048 586 2076 lu
603 2049 643 2075 liis
671 2057 741 2076 mors
755 2049 871 2076 sectmda
888 2057 939 2075 non
960 2048 1008 2076 ha-

221 2094 261 2120 bet
276 2097 431 2128 potestatcm
444 2100 454 2124 ;
473 2093 518 2119 sed
532 2097 608 2119 erunt
621 2093 768 2119 sacerdotes
787 2092 834 2118 Dei
848 2096 872 2119 et
893 2091 1006 2124 Christi,

219 2143 244 2166 et
263 2137 407 2174 regnabant
417 2146 477 2165 cuiu
493 2138 540 2165 illo
553 2138 625 2166 mille
637 2139 726 2165 ιιιιηῑς.

255 2224 293 2252 Ex
317 2225 417 2253 divinis
442 2226 550 2252 Litteris
567 2226 635 2252 duas
660 2231 766 2253 exstare
788 2227 868 2258 vitas,
893 2230 920 2253 et
941 2226 1008 2252 duas

219 2271 314 2300 itidem
335 2276 432 2297 mortes
452 2271 608 2298 didicimus.
628 2271 720 2299 Prima
743 2273 796 2299 vita
814 2277 857 2299 est
870 2273 927 2304 illa,
944 2281 1006 2307 qua:

219 2320 281 2350 post
296 2321 461 2350 praeceptum
484 2318 518 2343 ab
530 2316 634 2344 Adamo
653 2317 780 2344 violatum
805 2318 909 2352 reliqua
938 2318 1004 2349 fuit,

219 2361 338 2389 carnalis
354 2361 448 2396 utique
467 2365 493 2388 et
515 2362 690 2396 temporaria.
718 2363 809 2390 Altera
837 2368 938 2390 teterna
955 2368 1006 2397 est,

220 2414 283 2441 qua:
298 2411 360 2441 post
380 2406 536 2434 divinorum
563 2413 759 2442 praeceptorum
775 2409 1006 2441 observationem,

221 2453 325 2480 sanctis
339 2453 366 2480 in
381 2453 468 2479 altero
483 2452 584 2480 saeculo
597 2454 777 2486 promittitur.
794 2454 866 2481 Mors
881 2455 1007 2482 similiter

220 2499 322 2534 duplex
340 2504 383 2526 est
403 2507 411 2527 :
433 2508 498 2533 una.
521 2499 641 2528 carnalis
656 2505 683 2528 et
698 2501 862 2534 temporaria
886 2510 891 2526 :
908 2501 1005 2532 altera,

219 2545 398 2580 sempiterna,
428 2554 489 2580 quae
517 2546 544 2572 in
575 2550 751 2580 peccatorum
783 2545 929 2573 vindictam
960 2554 1008 2581 per

219 2593 377 2627 gehennam
396 2592 478 2626 ignis,
495 2592 603 2626 aliaque
617 2591 644 2618 id
662 2599 749 2626 genus
777 2596 910 2618 tormenta
936 2591 1005 2626 apud

220 2637 326 2665 inferos
341 2643 403 2672 post
428 2637 500 2664 hanc
515 2638 598 2664 vitam
617 2637 743 2664 infertur.
768 2637 837 2664 Ilinc
858 2637 913 2672 jam
933 2645 1006 2663 mor-

220 2689 331 2710 tuorum
355 2685 502 2711 discrimen
532 2684 680 2718 colligitur.
707 2684 759 2710 Alii
777 2683 850 2710 enim
881 2689 943 2710 sunt
964 2683 1004 2708 vi—

220 2728 314 2760 laudi,
344 2729 376 2756 ad
402 2737 472 2764 quos
489 2729 555 2756 illud
572 2730 648 2757 Isaia:
671 2734 776 2764 spectat
804 2738 809 2756 :
838 2728 890 2761 Qui
920 2734 1007 2754 autem

218 2775 403 2807 utortuisunt,
423 2776 502 2802 vitam
515 2783 566 2802 non
586 2776 689 2802 videant
704 2776 737 2802 ".
769 2774 912 2809 Ejusmodi
941 2777 1006 2801 sunt

219 2821 267 2856 qui
286 2829 335 2856 per
359 2822 429 2849 {tela
458 2829 540 2856 opera
567 2821 733 2849 cadaverum
751 2820 871 2852 fetorem.
893 2827 948 2854 pra:
974 2827 1004 2847 se

255 2892 279 2910 "
305 2891 377 2921 Psal.
407 2901 479 2926 cui,
501 2893 521 2920 ί.
577 2892 599 2909 ⁶⁰
615 2893 680 2920 ibid.
704 2891 729 2919 5.
770 2893 790 2908 ει
807 2891 858 2919 lsa.
879 2899 949 2925 xxvr,
972 2891 1011 2919 l-l.

1351 1767 1477 1795 ΚΕΦΔΛ.
1498 1766 1557 1794 EB’.

1063 1823 1111 1856 Τίς
1124 1823 1210 1851 ἐστιν
1225 1822 1244 1857 ἠ
1261 1822 1360 1857 πρώτη
1373 1823 1550 1856 ἀνάστασις,
1569 1823 1618 1850 καί
1632 1823 1677 1856 τίς
1688 1823 1705 1850 ὀ
1714 1822 1851 1858 δεύτερος

1385 1858 1524 1891 θάνατος.

1096 1916 1149 1943 Kal
1173 1917 1201 1943 οι
1223 1917 1323 1944 ,λοιποί
1351 1915 1411 1943 τῶν
1429 1913 1546 1949 νεκρῶν
1570 1915 1625 1942 οὐκ
1643 1914 1756 1949 ἔζησαν
1780 1915 1851 1950 ἄχρι

1057 1960 1187 1994 τελεσθῇ
1219 1961 1256 1988 τὰ
1283 1961 1365 1994 χίλια
1394 1960 1457 1994 ἐτη.
1486 1959 1567 1993 Αῦτη
1592 1959 1611 1993 ἠ
1637 1959 1808 1991 ἀνάστασις
1831 1959 1850 1992 ἦ

1058 2005 1167 2039 πρώτη·
1187 2006 1260 2041 [καὶ]
1270 2004 1416 2040 μακάριος
1431 2004 1480 2031 καί
1492 2004 1574 2038 ἅγιος
1592 2006 1608 2031 ὀ
1622 2004 1700 2038 ἔχων
1711 2004 1801 2038 μέρος
1816 2005 1852 2030 ἐν

1057 2050 1096 2084 τῇ
1107 2050 1273 2078 ἀναστάσει
1288 2051 1326 2085 τῇ
1341 2050 1450 2085 πρώτῃ.
1469 2050 1534 2076 Ἐπί
1551 2050 1663 2076 τούτων
1680 2051 1697 2076 ό
1712 2048 1850 2083 δεύτερος

1058 2095 1187 2129 θάνατος
1201 2097 1257 2123 οὐκ
1273 2096 1335 2129 ἔχει
1353 2095 1516 2127 ἐξουσίαν’
1533 2095 1602 2122 ἀλλ’
1626 2094 1746 2121 ἔσονται
1764 2094 1851 2128 (opsig-

1062 2141 1116 2168 τοῦ
1140 2141 1213 2168 Θεοῦ
1237 2141 1285 2168 καὶ
1311 2141 1364 2168 τοῦ
1389 2140 1532 2175 Χριστοῦ,
1550 2139 1600 2167 καί
1624 2139 1851 2172 ,βασιλεύσουσι

1060 2187 1125 2221 μετ’
1138 2186 1231 2213 αὑτοῦ
1242 2187 1325 2221 χίλια
1337 2187 1400 2220 ἔτη.

1099 2233 1155 2260 Δύο
1179 2232 1252 2265 ζωὰς
1268 2233 1314 2259 καὶ
1331 2233 1387 2260 δύο
1407 2231 1580 2266 νεκρώσεις,
1605 2232 1689 2266 ἤγουν
1706 2230 1848 2262 Θανάτουο,

1059 2280 1091 2306 ἐκ
1107 2279 1157 2312 τῆς
1178 2279 1254 2310 Θείας
1274 2279 1386 2314 Γραφῆς
1407 2277 1601 2313 διδασκόμεθα.
1623 2277 1702 2303 Ἐστι
1725 2277 1816 2304 τοίνυν
1832 2278 1848 2310 ἡ

1060 2325 1110 2359 μὲν
1127 2325 1223 2360 πρώτη
1240 2324 1307 2359 ζωὴ,
1323 2326 1338 2360 ὴ
1352 2325 1421 2359 μετὰ
1431 2325 1481 2359 τὴν
1496 2324 1545 2359 τῆς
1556 2323 1666 2357 ἐντολῆς
1681 2322 1848 2358 παράὸασιν,

1058 2371 1226 2406 πρόσκαιρος
1243 2372 1290 2397 καὶ
1305 2371 1437 2406 σαρκική·
1458 2371 1474 2405 ἠ
1492 2370 1519 2396 δὲ
1538 2370 1608 2404 μετὰ
1630 2369 1680 2404 τὴν
1696 2368 1752 2395 τῶν
1769 2368 1849 2394 θείων

1056 2414 1103 2441 τοῦ
1130 2415 1247 2450 Χριστοῦ
1278 2415 1394 2441 ἐντολῶν
1421 2415 1537 2449 τήρησιν
1568 2413 1763 2448 ὲπηγγελμένη
1791 2414 1848 2444 τοῖς

1057 2459 1144 2494 ἁγίοις
1158 2459 1214 2494 ζωὴ
1238 2459 1357 2491 αίώνιος.
1375 2459 1430 2486 Καὶ
1444 2460 1565 2487 θάνατοι
1578 2459 1606 2485 δὲ
1619 2459 1750 2491 ὡσαύτως
1763 2458 1820 2485 δύο*
1833 2460 1848 2485 ὁ

1058 2506 1107 2539 μὲν
1126 2505 1175 2539 τῆς
1191 2505 1302 2539 σαρκὸς,
1320 2505 1484 2540 πρόσκαιρος
1496 2513 1502 2519 “
1519 2506 1533 2531 ὁ
1547 2505 1576 2532 δὲ
1591 2505 1624 2531 δι’
1638 2504 1848 2540 ἁμαρτημάτων

1057 2549 1158 2576 ἔκτισιν
1171 2551 1340 2584 ἐπαγόμενος
1354 2551 1383 2576 ὲν
1397 2550 1436 2585 τῷ
1452 2550 1576 2585 μέλλοντι
1587 2571 1595 2582 .
1624 2551 1743 2583 αίὼνιος,
1761 2551 1848 2584 ὅσπερ

1056 2596 1128 2622 ἐστὶν
1145 2597 1160 2630 ἡ
1177 2595 1223 2622 τοῦ
1246 2597 1330 2630 πυρὸς
1344 2596 1451 2630 γέεννα.
1468 2597 1522 2623 Καὶ
1544 2595 1651 2632 νεκρῶν
1664 2597 1692 2623 δὲ
1713 2597 1846 2631 διαφορὰν

1054 2641 1234 2676 γινώσκομεν.
1263 2642 1294 2668 Ol
1318 2642 1366 2676 μὲν
1389 2642 1443 2677 γὰρ
1462 2643 1574 2677 φευκτοὶ
1603 2642 1680 2676 (περὶ
1702 2639 1739 2669 ὧν
1764 2650 1847 2675 φησιν

1063 2686 1186 2718 Ἡσαΐας·
1204 2686 1236 2712 Ol
1250 2685 1283 2712 δὲ
1296 2687 1395 2720 νεκροί
1424 2686 1499 2720 ζωὴν
1513 2687 1549 2714 οὐ
1564 2687 1607 2721 μὴ
1636 2687 1730 2714 ιὸωσι·
1747 2686 1846 2721 δηλαδὴ

1059 2731 1084 2756 οἱ
1100 2731 1159 2762 ταῖς
1174 2730 1288 2766 πράξεσι
1302 2731 1352 2764 τὴν
1365 2731 1496 2759 δυσωδίαν
1509 2733 1557 2759 καὶ
1572 2732 1621 2767 τὴν
1636 2733 1769 2767 νέκρωσιν
1787 2734 1846 2758 ἑπι-

1059 2775 1215 2812 φερόμενοι)
1227 2785 1234 2792 °
1248 2778 1272 2804 οί
1288 2777 1316 2804 δὲ
1338 2778 1490 2810 ὲπαινετοὶ,
1505 2779 1529 2804 οἰ
1544 2778 1573 2804 ὲν
1589 2777 1698 2813 Χριστῷ
1714 2778 1762 2809 τὰς
1777 2777 1846 2812 πρά-

1058 2819 1112 2852 ξεις
1128 2821 1174 2848 τοῦ
1192 2821 1316 2858 σώματος
1335 2822 1532 2857 θανατοῦντες,
1548 2823 1595 2850 καὶ
1609 2823 1633 2850 oi
1651 2822 1761 2858 Χριστῷ
1781 2830 1844 2849 συν-
