2093 3159
277 185 330 219 413

749 189 1051 220 COMMENTARIUS
1071 190 1112 220 IN
1133 190 1396 221 APOCALYPSIX.

1842 192 1896 225 41-5

274 243 476 278 εσταυρωμένοι
499 242 546 270 καὶ
570 242 609 278 τῷ
634 242 728 278 κόσμῳ
753 242 939 278 νεκρούμενοι.
963 244 994 270 Οἱ
1014 243 1060 270 οὖν

1117 243 1216 271 rerum.
1234 244 1286 270 Alii
1302 247 1392 270 autem
1411 243 1489 270 laude
1511 243 1583 278 digni
1602 247 1678 270 sunt.
1701 243 1768 278 Ejus
1796 248 1905 279 generis

274 289 495 323 ἀπηγορευμένα
510 289 602 323 νεκροὶ
614 309 620 318 ,
637 289 661 314 οἱ
680 288 716 323 μὴ
739 289 921 322 συνταφέντες
937 289 985 314 καὶ
1000 297 1065 314 συν-

274 334 440 365 αναστάντες
455 333 515 369 [τῷι
532 325 643 368 Χριστὶῖ)
657 334 701 360 διὰ
714 333 760 360 τοῦ
776 333 963 368 βαπτίσματος
976 354 983 364 ,
997 333 1066 360 ἀλλά

274 381 306 414 τῇ
323 379 455 414 νεκρώσει
466 379 520 405 τῶν
532 379 739 414 ἁμαρτημάτων
753 380 943 414 ἐμμείναντες,
955 381 985 406 οὐ
998 380 1066 411 ζῶσι

276 425 324 451 σὺν
347 425 421 459 αὑτῷ
444 424 508 459 ἄχρι
525 424 674 450 τελεσθῶσι
700 425 772 459 χίλια
795 425 860 459 ἔτη·
888 425 1026 451 τουτέστιν
1052 425 1067 450 ὸ

274 469 376 501 τέλειος
391 470 518 504 ἀριθμδς,
534 471 548 496 ὁ
559 470 613 496 ἀπὸ
625 470 674 503 τῆς
689 470 800 505 πρώτης
815 470 897 496 αὑτοῦ
914 471 1066 506 παρουσίας

277 514 358 548 μέχρι
381 514 430 549 τῆς
452 514 581 548 δευτέρας
607 515 714 548 ἐνδόξου
733 515 827 550 [αὑτοῦ
848 515 1010 550 παρουσίας]
1030 515 1067 541 δι-

275 560 360 593 ήκων,
371 559 409 590 ὡς
423 560 552 594 ἀνωτέρω
566 560 673 594 εἴρηται
684 561 754 586 ’ἀλλ’
765 562 796 586 ὲκ
808 561 859 595 γῆς
875 561 958 595 μόνης
973 569 1068 595 γεννη-

276 605 378 636 θέντες,
394 605 441 632 καὶ
458 605 509 632 οὑκ
521 606 553 631 ὲκ
570 606 735 640 πνεύματος,
751 607 790 638 είς
806 607 857 641 γῆν
870 606 919 641 τὴν
933 607 1066 641 ἀποστροο

276 651 329 684 ςὴν
343 650 461 685 ἔχουσιν.
484 650 514 677 '0
527 651 580 685 γὰρ
600 651 712 682 Θάνατος
731 652 820 678 αὐτῶν
850 652 921 686 ἀρχὴ
936 651 985 684 τῆς
1003 652 1064 686 ps).-

275 696 375 730 λούσης
400 697 491 727 αὐτοῖς
506 697 643 728 κολάσεως
659 697 776 730 γίνεται.
791 697 822 723 0i
839 697 866 722 δὲ
883 696 965 732 μέρος
985 697 1013 722 ὲν
1031 697 1066 731 τῇ

276 741 373 777 πρώτῃ
383 742 529 768 ἀναστάσει
540 741 646 777 ἔχοντες
655 761 662 773 ,
674 742 813 769 τουτέστιν
828 743 856 768 ὲν
868 744 900 777 τῇ
913 742 1020 776 ὲγὲρσει
1032 743 1065 776 τῇ

276 788 308 813 ὲκ
317 787 372 813 τῶν
385 786 557 813 θανατουσῶν
570 787 679 814 ἐννοιῶν
691 786 744 823 [τε]
756 788 802 814 καὶ
813 788 938 822 πράξεων
950 787 1064 822 νεκρῶν,

275 829 348 859 οὗτοι
359 833 499 868 μακάριοι·
510 833 539 859 οὐ
548 833 602 867 γὰρ
614 832 669 864 ἔξει
680 834 726 860 ἐπὶ
735 834 838 860 τούτων
847 834 970 866 ἐξουσίαν
984 834 998 859 ὁ
1008 833 1065 859 δεύ-

274 887 353 913 τερος
363 878 486 909 θάνατος,
500 879 638 904 τουτέστιν
649 879 665 913 ἡ
677 878 852 913 ἀτελεύτητος
868 879 990 910 κόλασις
1005 878 1064 905 ἀλλ’

277 923 445 959 Ῑερατεύουσι
457 924 504 950 καὶ
519 923 690 958 βασιλεύουσι
707 924 777 958 μετά
791 924 862 960 [τοῦ]
878 924 1006 960 Χριστοῦ,
1027 925 1064 956 ὡς
1081 913 1102 941 Β

276 969 395 1005 ὁρῶμεν,
412 969 447 996 τὰ
464 970 594 1003 νοηθέντα
610 971 677 1005 ἡμῖν
692 971 765 1005 χίλια
781 971 827 1005 ἔτη
840 991 847 1003 ,
863 971 944 1005 μέχρι
958 971 1004 997 τοῦ
1019 971 1064 997 λυ-

277 1015 356 1049 θῆναι
370 1016 416 1041 τὸν
433 1015 556 1041 Σατανᾶν
578 1016 624 1042 καὶ
642 1015 779 1049 πλανῆσαι
804 1015 916 1052 ίπάντα]
936 1016 969 1042 τὰ
984 1016 1046 1050 ἒθνη
1057 1024 1063 1031 ·

275 1060 324 1095 οὐκ
344 1060 383 1091 ὡς
406 1060 467 1087 τότε
489 1061 538 1096 τὴν
563 1061 701 1095 βασιλείαν
725 1062 937 1096 ἀφαιρούμενοι·
955 1061 1011 1087 ἀλλ’
1029 1061 1067 1092 ὡς

277 1106 459 1141 βεϐαιοτέρως
483 1107 568 1141 αὐτὴν
592 1107 640 1133 καὶ
663 1107 874 1142 ἑμφανεστέρως
899 1107 1066 1142 κτησάμενοι

275 1151 309 1185 τῇ
334 1151 499 1186 παραδρομῇ
522 1151 577 1177 τῶν
598 1151 790 1186 προσκαίρων,
815 1152 862 1178 καὶ
887 1151 997 1184 καθέξει
1013 1151 1066 1178 τῶν

276 1196 403 1223 αἰωνίων.
424 1196 528 1230 Ὀλίγος
541 1196 596 1231 γὰρ
615 1197 629 1223 ὁ
645 1196 738 1230 χρόνος
755 1197 769 1222 ό
785 1197 854 1231 μετά
867 1197 916 1232 τὴν
940 1197 987 1223 τοῦ
1007 1196 1066 1223 δια-

276 1239 354 1267 ϐόλου
367 1240 443 1266 λύσιν
456 1240 538 1275 μέχρι
549 1241 598 1274 τῆς
614 1241 675 1268 κατ’
687 1241 769 1267 αὐτοῦ
782 1242 944 1276 ἀποφάσεως
959 1241 1066 1276 καὶτῆς

276 1286 306 1313 ἐν
320 1286 418 1322 γεέννῃ
431 1286 578 1317 κολάσεως.
597 1287 678 1312 Ὥστε
695 1287 735 1319 τὸ,
753 1288 891 1314 Ἔσονται
912 1287 999 1320 ἱερεῖς
1012 1287 1066 1314 τοῦ

277 1331 351 1359 Θεοῦ
374 1332 423 1358 καὶ
442 1331 494 1358 τοῦ
522 1332 666 1365 Χριστοῦ,
689 1332 856 1366 ὲπανάληψιν
882 1331 990 1366 νοητὲον
1011 1332 1066 1358 τῶν

277 1376 432 1412 προτέρων·
449 1377 496 1403 καὶ
512 1377 566 1411 γὰρ
588 1377 620 1404 τὰ
633 1377 680 1403 νῦν
697 1377 741 1404 διὰ
762 1377 811 1412 τῆς
827 1378 925 1412 πείρας
948 1377 995 1403 καὶ
1016 1378 1066 1412 τῆς

276 1422 331 1449 τῶν
346 1422 516 1456 πραγμάτων
531 1422 670 1453 ἐκϐάσεως
685 1423 810 1458 ὁρώμενα
827 1423 881 1449 τῶν
897 1423 981 1456 ἁγίων
996 1422 1066 1457 γέρα

276 1468 325 1494 καὶ
337 1468 473 1503 Θαύματα,
487 1468 583 1502 ἔμελλε
595 1469 653 1495 τότε
668 1469 712 1495 ὅτε
725 1469 762 1502 τῷ
775 1469 955 1503 εὑαγγελιστῇ
971 1468 1066 1494 ὼπτά-

277 1522 347 1546 νετο,
360 1514 398 1546 ὡς
413 1515 635 1550 εἰρηται.Τοίνυν
650 1515 697 1541 δύο
709 1515 832 1541 θανάτων
847 1515 942 1547 ὄντων,
957 1514 1064 1548 ἀνάγκη

1118 294 1182 316 sunt
1192 289 1238 322 qui
1255 293 1365 322 propter
1375 288 1514 315 Christum
1529 295 1612 322 opera
1627 288 1718 315 carnis
1733 290 1901 317 mortit-ican-

1117 339 1168 365 tes,
1184 342 1288 360 necnon
1304 341 1366 360 cum
1383 334 1478 361 eodem
1493 334 1604 361 Christo
1618 342 1677 361 sese
1692 334 1896 369 cruciﬁgentes,

1117 381 1220 407 mundo
1244 381 1334 406 vivere
1351 379 1502 406 desierunt.
1527 379 1626 406 Mortui
1656 381 1740 414 igitur
1754 381 1902 414 deplorati,

1117 426 1213 460 quales
1231 429 1296 452 sunt
1311 425 1357 459 qui
1383 432 1430 459 per
1454 425 1588 459 baptisma
1615 433 1676 452 cum
1705 425 1816 452 Christo
1847 434 1901 454 non

1118 476 1184 499 sunt
1201 471 1310 505 sepulti,
1327 478 1414 504 neque
1430 478 1492 496 cum
1510 477 1542 496 eo
1560 471 1727 502 resuscitati,
1741 471 1787 498 sed
1800 472 1826 498 in
1841 479 1904 506 pec-

1118 521 1240 544 catorum
1263 520 1350 542 morte
1367 523 1453 549 usque
1468 515 1501 542 ad
1528 516 1589 542 vita:
1605 517 1684 542 linem
1711 517 1901 550 perstiterunt,

1118 570 1171 589 non
1189 562 1279 588 vivent
1300 569 1361 587 cum
1389 561 1448 595 ipso
1466 561 1553 587 donec
1580 561 1709 587 ﬁniantur
1735 561 1809 588 mille
1826 563 1901 594 anni.

1117 608 1170 635 hoc
1184 611 1225 634 est
1243 605 1380 641 perfectus
1407 605 1453 632 ille
1473 613 1607 632 annorum
1641 613 1782 637 numerus,
1815 607 1861 641 qui
1886 615 1902 634 a

1117 654 1206 688 primo
1220 653 1294 680 illius
1309 652 1425 679 adventu
1445 659 1532 685 usque
1549 653 1582 678 ad
1607 651 1756 679 secundum
1783 660 1902 687 eumque

1117 700 1265 734 gloriosum
1290 698 1426 733 pertingit,
1452 698 1533 724 sicuti
1559 705 1641 731 supra
1664 697 1815 725 indicatum
1847 703 1899 726 est.

1117 746 1217 772 Verum
1237 749 1264 771 ul
1287 752 1319 771 ex
1336 749 1406 771 terra
1430 747 1534 770 tantum
1565 743 1620 769 nati
1647 747 1721 774 sunt,
1743 748 1770 770 et
1790 751 1843 770 non
1869 751 1903 770 ex

1117 790 1230 825 spiritu,
1253 789 1290 816 ita
1316 788 1342 814 in
1370 792 1470 814 terram
1497 787 1588 814 denuo
1602 791 1782 814 revertentur.
1810 787 1904 821 Neque

1116 836 1189 864 enim
1218 835 1291 862 aliud
1319 834 1425 860 illorum
1451 840 1526 860 mors
1547 837 1599 865 est,
1630 840 1711 867 quam
1745 832 1901 860 futurorum

1117 881 1313 916 suppliciorum
1330 879 1449 906 initium.
1465 878 1499 905 At
1514 879 1559 913 qui
1577 879 1672 913 prima:
1686 878 1898 906 resurrectionis

1118 927 1265 962 participes
1281 928 1438 955 evaserunt,
1452 924 1502 950 hoc
1515 928 1568 954 est,
1591 925 1637 958 qui
1658 931 1691 950 ex
1710 923 1837 950 letalibus
1854 931 1902 950 co~

1117 971 1296 1007 gitationihns
1322 974 1349 996 et
1364 969 1494 1004 operibus
1519 973 1738 1000 resurrexerunt,
1767 968 1804 994 illi
1831 968 1902 995 beati

1117 1021 1192 1045 sunt.
1220 1016 1326 1044 Nullam
1352 1015 1424 1042 enim
1454 1018 1617 1049 potestatem
1643 1013 1670 1040 in
1700 1013 1762 1040 illos
1793 1012 1903 1039 habebit

1117 1070 1193 1090 mors
1202 1061 1333 1092 securida,
1347 1067 1443 1094 nempe
1453 1060 1575 1086 intinitus
1589 1059 1737 1086 inferorum
1752 1059 1901 1090 cruciatus,

1117 1108 1164 1136 sed
1183 1107 1377 1134 sacriticahnnt
1399 1111 1425 1133 et
1446 1106 1598 1140 regnahunt
1614 1113 1676 1132 cum
1693 1105 1803 1132 Christo
1828 1104 1902 1132 mille

1116 1162 1213 1185 annos,
1225 1154 1258 1180 ad
1276 1153 1386 1180 modum
1400 1156 1462 1178 ante
1478 1151 1655 1186 explicatum,
1669 1151 1756 1177 donec
1773 1150 1902 1177 nimirum

1117 1200 1240 1227 solvatur
1255 1199 1382 1230 Satanas,
1400 1201 1430 1224 ut
1455 1198 1568 1224 seclucat
1590 1201 1700 1231 gentes;
1719 1203 1772 1222 non
1788 1196 1859 1230 quod
1876 1194 1903 1221 hi

1118 1248 1185 1271 tunc
1198 1251 1283 1278 regno
1298 1243 1499 1277 spoliabnntnr,
1517 1242 1588 1269 sicut
1601 1249 1651 1269 nec
1664 1241 1699 1268 illi
1719 1249 1827 1276 quoque
1840 1245 1903 1268 tunc

1118 1290 1250 1324 temporis
1266 1297 1280 1316 a
1294 1289 1383 1321 pmnis
1402 1288 1595 1320 absolventur;
1612 1288 1658 1315 sed
1672 1287 1744 1321 quod
1758 1292 1823 1313 Inne
1836 1286 1903 1313 illud

1118 1336 1253 1364 illustrius
1276 1339 1303 1362 et
1326 1335 1432 1362 ﬁrmius
1460 1334 1657 1368 possidebunt.
1677 1333 1758 1360 rebus
1780 1332 1860 1359 l'lnxis
1876 1336 1904 1359 et

1118 1380 1292 1415 temporariis
1306 1380 1361 1413 jam
1377 1379 1548 1413 proscriptis,
1565 1378 1677 1404 :eternis
1693 1383 1782 1404 autem
1798 1381 1823 1403 rt
1840 1377 1903 1404 soli-

1117 1426 1159 1454 dis
1176 1425 1371 1460 prmsentibus.
1399 1424 1497 1450 Parum
1515 1423 1587 1449 enim
1614 1422 1745 1456 temporis
1765 1431 1779 1448 a
1803 1422 1903 1449 diaboli

1117 1470 1252 1498 solutione
1268 1476 1354 1503 usque
1372 1468 1405 1494 ad
1418 1468 1592 1498 sententiam,
1618 1474 1678 1501 qua:
1699 1471 1794 1494 contra
1813 1466 1902 1500 ipsum

1119 1516 1230 1547 feretur,
1248 1514 1426 1549 ejusdemque
1453 1514 1480 1540 in
1498 1513 1620 1547 gehenna
1635 1512 1903 1543 condemnationem,

278 1560 325 1586 καὶ
358 1560 508 1592 τοσαύτας
540 1559 723 1593 ἀναστάσεις
759 1560 926 1593 ἐνδέξασοαι.
954 1559 1065 1594 Πρῶτος

1118 1560 1276 1588 intercedet.
1295 1559 1384 1592 Quare
1401 1559 1479 1590 illud,
1502 1558 1535 1585 Et
1560 1562 1636 1585 erunt
1651 1558 1801 1584 sacerdotes
1820 1557 1866 1584 Dei
1880 1561 1903 1583 rt

278 1605 367 1632 τοίνυν
381 1607 395 1631 ὁ
412 1605 566 1640 σωματικὸς
579 1605 703 1637 θάνατος,
717 1606 749 1640 τῇ
763 1605 923 1641 ἀνθρωπίνῃ
938 1605 1065 1640 παρακοῇ

1118 1604 1226 1635 Christi,
1250 1604 1284 1630 ad
1301 1608 1421 1637 tempora
1440 1603 1542 1629 dudum
1556 1607 1617 1629 ante
1633 1607 1770 1629 transacta
1785 1601 1904 1628 referen-

278 1649 366 1681 δοθεὶς
385 1650 523 1684 ἐπιτίμιον
535 1658 543 1665 ·
567 1649 603 1686 [ὁ]
626 1649 762 1684 δεύτερος,
780 1652 797 1685 ἡ
821 1650 929 1681 αἰώνιος
946 1650 1066 1680 κόλασις.

1117 1648 1181 1676 dum
1206 1652 1257 1675 cst.
1276 1647 1381 1674 Etenim
1400 1655 1460 1681 quae
1481 1655 1555 1674 nunc
1580 1655 1630 1681 per
1648 1646 1842 1681 experientiam
1861 1653 1902 1673 re-

279 1693 377 1728 Πρώτη
395 1693 446 1730 [δὲ]
461 1694 644 1729 summm;
659 1696 690 1721 ὲκ
709 1694 813 1730 νεκρῶν
830 1695 919 1730 ἔργων
932 1694 1066 1729 ζωοποίη-

1117 1700 1232 1727 rnmquc
1256 1696 1383 1719 eventum
1413 1692 1541 1719 videntur
1570 1697 1727 1720 salictorum
1754 1691 1896 1722 miracula,

279 1746 321 1769 σις
339 1745 346 1752 ·
360 1739 474 1774 δευτέρα
497 1738 549 1774 [δὲ]
567 1740 583 1773 ἡ
600 1740 632 1765 ἐκ
657 1739 758 1775 φθορᾶς
783 1739 838 1766 τῶν
864 1739 998 1774 σωμάτων
1028 1739 1066 1770 είς

1117 1739 1331 1769 meritorumque
1362 1739 1489 1772 praemia;
1518 1739 1628 1772 quando
1654 1737 1827 1772 evangelista:
1847 1737 1903 1764 haec

278 1783 433 1819 ἀφθαρσίαν
449 1785 639 1819 μεταποίησις.

1117 1783 1294 1818 pateﬁebat“.
1305 1783 1394 1810 adhuc
1404 1782 1497 1810 futura
1514 1787 1603 1814 erant,
1617 1788 1647 1809 ut
1661 1783 1765 1810 dictum
1777 1786 1818 1809 cst
1829 1787 1903 1818 ante.

277 1829 346 1857 Cum
362 1839 425 1864 ergo
442 1831 503 1858 duae
520 1831 575 1858 sint
600 1835 714 1864 mortes,
731 1831 790 1859 duae
826 1838 936 1867 quoque
960 1829 1164 1858 resurrectiones
1179 1830 1236 1857 sint
1266 1833 1385 1864 oportet.
1404 1830 1496 1856 Prima
1530 1836 1605 1856 mors
1630 1833 1672 1855 est
1689 1826 1848 1862 corporalis,
1865 1827 1893 1852 in

281 1877 406 1902 humanm
435 1876 626 1903 inohedienlim
651 1884 759 1910 [uenam
780 1878 911 1911 irrogata.
930 1875 1056 1903 Secunda
1076 1880 1119 1902 est
1138 1874 1274 1910 gehenna,
1303 1882 1350 1901 seu
1365 1878 1484 1901 teter-nus
1523 1873 1594 1908 apud
1617 1872 1730 1907 Linferos
1746 1871 1900 1899 cruciatus.

279 1920 369 1947 l'rima
385 1922 548 1949 resurrectio
563 1926 605 1949 est
632 1922 778 1950 viviliratio
801 1930 834 1950 ex
858 1923 987 1957 operibus
1001 1921 1136 1954 mortuis;
1172 1920 1292 1948 secunda
1305 1923 1348 1947 est
1364 1927 1398 1947 ex
1412 1926 1560 1954 corpomm
1577 1918 1752 1955 corruptione
1765 1917 1792 1944 in
1807 1916 1901 1943 incor-

280 1967 436 2002 ruptionem
455 1970 660 1996 transmutatio.

570 2026 695 2053 ΚΕΦΛΛ.
713 2026 771 2054 El".

456 2081 526 2115 Περὶ
547 2081 600 2108 τοῦ
619 2081 685 2116 Γὼγ
704 2082 753 2108 καὶ
773 2081 888 2117 Μαγώγ.

315 2147 368 2175 Καὶ
382 2148 454 2174 ὅταν
468 2148 598 2183 τελεσθῇ
614 2149 649 2176 τὰ
667 2150 749 2184 χίλια
764 2149 851 2184 [em],
870 2149 1037 2183 λυθήσεται
1051 2147 1069 2176 ό

279 2194 415 2227 Σατανᾶς
426 2195 460 2221 ἐκ
474 2194 529 2229 τῆς
541 2195 681 2229 φυλακῆς
693 2195 796 2222 αὐτοῦ’
811 2195 861 2221 καὶ
874 2195 1067 2226 ἐξελεύσεται

1403 2019 1518 2048 CAPUT
1529 2006 1632 2047 mn.

1327 2077 1382 2113 94
1403 2076 1439 2103 Dc
1458 2075 1512 2111 Gog
1526 2082 1549 2103 et
1575 2075 1681 2110 Maqog.

1152 2145 1211 2178 XX,
1227 2146 1254 2173 7.
1276 2145 1309 2172 Et
1331 2154 1390 2172 cum
1413 2145 1588 2172 consummati
1610 2144 1709 2178 fuerint
1734 2143 1805 2170 mille
1829 2144 1903 2176 anni,

1118 2191 1231 2220 solvetur
1242 2191 1357 2218 Satanas
1370 2191 1401 2217 de
1411 2198 1515 2217 carcere
1531 2198 1594 2221 suo;
1612 2195 1636 2216 et
1649 2189 1738 2221 exibit,
1757 2193 1781 2217 et
1800 2189 1903 2216 seducet

279 2236 435 2271 πλανῆσαι
455 2238 492 2265 τὰ
509 2239 580 2272 ἔθνη
594 2239 630 2265 τὰ
651 2239 686 2266 ἐν
704 2239 769 2272 ταῖς
785 2240 931 2272 τέσσαίσι
947 2240 1066 2273 γωνίαις

1118 2242 1215 2272 gentes,
1233 2245 1290 2271 qua:
1309 2241 1370 2263 sunt
1386 2245 1464 2270 super
1482 2240 1598 2271 quatuor
1619 2235 1728 2270 angulos
1745 2241 1832 2265 terrm,
1851 2235 1903 2269 Guy

279 2282 334 2317 τῆς
349 2284 416 2318 γῆς,
429 2284 500 2320 [καὶ]
516 2284 568 2311 τὸν
581 2285 648 2320 Γὼγ
662 2285 709 2312 καὶ
724 2286 775 2311 τὸν
790 2286 911 2320 Μαγώγ·
928 2286 975 2312 καὶ
992 2293 1068 2311 συν-

278 2329 401 2362 αγαγεῖν
415 2330 525 2362 αὐτοὺς
543 2332 586 2362 εις
601 2331 750 2364 πόλεμον·
763 2327 806 2356 ὧν
821 2332 837 2356 ὀ
851 2330 970 2364 ἀριθμὸς
987 2330 1026 2362 ὡς
1048 2329 1067 2363 ἡ

279 2373 375 2408 ἄμμος
389 2373 445 2408 τῆς
461 2375 630 2408 θαλάσσης.

315 2419 367 2445 Τὸν
384 2420 572 2455 προρρηθέντα
583 2421 633 2455 τῆς
642 2421 784 2455 least-lar;
798 2421 909 2455 χρόνον
933 2421 1005 2451 τινὲς
1018 2421 1067 2455 μὲν

279 2465 314 2490 τά
336 2464 397 2500 τρία
414 2464 524 2501 [ἥμισυ]
549 2465 596 2500 ἐτη
617 2467 652 2492 τὰ
667 2467 720 2493 ἀπὸ
742 2466 790 2492 τοῦ
807 2467 995 2501 βαπτίσματος
1017 2467 1066 2492 τοῦ

280 2510 399 2544 Χριστοῦ
425 2511 506 2546 μέχρι
524 2511 573 2546 τῆς
594 2512 676 2538 αὐτοῦ
699 2513 738 2543 εἰς
755 2512 886 2546 οὐρανοὺς
907 2511 1067 2542 ἀναϐάσεως

279 2555 329 2580 οὐκ
345 2553 391 2581 οἷδ’
407 2556 482 2587 ὅπως
506 2557 664 2591 ὲξειλήᾳασι
676 2565 682 2572 ·
706 2556 765 2591 μεθ’
777 2556 794 2583 ἆ
809 2557 922 2591 λυθῆναι
947 2557 991 2582 τὴν
1008 2556 1066 2582 διά-

280 2600 358 2628 ϐολον
373 2601 537 2636 ὑπενόησαν.
551 2603 612 2628 Ἕτε
619 2611 658 2637 ροι
673 2603 700 2628 δὲ
726 2602 794 2637 μετὰ
806 2603 855 2637 τὴν
871 2602 1066 2637 συμπλήρωσιν

281 2646 337 2672 τῶν
352 2646 539 2681 ἑξακισχιλίων
555 2648 622 2673 ὲτιίν
642 2648 691 2682 τὴν
714 2648 825 2682 πρώτην
847 2647 993 2673 ἀνάστασιν
1010 2646 1064 2682 [ἐκ]

280 2691 335 2718 τῶν
348 2692 452 2727 νεκρῶν
473 2691 592 2718 δίδοσθαι
610 2693 698 2726 μόνοις
714 2694 770 2723 τοῖς
784 2692 870 2725 ἁγίοις
886 2692 990 2725 ἔφασαν
1000 2700 1006 2706 ·
1023 2691 1066 2718 ἵνα

281 2737 312 2763 ὲν
330 2738 360 2771 τῇ
376 2739 410 2772 γῇ
424 2737 491 2772 αὐτῇ
506 2734 561 2773 ὲνῇ
576 2737 625 2772 τὴν
638 2737 786 2772 καρτερίαν
802 2737 982 2770 ἐπεδείξαντο,
999 2745 1066 2771 τρυ-

281 2783 335 2818 φῆς
359 2784 407 2809 καὶ
430 2783 510 2817 δόξης
536 2782 710 2810 ἀπολαύσωσι
737 2783 809 2818 χίλια
834 2782 893 2817 ἔτη·
921 2783 968 2808 καὶ
997 2782 1066 2816 μετὰ

280 2828 360 2854 τοῦτο
379 2828 429 2863 τὴν
451 2828 565 2855 καθόλου
587 2829 711 2863 γίνεσθαι
731 2829 889 2860 ἀνάστασιν,
903 2828 933 2853 οὐ
953 2827 1065 2854 δικαίων

282 2873 373 2908 μόνον,
384 2874 452 2902 ἀλλὰ
465 2874 510 2902 καὶ
526 2874 704 2911 ἁμαρτωλῶν.
718 2875 778 2901 Ὅτι
792 2875 841 2910 μὲν
856 2872 901 2900 οὗν
916 2873 990 2900 οὐδὲν
1004 2874 1064 2900 τοὺ-

1117 2285 1143 2308 et
1166 2281 1277 2316 .ilagog;
1302 2285 1330 2307 ut
1345 2285 1481 2314 congrege!
1505 2289 1548 2306 eos
1573 2281 1600 2307 in
1626 2279 1768 2314 praelium;
1792 2287 1903 2314 quarunt

1119 2334 1242 2354 numerus
1259 2330 1297 2353 εει
1311 2327 1379 2352 sicut
1395 2334 1476 2352 arena
1492 2326 1585 2353 maris.

1153 2417 1313 2444 Praedictum
1331 2415 1400 2442 mil'c
1413 2422 1545 2442 annorum
1562 2419 1661 2448 tempus
1681 2414 1793 2449 quidam
1813 2414 1904 2441 nescio

1117 2463 1256 2498 quomodo
1288 2462 1320 2488 ad
1339 2462 1456 2495 spatium
1481 2461 1553 2495 quod
1573 2468 1588 2488 tl
1608 2460 1710 2488 Christi
1743 2460 1904 2494 baplismatc

1118 2517 1206 2544 usque
1223 2509 1255 2535 ad
1273 2508 1346 2535 illius
1361 2508 1387 2534 in
1402 2507 1501 2534 cmlum
1515 2514 1658 2534 ascensum
1671 2507 1760 2538 ﬂuxit,
1771 2506 1904 2536 referunt,

1118 2554 1241 2588 adeoque
1269 2554 1340 2580 mille
1359 2561 1445 2580 annos
1469 2553 1495 2580 in
1514 2553 1682 2580 trieteridem
1699 2559 1760 2577 cum
1778 2552 1841 2576 anni
1860 2558 1902 2576 se-

1118 2600 1199 2627 misse
1226 2601 1409 2633 contrahunt;
1434 2605 1498 2635 post
1518 2607 1600 2634 quam
1627 2598 1762 2625 diabolum
1784 2597 1903 2624 solutum

1117 2652 1254 2673 asserunt.
1283 2647 1336 2672 Alii
1362 2655 1427 2673 vero
1455 2642 1517 2681 post
1543 2645 1681 2679 expletum
1712 2651 1758 2670 sex
1785 2643 1902 2670 millium

1118 2699 1251 2718 annorum
1271 2691 1454 2722 intervallum,
1477 2690 1592 2725 primam
1618 2697 1651 2716 ex
1669 2688 1785 2715 mortuis
1809 2695 1904 2715 resur-

1118 2738 1278 2769 rectionem,
1304 2737 1369 2764 solis
1385 2737 1488 2764 sanctis
1514 2736 1664 2771 propriam,
1685 2735 1804 2761 futuram
1826 2734 1905 2760 dixe-

1116 2788 1198 2816 runt;
1216 2791 1270 2818 quo
1301 2783 1430 2810 nimirum
1447 2783 1474 2809 in
1505 2783 1555 2809 hac
1580 2788 1673 2809 crassa
1699 2784 1726 2808 et
1752 2780 1902 2816 caliginosa

1117 2833 1206 2860 terra,
1233 2829 1260 2855 in
1281 2836 1333 2862 qua
1354 2827 1468 2855 illustria
1499 2827 1668 2854 fortitudinis
1701 2830 1728 2854 ct
1761 2825 1901 2861 patientia:

1116 2874 1266 2910 spwimina
1283 2874 1433 2907 ediderant,
1456 2873 1531 2902 mille
1551 2874 1632 2902 annis
1649 2874 1735 2910 gloria
1752 2878 1778 2902 ct
1795 2873 1907 2902 honoro
