2093 3159
229 192 283 224 ΑῗἾ

711 191 1012 222 COMMENTARIUS
1032 191 1072 221 IN
1093 190 1359 220 APOCALYPSIN.

1806 189 1860 222 438

231 250 329 286 καρδία
348 248 571 284 τυφλώττοντας,
590 249 638 275 καὶ
653 248 724 282 γάλα
746 249 809 280 τοὺς
824 249 978 283 ἀρτιγενεῖς
989 250 1022 285 τῇ

1076 247 1250 282 Evangelium
1260 255 1308 275 eos
1320 247 1366 282 qui
1383 246 1464 274 corde
1480 246 1668 278 emcntiebant,
1682 246 1860 280 illuminaret,

231 297 321 322 πίστει
338 295 447 327 ποτίζου
453 303 496 322 σα.

271 340 303 366 ’0
317 339 451 372 δέκατος,
467 339 694 373 χρυσόπρασος.

266 384 317 411 Διὰ
344 384 392 410 τοῦ
420 385 657 418 χρυσοπράσου,
687 384 837 420 βαθυτέρου
856 385 905 420 τὴν
927 394 1022 421 χροιαν

231 431 307 465 παρὰ
326 430 372 456 τὸν
388 430 490 465 χρυσὸν
511 431 691 465 ὑπάρχοντος,
714 430 759 456 τὸν
774 430 941 466 [μακάριον]
957 430 1023 457 Θαδ-

230 475 305 502 δαῖον
331 473 406 509 οἶμαι
435 475 627 509 σημαίνεσθαι,
650 475 695 501 τὸν
717 475 756 509 τῷ
777 475 895 510 Αὑγάρῳ
919 474 1024 509 βασιλεῖ

237 520 346 554 Ἐδέσης
364 523 414 556 τὴν
428 519 548 555 Χριστοῦ
565 520 716 554 βασιλείαν,
735 520 784 555 τὴν
801 520 843 546 διὰ
859 520 906 546 τοῦ
921 520 1022 554 χρυσοῦ

231 566 409 600 δηλουμένην,
428 567 474 591 καὶ
494 567 543 600 τὴν
555 566 599 592 διλι
620 566 667 592 τοῦ
688 566 793 600 πράσου
820 566 1023 602 σημαινομένην

232 608 305 643 αὐτῷ
318 609 463 644 νέκρωσιν,
478 609 738 644 εὐαγγελισάμενον.

272 664 302 691 ὀ
314 664 483 698 ἑνδέκατος,
500 666 651 698 ὑάκινθος.

269 711 318 738 Διά
332 711 378 738 τοῦ
393 713 549 744 ὑακίνθου,
567 713 616 748 τὴν
635 713 706 739 ἰδέαν
724 714 908 745 κυανίζοντος,
940 715 1023 749 ἤγουν

231 758 401 793 ἀερίζοντος,
420 760 467 786 τὸν
494 760 614 794 Σίμωνα,
643 761 680 791 ὼς
713 761 837 795 ζηλωτὴν
866 761 921 787 τῶν
954 761 1023 797 [τοῦ]

232 804 351 838 Χριστοῦ
370 806 560 840 χαρισμάτων,
577 807 623 832 καὶ
640 807 764 841 οὐράνιον
776 806 869 842 ἔχοντα
885 807 1022 842 φρόνημα,

233 851 305 881 εἰκὸς
319 859 351 884 σῃ
357 851 509 886 μαίνεσθαι.

272 939 304 967 '0
317 939 495 973 δωδέκατος,
511 941 674 975 ἀμέθυσος.

267 986 317 1013 Διὰ
332 986 379 1012 τοῦ
395 987 559 1021 ἀμεθὺσου,
575 989 608 1022 τῇ
625 989 715 1022 μορφῇ
733 989 959 1023 πορφυρίζοντος,
973 989 1019 1015 τὸν

233 1030 358 1057 Ματθίαν
373 1031 540 1066 στοχάζομαι
560 1032 752 1066 σημαίνεσθαι,
771 1033 817 1059 τοῦ
834 1033 907 1059 θείου
936 1033 1022 1068 πυρὸς

233 1075 262 1101 ὲν
278 1077 310 1110 τῇ
330 1076 385 1102 τῶν
399 1077 528 1110 γλωσσῶν
544 1076 658 1112 διανομῇ
673 1076 887 1109 καταξιωθέντα,
905 1079 950 1104 καὶ
978 1077 1024 1105 τὸν

234 1121 280 1147 τοῦ
298 1123 508 1154 ὲκπεπτωκότος
526 1123 609 1149 τόπον
625 1123 870 1158 ὰναπληρὼσαντα,
899 1123 949 1160 [τῷ
963 1124 1022 1151 δια-

233 1165 324 1202 πύρῳ]
346 1167 421 1201 πόθῳ
440 1167 491 1201 τῆς
513 1168 582 1203 πρὸς
600 1168 645 1195 τὸν
673 1169 853 1204 ἐκλεξάμενον
875 1170 1024 1205 εὐαρεστή-

234 1220 312 1243 σεως.
332 1212 424 1239 Ταῦτα
450 1213 478 1239 δὲ
497 1214 528 1240 ἐκ
542 1214 596 1240 τῶν
614 1214 653 1248 τῷ
684 1214 752 1249 ἁγίῳ
781 1215 930 1249 Ἐπιφανίμ
959 1216 1023 1250 περὶ

233 1257 314 1284 λίθων
336 1258 503 1293 εἰρημένων,
523 1259 569 1285 καὶ
580 1260 681 1294 ἑτέρως
702 1259 759 1295 [ὑπ’
774 1260 869 1296 αὐτοῦ]
888 1262 941 1292 τοῖς
956 1260 1022 1294 φυλ-

233 1305 328 1339 άρχοις
351 1305 397 1330 τοῦ
417 1305 526 1340 Ἰσραὴλ
550 1305 812 1340 προσηρμοσμένων,
829 1307 1021 1341 ὲντετάχαμεν,

235 1351 302 1385 πρὸς
318 1352 474 1386 γυμνασίαν
491 1352 546 1382 τοῖς
563 1352 759 1386 ἐντυγχάνουσι
785 1353 840 1384 τοῖς
868 1353 1021 1387 αἰνίγμασι,

234 1396 283 1430 τῆς
311 1395 440 1430 ἀληοαίας
473 1396 764 1432 καταστοχαζόμενοι,
799 1398 849 1432 τῆς
878 1399 1022 1433 ἀχριΰείας

235 1442 413 1476 ἐγνωσμένης
432 1441 506 1476 μόνῳ
520 1441 558 1476 τῷ
572 1441 789 1476 ἀποκαλύψαντι.
808 1443 911 1474 Ὄντως
929 1443 956 1469 δὲ
978 1445 1023 1470 καὶ

235 1487 354 1522 θεμέλιοι
367 1488 392 1514 οἱ
407 1488 562 1520 ἀπόστολοι,
579 1488 626 1514 καλ¹
642 1488 710 1514 λίθοι
728 1489 831 1523 τίμιοι·
855 1490 869 1515 ὁ
891 1489 939 1524 μὲν
961 1490 1022 1516 τοῦ-

234 1533 281 1567 δε,
298 1534 311 1559 ὁ
337 1533 365 1561 δὲ
381 1533 476 1560 τοῦδε·
491 1534 538 1560 καὶ
564 1534 665 1565 πάντες
698 1535 773 1569 κοινῇ
796 1535 905 1561 πάντων
933 1535 963 1561 τὸ
995 1536 1023 1563 ἐν

234 1578 290 1608 τοῖς
316 1577 407 1608 καλοῖς
441 1577 543 1609 ἰδιάζον
573 1578 621 1604 καὶ
657 1578 796 1613 ἐξαίρετον
822 1578 1021 1612 ἀπυσώζοντες.

233 1623 280 1649 Διὸ
296 1623 447 1658 παρακαλῶ
473 1623 608 1659 ἀφεθῆναι
623 1624 672 1658 τῆς
695 1625 742 1651 ἐπὶ
755 1626 811 1656 τοῖς
827 1626 1023 1660 παρατεθεῐσιν
1039 1623 1059 1636 ’⁸

235 1669 403 1705 [verit/actm]
416 1669 454 1700 ti);
467 1669 668 1704 βεϐιασμένως,
686 1670 826 1705 μέμψεως.
842 1671 880 1697 Οὐ
900 1671 953 1706 γὰρ
983 1671 1023 1707 τῷ

235 1714 362 1746 ἰδιάζοντι
377 1715 426 1749 τῆς
449 1715 566 1742 ἑκάστου
584 1715 638 1741 τῶν
664 1716 825 1742 ἀποστόλων
849 1717 949 1752 ἀρετῆς
975 1717 1024 1752 τὴν

234 1761 323 1787 αὐτῶν
340 1761 483 1787 κοινωνίαν
498 1761 545 1787 καὶ
557 1761 737 1795 ἀλληλουχίαν
751 1761 918 1796 διεκὸψαμεν
928 1782 936 1794 ,
955 1762 1023 1789 ἀλλὰ

233 1806 277 1833 διὰ
296 1807 346 1841 τῆς
365 1807 482 1841 μερικῆς
497 1807 667 1841 ὲτερότητοςὶ
682 1807 731 1842 τὴν
745 1808 837 1842 ὀλικὴν
853 1808 943 1835 αὐτῶν
957 1817 1023 1835 ταυ-

232 1852 332 1888 τότητα
355 1853 475 1886 δηλῶσαι
508 1852 750 1888 προεθυμήθημεν,
778 1853 900 1888 ἀλλήλων
927 1854 1025 1890 ἐχομέ-

232 1907 292 1933 νην,
311 1898 391 1934 δίκην
404 1898 538 1931 ἁλύσεως.

1072 295 1208 328 modoque
1222 294 1327 329 genitus
1342 294 1402 320 ﬁdei
1415 293 1484 320 lacte
1495 297 1613 328 putaret.

1107 337 1253 370 Decimum,
1269 338 1482 372 rhrysoprassus.

1107 383 1338 419 Clu-gwprassum,
1354 384 1401 418 qui
1416 384 1474 411 auri
1491 384 1607 411 colorem
1629 391 1696 411 auro
1713 385 1790 420 105
1807 385 1866 420 ipso

1072 430 1154 457 altius
1178 430 1296 462 imbibit,
1312 431 1420 458 beatum
1433 430 1612 463 Thaddmum,
1626 432 1671 466 qui
1685 432 1793 466 Aligaro
1807 433 1862 467 regi

1073 476 1182 504 Edessae-
1196 475 1296 503 Christi
1313 484 1426 511 regnum
1441 484 1488 510 per
1506 485 1614 509 aurtnn,
1635 477 1757 512 ejusdem
1771 484 1861 505 autem

1074 526 1188 549 mortem
1206 530 1253 556 per
1268 530 1395 557 prassum
1411 523 1581 558 designatain
1596 524 1762 558 pnedicavit,
1779 525 1864 559 signi-

1075 566 1148 594 ticari
1163 567 1301 595 existimo.

1111 666 1295 695 Undecimum,
1315 665 1487 700 hyacinthus.

1111 712 1303 748 Hyacinthum,
1321 712 1368 746 qui
1382 711 1491 739 crerulei
1506 711 1634 746 aereique
1662 712 1764 739 coloris
1797 719 1860 746 spe-

1076 759 1144 786 ciem
1161 766 1208 792 per
1228 765 1256 785 se
1269 757 1346 792 gerit,
1366 757 1399 784 ad
1423 756 1564 784 Simonem
1600 762 1729 791 umquam
1759 757 1866 784 charis-

1077 807 1178 830 matum
1195 807 1222 830 et
1234 803 1384 837 gratiarum
1411 802 1512 829 Christi
1530 802 1689 833 zelatorem,
1708 802 1863 829 cmlestcm-

1077 856 1129 884 que
1157 849 1326 883 prudentiam
1354 847 1424 875 haud
1448 848 1586 883 vulgarem
1616 848 1755 879 sortitum,
1790 847 1860 874 haud

1078 894 1250 921 incommode
1262 893 1400 921 retuleris.

1042 933 1061 960 Β
1112 940 1312 973 Duodecimum,
1329 940 1506 974 amethystus.

1116 985 1168 1013 Per
1189 986 1383 1020 amethystum,
1402 985 1448 1020 qui
1468 984 1541 1020 ignis
1569 983 1686 1011 formam
1716 985 1864 1018 spectanti-

1077 1033 1127 1060 bus
1140 1032 1261 1063 exhibet,
1282 1031 1422 1058 Matthiatu
1445 1030 1592 1065 signiﬁcari
1612 1030 1750 1063 coniicio;
1771 1031 1862 1065 utqui

1077 1079 1103 1105 in
1120 1079 1274 1113 linguarum
1291 1077 1485 1105 distributione
1501 1077 1609 1104 caelesti
1627 1077 1688 1111 igne
1704 1076 1805 1103 aifatim
1829 1077 1864 1103 sit

1076 1124 1241 1156 alllatus;et
1259 1125 1294 1150 ob
1309 1123 1508 1150 inﬂammatum
1537 1122 1602 1153 Deo,
1632 1130 1646 1148 a
1670 1130 1724 1156 qtlu
1753 1122 1861 1149 electus

1075 1175 1143 1202 erat,
1169 1169 1307 1197 serviendi
1331 1173 1358 1196 et
1383 1167 1508 1203 placendi
1541 1167 1720 1199 desiderium,
1746 1167 1862 1195 idoneus

1075 1223 1173 1242 census
1198 1214 1245 1246 qui
1264 1215 1290 1242 in
1315 1214 1433 1249 prolapsi
1458 1213 1537 1240 Iuda:
1557 1214 1648 1240 locum
1675 1214 1856 1241 sulliceretur.

1077 1261 1136 1288 Ilzuc
1147 1266 1239 1288 autem
1255 1268 1288 1288 ex
1305 1260 1338 1288 iis
1358 1261 1385 1287 in
1402 1259 1521 1286 medium
1551 1259 1704 1292 attulimus,
1719 1267 1780 1293 qua:
1798 1266 1864 1286 sau-

1075 1311 1135 1334 ctus
1142 1306 1309 1341 Epiphanius
1318 1305 1350 1333 de
1363 1305 1497 1340 lapidibus
1507 1305 1565 1333 istis
1577 1305 1716 1337 disseruit,
1731 1305 1866 1332 tribuum-

1074 1361 1128 1388 que
1144 1353 1253 1380 [Sraelis
1275 1352 1444 1388 principibus
1464 1351 1696 1385 accommodavit;
1716 1352 1797 1386 idque
1826 1352 1858 1378 ad

1077 1399 1184 1426 illorum
1200 1398 1427 1425 exercitationem
1443 1399 1489 1432 qui
1512 1398 1537 1425 in
1554 1397 1610 1425 haec
1623 1398 1702 1432 quasi
1720 1399 1864 1431 :cnigrnata

1076 1452 1126 1472 suo
1148 1444 1218 1472 forte
1245 1450 1366 1480 tempore
1397 1444 1543 1471 inrident:
1567 1444 1601 1471 de
1611 1444 1725 1471 veritate
1754 1444 1863 1478 quidem

1076 1491 1234 1518 nonnullam
1267 1491 1453 1525 conjecturam
1483 1490 1793 1522 facientes,accuratam
1810 1498 1859 1517 au-

1076 1540 1239 1563 tcmearum
1257 1542 1348 1562 rerum
1363 1534 1487 1562 notitiam
1516 1534 1566 1561 suli
1596 1534 1660 1565 Deo.
1689 1534 1735 1568 qui
1764 1534 1858 1561 istha‘c

1076 1581 1216 1616 patefecit,
1234 1581 1431 1615 relinquentes.
1451 1579 1561 1607 Interim
1578 1581 1693 1615 apostoli
1708 1585 1772 1607 sunt
1802 1588 1865 1607 vera

1076 1627 1205 1655 Ecclesiae
1234 1627 1426 1660 fundamenta,
1453 1626 1611 1660 lapidesque
1649 1634 1711 1652 vere
1738 1625 1862 1660 pretiosi.

1078 1673 1112 1700 Et
1127 1673 1175 1701 hic
1194 1673 1304 1708 quidem
1326 1672 1418 1707 hujus,
1446 1672 1497 1698 iste
1514 1680 1579 1699 vero
1597 1672 1670 1699 illius
1687 1672 1769 1707 lapilli
1782 1672 1866 1699 virtu-

1077 1724 1132 1747 tem
1146 1723 1173 1746 ct
1189 1720 1382 1754 proprietatem
1399 1718 1495 1751 refert;
1509 1725 1606 1745 omnes
1620 1723 1709 1745 autem
1737 1718 1763 1745 in
1789 1726 1866 1745 eom-

1075 1766 1161 1798 muni,
1175 1764 1306 1800 quidquid
1325 1765 1351 1791 in
1374 1765 1488 1799 singulis
1507 1764 1651 1799 pulchrum
1678 1768 1705 1791 et
1730 1764 1866 1792 excellens

1073 1812 1193 1842 exsistit,
1206 1811 1258 1838 hoc
1276 1815 1362 1838 totum
1382 1810 1434 1838 sibi
1454 1810 1605 1843 vindicant,
1624 1811 1674 1838 etsi
1693 1818 1746 1837 non
1769 1810 1864 1837 eodem

1074 1863 1180 1890 semper
1193 1856 1288 1891 gradu.
1308 1855 1458 1891 Eapropter
1478 1856 1510 1882 ad
1535 1863 1617 1882 unum
1633 1863 1729 1883 omnes
1756 1861 1866 1890 rogatos

1072 1902 1165 1936 cupio,
1181 1909 1214 1929 ne
1230 1902 1390 1933 sententias,
1405 1909 1473 1936 quas
1493 1902 1536 1929 hic
1563 1902 1753 1937 apposuimus,
1781 1902 1863 1937 quasi

232 1951 341 1973 coactas
354 1945 551 1980 reprehendant
569 1954 576 1972 :
595 1953 683 1981 neque
722 1947 796 1974 enim
829 1947 956 1974 virtutem
988 1948 1132 1981 quantuni
1159 1948 1239 1974 alicui
1267 1947 1397 1982 Apostolo
1429 1948 1508 1982 quasi
1538 1948 1675 1983 propriam
1706 1948 1864 1979 tribuimus,

233 1995 294 2022 aliis
309 1994 466 2026 adimimus,
490 1999 536 2021 aut
554 1999 675 2022 mutuam
692 2003 787 2022 earum
817 1995 1008 2022 cohaerentiam
1041 1996 1255 2030 amputavimus,
1289 2001 1336 2023 aut
1364 1996 1584 2023 communionem
1603 2003 1744 2030 negamus.
1764 1995 1864 2022 Verum

234 2049 280 2076 per
311 2041 480 2074 dispartitani
510 2040 706 2072 diversitatem.
742 2040 889 2075 perfectam
921 2048 1014 2068 earum
1045 2041 1244 2068 eonnexionem
1279 2046 1362 2076 atque
1392 2041 1549 2069 societatem
1574 2040 1694 2068 indicare
1713 2040 1864 2073 voluimus;

234 2094 264 2116 ut
280 2097 341 2124 qua:
356 2089 441 2115 instar
452 2094 554 2116 calente
571 2089 623 2116 sibi
643 2095 738 2116 mutuo
753 2092 917 2122 cotucreaut,
935 2098 1022 2125 neque
1040 2098 1055 2118 ο
1070 2098 1099 2118 se
1112 2090 1226 2117 invicem
1243 2090 1333 2117 divelli
1349 2094 1459 2124 queant.

270 2136 323 2162 Καὶ
341 2137 367 2162 οἱ
382 2135 496 2162 δώδεκα
513 2136 660 2169 πυλῶνες,
683 2137 797 2163 δώδεκα
824 2137 1017 2171 μαργαρῖται·

232 2181 290 2208 ἀνὰ
306 2180 348 2215 εἷς
358 2181 488 2213 ἕκαστος
500 2180 559 2207 τῶν
573 2181 719 2208 πυλώνων
731 2180 770 2217 ἦν
784 2181 819 2214 ἐξ
827 2181 896 2215 ἐνὸς
908 2190 1019 2218 μαργα-

231 2229 326 2263 ρίτου.

1111 2137 1180 2169 XXI,
1191 2138 1236 2164 Ql.
1255 2137 1287 2164 Et
1298 2137 1436 2164 duodecim
1451 2142 1546 2171 porlaz,
1557 2136 1693 2164 duodecim
1713 2138 1867 2171 margarin

1075 2190 1152 2216 sunt;
1165 2189 1189 2211 et
1205 2184 1316 2219 singulae
1328 2189 1412 2218 porta:
1424 2188 1499 2210 erant
1516 2191 1548 2210 ex
1566 2183 1679 2218 singulis
1696 2185 1863 2218 margaritis.

271 2285 314 2321 [οί
328 2285 357 2311 δὲ
368 2284 494 2321 δώδεκα]
507 2284 672 2317 πυλεῶνες,
685 2285 787 2319 δηλαδὴ
796 2285 820 2311 οἱ
833 2284 960 2321 [δώδεκα]
975 2285 1021 2311 τοῦ

1114 2281 1202 2309 Pot-tte
1229 2282 1366 2308 duodecim
1391 2285 1455 2308 sunt
1482 2281 1625 2308 duodecim
1642 2281 1745 2309 Christi
1781 2282 1865 2310 disci-

233 2331 354 2366 Χριστοῦ
378 2331 511 2366 μαθηταὶ,
531 2331 564 2357 δι’
583 2328 620 2357 ὧν
643 2331 691 2364 τὴν
715 2330 801 2365 θύραν
826 2332 872 2358 καὶ
895 2331 944 2366 τὴν
964 2330 1023 2357 ὁδὸν

233 2378 394 2413 ἐπέγνωμεν
422 2378 483 2414 ἱτῆς
517 2377 605 2412 ζωῆς·
637 2377 735 2408 οἵτινες
763 2376 822 2413 καὶ]
836 2377 940 2403 δώδεκά
971 2377 1023 2403 εισι

236 2425 415 2459 μαργαρῖται,
431 2423 461 2455 ἐξ
476 2423 534 2455 ὲνδς
545 2423 694 2458 πολυτίμου
715 2423 887 2458 μαργαρίτου
899 2423 945 2449 τοῦ
957 2423 1024 2457 Χριη

235 2469 299 2495 σποῦ
314 2469 363 2504 τὴν
377 2469 517 2502 διαύγειαν
534 2469 710 2503 κτησάμενοι.

270 2525 324 2551 Καὶ
337 2525 356 2558 ἡ
373 2524 499 2552 πλατεῖα
511 2523 565 2559 τῆς
578 2526 705 2558 πόλεως,
724 2524 854 2559 χρυσίον
879 2524 1021 2559 καθαρὸν,

242 2570 283 2604 ὡς
298 2571 391 2603 ὕαλος
404 2570 541 2604 διαυγής.

277 2624 333 2650 Ἑνὶ
345 2624 549 2659 παραδείγματι
566 2625 594 2651 δὲ
605 2624 654 2660 τὴν
669 2625 813 2660 ἀκρίὸειαν
830 2625 884 2652 τῶν
902 2626 952 2661 τῆς
967 2626 1023 2653 ἄνω

234 2671 338 2702 πόλεως
356 2670 465 2704 ἀγαθῶν
492 2671 669 2706 παραστῆσαι
698 2672 728 2697 οὐ
753 2671 874 2699 δύναται.
899 2673 944 2698 Διὸ
975 2673 1025 2706 τὴν

234 2717 365 2743 πλατεῖαν
380 2717 429 2751 τῆς
453 2717 567 2749 πόλεως,
595 2717 638 2743 διὰ
665 2717 714 2751 μὲν
740 2718 770 2744 τὸ
801 2718 944 2749 πολυτελὲς
977 2718 1025 2744 καὶ

235 2762 364 2797 εὖχρουν,
378 2762 415 2793 ὡς
431 2763 562 2798 χρυσίον,
580 2763 623 2789 διὰ
638 2763 664 2789 δὲ
687 2763 717 2789 τὸ
735 2763 865 2798 καθαρὸν,
893 2763 930 2794 ὡς
957 2764 1024 2799 κρύ-

236 2810 349 2837 σταλλον
373 2810 520 2841 ἐθεάσατο,
541 2809 611 2845 [ἦτοι
628 2810 665 2842 ὡς
697 2809 776 2836 ὕαλον
809 2810 935 2845 διαυγῆ·]
954 2809 1025 2845 ἆπερ

235 2857 378 2890 ἀμφότερα
399 2857 427 2882 ὲν
450 2856 489 2883 ἐνὶ
506 2857 670 2892 συνδραμεῖν
694 2857 758 2892 παρ’
783 2857 860 2892 ἡμῖν,
883 2856 1023 2883 ἀδύνατον.

235 2902 329 2929 Ταῦτα
343 2903 371 2929 δὲ
386 2903 475 2930 πάντα
492 2904 506 2928 ὀ
532 2904 609 2937 ἅγιος
625 2903 765 2934 τεθέαται,
788 2903 878 2934 καθὼς
895 2903 1023 2937 ἠδύνατο·

1076 2328 1147 2362 puli;
1165 2335 1212 2362 per
1232 2327 1314 2354 hosce
1343 2335 1461 2360 namque
1477 2331 1505 2354 et
1534 2327 1647 2360 ostium,
1663 2331 1691 2354 et
1711 2327 1781 2354 riam
1801 2328 1865 2356 vitae

1074 2373 1253 2408 cognovimus
1268 2382 1274 2399 :
1292 2373 1338 2408 qui
1356 2372 1466 2407 quidem
1485 2372 1630 2400 duodecim
1657 2377 1721 2400 sunt
1757 2382 1866 2409 marga-

1077 2422 1134 2446 rita:
1158 2427 1189 2446 ex
1217 2427 1270 2446 una
1286 2419 1404 2454 pretiosa
1438 2419 1597 2453 margarita,
1622 2427 1720 2454 nempe
1744 2420 1864 2453 Christo,

1076 2465 1248 2500 splendorem
1265 2465 1410 2500 lucemque
1422 2465 1523 2500 adepti.

1112 2523 1245 2558 Etplulea
1258 2524 1371 2550 civitatis
1394 2531 1489 2550 aurum
1505 2523 1645 2554 mmzdum,
1672 2529 1799 2556 tanquam
1826 2522 1864 2548 υἰ-

1077 2575 1147 2597 trum
1162 2569 1339 2604 perlucidum.

1111 2627 1179 2654 Cum
1194 2634 1248 2653 una
1264 2626 1444 2653 similitudine
1457 2630 1553 2653 exacta
1573 2625 1693 2652 cwlestis
1706 2624 1781 2651 illius
1792 2624 1860 2651 civi-

1077 2672 1140 2699 tatis
1157 2677 1286 2698 venustus
1297 2672 1433 2706 plenaque
1449 2671 1584 2697 bonorum
1613 2668 1736 2703 ejusdem
1766 2669 1862 2696 notitia

1077 2717 1147 2744 tradi
1172 2725 1227 2745 non
1243 2717 1341 2752 possit,
1366 2716 1413 2744 scd
1430 2716 1463 2742 ad
1484 2723 1543 2742 eam
1559 2722 1616 2741 rem
1634 2713 1718 2741 variis
1742 2720 1812 2748 opus
1828 2715 1864 2741 sit

1075 2763 1209 2798 exemplis
1225 2768 1252 2790 et
1265 2761 1503 2791 similitudinibus,
1524 2764 1665 2795 propterea
1692 2759 1812 2786 civitatis
1830 2759 1862 2786 il—

1077 2810 1130 2838 lius
1148 2810 1250 2844 plateas
1281 2808 1412 2844 crystallo
1433 2814 1556 2841 auroque
1581 2805 1684 2832 mundo
1710 2805 1864 2839 assimilat;

1077 2865 1132 2892 quo
1152 2857 1216 2884 hinc
1236 2856 1345 2890 quidem
1358 2855 1417 2890 ejus
1431 2849 1616 2890 praestantiam
1640 2852 1794 2887 colorisque
1806 2853 1862 2880 cle-

1077 2902 1196 2937 gautiam
1221 2901 1397 2936 colligamus;
1427 2899 1490 2927 inde
1517 2906 1582 2926 vero
1602 2897 1725 2931 ejusdem
1756 2896 1866 2925 mundi.
