2093 3159
237 174 288 206 illi

710 173 1011 205 COMMENTARIUS
1032 175 1072 204 IN
1092 176 1359 207 APOCALYPSIN.

1816 181 1867 215 446

270 230 302 256 Εἰ
320 229 348 256 δὲ
367 229 393 256 οἱ
410 229 527 261 δίκαιοι,
545 228 582 260 ὥς
600 237 681 262 φησιν
693 229 707 254 6
720 229 846 263 Χριστὸς,
864 229 901 259 ὡς
916 230 929 255 6
949 230 1023 264 ἣλιος

1112 231 1139 257 Si
1163 232 1248 266 justi,
1269 237 1299 259 ut
1322 232 1409 267 inquit
1431 233 1567 266 Christus,
1591 233 1732 270 fulgebunt
1749 241 1775 263 ut
1801 238 1860 270 sol;

236 277 388 310 λάμψουσι,
405 276 463 306 πῶς
478 276 587 310 λυχνίας
603 275 619 310 ἢ
638 276 685 302 καὶ
707 275 820 309 ἡλιακοῦ
837 276 924 310 φωτὸς
947 276 1022 302 ἔσται

235 322 331 357 χρεία,
354 323 410 352 τοῖς
435 322 481 348 τὸν
507 321 609 356 Κύριον
634 321 684 356 τῆς
706 321 785 356 δόξης
813 321 953 355 φωτισμὸν
975 322 1022 348 καὶ

235 368 346 402 βασιλέα
367 367 489 402 ἔχουσιν,
515 367 559 401 ὑφ’
574 364 604 394 οὗ
629 366 838 402 [ἀτελευτήτως]
857 368 896 398 εἰς
921 367 1022 398 αἰῶνας

235 414 339 440 αἰώνων
357 413 610 447 βασιλευθήσονται,
630 413 730 447 μᾶλλον
746 413 773 439 δὲ
795 414 869 447 αὐτῷ
888 413 1021 448 συμϐασι-

234 458 370 490 λεύσουσι,
386 458 457 485 κατὰ
473 458 518 484 τὸν
532 457 602 484 θεῖον
621 458 800 491 ’Λπόστολον;

523 526 545 552 Κ
551 526 635 552 ΕΦΛΛ
642 545 648 553 .
669 526 729 554 ΞΘ’.

235 582 294 609 Ὅτι
311 581 384 615 Θεὸς
401 582 460 609 τῶν
474 583 635 617 προφητῶν
650 586 666 610 ό
678 583 814 616 Χριστὸς,
835 585 885 611 καὶ
908 586 1021 612 Δεσπό-

480 627 534 652 της
548 617 607 645 τῶν
619 617 762 653 ἀγγέλων.

269 685 324 712 Καὶ
338 684 404 713 εἰπέ
416 693 481 720 μοι*
500 684 587 714 Οὗτοι
606 687 633 713 οι
647 687 732 721 λόγοι
756 687 856 713 πιστοὶ
881 687 929 714 καὶ
945 687 1021 721 ἁλη-

233 732 320 759 θινοί.

268 778 372 804 Πιστοί
393 777 442 804 καὶ
459 778 595 811 ἀληθινοί
614 777 651 813 [οἱ
666 777 774 813 λόγοι],
788 778 825 809 ὡς
841 779 873 804 ἐκ
890 778 938 810 τῆς
953 778 1020 812 ἁλη-

234 823 308 854 θείας
336 824 547 858 προφερόμενοι.
572 823 661 858 Μέχρι
685 822 737 859 [6ὲί
759 823 812 850 τῶν
829 823 948 851 ἐνταῦθα
971 824 1020 858 τὴν

233 868 279 895 τοῦ
295 869 411 902 ἀγγέλου
426 869 558 896 ὀπτασίαν
573 869 619 895 καὶ
632 868 703 904 [τὴν]
718 868 771 895 τῶν
783 868 956 903 τεθεαμένων
971 870 1020 904 τὴν

1077 285 1130 312 qua
1149 279 1256 305 ratione
1279 279 1409 306 lueeruali
1427 284 1475 306 aut
1495 280 1578 307 solari
1597 281 1701 309 lumine
1723 289 1793 317 opus
1814 283 1867 309 erit

1078 325 1124 358 qui
1148 332 1162 350 a
1180 324 1295 352 Domino
1308 326 1402 360 gloria:
1429 331 1456 353 et
1473 326 1625 361 majestatis
1643 328 1817 355 illustrantur
1840 334 1867 356 et

1077 374 1219 404 reguntur,
1236 375 1262 397 et
1277 371 1302 397 in
1317 379 1398 398 omne
1419 380 1507 398 mvutn
1524 377 1660 407 regentur,
1683 379 1741 407 aut,
1763 379 1792 401 ul
1808 382 1867 402 rer-

1077 415 1131 442 tius
1145 416 1296 443 secundum
1309 418 1469 448 Apostolum
1482 418 1582 449 dicam.
1598 420 1657 447 sine
1674 421 1726 447 line
1739 428 1790 447 una
1804 428 1865 448 cum

1078 461 1123 488 illo
1138 462 1312 496 regnabunt?
1777 463 1780 467 ’

1355 530 1470 558 CAPUT
1490 530 1582 559 LXIX.

1076 585 1153 618 Quod
1167 585 1289 614 Christus
1309 587 1343 614 sit
1361 587 1428 649 Degs
1443 588 1628 628 prop/telarum
1640 609 1647 622 ,
1661 593 1685 615 et
1711 589 1864 625 angelorum

1420 631 1532 649 annuus.

1420 631 1532 650 annuus.

1112 688 1198 721 XXII,
1222 689 1248 716 6.
1269 689 1303 716 Et
1325 690 1393 717 diait
1413 691 1500 718 mihi:
1517 690 1579 719 Ihm:
1604 691 1682 719 verba
1707 691 1865 726 ﬁdelissima

1075 741 1135 762 ειιηι
1151 741 1174 762 et
1190 744 1261 762 vera.

1113 781 1192 816 109
1210 781 1314 809 Fit/Elia
1329 787 1353 809 et
1377 790 1437 809 vera
1452 786 1533 816 sunt,
1551 787 1644 818 utpote
1667 784 1701 811 ab
1718 784 1776 817 ipsa
1793 784 1864 811 veri-

1076 832 1130 854 tate
1144 827 1258 862 prolata.
1278 827 1337 855 Huc
1352 836 1438 863 usque
1463 830 1551 863 angeli
1569 830 1701 856 visionem
1727 831 1864 858 visorum-

1076 880 1129 906 que
1144 872 1394 906 interpretationem
1407 873 1432 899 in
1445 874 1563 901 medium
1580 875 1736 909 proposuit;
1750 875 1864 910 posthac

233 915 381 949 ἑρμηνείαν
398 914 598 950 παραθέμενος,
614 915 706 941 λοιπὸν
718 915 755 946 ὡς
768 915 797 947 ἐξ
814 915 915 941 οἰκείου
933 924 1020 950 προσ-

1075 920 1180 949 autem,
1210 917 1289 951 quasi
1319 924 1351 944 ex
1379 918 1489 953 propria
1517 926 1634 953 persona
1664 919 1785 947 disserit.
1816 919 1862 946 Ait

233 960 308 986 ώπου
322 960 403 996 φησί·

267 1006 322 1034 Κ(ιί
343 1007 450 1040 Κύριος
465 1008 482 1034 ὁ
499 1007 570 1040 Θεὸς
595 1006 654 1034 τῶν
668 1007 760 1041 ἁγίων
786 1006 946 1041 προφητῶν
964 1006 1019 1034 ἀπ-

232 1051 349 1079 έστειλε
367 1053 419 1079 τὸν
436 1053 563 1088 ἄγγελον
587 1053 691 1084 αὑτοῦ,
712 1053 806 1085 δεῖξαι
823 1053 884 1086 τοῖς
899 1052 1020 1086 δούλοις

231 1098 325 1126 αὑτοῦ
340 1099 359 1126 ἆ
374 1099 421 1125 δεῖ
436 1100 575 1134 γενέσθαι
591 1099 625 1126 ἐν
641 1099 732 1133 τάχει.

268 1145 299 1172 Εἰ
313 1145 341 1172 δὲ
356 1145 427 1178 Θεὸς
447 1145 506 1172 τῶν
522 1145 681 1179 προφητῶν
692 1146 705 1171 6
720 1145 847 1180 Χριστὸς,
864 1146 893 1176 ὃς
908 1145 953 1171 τὸν
969 1145 1019 1178 ἄγ-

233 1191 310 1226 γελον
321 1191 428 1227 [αὑτοῦ]
444 1192 599 1224 ἀπέστειλε,
613 1192 658 1218 διὰ
670 1192 752 1226 μέσου
767 1191 813 1218 τοῦ
827 1192 876 1227 τὴν
886 1191 1019 1218 ὀπτασίαν

233 1238 386 1273 ἑωρακότος
410 1238 546 1273 μακαρίου
574 1237 697 1264 Ἰωάννου
723 1238 807 1269 δεῖξαι
833 1239 890 1269 τοῖς
916 1237 1019 1269 δούλοις

233 1284 316 1311 αὐτοῦ
332 1284 366 1311 τὰ
383 1284 514 1320 μέλλοντα
531 1283 677 1318 γενέσθαι,
692 1283 803 1318 εὔδηλον
825 1284 866 1310 ὅτι
882 1291 1019 1317 συγκατα-

234 1331 353 1362 σατικῶς
369 1331 430 1357 κατ’
455 1330 611 1365 οἰκονομίαν
627 1330 666 1365 τῷ
682 1329 738 1364 Υἰῷ
752 1330 779 1355 ὲν
794 1331 850 1361 τοῖς
867 1329 1020 1364 προοιμίοις

233 1377 285 1412 ἔφη
310 1376 433 1403 δεδόσθαι
459 1376 503 1403 διὰ
522 1377 572 1411 τὴν
594 1376 684 1410 σάρκα
703 1376 752 1410 τὴν
772 1375 955 1410 ἀποκάλυψιν.
990 1375 1020 1401 '0

233 1423 287 1463 γὰρ
300 1423 355 1449 τῶν
369 1422 518 1458 προφητῶν
530 1421 606 1453 Θεὸς,
620 1421 656 1457 [6]
674 1421 720 1448 καὶ
732 1422 795 1452 τοὺς
807 1421 941 1455 ἀγγέλους
953 1421 1021 1447 ἀπο-

235 1469 352 1496 στέλλων
385 1469 423 1500 ώς
453 1468 630 1504 λειτουργικὰ
659 1467 804 1502 πνεύματα
838 1466 906 1502 πρὸς
939 1465 1021 1502 [τοὺς

234 1516 353 1547 οἰκείους
375 1515 495 1551 δούλους]
517 1514 565 1550 τὴν
583 1515 638 1540 τῶν
665 1514 815 1549 μελλόντων
833 1513 936 1550 [αὐτοῖς
955 1514 1022 1539 ἁπο-

233 1563 330 1600 δεῖξαι]
350 1562 520 1601 φανέρωσιν,
543 1562 594 1591 οὐκ
618 1562 651 1588 ἃν
673 1561 795 1597 ἁγνοήσῃ
817 1570 860 1591 τι,
887 1560 948 1587 οὔτε
971 1560 1021 1594 τὴν

1071 968 1161 990 autem
1181 973 1188 991 ε

1108 1009 1142 1037 Et
1165 1010 1293 1038 Dominus
1319 1011 1388 1038 Deus
1409 1015 1560 1038 sanctorum
1580 1012 1767 1046 prophetarum
1789 1012 1861 1038 misit

1071 1056 1194 1090 angelum
1209 1065 1296 1088 suum,
1316 1061 1343 1083 ut
1367 1058 1488 1083 cumulat
1504 1057 1584 1084 cerris
1601 1058 1665 1088 suis,
1690 1066 1747 1092 qua:
1761 1062 1862 1092 oportet

1071 1103 1130 1138 ﬁeri
1145 1103 1208 1130 cito.

1108 1149 1135 1176 Si
1159 1149 1286 1177 Christus
1301 1156 1342 1178 est
1361 1150 1429 1178 Deus
1449 1149 1650 1184 prop/totarum,
1670 1149 1716 1184 qui
1735 1149 1860 1183 angelum

1073 1204 1151 1224 suum
1168 1197 1268 1229 mittit,
1286 1202 1314 1224 ut
1331 1205 1378 1232 per
1401 1197 1523 1224 divinum
1540 1196 1672 1223 Joannem
1685 1217 1691 1229 ,
1712 1196 1758 1230 qui
1775 1196 1860 1222 visiO»

1073 1250 1133 1269 nem
1163 1243 1232 1270 hanc
1256 1243 1332 1274 vidit,
1352 1243 1430 1277 quasi
1459 1250 1506 1277 per
1533 1242 1746 1272 internuntium,
1768 1241 1855 1268 servis

1073 1287 1139 1320 suis,
1163 1295 1223 1322 qua:
1238 1288 1302 1315 olim
1320 1288 1411 1315 futura
1427 1292 1500 1319 sunt,
1519 1287 1656 1319 ostendat,
1686 1288 1798 1322 planum
1821 1287 1859 1319 lit,

1071 1341 1133 1361 eum
1155 1334 1181 1360 in
1202 1333 1262 1360 libri
1284 1333 1366 1369 hujus
1384 1333 1497 1360 exordio
1525 1333 1622 1360 Filium
1650 1341 1740 1360 rerum
1765 1333 1860 1359 harum

1073 1379 1321 1406 manifestationem
1350 1386 1366 1405 a
1388 1378 1443 1406 Deo
1472 1378 1552 1405 l’atre
1577 1379 1715 1414 accepisse
1741 1378 1861 1410 asserit,

1072 1426 1224 1452 orationem
1239 1426 1400 1452 oeconomia:
1420 1424 1494 1452 illius
1516 1424 1667 1451 secundum
1683 1431 1792 1451 carnem
1815 1430 1862 1450 ac-

1072 1470 1273 1501 commodasse,
1299 1470 1472 1505 quadamque
1490 1470 1694 1504 συγκαταὸάσει
1715 1474 1742 1496 et
1759 1469 1861 1496 conde-

1073 1517 1215 1544 scensione
1238 1524 1316 1544 usum
1333 1524 1404 1543 esse.
1421 1516 1471 1549 Qui
1491 1517 1562 1544 enim
1578 1516 1772 1550 prophetarum
1790 1515 1861 1542 Deus

1073 1567 1124 1594 est,
1142 1562 1309 1597 angelosquc
1327 1567 1456 1596 tanquam
1478 1560 1861 1596 spiritus'admiuistratorios

233 1589 340 1646 ἡμέραν
356 1589 425 1634 ὶῡτέ
444 1608 493 1643 τὴν
508 1589 583 1643 ῶραν
597 1607 649 1641 τῆς
664 1589 819 1637 συντελείας
831 1614 838 1620 ·
855 1589 900 1632 ἰνα
915 1605 958 1632 διὰ
972 1589 1020 1631 τοῦ

1075 1608 1105 1635 ad
1122 1616 1216 1635 servos
1238 1615 1303 1635 suos
1315 1627 1322 1640 ,
1341 1614 1371 1635 ut
1396 1615 1456 1642 qua:
1474 1608 1563 1634 l'utura
1580 1611 1660 1638 sunt,
1686 1607 1739 1635 illis
1753 1605 1859 1642 patefar

234 1655 342 1691 ῐΙατρὸς
357 1654 475 1681 ἐνταῦθα
499 1653 573 1689 μάθῃ
586 1653 600 1679 6
618 1652 719 1683 πάντας
735 1651 804 1687 ἔχων
819 1652 884 1681 τοὺς
898 1651 1021 1686 ἀποκρύ-

1075 1654 1133 1685 riat.
1151 1654 1265 1681 subinde
1292 1653 1384 1685 mittit,
1412 1659 1517 1680 certum
1540 1657 1582 1679 est
1604 1660 1666 1679 eum
1691 1652 1758 1678 nihil
1781 1651 1863 1686 quid-

234 1709 300 1735 em);
316 1700 469 1735 Θησαυροὺς
485 1699 534 1733 τῆς
559 1697 656 1732 σοφίας
680 1696 727 1723 καὶ
748 1697 798 1732 τῆς
815 1697 941 1730 γνώσεως
972 1696 1020 1732 [ὡς

1075 1707 1150 1733 quam
1169 1700 1264 1731 latere,
1285 1700 1410 1735 adeoque
1426 1700 1497 1727 diem
1515 1704 1542 1727 et
1565 1699 1661 1726 horam
1684 1705 1863 1726 consumma-

234 1745 323 1781 956;].
338 1742 429 1780 Οὖπερ
447 1744 494 1771 νῦν
510 1745 549 1774 εἰς
565 1743 618 1779 [τὸ]
633 1743 779 1778 πρόσωπον
795 1743 808 1769 ὁ
824 1742 1020 1777 εὐαγγελιστὴς

1075 1743 1152 1771 1ionis
1164 1744 1255 1771 szccnli
1272 1751 1324 1771 non
1343 1745 1478 1780 ignomre,
1500 1744 1536 1771 ita
1555 1748 1585 1770 ut
1605 1743 1699 1770 isthaec
1712 1750 1784 1770 nunc
1800 1746 1862 1768 tan-

236 1791 396 1826 μετέρχεται
414 1788 536 1826 [λέγων]’

1075 1790 1131 1817 dem
1153 1799 1199 1824 per
1211 1790 1320 1818 Patrem
1338 1799 1401 1818 eum
1422 1791 1529 1818 discere
1540 1795 1684 1825 oporteat;
1701 1790 1746 1824 qui
1766 1796 1862 1816 omnes

233 1837 374 1871 sapientia}
398 1841 425 1864 ct
443 1835 565 1863 scientiae
578 1835 732 1870 {thesauros
753 1838 882 1868 tanquam
899 1833 970 1861 Deus
993 1835 1018 1861 in
1037 1843 1065 1862 se
1095 1836 1202 1863 abditos
1219 1837 1309 1863 habet.
1323 1836 1408 1871 Cujus
1441 1843 1584 1870 personam
1599 1835 1769 1870 Evangelista
1785 1841 1863 1863 assu-

234 1891 312 1910 mcns
327 1883 353 1909 in
371 1881 488 1909 medium
505 1887 579 1907 nunc
595 1879 705 1914 prodit,
721 1884 747 1905 et
761 1879 827 1906 dicit
845 1887 851 1905 :

269 1926 349 1963 [Καὶ]
372 1925 435 1953 ἰδοὺ
462 1926 584 1960 ἔρχομαι
607 1925 700 1958 ταχύ·
718 1923 861 1958 μακάριος
888 1925 904 1950 ὁ
925 1923 1022 1957 τηρῶν

236 1975 305 2005 τοὺς
314 1974 426 2006 λόγους
440 1971 493 2004 τῆς
509 1970 691 2005 προφητείας
704 1969 756 1996 τοῦ
766 1970 886 2001 βιϐλίου
903 1970 1020 1996 τούτου.

272 2019 353 2050 Ἐθος
365 2018 420 2053 γὰρ
430 2017 508 2043 τοῦτο
517 2015 586 2052 [καὶ]
596 2017 651 2046 τοῖς
661 2015 825 2050 προφήταις,
835 2014 872 2045 ὡς
883 2014 912 2046 EE
920 2014 1021 2040 οἰκείου

237 2063 383 2099 προσώπου
411 2062 446 2088 τὰ
467 2062 526 2088 Οεία
551 2060 723 2095 χρησμῳδεῖν
743 2059 892 2093 πανταχοῦ.
919 2059 955 2085 T‘a
980 2058 1020 2090 δὲ,

239 2109 316 2142 Ταχὺ
331 2108 453 2142 ἔρχομαι
463 2126 470 2138 ,
487 2106 502 2141 ἢ
520 2105 663 2141 δηλοῦντός
678 2106 735 2131 ἐστι
750 2105 800 2139 τὴν
822 2104 868 2131 τοῦ
887 2105 1020 2140 παρόντος

235 2152 332 2188 καιροῦ
346 2142 519 2188 βραχύτητα,
538 2150 680 2184 συγκρίσει
695 2149 742 2176 τοῦ
759 2150 917 2183 μέλλοντος·
936 2150 952 2184 ἢ
970 2149 1020 2184 τῆς

235 2199 352 2226 ἑκάστου
366 2197 493 2231 τελευτῆς
510 2197 539 2223 τὸ
558 2196 655 2231 ἁθρόον
671 2196 719 2223 καὶ
732 2196 874 2231 σύντομον.
898 2196 1021 2230 Ἐκάσεῳ

235 2243 290 2278 γὰρ
303 2242 379 2278 ἀνδρὶ
391 2242 477 2274 τέλος,
490 2243 506 2278 ἠ
522 2242 645 2269 ἐντεῦθεν
655 2241 738 2268 αὑτοῦ
749 2242 924 2276 μετάστασις.
945 2242 1020 2269 Ἐπεὶ
1039 2237 1060 2265 Ι)

235 2290 326 2316 τοίνυν
351 2288 503 2323 ἀγνοοῦμεν
529 2288 609 2314 ποίαν
631 2287 705 2323 ὦραν
724 2288 738 2313 ὁ
755 2287 874 2323 κλέπτης
892 2289 1001 2323 ἔρχεται
1013 2309 1020 2320 ,

237 2335 384 2370 γρηγορεῐν
408 2334 456 2360 καὶ
480 2333 530 2364 τὰς
553 2333 656 2367 ὀσφύας
679 2333 879 2367 περιεζῶσθαι,
898 2335 1023 2366 καὶτοὺς

237 2380 350 2416 λύχνους
371 2379 443 2415 ἔχειν
460 2378 622 2413 καιομένους
637 2378 687 2413 τῆς
706 2379 775 2405 κατὰ
791 2379 857 2405 Θεὸν
874 2379 1023 2412 πολιτείας,

238 2426 284 2452 καὶ
312 2426 369 2456 τοῖς
387 2425 500 2460 πλησίον
523 2422 684 2458 φαίνοντας,
698 2423 881 2460 ὲντετάλμεθα
894 2433 900 2440 ·
917 2425 968 2460 [διὸ
986 2427 1023 2460 μὴ

238 2470 419 2506 παυσώμεθα]
435 2471 463 2496 ἐν
487 2469 649 2505 συντριμμῷ
675 2469 789 2504 καρδίας
811 2470 857 2496 τὸν
878 2470 945 2497 Θεδν
969 2471 1025 2499 ίκε-

238 2517 362 2548 τεύοντες
377 2516 509 2550 ῥυσοῆναι
527 2517 558 2543 ἐκ
575 2516 684 2543 πάντων
698 2515 753 2541 τῶν
765 2515 916 2545 διωκόντων
932 2517 1005 2552 ἡμᾶς
1016 2525 1022 2532 ·

241 2562 346 2596 μήποτε
373 2560 478 2591 τούτοις
504 2559 675 2595 ἡττηθέντων
702 2560 798 2596 ήμῶν,
818 2561 842 2587 οί
865 2561 915 2593 τὰς
936 2561 1025 2597 ψυχὰς

239 2608 318 2642 ἡμῶν
340 2606 565 2642 παραληψόμενοι
596 2605 732 2642 [ἄγγελοι]
750 2607 910 2642 ἁρπάσωσιν
941 2608 1025 2640 αὑτὰς

239 2653 486 2688 ἁνευτρεπίστους,
511 2652 572 2687 [ὡς]
598 2653 635 2688 μὴ
657 2653 732 2684 ὄντος
754 2653 937 2688 λυτρουμένου
959 2655 1026 2690 μηδὲ

241 2698 373 2730 σώζοντος
385 2705 392 2712 ·
410 2698 517 2732 μήποτε
532 2696 642 2730 δεσμοῖς
663 2696 717 2722 τῶν
736 2697 889 2732 χαμερπῶν
905 2698 951 2723 καὶ
966 2697 1026 2733 γητ-

240 2753 294 2770 νων
317 2743 486 2778 πραγμάτιον
511 2743 527 2776 ἡ
547 2742 662 2768 ἑκάστου
689 2741 790 2777 [ἡμῶν]
812 2742 1027 2777 ἐμπεπλεγμένη

240 2788 331 2825 ψυχή,
351 2790 397 2815 καὶ
424 2788 469 2814 τὸν
487 2787 518 2814 ὲκ
543 2787 646 2814 τούτων
669 2789 808 2822 χωρισμὸν
834 2787 902 2823 [καὶ]
921 2789 957 2823 μὴ
978 2789 1026 2822 φέ-

243 2843 342 2869 ρουσα,
361 2834 423 2868 είκῆ
440 2834 490 2868 μὲν
508 2833 575 2867 πρὸς
599 2833 669 2859 αὐτὰ
688 2833 926 2868 μεταστρὲφηται,
943 2843 1026 2860 κατα-

241 2880 328 2915 λεῦίιαι
343 2881 372 2906 δὲ
389 2880 475 2907 ταῦτα
494 2879 711 2915 κατεπειγομένη
726 2880 858 2915 ἁγγελικῇ
880 2881 1025 2916 ἐπιστασίᾳ

1110 1923 1194 1956 XXII,
1210 1925 1235 1951 7.
1255 1924 1323 1951 Ecce
1338 1926 1409 1951 venio
1425 1925 1546 1952 velociter
1560 1933 1570 1952 .'
1585 1925 1676 1951 beatus
1689 1925 1734 1959 qui
1746 1924 1862 1952 custodit

1071 1970 1148 1997 verba
1163 1971 1306 2005 prophetia:
1319 1971 1381 1996 libri
1396 1971 1487 2005 hujus.

1109 2014 1202 2042 Solent
1215 2023 1332 2050 namque
1345 2017 1483 2050 propheta:
1497 2015 1588 2042 divina
1601 2017 1711 2042 oracula
1733 2021 1861 2050 tanquam
1882 2044 1884 2046 ,

1073 2068 1104 2088 ex
1131 2061 1240 2095 propria
1265 2068 1380 2095 persona
1399 2069 1586 2095 stepeuumero
1602 2062 1772 2094 depromere.
1793 2062 1859 2088 Illud

1073 2110 1180 2138 autem,
1208 2105 1274 2132 Ecce
1299 2105 1372 2132 venio
1394 2106 1464 2136 cito,
1492 2109 1540 2132 aut.
1561 2106 1702 2139 praesentis
1732 2105 1862 2139 temporis

1075 2151 1234 2178 brevitatem
1274 2151 1479 2186 comparatione
1505 2150 1590 2177 l'uturi
1629 2151 1784 2186 signiﬁcat;
1815 2156 1862 2177 aut

1074 2203 1148 2224 certe
1166 2189 1383 2232 uniuscujusque
1409 2197 1488 2223 linem
1506 2204 1589 2231 prope
1605 2197 1713 2228 adesse,
1727 2201 1753 2223 et
1780 2196 1862 2223 simul

1074 2250 1184 2277 quoque
1201 2242 1335 2269 incertum
1360 2249 1420 2269 esse
1441 2242 1578 2273 insinuat;
1602 2242 1740 2276 siquidem
1771 2246 1862 2268 trans-

1075 2288 1142 2315 latio
1166 2296 1198 2315 ex
1219 2288 1270 2315 hac
1287 2288 1396 2314 mortali
1426 2287 1480 2314 vita
1510 2295 1578 2314 suus
1603 2287 1702 2321 cuique
1729 2287 1791 2314 linis
1809 2291 1862 2314 est.

1075 2333 1144 2366 Quia
1157 2341 1223 2368 ergo
1237 2341 1289 2367 qua
1306 2333 1373 2360 hora
1388 2332 1432 2360 l‘ur
1447 2337 1577 2360 venturus
1593 2332 1628 2359 sit
1647 2333 1788 2366 explorate
1808 2340 1862 2360 non

1077 2385 1208 2410 tenemus,
1224 2383 1331 2413 oportet
1349 2387 1397 2406 nos
1412 2379 1535 2414 vigilare,
1550 2379 1711 2412 lumbosque
1724 2379 1864 2406 accinctos

1077 2425 1187 2457 habere,
1206 2428 1232 2450 et
1246 2426 1289 2458 pia
1314 2425 1422 2458 Deoque
1441 2425 1522 2459 digna
1546 2424 1759 2451 conversatione
1776 2423 1862 2450 lucer—

1077 2478 1125 2496 nas
1149 2471 1285 2500 ardentes.
1305 2470 1486 2504 proximoque
1514 2470 1602 2496 lucem
1627 2469 1789 2503 praebentes,
1814 2476 1862 2502 pa-

1077 2516 1129 2543 lam
1158 2517 1310 2543 ostendere.
1342 2516 1526 2548 Quamobrcm
1556 2522 1589 2541 ne
1615 2521 1753 2542 cessemus
1780 2514 1863 2541 corde

1077 2562 1195 2589 contrito
1216 2561 1299 2589 Deum
1314 2562 1464 2596 deprecari,
1492 2566 1520 2588 ut
1537 2561 1571 2587 ab
1593 2560 1721 2587 omnibus
1743 2559 1789 2593 qui
1813 2567 1864 2587 nos

1078 2611 1293 2642 persequuntur,
1323 2615 1371 2634 nos
1399 2607 1512 2638 liberet;
1542 2613 1576 2632 ne
1603 2605 1714 2637 quando
1744 2604 1778 2631 ab
1809 2604 1864 2631 illis

1078 2654 1209 2688 superati,
1225 2654 1312 2689 angeli
1332 2653 1378 2688 qui
1395 2653 1501 2680 animas
1514 2650 1676 2686 corporibus
1695 2655 1790 2677 exutas
1803 2657 1865 2677 sus-

1078 2700 1167 2734 cipere
1196 2700 1294 2731 solent,
1321 2700 1383 2726 hinc
1405 2706 1456 2726 nos
1478 2697 1614 2732 abripiant
1639 2697 1806 2730 imparatos;
1827 2695 1863 2721 ita

1080 2748 1109 2770 ut
1128 2750 1181 2770 non
1197 2743 1232 2770 sit
1249 2743 1294 2777 qui
1314 2743 1441 2775 redimat,
1458 2750 1547 2778 neque
1569 2742 1615 2777 qui
1631 2741 1736 2768 salvum
1762 2739 1862 2771 faciat;

1079 2796 1113 2815 ne
1142 2788 1210 2815 forte
1236 2787 1310 2814 humi
1335 2787 1485 2822 repentium
1516 2791 1741 2819 terrenarumquc
1771 2791 1863 2811 rerum

1079 2835 1184 2870 laqueis
1196 2834 1317 2869 cujusvis
1332 2839 1454 2860 nostrum
1470 2833 1558 2859 anima
1578 2832 1714 2864 iutrieata,
1729 2838 1818 2865 neque
1831 2829 1864 2855 ab

1080 2881 1131 2908 illis
1147 2889 1175 2908 se
1191 2881 1268 2907 avelli
1284 2880 1431 2911 sustinens,
1450 2878 1550 2905 flustra
1563 2879 1595 2904 ad
1609 2886 1654 2905 eas
1671 2881 1863 2908 convertatur;
