2093 3159
209 162 262 193 453

693 162 766 190 CUM
773 160 898 190 MENTA
906 160 994 190 lllUS
1016 161 1055 190 ΙΝ
1077 161 1342 191 APUCALYPSIN.

1792 163 1847 195 454

212 215 370 249 προςώπου,
386 213 414 239 ἰδ
428 214 571 248 ἑπόμενον,
588 213 628 244 τι,
646 213 769 246 Ἔρχου,
784 213 872 245 Κύριε
900 211 1002 245 Ἰησοῦ

1061 220 1152 247 nempe
1176 212 1241 239 illud
1263 221 1271 239 :
1304 212 1380 244 chi,
1411 213 1520 240 Domine
1546 213 1611 241 Jesu
1634 215 1746 242 Clu-iste.
1772 217 1848 244 Desi-

212 261 330 294 Χριστέ.
351 259 539 294 Περιπόθητος
551 259 605 294 γὰρ
621 259 678 290 τοῖς
693 258 781 292 ἁγίοις
796 259 812 292 ἡ
826 257 872 283 τοῦ
885 257 1003 291 Χριστοῦ

212 305 359 341 παρουσία,
373 305 410 336 ὡς
426 305 470 331 τὸν
487 304 583 339 μισθὸν
597 305 651 330 τῶν
676 303 866 338 εἰργασμένων
893 302 1000 329 ἀποδώ-

213 361 296 379 σουσα
311 351 531 378 ὴολ).απλασίονα
543 359 549 365 ·
574 350 636 377 ὅθεν
655 351 703 377 καὶ
718 351 735 385 ἠ
756 348 882 384 παροῦσα
912 349 1003 384 βίῦλος

213 398 277 431 ἁγία
292 398 339 423 καὶ
355 397 533 427 θεόπνευστος
547 396 617 431 πρὸς
629 396 679 431 τὴν
698 395 838 431 μακαρῐαν
854 395 931 429 λῆξιν
955 394 998 421 ὀδ-

213 441 318 476 ηγοῦσα
326 442 387 473 τοὺς
400 442 626 475 ἐντυγχάνοντας.
637 441 693 467 Καὶ
704 440 747 467 ἵνα
756 439 874 466 συνελὼν
883 441 911 466 ἐν
921 439 1005 474 ὀλίγῳ

217 489 263 514 τὸν
280 487 369 513 πάντα
384 487 512 522 ἐπωφελῆ
530 487 631 513 σκοπὸν
647 486 732 521 αὐτῆς
760 485 940 520 παραϐῶμεν,
960 485 1004 510 διὰ

212 534 266 560 eam
287 533 361 560 ἑπτὰ
381 532 571 565 Ἐκκλησιῶν
587 532 617 558 τὸ
629 533 658 558 ἐν
681 533 738 563 τοῖς
752 532 917 566 πειρασμοῖς
938 531 1004 557 ὑπο-

215 577 370 612 μονητικὺν,
384 577 430 603 καὶ
446 576 498 612 [τὸ]
511 577 540 602 ὲν
555 576 690 606 εὐποιίαις
703 576 861 607 σπουδαῖον,
869 576 916 601 καὶ
924 575 1005 610 ἕτερά

212 632 275 650 τινα
292 624 340 658 τῆς
355 623 456 658 ἀρετῆς
473 623 530 657 εἱδη
545 622 739 657 διδασκόμεθα.
768 621 814 653 Ἐξ
836 618 873 647 ὧν
891 622 950 647 ἐστι
963 622 1004 654 τὸ,

215 669 270 696 τῶν
298 669 345 695 ὲπὶ
373 668 444 704 [τῆς]
461 668 512 702 γῆς
529 668 639 695 πάντων
666 667 868 703 ὑπεραρθέντα,
898 668 937 702 τῷ
957 676 1006 694 κα-

214 714 290 749 θαρῷ
305 713 356 748 τῆς
368 713 456 748 ψυχῆς
470 713 575 749 ὄμματι
593 714 642 748 τὴν
662 714 737 740 θείαν
753 715 781 741 ἐν
793 714 916 749 ιὺρανοῖς
928 714 1006 747 δόξαν

214 759 381 786 θεάσασθαι·
416 759 467 785 οὐκ
499 759 584 794 αὐτὴν
601 760 649 793 τὴν
670 759 771 795 [θείαν]
806 759 911 791 οὐσίαν,
939 759 1007 786 ἀλλὰ

213 807 263 840 τὴν
276 805 369 840 θεῐκὴν
385 805 539 839 ἐμφάνειαν
565 805 817 840 σχηματιζομένην,
844 805 899 832 εἴτε
926 805 1006 831 λίθων

214 852 407 886 πολυτιμήτων
445 850 579 886 ποικιλίᾳ,
612 851 668 877 sit:
705 851 923 886 πολυχρωμὰτου
949 851 1006 886 ἰδέᾳ

216 898 310 933 ἴριδος,
325 898 380 923 εἴτε
398 897 455 923 τισι
464 897 595 928 τοιούτοις
615 897 696 924 θείων
725 898 888 933 οἰκονομιῶν
916 898 1004 925 ἰνδάλ-

216 951 299 977 μασιν
313 952 319 957 ·
337 942 388 979 [ἔτι
398 942 438 978 δὲ]
453 943 499 969 καὶ
512 942 561 974 τὰς
579 944 643 978 περὶ
654 943 740 978 αὐτὴν
749 944 830 978 ἁγίας
842 945 1005 979 ἀσωμάτους

213 989 343 1023 δυνάμεις
359 988 544 1024 [μανθάνομεν
594 989 641 1015 καὶ
659 989 721 1020 τοὺς
738 989 807 1022 μετὰ
825 989 952 1024 σώματος
966 991 1005 1024 τῷ

214 1033 310 1068 Κυρίῳ
335 1033 572 1068 εὐαρεστήσαντας
586 1041 592 1048 ·
616 1033 729 1068 βροντάς
750 1043 779 1060 τε
805 1036 851 1061 καὶ
864 1036 1006 1070 ἀστραπὰς

215 1079 426 1115 προηγουμένας
454 1079 504 1114 τῆς
547 1079 623 1111 θείας
655 1079 808 1114 παρουσίας
843 1079 1006 1116 [κατανοοῦ-

217 1125 295 1162 μεν.]
322 1126 377 1153 Καὶ
403 1126 452 1160 τῆς
481 1125 572 1160 βίϐλου
591 1125 642 1161 [δὲ]
666 1126 720 1152 τῶν
738 1126 818 1153 θείων
860 1127 1004 1162 χριμάτων

216 1172 381 1200 καταλαὸεῐν
423 1173 454 1198 τὸ
498 1173 691 1208 ἀκατάληπτον
734 1173 783 1208 τῆς
827 1182 992 1208 κατασημαν

217 1219 310 1254 θείσης
324 1220 384 1250 ταῖς
397 1219 466 1246 ἑπτὰ
483 1219 675 1254 σιξραγῖσιτοῦ
705 1219 874 1254 Πνεύματος,
899 1219 946 1246 καὶ
964 1219 1007 1246 διὰ

214 1265 263 1291 τοῦ
287 1264 388 1299 ’Λμνοῦ
404 1264 452 1291 τοῦ
464 1264 532 1291 Θεοῦ
545 1265 594 1300 τὴν
606 1264 684 1291 λύσιν
701 1265 864 1300 δεξαμένης,
882 1265 938 1291 τῶν
953 1265 1008 1292 ἀπὸ

215 1310 264 1344 τῆς
278 1310 359 1336 αὑτοῦ
371 1311 526 1345 παρουσίας
542 1310 624 1346 μέχρι
642 1310 715 1346 [τῆς]
725 1310 878 1342 συντελείας
894 1319 1008 1345 γεγενη-

218 1356 318 1391 μένων,
334 1356 398 1392 περί
420 1365 449 1382 τε
468 1356 518 1390 τῆς
531 1355 585 1382 τῶν
604 1355 751 1391 μαρτύρων
760 1356 945 1391 ἀνδραγαθίας
959 1356 1008 1392 [δι-

215 1401 398 1437 δασκόμεθα,]
415 1402 462 1428 καὶ
476 1402 523 1436 τῆς
540 1401 595 1428 τῶν
606 1402 729 1428 ἀπίστων
744 1402 842 1436 διπλῆς
858 1402 1007 1434 κολὲισεως⁵

216 1448 265 1482 τῆς
283 1456 312 1474 τε
327 1447 374 1474 τοῦ
402 1447 583 1482 εὖαγγελικοῦ
609 1448 711 1483 σπόρου
726 1449 930 1484 καρποφορίας,
960 1449 1008 1475 καὶ

217 1495 267 1529 τῆς
278 1493 332 1520 τῶν
344 1494 526 1527 ὀλιγοπίστων
534 1495 580 1521 καὶ⁴
591 1495 730 1529 ἀνάνδρων
745 1494 909 1525 ἐκπτώσεως
919 1502 925 1508 ·
935 1495 1009 1526 ὅπως

1055 258 1185 286 dera‘uilis
1201 258 1275 285 enim
1289 263 1330 286 est
1345 259 1449 286 sanctis
1466 259 1569 287 Christi
1585 260 1734 294 adventus;
1747 262 1849 297 quippe

1055 305 1102 339 qui
1130 311 1242 338 operum
1261 305 1417 331 mercedem
1440 305 1552 332 reddere
1568 306 1655 333 soleat
1685 307 1765 342 longe
1791 315 1848 334 am-

1054 350 1217 384 plissimam.
1239 349 1272 376 Et
1287 350 1344 376 haec
1358 350 1392 377 de
1404 351 1530 385 praesnti
1547 352 1629 385 libro,
1645 353 1692 388 qui
1730 357 1758 381 et
1783 362 1848 382 san-

1055 399 1115 422 ctus
1131 399 1159 421 et
1171 394 1304 422 divinitus
1318 395 1468 429 inspiratus
1486 401 1538 429 est,
1557 397 1684 433 viamque
1696 405 1798 427 certam
1814 401 1849 428 ad

1056 441 1163 467 beatam
1176 441 1299 476 requiem
1314 446 1342 468 ct
1357 441 1438 468 tinem
1453 443 1573 470 ostendit
1588 444 1623 471 iis
1646 445 1692 479 qui
1705 445 1849 481 diligenter

1056 487 1131 514 illum
1148 486 1260 522 legunt;
1281 488 1360 522 cujus
1388 495 1501 522 scopum
1530 490 1691 518 universum
1724 492 1751 518 in
1777 500 1849 520 com-

1057 532 1185 567 pendium
1203 537 1390 566 contractum,
1408 535 1501 569 paucis
1518 543 1680 569 proponam,
1698 537 1780 572 idque
1793 546 1847 565 non

1057 578 1200 610 inutiliter,
1219 583 1249 606 ut
1264 586 1354 613 spero.
1370 578 1422 606 Per
1444 585 1541 614 septem
1555 581 1638 615 igitur
1658 581 1800 615 Ecclesias,
1822 589 1850 610 et

1057 624 1201 651 tolerantia
1215 625 1242 651 in
1263 625 1397 656 adversis.
1412 630 1438 652 et
1458 627 1592 654 modestia
1618 634 1728 654 rursum
1745 628 1771 654 in
1786 634 1849 663 pro-

1057 670 1155 704 speris,
1185 674 1212 697 et
1239 670 1299 697 alie
1324 671 1448 705 quaedam
1474 672 1606 698 virtutum
1640 673 1745 706 species
1770 674 1850 700 nuliis

1057 717 1298 744 eonnncndantur.
1322 716 1466 751 Colligitur
1482 717 1548 744 hine
1566 725 1676 752 quoque
1709 726 1794 745 unum
1817 718 1850 745 il-

1058 761 1104 788 lud
1123 761 1259 792 omnium,
1281 761 1354 796 quod
1371 761 1475 789 homini
1493 762 1520 789 in
1538 766 1608 789 terra
1632 763 1774 798 obtingere
1797 771 1850 798 pe~

1058 811 1121 837 test,
1138 814 1270 833 summum
1295 815 1351 833 esse
1378 814 1471 842 posse,
1499 808 1629 835 nimirum
1656 816 1725 844 puro
1750 809 1850 837 mentis

1058 853 1138 880 oculo
1151 853 1269 880 divinam
1284 853 1309 879 in
1330 853 1408 881 cmlis
1436 854 1551 888 gloriam
1583 855 1777 889 contemplari;
1795 863 1850 882 non

1059 898 1120 925 dico
1137 898 1257 925 divinam
1273 899 1433 931 essentiam,
1448 899 1494 925 sed
1522 899 1567 926 Dei
1586 900 1705 934 speciem
1724 900 1850 935 sytnboio

1058 944 1187 978 quopiam
1204 948 1318 971 externo
1331 945 1541 978 adumbratam;
1559 945 1617 972 sive
1635 945 1700 972 illud
1724 946 1760 972 sit
1787 953 1850 980 pre-

1058 989 1191 1016 tiosorum
1209 989 1327 1024 lapidum
1355 991 1497 1023 varietas;
1514 991 1571 1018 sive
1598 991 1779 1018 multicoloris
1805 991 1851 1018 iri-

1058 1034 1100 1062 dis
1114 1035 1220 1070 imago;
1239 1035 1295 1061 sive
1308 1035 1401 1070 aliqua
1419 1036 1470 1062 alia
1484 1036 1619 1070 ejusmodi
1632 1035 1794 1068 similitudo,
1807 1044 1851 1070 pe-

1059 1081 1158 1108 culiari
1181 1081 1228 1108 Dei
1247 1082 1418 1115 providentia
1439 1081 1473 1108 ad
1491 1082 1543 1109 hoc
1560 1090 1660 1109 munus
1689 1082 1848 1111 obeundum

1058 1126 1210 1154 ell'urmata.
1228 1127 1366 1155 Discimus
1391 1135 1422 1154 ex
1445 1127 1498 1154 hoc
1521 1127 1603 1154 etiam
1628 1127 1777 1159 volumine,
1795 1135 1850 1156 non

1061 1174 1142 1200 modo
1160 1173 1343 1200 sanctasillas
1375 1173 1556 1208 c0rporisque
1575 1178 1699 1207 expertes
1723 1174 1849 1206 virtutes,

1060 1220 1107 1246 sed
1124 1220 1248 1246 homines
1263 1227 1373 1254 quoque
1393 1219 1441 1254 qui
1458 1219 1616 1254 incorpore
1644 1219 1773 1254 degentes
1796 1218 1850 1246 Do-

1061 1265 1137 1291 mino
1148 1264 1322 1299 placuerunt,
1339 1265 1412 1291 circa
1425 1264 1526 1291 divinae
1555 1265 1708 1299 maiestatis
1721 1265 1849 1292 thronum

1060 1309 1235 1337 familiariter
1264 1310 1382 1342 versari,
1412 1310 1504 1337 adluec
1539 1309 1648 1345 fulgura
1678 1314 1706 1337 et
1731 1310 1851 1338 tonitrua

1061 1355 1212 1383 Dominicaa
1227 1356 1378 1390 prmsentia:
1392 1356 1525 1383 indicium
1539 1355 1639 1384 facere.
1655 1356 1768 1383 Librum
1779 1364 1851 1392 pra:-

1063 1405 1138 1428 terca
1151 1401 1308 1427 divinorum
1320 1400 1489 1435 judiciorum
1513 1405 1617 1435 septem
1635 1401 1751 1435 spiritus
1775 1401 1847 1436 sigil-

1061 1446 1095 1474 lis
1110 1447 1293 1482 obsignatum.
1314 1447 1399 1474 multo
1415 1447 1603 1474 sublimiorem
1621 1455 1683 1475 esse
1697 1455 1780 1482 quam
1796 1448 1843 1483 qui

1064 1490 1183 1516 liuniana
1198 1493 1287 1516 mente
1303 1490 1391 1517 valeat
1409 1491 1626 1525 comprehendi;
1657 1492 1780 1526 adeoque
1800 1500 1850 1527 per

216 1549 246 1566 τε
261 1541 286 1566 οι
301 1540 375 1574 ἆγιοι
390 1541 439 1574 τῆς
467 1539 537 1576 [τοῦ]
554 1540 676 1576 Χριστοῦ
701 1540 833 1576 δευτέρας
856 1540 1008 1575 παρουσίας

1063 1535 1158 1568 alium,
1170 1543 1249 1569 quant
1262 1543 1309 1569 per
1323 1536 1401 1570 113
1414 1536 1521 1571 Agnum
1538 1536 1583 1563 Dei
1595 1536 1790 1572 quijuguiatus
1798 1542 1852 1571 est,

217 1587 339 1621 ἐφίενται
352 1594 358 1601 ·
376 1586 425 1620 τῆς
440 1595 470 1613 τε
492 1587 545 1621 πρὸ
570 1586 644 1622 [τῆς]
660 1586 707 1613 τοῦ
743 1587 928 1622 Ἀντιχρίστου
954 1588 1008 1613 τῶν

217 1633 309 1660 κακῶν
323 1634 470 1668 ἐπιφορᾶς,
489 1633 537 1659 καὶ
548 1633 602 1659 τῶν
616 1633 662 1658 ὑπ’
682 1631 765 1658 αὑτοῦ
785 1633 856 1659 κατὰ
878 1633 1008 1667 Χριστια-

219 1679 271 1705 νὼν
284 1679 480 1714 τολμωμένων.
498 1678 569 1712 Πρὸς
584 1677 689 1709 τούτοις
702 1677 730 1703 δὲ
753 1677 848 1713 μαθεῖν
875 1677 949 1704 ἔστιν
964 1679 1008 1703 ἐν-

217 1723 323 1754 τεῦθεν,
339 1724 413 1753 ὅπως
429 1723 483 1749 εἰσὶ
496 1723 534 1757 τῷ
548 1722 608 1756 Θεῷ
621 1723 707 1757 τίμιοι
721 1723 745 1748 οἱ
768 1722 852 1756 ἅγιοι,
868 1723 905 1754 ὡς
924 1724 1009 1757 ὑπερ-

218 1768 340 1794 τίθεσθαι
357 1767 406 1803 τὴν
419 1767 512 1804 [κατὰ]
529 1768 582 1794 τῶν
597 1768 703 1794 ὰσεὸὦν
718 1769 839 1800 κόλασιν,
856 1769 922 1803 πρὶν
935 1766 1008 1796 οὗτοι

219 1813 262 1841 διὰ
281 1813 354 1850 [τῆς]
369 1814 516 1849 σφραγῖδος
528 1815 583 1845 τοῖς
599 1815 731 1849 τιμωροῖς
757 1814 884 1848 ἀγγέλοις
908 1815 1006 1849 γένωνι

219 1869 264 1887 ται
280 1859 425 1895 γνώριμοι.
443 1860 497 1886 Καὶ
518 1859 567 1891 τὰς
591 1860 661 1886 ἑπτὰ
686 1860 714 1885 δὲ
746 1860 853 1894 πληγὰς
885 1860 1009 1886 ἐντεῦθεν

223 1905 398 1939 μανθάνομεν
416 1906 471 1936 τοῖς
485 1903 533 1930 ἐπὶ
547 1903 599 1938 γῆς
613 1904 640 1930 ἐν
656 1904 713 1935 τοῖς
727 1903 851 1938 ἐσχάτοις
878 1902 1008 1939 [καιροῖς]

220 1950 386 1984 ἐπάγεσθαι·
407 1950 444 1982 ὠς
460 1950 492 1977 ἄν
507 1949 545 1986 τῷ
558 1949 661 1976 τούτων
676 1949 786 1983 μεγέθει
802 1949 871 1983 πρὸς
883 1950 1010 1983 ἐπιστρο-

221 1996 274 2031 φὴν
290 1996 389 2029 ἴδωμεν
404 1994 451 2021 καὶ
466 1995 569 2021 ἱκεσίαν
584 1993 632 2020 τοῦ
648 1993 716 2021 Θεοῦ
734 1993 839 2019 τούτων
858 1993 894 2027 μὴ
909 2001 1007 2027 πειρα-

221 2042 311 2077 θῆναι.
322 2041 377 2067 Καὶ
385 2041 416 2067 τὸ
426 2040 479 2067 τῶν
488 2040 612 2074 ἀγγέλων
623 2039 649 2066 δὲ
658 2039 862 2074 φιλάνθρωπον,
870 2039 913 2065 διὰ
926 2039 972 2064 τοῦ
981 2039 1010 2064 τὸ

221 2086 388 2121 Εὑαγγέλιον
400 2087 561 2121 κατέχοντος
578 2085 692 2117 καὶτοῖς
708 2086 736 2111 ὲν
749 2084 805 2120 ῐτῇ]
818 2086 852 2119 γῇ
863 2085 1010 2120 κηρύττον-

221 2141 276 2164 τος,
293 2131 446 2158 δείκνυται·
462 2131 509 2158 καὶ
530 2130 584 2157 τῶν
598 2130 646 2156 ἐπὶ
667 2130 809 2165 συντελείᾳ
824 2130 1010 2164 ἐλευσομένων

225 2178 310 2211 ἁγίων
338 2177 446 2210 ἐλέγξαι
472 2177 517 2202 τὸν
545 2176 750 2212 ψευδόχριστοι,
771 2177 799 2202 τὸ
811 2176 943 2211 καρτερὸν
963 2176 1011 2202 καὶ

223 2223 345 2258 ἀνδρεῖον
353 2223 401 2258 τῆς
411 2222 501 2258 ψυχῆς
513 2222 640 2257 παράστη
646 2231 692 2257 μα.
708 2221 862 2257 [Ὡσαύτως
870 2221 897 2248 δὲ
909 2221 1013 2261 δείκχυ-

223 2269 281 2305 ται]
298 2269 346 2296 χαι
371 2270 388 2304 ἡ
413 2271 460 2304 τῆς
480 2268 660 2304 Ἰερουσαλὴμ
683 2268 826 2303 διαίρεσις,
852 2269 899 2295 καὶ
922 2269 936 2294 ὁ
959 2268 1013 2294 τῶν

226 2315 342 2342 ἐθνικῶν
356 2315 462 2341 πόλεων
477 2315 645 2349 ἁφανισμὺς,
659 2318 705 2340 καὶ
720 2315 736 2349 ἡ
750 2314 797 2340 ἐπὶ
810 2313 917 2345 τούτοις
932 2313 1014 2349 εὐχα-

228 2361 318 2397 ριστία
333 2360 387 2387 τῶν
408 2361 465 2388 ἂνω
480 2360 638 2396 δυνάμεων·
655 2361 702 2386 καὶ
713 2360 726 2385 ὁ
738 2360 809 2386 κατὰ
826 2360 875 2394 τῆς
900 2361 1014 2396 Ἐκκλη-

228 2408 288 2446 sint;
300 2407 328 2434 δὲ
342 2407 473 2441 διωγμὸς,
491 2408 538 2433 καὶ
553 2409 569 2442 ὴ
586 2406 633 2433 τοῦ
664 2406 787 2433 διαϐόλου
819 2406 995 2438 κατάπτωσις
1006 2415 1012 2421 ·

227 2455 274 2480 καὶ
291 2455 308 2489 ἡ
325 2453 371 2480 τοῦ
393 2453 579 2488 Ἀντιχρίστου
604 2453 751 2488 παρουσία,
764 2453 840 2487 καὶὴ
857 2452 904 2478 τοῦ
920 2452 1015 2487 ψευδο-

228 2501 369 2536 προφήτου
390 2500 499 2534 ἁπὰτη·
518 2499 565 2526 καὶ
582 2500 599 2534 ἡ
615 2499 669 2525 τῶν
687 2499 848 2533 σωζομένων
864 2498 915 2534 [δὲ]
932 2499 1014 2525 πολυ-

227 2545 342 2580 άριθμος
353 2545 457 2580 πληθὺς
473 2543 608 2580 [ἐντεῦθεν
618 2543 770 2579 δηλοῦται],
786 2545 833 2570 καὶ
846 2545 862 2578 ὴ
876 2543 948 2580 [τῆς]
967 2544 1017 2570 Βα-

231 2591 351 2623 ϐυλῶνος
379 2591 499 2622 πτῶσις’
529 2590 607 2617 καὶὸ
626 2591 676 2625 τῆς
706 2590 877 2625 παγκοσμίου
914 2589 1016 2620 ἅλωνος

227 2637 344 2672 ἀμητὸς,
362 2636 410 2663 καὶ
424 2635 479 2662 τῶν
492 2636 542 2670 τῆς
559 2635 671 2670 πικρίας
684 2635 805 2670 βοτρύων
831 2635 844 2661 ὁ
865 2634 998 2670 τρυγητός
1008 2641 1014 2648 ·

228 2685 276 2710 καὶ
293 2683 346 2709 τῶν
363 2682 448 2716 ἁγίων
464 2682 481 2717 ἡ
499 2681 682 2716 καθαρωτάτη
699 2681 786 2715 λῆξις,
801 2681 897 2715 ὑαλίνῃ
913 2679 1015 2705 θαλάσ-

231 2738 265 2764 σῃ
282 2729 486 2764 ἀφωμοιωμένη
498 2735 505 2742 ⁶
521 2727 568 2754 καὶ
583 2729 599 2762 ἡ
614 2727 778 2761 tramisso;
794 2726 843 2760 τῆς
868 2726 943 2756 θείας
969 2725 1016 2759 ὀρ-

229 2776 281 2809 γῆς
296 2775 386 2810 χύσις,
406 2777 462 2806 τοῖς
478 2776 507 2801 ἐν
523 2775 557 2809 γῇ
578 2774 625 2800 καὶ
651 2772 774 2808 θαλάσσῃ
800 2772 858 2808 [καὶ
873 2771 1016 2806 ποταμοῖς]

230 2823 278 2848 καὶ
291 2822 394 2853 λοιποῖς
411 2820 565 2856 στοιχείοις,
582 2820 624 2846 διὰ
640 2819 688 2854 τὴν
704 2819 757 2845 τῶν
774 2818 923 2854 ἀνθρώπων
936 2826 1017 2853 πονη-

234 2867 293 2900 ρίαν
308 2868 355 2899 τὰς
371 2866 507 2898 κακώσεις
526 2866 676 2900 ἐπάγουσα,
691 2865 737 2892 καῖ
755 2865 799 2891 τὶν
824 2864 874 2899 μὲν
895 2863 941 2890 τοῦ
970 2863 1018 2899 θη-

1062 1581 1131 1609 solvi
1145 1582 1312 1616 nequivisse.
1330 1581 1408 1608 llunc
1421 1589 1504 1617 porro
1526 1583 1728 1618 Apocalypseos
1739 1583 1846 1611 divina-

1063 1634 1179 1661 rumque
1196 1627 1394 1654 revelationum
1423 1627 1522 1654 librum
1551 1636 1582 1655 ea
1612 1629 1748 1663 praecipue
1775 1637 1853 1657 com-

1063 1672 1154 1706 plecti,
1172 1680 1257 1705 qmea
1271 1673 1360 1706 primo
1377 1672 1477 1699 Christi
1494 1673 1612 1700 adventu
1631 1682 1721 1708 usque
1741 1674 1775 1701 ad
1792 1682 1844 1702 ste-

1063 1718 1116 1745 culi
1147 1719 1413 1744 consummationem
1446 1718 1544 1753 partim
1575 1719 1685 1754 quidem
1703 1720 1759 1755 jam
1788 1727 1853 1748 eve-

1064 1769 1174 1796 nerunt,
1193 1764 1290 1798 partim
1308 1772 1373 1791 vero
1394 1769 1525 1791 eventura
1540 1765 1630 1793 adhuc
1645 1771 1852 1801 exspectantur.

1063 1808 1213 1836 Disseritur
1226 1809 1252 1835 in
1271 1809 1322 1835 hac
1337 1816 1419 1846 opere
1433 1817 1542 1844 quoque
1560 1810 1592 1836 de
1606 1814 1758 1846 martyrum
1772 1811 1853 1838 forti-

1063 1855 1156 1882 tudine
1165 1860 1191 1881 et
1201 1855 1367 1888 constantia,
1377 1856 1409 1882 de
1421 1855 1524 1890 duplici
1537 1855 1689 1884 inlidelium
1706 1857 1851 1892 supplicio,

1062 1902 1095 1929 de
1117 1901 1270 1936 Evangeliei
1290 1901 1404 1929 seminis
1417 1902 1552 1937 ubertate,
1573 1903 1606 1930 de
1621 1904 1782 1937 ignavorum
1795 1911 1853 1931 mo-

1064 1949 1187 1982 diemque
1201 1947 1263 1974 tidei
1279 1947 1423 1974 hominum
1452 1948 1542 1980 ruina,
1562 1948 1713 1984 ultimaque
1741 1956 1854 1976 eorum-

1062 1993 1123 2020 dem
1138 1994 1295 2026 exeisione;
1311 1993 1344 2020 de
1354 1993 1490 2020 desiderio
1504 2002 1558 2027 quo
1581 1997 1668 2021 sancti
1685 1995 1717 2020 de
1731 1994 1853 2022 secundo

1062 2040 1164 2067 Christi
1179 2040 1296 2066 adventu
1324 2039 1447 2073 ﬂagrant,
1467 2040 1500 2065 de
1518 2039 1635 2066 cladium
1659 2043 1686 2066 el
1708 2040 1852 2067 calamita-

1064 2090 1121 2113 tum
1138 2085 1337 2120 magnitudine,
1362 2093 1422 2119 qua:
1436 2085 1596 2112 Antichriin
1616 2085 1761 2112 adventum
1775 2091 1853 2113 antc-

1064 2133 1180 2164 cedent;
1196 2131 1229 2158 de
1246 2132 1325 2158 mahs
1340 2131 1441 2165 pariter
1455 2135 1482 2157 et
1509 2131 1755 2164 persecutionibus,
1783 2139 1854 2165 quas

1069 2179 1153 2209 idem,
1185 2177 1229 2204 ubi
1249 2176 1365 2207 venerit,
1387 2176 1518 2203 adversus
1531 2175 1704 2203 Christianos
1717 2176 1853 2203 incendet.

1032 2223 1051 2249 D
1068 2224 1242 2258 Cognoscere
1254 2222 1319 2249 hinc
1334 2222 1415 2248 etiam
1440 2222 1513 2253 licet,
1532 2221 1659 2248 homines
1673 2222 1855 2250 sanctimonia

1067 2275 1180 2296 ornatos
1208 2268 1264 2295 Deo
1284 2275 1370 2302 usque
1404 2267 1472 2294 adeo
1492 2267 1569 2294 cordi
1593 2274 1721 2302 curaeque
1738 2275 1809 2300 esse,
1827 2271 1856 2295 ut

1067 2316 1215 2350 impiorum
1256 2313 1421 2348 supplicium
1460 2313 1593 2348 tantisper
1635 2313 1855 2341 transferendum

1068 2361 1188 2392 duxerit,
1204 2360 1290 2387 donec
1306 2366 1353 2393 per
1366 2358 1537 2393 signaculum
1552 2358 1586 2385 ab
1599 2357 1703 2393 angelis
1720 2358 1854 2385 scelerum

1068 2406 1224 2433 vindicibus
1250 2404 1425 2438 impressum,
1442 2403 1477 2429 ab
1509 2402 1602 2437 impiis
1636 2406 1856 2434 sccernereutur,

1070 2461 1114 2485 nc,
1133 2453 1155 2479 si
1173 2459 1253 2479 secus
1276 2450 1363 2482 ﬁeret,
1377 2449 1518 2476 eummuni
1536 2448 1606 2476 forte
1634 2448 1704 2476 cladi
1734 2447 1856 2474 involve-

1070 2504 1177 2525 rentur.
1205 2497 1312 2532 Septem
1342 2500 1471 2530 praetcrea
1499 2495 1658 2522 novissimis
1684 2493 1854 2529 temporibus

1071 2544 1163 2578 plagas
1182 2543 1208 2569 in
1225 2551 1271 2570 eos
1291 2542 1338 2577 qui
1353 2546 1459 2568 aetatem
1479 2542 1504 2568 in
1524 2541 1604 2568 terris
1619 2541 1731 2575 degunt,
1760 2539 1858 2566 erude—

1069 2589 1130 2616 liter
1150 2593 1341 2623 grassaturas;
1367 2595 1421 2622 quo
1439 2587 1569 2614 nimirum
1598 2586 1695 2612 horum
1722 2583 1858 2617 magnitu-

1069 2634 1133 2661 dine
1150 2633 1293 2665 admoniti,
1308 2632 1340 2658 ad
1354 2632 1561 2660 conversionem
1577 2635 1747 2665 spectemus;
1762 2629 1858 2656 Deum-

1070 2687 1134 2715 que,
1149 2686 1183 2706 ne
1199 2679 1282 2706 hasce
1300 2678 1448 2713 aliquando
1463 2677 1646 2712 experiamur,
1662 2674 1800 2710 supplices
1812 2674 1859 2701 de-

1071 2733 1227 2761 precemur.
1262 2724 1314 2751 Per
1345 2724 1471 2759 angelum
1508 2730 1592 2758 porro
1621 2721 1669 2757 qui
1698 2719 1858 2748 aeternitatis

1071 2771 1248 2806 Evangelium
1266 2770 1384 2802 tenebat,
1419 2769 1508 2804 iisque
1520 2768 1565 2802 qui
1582 2769 1608 2795 in
1626 2772 1696 2795 terra
1710 2766 1859 2794 versaban-

1071 2822 1124 2848 tur,
1142 2816 1319 2852 prtedicahat,
1337 2815 1450 2850 angelus
1467 2821 1563 2842 omnes
1585 2814 1628 2848 pie
1645 2812 1794 2840 admodum
1805 2813 1859 2839 cle-

1072 2867 1233 2897 menterque
1250 2869 1314 2896 erga
1329 2868 1414 2896 genus
1430 2865 1554 2888 nostrum
1570 2859 1682 2887 allectos
1704 2865 1764 2887 esse
1792 2857 1858 2884 iusi-
