2093 3159
242 155 298 186 455

848 148 1014 180 ANDRE/E
1033 148 1291 179 CIESARIENSIS

1822 148 1874 179 456

246 217 358 240 nuntur.
377 210 448 243 Quin
478 209 511 237 de
529 207 633 236 Επιοοίιί
649 211 676 235 et
691 207 765 238 Eliaz.
786 206 833 241 qui
865 207 917 234 sub
943 205 1036 233 surculi

1094 207 1148 240 ρίου
1164 206 1258 241 θρόνον
1271 204 1417 237 σκοτοῠσα,
1432 204 1593 231 ὁδοποιοῦσα
1608 204 1637 230 δὲ
1651 203 1709 236 τοῖς
1722 203 1770 230 τοῦ
1785 203 1876 230 διασό-

246 259 328 286 linem
344 257 452 285 venturi
464 260 539 288 sunt,
557 259 586 282 ut
600 253 836 289 pseudoehristum
860 256 888 279 et
914 251 1032 286 pseudo-

247 304 407 340 prophctam
425 303 603 336 redarguam,
621 300 781 327 fortitudine
804 299 945 333 animique
967 305 1033 325 con-

246 349 357 382 stantia,
373 352 498 377 accurate
527 347 570 374 hic
601 353 712 381 quoque
738 349 886 376 tractatur;
915 348 972 372 tum
1000 343 1033 370 de

249 396 343 423 ultima
369 393 516 429 Babylonis
548 393 627 420 ruina
654 397 681 419 et
711 389 910 422 internecione,
944 389 1033 424 deque

246 442 386 469 civitatum
414 439 535 474 gentium
561 437 717 470 eversione;
743 441 800 463 tulit
826 437 860 463 de
891 435 983 463 lwtilia
1007 439 1033 462 et

245 486 331 515 animi
356 485 554 515 exsultatione,
580 491 663 519 quam
689 490 815 517 superna:
833 482 949 510 virtutes
972 487 1032 507 eam

246 533 282 560 ob
295 540 351 559 rem
367 530 546 565 concipiunt;
562 530 596 556 de
610 529 712 556 diaboli
728 536 805 560 casu,
821 528 854 555 de
871 534 941 556 satva
955 526 1033 553 Aliti-

245 576 343 604 christi
370 575 441 603 furia
465 580 492 602 et
518 573 690 605 crudelitate,
719 573 753 599 de
788 570 1033 606 pseudoprophetaa

247 621 344 650 fraude
369 624 396 647 et
422 621 584 655 impostura,
601 619 634 646 de
649 618 812 654 gravissima
829 616 960 644 Ecclesia:
972 624 1034 651 per-

247 667 402 699 secutione,
417 667 451 694 de
471 667 614 693 innumera
633 665 825 692 salvandorum
850 663 1033 696 multitudine,

247 711 281 738 de
305 711 380 739 orbis
407 711 528 738 universi
544 718 607 738 area
635 714 662 737 et
689 717 788 742 messe,
818 709 853 737 de
873 709 1034 736 acerbarum

247 765 363 784 uvarum
380 756 529 788 vindemia,
547 756 581 783 de
597 756 745 790 purissima
768 759 929 783 sanctorum
944 754 1036 789 quiete

247 804 335 829 vitreo
347 803 414 828 mari
432 802 594 834 assimilata,
621 801 655 829 de
679 805 783 836 septem
810 801 910 836 pbialis
937 800 1036 828 divinae

247 848 306 880 irae,
325 849 351 875 in
364 855 412 876 eos
427 848 521 875 ell'usis
535 848 581 882 qui
605 852 705 874 terram
732 853 759 875 et
776 854 850 875 mare
869 851 896 874 et
921 846 1034 874 ﬂumina

247 897 275 920 et
288 893 393 927 reliqua
421 893 557 920 elementa
589 891 753 924 inhabitant,
771 891 860 927 deque
879 892 982 919 crudeli
995 891 1035 919 af-

247 938 366 965 ﬂictione
382 943 409 965 et
421 938 588 970 calamitate,
610 945 671 973 qure
686 938 750 965 hinc
766 945 879 973 propter
893 938 1037 965 hominum

247 984 379 1011 malitiam
395 987 615 1018 consequentur;
642 983 676 1010 de
687 983 783 1010 bestia!
796 983 898 1010 throno
916 990 964 1018 per
981 991 1039 1011 eas-

251 1032 313 1058 dem
330 1030 436 1065 phialas
450 1031 520 1057 Iocde
536 1030 695 1063 obscurato,
707 1029 741 1057 de
752 1030 796 1057 via
812 1037 860 1065 per
873 1029 1037 1065 Euphratem

246 1076 351 1103 diaboli
371 1075 534 1103 satellitibus
560 1074 709 1111 patefacta,
738 1075 864 1110 miraque
878 1076 1037 1103 eorumdem

249 1121 427 1152 inﬁrmitate;
444 1120 478 1148 de
495 1120 650 1148 admirabili
669 1128 761 1147 rerum
788 1120 912 1148 omnium
942 1120 1039 1148 conlu-

249 1167 325 1194 sione
334 1171 361 1194 et
373 1166 618 1198 transmutatione;
628 1173 689 1201 qum
699 1167 744 1193 ubi
760 1167 876 1201 primum
891 1166 1038 1194 fornicaria

249 1213 295 1240 illa
311 1216 338 1239 et
352 1212 472 1239 lielluina
485 1211 581 1240 civitas
590 1211 748 1247 diabolique
763 1211 841 1238 sedes
855 1213 1038 1245 eversionem,

249 1265 332 1292 quam
350 1256 499 1291 promerita
515 1261 567 1288 est,
595 1263 723 1291 perpessa
737 1255 830 1287 fuerit,
848 1260 984 1283 terrarum
998 1263 1040 1284 or-

251 1304 311 1330 bem
326 1302 447 1330 invadet.
460 1301 526 1329 Post
538 1302 597 1329 haec
610 1302 757 1337 exponitur
770 1305 799 1329 ut
811 1301 1040 1336 cmlestessuper-

252 1349 451 1383 mundanaequc
460 1348 573 1375 virtutes
587 1347 673 1377 Deum
687 1347 810 1379 laudent,
820 1351 851 1374 ut
861 1355 980 1382 superna
994 1347 1039 1374 illa

250 1395 413 1427 Jerusalem,
430 1402 491 1429 qua:
502 1397 545 1421 est
557 1392 690 1425 Ecclesia.
705 1393 914 1421 accuratissima
938 1393 1041 1420 unione

250 1439 360 1467 Christo
369 1439 561 1474 conjungatur,
573 1442 603 1466 ut
613 1439 661 1465 irae
671 1438 770 1466 divinae
779 1438 899 1465 torcular
909 1439 1039 1472 calcetur,

251 1485 458 1515 utAntichristo
475 1484 655 1520 ejusdemque
679 1485 795 1512 satellite
811 1489 839 1512 et
851 1484 1040 1520 protospatha-

252 1531 294 1559 rio
302 1531 431 1566 gehennre
444 1529 620 1562 contraditis.
634 1531 804 1566 terrenisque
815 1530 1002 1565 voluptatibus
1013 1536 1042 1558 et

251 1577 326 1606 curis
341 1585 356 1604 e
370 1575 462 1604 medio
489 1576 618 1609 sublatis,
638 1584 700 1603 cum
726 1576 815 1612 angeli
838 1581 895 1604 tum
916 1577 1041 1604 homines

252 1630 363 1657 quoque
387 1622 433 1657 qui
451 1622 604 1658 angelicam
636 1622 719 1648 vitam
747 1622 895 1654 duxerant,
920 1623 1042 1658 mystica:

253 1676 340 1697 comae
361 1667 507 1703 participes
533 1667 709 1697 declarentur
736 1676 742 1694 :
771 1672 801 1694 ut
829 1667 956 1695 diabolus
980 1672 1043 1695 ante

253 1714 354 1748 ligatus
383 1712 417 1739 ad
443 1717 551 1747 tempus
584 1712 717 1746 solvatur,
746 1720 779 1739 ac
808 1712 907 1740 deinde
931 1720 1043 1740 rursum

254 1759 433 1788 exsdndatur
447 1763 473 1786 et
485 1758 512 1785 in
532 1758 672 1785 interitum
689 1758 844 1793 abjicialur,
861 1763 890 1785 ut
911 1763 1044 1794 martyres

254 1813 317 1832 cum
330 1801 438 1831 Christo
450 1807 571 1839 regnent,
589 1803 669 1841 1L".
676 1803 949 1839 beatititudinemque
961 1804 1044 1831 etiam

253 1855 319 1881 ante
327 1850 488 1879 Antichristi
497 1850 644 1877 adventum
658 1849 816 1877 obtineant:
827 1854 852 1876 ut
863 1850 987 1877 diabolus
995 1849 1046 1877 Go-

254 1905 318 1933 gum
335 1902 362 1924 et
375 1896 519 1931 Magogum
536 1897 563 1923 iu
577 1896 702 1930 przelium
716 1895 844 1928 concitet,
862 1895 974 1930 citoque
991 1903 1045 1923 una

254 1951 318 1973 curn
334 1943 387 1971 illis
402 1943 428 1970 in
442 1942 581 1971 interitum
594 1941 683 1973 abeat
699 1950 706 1968 :
721 1945 751 1969 ut
776 1941 839 1969 libri
859 1946 920 1969 acta
948 1942 1045 1969 unius-

256 1988 392 2023 cujusque
406 1987 590 2020 continentes,
603 1991 631 2014 et
648 1986 716 2014 liber
725 1986 788 2013 item
801 1986 864 2014 vitae
877 1987 1045 2022 aperiantur,

261 2034 365 2067 aliique
376 2032 496 2060 secunda
511 2036 598 2060 morte
610 2031 752 2064 feriantur,
769 2031 814 2058 alii
823 2036 918 2059 contra
929 2038 1047 2066 superna

259 2079 414 2108 Jerusalem
426 2078 584 2112 Christique
603 2077 705 2113 nuptiis
717 2076 793 2112 digni
821 2081 995 2104 censeantur.
1008 2077 1047 2104 Ex

258 2125 311 2152 hoc
334 2123 443 2151 tandem
459 2123 530 2151 libro
541 2123 620 2158 plane
630 2123 724 2150 divino
735 2122 841 2153 discere
853 2122 930 2155 licet,
944 2127 1048 2157 quanta

259 2177 385 2204 superna:
394 2168 512 2197 civitatis
522 2168 558 2196 sit
567 2167 742 2203 intercapedo
748 2172 774 2196 et
783 2168 952 2204 magnitudo;
961 2168 1050 2203 cujus-

260 2215 333 2243 modi
345 2215 467 2249 ejusdem
478 2215 560 2247 muri,
574 2218 707 2249 etportat,
729 2219 757 2242 et
769 2214 948 2242 fundamenta
970 2214 1044 2250 (nam

259 2261 318 2288 haec
326 2261 419 2288 omnia
431 2261 543 2296 angelus
553 2265 654 2295 quanta
663 2261 718 2288 lieri
733 2261 819 2295 potuit
827 2260 966 2295 diligentia
977 2260 1046 2288 deli-

262 2305 376 2342 neavit).
394 2306 492 2338 Qualis
514 2313 624 2333 rursum
641 2306 725 2333 divini
745 2306 865 2341 Spiritus
888 2305 988 2334 ﬂuvius
1013 2314 1047 2335 ex

262 2351 308 2379 Dei
323 2351 423 2378 throno
439 2351 577 2386 procedat,
588 2358 615 2379 et
628 2359 676 2386 per
691 2353 793 2380 medias
805 2352 909 2387 plateas
924 2360 983 2380 sese
993 2352 1048 2381 dil-

261 2397 369 2425 fundat.
381 2398 502 2433 Denique
510 2406 601 2426 rerum
617 2398 772 2426 caelestium
784 2399 922 2432 decorem,
932 2399 1047 2434 gloriam

262 2448 290 2470 et
308 2447 479 2471 venustatem
496 2451 557 2471 esse
582 2447 697 2476 tantam,
724 2449 754 2471 ut
781 2444 857 2471 nttlla
882 2444 972 2472 oratio
1001 2453 1049 2480 pro

262 2488 395 2523 dignitate
408 2496 467 2516 cam
495 2489 632 2523 explicare
660 2489 758 2517 valeat.
779 2489 819 2516 Ad
831 2497 913 2525 quam
934 2491 1050 2526 proinde

262 2534 373 2561 divinus
390 2533 546 2569 Tlteologus
562 2539 619 2562 toto
631 2535 723 2562 animo
734 2535 876 2567 anhelans.
890 2544 995 2572 nosque
1016 2544 1049 2564 eo

265 2580 425 2616 pertrahere
441 2585 583 2615 satagens,
596 2582 634 2608 ait
649 2590 657 2609 :
677 2580 752 2615 Veni,
767 2582 877 2610 Domine
896 2583 977 2617 Iesu,
1003 2585 1049 2619 qui

262 2632 294 2653 ea
311 2625 428 2653 daturus
442 2633 482 2658 es,
497 2633 557 2661 qum
571 2626 728 2661 prtrparasti
743 2628 856 2655 sanctis.
873 2628 995 2663 Quarum
1008 2637 1050 2656 re—

263 2679 324 2698 rum
341 2677 515 2707 conspectum
533 2677 560 2700 et
575 2680 667 2704 usum,
683 2673 786 2701 utinam
802 2682 849 2709 per
868 2675 966 2702 ardens
983 2675 1052 2710 legis

264 2717 407 2745 servanda:
419 2718 600 2752 desiderium,
615 2720 754 2754 animique
768 2720 918 2754 leuitatem,
932 2725 958 2748 et
975 2728 1051 2748 man-

264 2763 447 2796 suetudinem,
470 2769 497 2792 et
511 2765 602 2792 cordis
627 2765 810 2793 humilitatem
826 2771 854 2793 et
876 2766 1051 2800 munditiam,

264 2808 412 2842 aliquando
435 2817 649 2845 consequamur.
671 2811 779 2838 Etenim
802 2819 836 2838 ex
856 2812 949 2838 animo
972 2819 1053 2839 man-

265 2858 342 2881 sueto
359 2855 494 2891 sordeque
506 2856 601 2883 humili
614 2861 640 2884 ct
655 2857 767 2890 mundo,
779 2857 892 2886 humilis
904 2862 1052 2887 constans-

1087 251 1133 277 λου
1146 252 1334 282 ὑπασπισταῖς
1345 250 1396 286 τὴν
1408 250 1452 277 διὰ
1466 249 1514 276 τοῦ
1530 250 1675 285 Εὐφράτου
1691 250 1805 285 πορείαν
1829 250 1877 277 καὶ

1087 297 1138 332 τὴν
1151 297 1242 324 αὐτῶν
1257 296 1401 323 ἀσθένειαν
1417 296 1617 331 ἀπελέγχουσα,
1631 296 1680 323 καὶ
1696 296 1742 322 τδν
1758 297 1875 331 παντελῆ

1089 342 1200 378 σεισμὸν
1213 343 1264 377 τῆς
1289 342 1344 368 τῶν
1360 343 1505 377 παρόντων
1532 342 1705 377 μεταθέσεως
1727 342 1765 377 τῷ
1782 342 1877 377 κόσμῳ

1087 389 1230 422 ἐπάγουσα
1240 398 1247 404 ·
1262 389 1307 415 ὅτε
1323 389 1340 423 ἡ
1356 389 1444 424 πόρνη
1461 389 1538 420 πόλις
1551 388 1599 415 καὶ
1614 388 1750 423 θηριώδης
1767 389 1813 415 καὶ
1837 388 1877 423 τῷ

1087 433 1203 468 διαϐόλῳ
1218 434 1462 468 ὲπαναπαυομένη,
1476 433 1525 468 τὴν
1540 433 1699 468 πρέπουσαν
1711 433 1781 468 αὐτῇ
1797 441 1877 459 κατα-

1089 480 1210 515 στροφὴν
1224 479 1341 512 δέξεται.
1357 479 1426 506 Μεθ’
1449 479 1483 514 ἢν
1497 480 1529 506 ἐκ
1545 479 1594 514 μὲν
1609 478 1664 505 τῶν
1678 479 1876 514 ὑπερκοσμίων

1087 524 1233 559 δυνάμεων
1248 525 1373 560 ὑμνεῖται
1388 524 1465 557 Θεὸς,
1481 526 1497 560 ή
1512 524 1541 550 δὲ
1562 524 1711 559 Ἐκκλησία.
1722 525 1739 559 ἡ
1754 523 1810 551 ἄνω
1832 524 1877 554 Ἰε-

1090 570 1236 605 ρουσαλὴμ
1258 570 1297 605 τῷ
1313 569 1424 605 Χριστῷ
1443 570 1611 596 συνάπτεται
1627 569 1695 605 πρὸς
1710 569 1876 605 ἀκριϐεστά-

1088 625 1139 651 την
1152 617 1260 648 ἕνωσιν,
1276 617 1293 652 ή
1308 616 1337 644 δὲ
1348 616 1399 651 τῆς
1426 616 1511 651 ὀργῆς
1524 617 1650 647 πατεζται
1662 616 1752 655 ληνός.
1771 615 1825 644 Τοῦ
1847 616 1876 643 δὲ

1089 661 1186 697 νοητοῦ
1200 662 1321 694 δείπνου,
1337 661 1383 690 διὰ
1392 662 1440 696 τῆς
1455 661 1510 688 τῶν
1529 662 1632 697 γηΐνων
1647 662 1794 697 ἐκλείψεως
1811 671 1876 696 μετ-

1089 706 1197 742 έχουσιν
1229 707 1254 733 σί
1282 707 1393 741 ἄγγελοι
1418 706 1467 734 καὶ
1503 707 1527 735 οί
1556 706 1695 740 ἰσάγγελοι
1727 707 1876 741 ἄνθρωποι,

1088 752 1136 779 τοῦ
1163 752 1350 788 Ἀντιχρίστου
1369 752 1416 779 καὶ
1430 751 1477 778 τοῦ
1490 751 1645 779 ὑπαπιστοῦ
1656 751 1739 778 αὐτοῦ
1756 753 1789 787 τῇ
1801 752 1878 786 γεέν-

1092 805 1125 835 νῃ
1140 798 1375 832 παραδιδομένων,
1398 797 1541 825 Ἐντεῦθεν
1560 797 1619 824 ἔστι
1635 797 1741 824 καὶτὸν
1757 797 1804 823 τοῦ
1819 797 1878 824 δια-

1090 844 1168 871 ϐόλου
1181 843 1290 878 δεσμὸν,
1308 843 1356 870 καὶ
1369 843 1420 879 τὴν
1436 843 1606 879 πρόσκαιρον
1631 843 1714 870 αὐτοῦ
1729 842 1807 869 λύσιν
1822 852 1875 877 μα-

1053 894 1074 921 B
1089 890 1155 921 θεῖν,
1169 889 1217 915 καὶ
1231 889 1279 923 τὴν
1296 888 1442 924 ἐκπομπὴν
1455 889 1504 924 τὴν
1520 889 1559 920 είς
1585 888 1734 922 ἀπώλειαν,
1751 888 1799 915 καὶ
1823 889 1879 916 τῶν

1093 935 1154 971 [τῷ]
1174 934 1284 971 Χριστῷ
1300 934 1652 970 συμϐασιλευόντωνάγίων
1665 934 1812 970 μαρτύρων
1825 934 1880 970 πρὸ

1093 982 1142 1016 τῆς
1158 980 1207 1007 τοῦ
1229 980 1416 1016 ’Λντιχρίστου
1431 975 1581 1016 παρουσίας
1604 980 1653 1016 τὴν
1669 981 1858 1016 μακαριότητα
1869 987 1879 996 ’

1093 1026 1153 1062 μεθ’
1170 1027 1204 1062 ῆν
1218 1026 1287 1061 πρὸς
1305 1025 1394 1059 ὀλίγον
1407 1025 1498 1057 λυθεὶς
1509 1026 1524 1051 ὸ
1546 1024 1678 1057 διάϐολος,
1693 1025 1799 1052 καὶτὸν
1817 1025 1880 1060 Γὼγ

1092 1072 1140 1099 καὶ
1154 1071 1224 1108 [τὸν]
1238 1071 1345 1105 Μαγὼγ
1358 1071 1491 1107 ταράξας,
1517 1071 1565 1098 σὺν
1589 1071 1683 1103 αὐτοῖς
1709 1071 1880 1107 κολασθήσε-

1092 1124 1150 1150 ται,
1163 1117 1226 1143 ὅταν
1243 1115 1314 1153 [καὶ]
1328 1116 1362 1142 τὰ
1377 1115 1467 1151 βιβλία
1485 1116 1541 1143 τῶν
1554 1115 1663 1151 ἑκάστῳ
1673 1116 1880 1152 πεπραγμένων

1093 1162 1141 1188 καὶ
1160 1162 1177 1196 ἡ
1192 1161 1282 1196 βίὸλος
1297 1161 1347 1195 τῆς
1364 1160 1437 1196 ζωῆς
1465 1160 1622 1196 ἀνοιχθῶσι,
1640 1161 1687 1192 καὶ
1715 1162 1739 1188 οί
1762 1161 1812 1196 μὲν
1831 1160 1880 1191 τοῦ

1092 1208 1221 1243 δευτέρου
1235 1207 1351 1236 θανάτου
1363 1207 1493 1243 τύχωσιν,
1509 1208 1533 1234 oi
1550 1207 1579 1234 δὲ
1591 1209 1641 1243 τῆς
1657 1208 1713 1235 ἄνω
1743 1208 1880 1243 Ἰερουσα-

1092 1255 1149 1290 λὴμ
1161 1255 1209 1281 καὶ
1233 1254 1283 1290 τῆς
1307 1254 1428 1290 Χριστοῦ
1459 1253 1638 1289 νυμφεύσεως
1668 1254 1879 1290 ἀξιωθήσονται,

1099 1301 1147 1330 Ἐκ
1157 1300 1260 1336 ταύτης
1280 1301 1330 1336 τῆς
1346 1300 1422 1332 θείας
1440 1300 1534 1335 βίϐλου
1562 1301 1609 1327 καὶ
1632 1300 1663 1328 τὸ
1686 1301 1736 1336 τῆς
1759 1302 1816 1328 ἀνω
1833 1301 1881 1328 πό-

1093 1346 1162 1378 λεως
1173 1346 1312 1381 διάστημα
1324 1347 1374 1372 σὺν
1383 1345 1467 1382 τείχει
1478 1345 1526 1372 καὶ
1540 1346 1660 1373 πυλεῶσι
1674 1347 1721 1373 καὶ
1733 1346 1879 1382 θεμελίοις,

1094 1394 1131 1425 ὡς
1145 1392 1180 1429 ἦν
1191 1394 1313 1426 δυνατὸν,
1327 1393 1380 1423 ὑπὸ
1409 1395 1458 1420 τού
1483 1393 1600 1427 ἀγγέλου
1625 1393 1809 1428 μανθάνομεν,
1833 1393 1881 1419 καὶ

1095 1439 1141 1466 τὸν
1161 1440 1267 1467 ὲκετθεν
1281 1439 1354 1466 θεῖον
1367 1439 1488 1474 ποταμὸν
1503 1439 1550 1466 τοῦ
1566 1439 1725 1474 Πνεύματος
1735 1439 1883 1474 ἐκπορευὲ-

1096 1494 1194 1521 μενον·
1210 1486 1252 1513 ὅτι
1266 1494 1296 1513 τε
1327 1486 1407 1520 λόγος
1429 1487 1518 1519 οὐδεὶς
1543 1487 1720 1523 παραστῆσαι
1744 1487 1799 1513 τῶν
1825 1487 1882 1515 ἄνω

1094 1532 1142 1567 τὴν
1158 1532 1325 1567 εὐπρέπειαν
1349 1532 1472 1565 δύναται,
1491 1533 1507 1568 ἢ
1527 1533 1577 1569 τὴν
1587 1533 1666 1566 δόξαν
1683 1533 1733 1568 τὴν
1755 1533 1880 1568 ἀπέρω)-

1093 1587 1149 1605 τον.
1165 1578 1212 1610 El;
1224 1579 1257 1613 ἦν
1269 1579 1343 1614 ἡμᾶς
1365 1579 1527 1614 προτρέπων
1541 1578 1566 1615 [ὁ
1584 1579 1655 1611 θεῖος
1677 1578 1819 1615 Θεολόγος]
1837 1580 1882 1606 ὲν-

1092 1623 1216 1651 τέλλεται
1231 1624 1332 1658 λέγειν·
1347 1625 1469 1660 Ἔρχου,
1484 1625 1586 1661 δηλαδὴ
1608 1626 1622 1652 ὁ
1646 1625 1733 1653 ταῦτα
1756 1626 1883 1662 παρέξων

1092 1669 1110 1696 ἃ
1122 1670 1177 1700 τοῖς
1189 1669 1275 1704 ἁγίοις
1287 1669 1451 1705 ἡτοίμασας.
1471 1667 1521 1698 Ὧν
1533 1671 1697 1707 ἐφιεμένους
1719 1671 1807 1706 ἡμᾶς,
1829 1671 1883 1698 ὑπὸ

1093 1716 1143 1751 τῆς
1157 1715 1220 1747 θέας
1237 1715 1285 1742 καὶ
1302 1715 1351 1750 τῆς
1360 1716 1538 1748 ἀπολαύσεως
1550 1717 1657 1750 γένοιτο
1667 1717 1791 1752 διαπύρῳ
1808 1717 1883 1753 πόθῳ

1094 1761 1143 1796 τῆς
1158 1761 1213 1787 τῶν
1224 1760 1306 1788 θείων
1323 1761 1439 1788 εντολῶν
1452 1762 1595 1798 τηρήσεως
1618 1762 1706 1790 ταῦτα
1731 1762 1883 1798 κτήσασθαι

1093 1807 1123 1833 ὲν
1142 1807 1318 1843 μακροθυμίᾳ
1349 1808 1395 1834 καὶ
1411 1808 1547 1844 πραότητι
1572 1809 1620 1835 καὶ
1635 1808 1883 1845 ταπεινοφροσύνῃ,

1094 1853 1141 1880 καὶ
1153 1853 1267 1888 καρδίας
1277 1854 1454 1889 καθαρότητι·
1468 1854 1496 1888 ἐξ
1507 1852 1541 1890 ἦς
1548 1854 1720 1891 ὰρέμὸαστος
1731 1857 1778 1882 καὶ
1786 1855 1887 1883 ἀθόλων

1094 1907 1140 1931 τος
1151 1900 1292 1935 προσευχὴ
1301 1900 1435 1933 τίκτεται,
1447 1901 1549 1936 γυμνὸν
1558 1901 1621 1929 νοῦν
1630 1902 1720 1938 πάσης
1732 1902 1829 1940 ὑλικῆς
1842 1903 1885 1930 ὲν.-

1095 1945 1168 1977 νοίας
1177 1946 1334 1981 παριστᾶσα
1341 1946 1380 1981 τῷ
1388 1946 1444 1972 τῶν
1450 1947 1574 1982 κρυφίων
1583 1947 1689 1984 ὲπόπτῃ
1695 1947 1763 1983 Θεῷ,
1770 1948 1886 1982 δαιμονιψ

1096 1992 1157 2022 καίς
1175 1990 1229 2027 [τε]
1243 1990 1365 2023 ἀπάταις
1378 1992 1426 2018 καὶ
1440 1992 1610 2026 προσϐολαῖς
1630 1993 1803 2029 ἀδιάφθορον.
1831 1994 1886 2025 Καὶ

1096 2037 1151 2072 γὰρ
1172 2037 1279 2071 ἐφίεται
1295 2038 1309 2063 ὁ
1336 2037 1464 2065 ἀπατεὼν
1479 2037 1576 2075 ὲχθρδς
1599 2039 1629 2066 ὲν
1644 2041 1704 2070 ταῖς
1727 2040 1795 2075 πρὸς
1819 2040 1887 2068 Θεὸν

1097 2082 1148 2117 τῆς
1167 2083 1280 2118 καρδίας
1296 2083 1445 2117 ἐντεύξεσι,
1473 2084 1608 2119 μοιχικῶς
1633 2085 1701 2121 αὐτῇ
1727 2086 1885 2121 μίγνυσθαι,

1099 2128 1251 2164 φθοροποιὰ
1265 2129 1438 2165 ἐπισπείρων
1449 2130 1607 2169 σπέρματα,
1623 2131 1672 2166 τῆς
1699 2131 1774 2163 θείας
1801 2132 1886 2168 αὐτὴν

1098 2174 1268 2201 ἀποσπῶντα
1292 2175 1433 2208 ἑνώσεως³
1448 2175 1491 2205 ἵνα
1507 2175 1545 2211 μὴ
1559 2177 1588 2202 ὲν
1616 2178 1649 2212 τῇ
1677 2176 1777 2213 μελέτῃ
1801 2178 1887 2214 αὐτῆς

1101 2219 1223 2254 ὲκκανθῇ
1242 2219 1298 2255 πῦρ
1311 2220 1456 2251 ἀναλίσκον
1476 2221 1510 2247 τά
1522 2220 1604 2248 αὑτοῦ
1619 2222 1806 2258 μηχανήματα
1817 2229 1824 2236 ·
1840 2222 1888 2249 καὶ

1100 2266 1154 2301 γὰρ
1167 2267 1181 2292 ὁ
1196 2266 1262 2297 Θεὸς
1276 2266 1357 2302 ἡμῶν
1369 2266 1424 2302 πῦρ
1436 2267 1636 2295 καταναλίσκον
1648 2276 1653 2282 -
1669 2269 1716 2299 καὶ
1730 2268 1780 2305 τὴν
1797 2268 1886 2297 καθα-

1101 2312 1156 2347 ρῶς
1172 2313 1219 2339 καὶ
1230 2312 1372 2345 ἀθολώτως
1385 2313 1461 2348 αὐτῷ
1473 2314 1695 2349 προσομιλοῦσαν
1710 2314 1811 2350 ψυχὴν,
1834 2314 1888 2341 κᾶν

1101 2357 1118 2399 ᾖ
1132 2359 1326 2395 κατεψυγμένη
1337 2361 1397 2391 ταῖς
1411 2361 1570 2396 ἁμαρτίαις,
1585 2360 1690 2396 θερμὴν
1703 2362 1750 2388 καὶ
1765 2361 1889 2399 [παντὸς]

1101 2404 1188 2439 πυρὸς
1214 2404 1364 2431 καυστικοῦ
1391 2405 1506 2440 γόνιμον
1533 2406 1737 2441 ἀπεργάζεται·
1764 2407 1890 2443 καθάπερ

1101 2449 1150 2475 καὶ
1165 2450 1182 2475 ὁ
1202 2449 1278 2484 ἥλιος
1305 2449 1456 2486 [σφοδρῶς]
1486 2450 1651 2485 ὲπιλάμπων
1667 2450 1761 2477 σκεύει
1790 2451 1890 2487 ὑαλίνῳ

1103 2495 1316 2530 πεπληρωμένῳ
1329 2495 1435 2528 ὕδατος,
1451 2496 1506 2532 πῦρ
1519 2496 1624 2523 ἐκεῖθεν
1638 2497 1731 2531 ἐξάγει
1744 2498 1815 2524 κατά
1829 2506 1891 2524 τινα

1101 2542 1230 2574 ἀνάζεσιν
1245 2545 1292 2570 καὶ
1306 2543 1475 2569 ἀνάκλασιν·
1504 2543 1562 2578 εἴγε
1590 2545 1638 2571 καὶ
1663 2546 1744 2580 ἡμεῖς
1773 2546 1891 2580 καθαρὸν

1103 2587 1149 2616 τὸν
1161 2589 1225 2616 ναὸν
1237 2588 1284 2615 τοῦ
1298 2589 1458 2624 Πνεύματος
1474 2589 1512 2622 ὼς
1529 2590 1620 2623 ὕαλον,
1644 2591 1711 2617 ἀλλὰ
1727 2592 1764 2626 μὴ
1780 2591 1891 2626 πήλινον

1103 2635 1120 2670 ἣ
1133 2635 1295 2670 ὸστράκινον
1314 2635 1361 2661 καὶ
1375 2635 1424 2670 τῆς
1441 2635 1516 2666 θείας
1530 2637 1638 2668 ἀκτῖνος
1652 2636 1837 2668 ἀνεπίδεκτον,
1853 2635 1893 2674 τῷ

1110 2681 1193 2716 Ἡλίῳ
1207 2681 1256 2716 τῆς
1272 2681 1446 2716 δικαιοσύνης
1470 2682 1641 2716 ἐπιδείξομεν
1655 2690 1661 2696 ·
1676 2681 1716 2714 ὃς,
1729 2676 1832 2713 πάντας
1846 2681 1891 2707 θέ-

1104 2727 1159 2754 λων
1173 2727 1294 2763 σωθῆναι
1310 2727 1358 2753 καὶ
1373 2727 1411 2758 εἰς
1426 2727 1574 2761 ἐπίγνωσιν
1586 2727 1715 2763 ἀληθείας
1728 2727 1826 2759 ἐλθεῖν,
1841 2728 1893 2753 πᾶ-

1107 2781 1150 2799 σιν
1162 2772 1315 2807 ἐπιλάμπει
1327 2773 1378 2808 τῆς
1395 2773 1498 2804 οἰκείας
1515 2772 1612 2807 αἴγλης
1627 2773 1676 2808 τὴν
1689 2773 1768 2809 χάριν
1784 2773 1893 2800 ἀκώλυ-

1105 2820 1151 2846 τον
1162 2827 1168 2833 ·
1183 2818 1328 2854 μετέχεται
1341 2819 1370 2845 δὲ
1388 2819 1453 2854 παρ’
1467 2819 1582 2845 ἑκάστου
1596 2819 1663 2855 πρὸς
1679 2819 1708 2846 τὸ
1722 2819 1823 2854 μέτρον
1844 2819 1894 2852 τῆς

1107 2865 1162 2894 τῶν
1175 2865 1281 2901 νοητῶν
1295 2865 1446 2902 ὀφθαλμῶν
1469 2865 1656 2906 καθαρότητος
1668 2873 1674 2881 ·
1701 2866 1734 2901 ἣν
1759 2866 1896 2906 εἰλικρινῆ
