2093 3159
230 200 282 234 487
776 197 882 228 ῘΟᾹΝ.
902 196 1056 226 lIENTE-N

1039 196 1090 226 N'll
1111 194 1308 226 PREFATIO
1810 191 1865 224 488

1341 270 1826 286 ——_==-_.__——_;_——=——-—z

237 277 764 294 ψεῖ

911 354 1193 423 ΑΡΕΘΑ

473 478 812 525 ΕΠΙΣΚΟΠΟΥ
849 476 1172 521 ΚΑΙΣΑΡΕΙΑΣ
1218 474 1629 519 ΚΑΠΠΛΔΟΚΙΑΣ

570 572 747 599 ΣΥΛΛΟΓΙΙ
766 569 990 598 ΕΞΠΓΠΣΕΩΝ
1008 571 1057 596 ΕΚ
1072 569 1245 596 ΔἏΦΟΡΩΝ
1262 569 1377 595 ΑΓΙΩΝ
1393 567 1539 595 ΛΝΔΡΩΝ

984 648 1034 673 ΕΙΣ
1050 647 1114 672 TIIN

623 721 780 749 IQANNOI‘
799 721 868 747 ΤΟΥ
889 720 1133 748 ΠΓΛΠΗΜΕΝΟΥ
1151 720 1212 746 KAI
1233 719 1491 747 ΕΥΔΓΓΕΛΙΣΤΟΥ

815 801 1294 846 ΛΠΟΚΑΛΥΨΙΝ.

806 985 1294 1076 ΑΒΕΤΗΑΞ

433 1146 799 1205 C/ESAREZE
833 1145 1302 1203 CAPPADOCUE
1345 1112 1669 1204 EPISCOP'I

712 1257 1018 1290 σοΑσΕΒγΑΤιο
1045 1257 1218 1289 ENARRA
1226 1257 1395 1288 TIONUM

837 1348 878 1370 EX
899 1347 1005 1370 VARUS
1022 1347 1152 1370 SANCTIS
1177 1347 1261 1370 VIRIS

532 1422 574 1453 IN
594 1422 760 1454 JOANNIS
796 1422 959 1454 DILECTI
981 1421 1177 1452 DISCIPULI
1205 1421 1257 1452 ET
1280 1420 1571 1452 EVANGELISTJE

792 1512 1313 1559 APOCALYPSIN.

1042 1623 1079 1631 .-

234 1693 278 1723 De
297 1691 344 1722 his
367 1691 402 1721 in
418 1689 630 1729 Apocalypsin
662 1687 910 1729 commentariis,
925 1691 952 1716 et
979 1685 1016 1717 de
1039 1686 1181 1729 Joannis
1201 1685 1392 1729 in_l_’atmu_m
1423 1685 1624 1729 rclcgqlione,
1649 1687 1795 1726 factaque
1827 1686 1870 1718 ad

552 1725 654 1768 ipsum
672 1725 863 1766 Apocalypsi
881 1726 945 1756 sive
964 1725 1152 1756 reuelatione
1161 1725 1322 1764 judicium
1351 1726 1549 1765 Interpretis.

271 1812 341 1838 Arte
356 1812 408 1839 hos
424 1811 451 1838 ln
470 1809 664 1845 Aporalypsim
679 1807 905 1840 commentarios,
924 1811 951 1834 te
970 1814 1127 1842 precamur,
1144 1807 1259 1834 candide
1274 1806 1371 1834 lector
1384 1827 1392 1840 ,
1418 1811 1448 1834 ut
1457 1813 1568 1835 nostros
1594 1807 1645 1835 hos
1668 1807 1776 1835 labores
1804 1806 1869 1835 boni

236 1855 378 1886 consulas,
403 1862 491 1888 neque
506 1853 633 1888 protinus
648 1852 774 1883 damnes,
792 1851 815 1878 si
837 1858 891 1878 uno
909 1854 956 1878 aut
971 1850 1056 1878 altero
1080 1851 1106 1877 in
1131 1851 1191 1879 loco
1209 1858 1262 1878 non
1280 1851 1388 1885 penitus
1412 1851 1507 1878 animo
1531 1856 1579 1878 tuo
1604 1851 1756 1879 satisfaciat
1775 1856 1869 1878 nostra

236 1898 337 1925 versio.
351 1897 386 1924 Ut
402 1898 474 1924 enim
490 1905 582 1924 verum
603 1897 701 1928 fatear,
719 1899 824 1922 tantum
842 1894 942 1929 negotii
958 1894 1039 1921 nobis
1053 1894 1236 1921 exhibuerunt
1248 1894 1274 1921 hi
1291 1895 1421 1929 postremi
1435 1895 1624 1922 commentarii
1641 1914 1648 1926 ,
1667 1900 1696 1922 ut
1715 1895 1869 1930 praeteritos

239 1948 336 1969 omnes
350 1941 458 1968 labores
478 1945 589 1975 propter
618 1940 693 1974 ipsos
712 1938 845 1965 damnare
857 1945 889 1965 ae
903 1938 1022 1973 spongiae
1037 1938 1207 1965 connuittere
1220 1937 1376 1973 frequenter
1388 1938 1583 1965 meditaremur
1601 1947 1608 1965 :
1625 1938 1682 1965 sive
1701 1939 1726 1965 id
1741 1939 1868 1965 librario-

240 1993 302 2012 rum
321 1991 369 2012 aut
386 1984 620 2020 typographorum
637 1983 743 2010 incuria
756 1982 911 2016 cci-tigerit,
927 1982 999 2016 quod
1017 1982 1134 2009 subinde
1151 1987 1244 2016 aperte
1255 1982 1502 2016 deprehendentes,
1526 1982 1636 2008 silentio
1655 1982 1867 2016 prtt‘tcrivimus,

236 2035 440 2063 nonnunquam
457 2027 540 2055 etiam
558 2031 657 2054 nostro
673 2026 778 2052 nomini
794 2025 980 2058 consulentes,
1005 2025 1031 2052 id
1057 2026 1174 2061 margini
1196 2026 1411 2054 adnotavimus:
1433 2027 1488 2054 sive
1513 2026 1599 2053 nostri
1613 2033 1724 2061 quoque
1747 2025 1868 2053 tenuitas

237 2072 342 2107 ingenii
360 2071 518 2106 frequenter
533 2071 560 2098 iu
581 2077 666 2098 causa
684 2069 766 2096 fuerit
784 2079 790 2096 :
807 2077 888 2104 quam
903 2069 985 2096 (tiam
1002 2075 1209 2104 cognoscentes,
1228 2070 1394 2104 quibusdam
1411 2070 1437 2097 in
1461 2069 1540 2100 locis,
1556 2069 1620 2096 dum
1650 2077 1683 2096 ne
1705 2069 1784 2096 nobis
1805 2069 1868 2104 qui-

236 2117 298 2143 dem
311 2115 485 2143 satisfaceret
508 2119 600 2142 nostra
623 2114 723 2146 versio,
742 2114 873 2141 asterisco
887 2114 974 2140 notari
992 2113 1162 2145 curavimus,
1179 2116 1266 2145 tuum,
1284 2121 1301 2140 ο
1316 2113 1424 2145 Lector,
1437 2112 1573 2147 judicium
1600 2113 1647 2140 tibi
1669 2113 1868 2147 relinquentes.

237 2159 311 2186 Satis
327 2163 417 2186 autem
434 2158 556 2188 conﬁdo,
578 2158 621 2184 ubi
636 2157 729 2184 Graeca
747 2163 803 2184 toto
821 2158 872 2184 hoc
887 2157 956 2184 libro
968 2157 1087 2191 penitius
1102 2157 1310 2192 introspexeris,
1329 2163 1439 2186 nostros
1462 2158 1569 2185 labores
1597 2163 1771 2192 nequaquam
1791 2155 1868 2183 omni

236 2211 270 2230 cx
283 2207 359 2237 parte
377 2201 536 2233 damnabis,
554 2206 582 2228 ut
598 2201 645 2235 qui
659 2201 752 2227 varias
778 2200 898 2234 undique
911 2200 1094 2233 tlillicultates,
1110 2201 1226 2228 candido
1240 2201 1354 2229 allectus
1376 2202 1479 2233 animo.
1505 2202 1636 2236 nulloque
1653 2201 1798 2227 adversum
1816 2207 1866 2227 nos

237 2246 321 2273 allato
339 2244 499 2280 praeiudicio
512 2264 519 2275 ,
536 2246 647 2271 visurus
669 2244 718 2271 sis.
745 2243 838 2278 Neque
853 2244 924 2270 enim
941 2243 1046 2270 Zoilum
1065 2252 1169 2275 moror,
1184 2245 1229 2272 cui
1248 2253 1281 2271 ne
1302 2245 1422 2273 Minerva
1443 2244 1553 2281 quidem
1575 2245 1632 2279 ipsa
1647 2243 1722 2271 omni
1738 2252 1770 2270 ex
1791 2248 1867 2278 parte

237 2288 415 2316 satisfecerit.
433 2288 512 2320 Quod
535 2288 608 2314 hunc
629 2293 677 2314 aut
701 2288 784 2314 alium
803 2287 927 2322 quemvis
946 2295 995 2314 nec
1013 2287 1056 2314 his
1068 2288 1176 2322 placare
1194 2288 1355 2323 poterimus.
1377 2289 1404 2316 id
1417 2289 1513 2317 saltem
1531 2288 1633 2315 nostris
1656 2287 1796 2315 laboribus
1809 2287 1867 2313 effi-

236 2331 354 2363 ciemus,
366 2335 396 2358 ut
406 2331 450 2358 his
462 2331 508 2365 qui
519 2331 663 2366 peritiores
672 2335 734 2357 sunt
744 2330 806 2357 data
825 2331 861 2358 sit
875 2338 952 2363 ausa,
962 2338 1016 2365 quo
1032 2330 1058 2356 in
1076 2339 1222 2359 commune
1233 2332 1389 2366 reipublicte
1399 2332 1563 2360 Christianae
1579 2331 1681 2358 bonum
1697 2331 1865 2358 absolutiora

236 2379 379 2410 prtestent.
398 2373 494 2408 Neque
509 2374 582 2401 enim
605 2375 752 2409 quisquam
777 2374 924 2409 suggillare
948 2376 1058 2401 deberet
1073 2375 1189 2402 aliorum
1214 2375 1333 2408 labores,
1353 2377 1400 2411 qui
1417 2377 1517 2409 nollet,
1543 2381 1591 2403 aut
1613 2376 1709 2402 saltrm
1736 2374 1781 2409 qui
1812 2382 1865 2401 non

238 2422 332 2452 posset
346 2417 455 2445 tradere
471 2417 627 2448 exactioni.
643 2417 783 2451 Quantum
805 2422 896 2444 autem
911 2417 1035 2444 divinare
1053 2418 1130 2450 licet,
1147 2424 1206 2445 crat
1223 2419 1266 2446 hic
1293 2419 1394 2447 Aretha
1410 2420 1505 2454 ejusre
1527 2420 1714 2456 praedecessor
1730 2418 1865 2449 Andreas,

237 2470 293 2490 nou
314 2462 339 2489 in
357 2462 457 2489 divinis
474 2466 591 2494 tantum,
611 2469 706 2488 verum
720 2463 801 2489 etiam
819 2462 845 2489 in
862 2462 989 2490 humanis
1009 2463 1107 2490 litteris
1124 2464 1285 2495 instructus,
1300 2464 1326 2491 in
1338 2464 1483 2492 rhetoricis
1499 2472 1608 2499 quoque
1628 2471 1660 2490 ac
1679 2462 1799 2498 physicis
1822 2469 1867 2496 ap-

235 2506 327 2542 prime
344 2505 479 2538 eruditus,
509 2511 538 2533 ut
556 2507 578 2534 si
596 2506 648 2534 alia
666 2506 760 2533 Grmca
775 2506 953 2541 exemplaria,
979 2511 1027 2534 aut
1055 2507 1116 2542 ejus
1135 2507 1184 2534 viri
1211 2508 1436 2539 commentarios,
1468 2512 1550 2542 prout
1572 2507 1607 2534 ab
1627 2507 1685 2541 ipso
1701 2506 1764 2533 editi
1782 2510 1865 2537 sunt,

236 2551 312 2579 nacti
329 2550 491 2584 fuissemus,
509 2560 562 2578 non
576 2552 645 2579 adeo
663 2559 714 2578 nos
734 2551 880 2579 torsissent
899 2551 1042 2579 innumera
1065 2551 1091 2578 in
1111 2550 1161 2578 hoc
1176 2550 1325 2578 libroloca.
1341 2550 1442 2578 Verum
1463 2552 1583 2586 quando,
1613 2551 1695 2579 nullis
1720 2554 1863 2585 parcentes

234 2594 389 2628 laboribus,
408 2596 434 2622 id
450 2596 558 2623 tandem
578 2596 758 2630 prastitimus
770 2595 843 2631 quod
857 2596 1005 2630 potuimus,
1024 2603 1117 2630 precor
1135 2595 1205 2629 ξιξ(ιυί
1216 2595 1335 2630 bonique
1349 2596 1490 2623 consulas.

273 2639 360 2667 Porro
378 2640 411 2668 de
422 2640 472 2668 hac
489 2641 654 2676 Apocalypsi
675 2641 714 2668 ait
730 2641 810 2668 divus
821 2640 1004 2676 Hieronymus
1016 2639 1087 2675 quod
1101 2643 1139 2666 tot
1163 2638 1262 2666 habeat
1275 2640 1403 2675 mysteria
1420 2645 1487 2675 quot
1504 2640 1596 2672 verba,
1615 2639 1669 2667 imo
1693 2639 1719 2666 in
1744 2638 1859 2672 singulis

235 2684 327 2711 verbis
339 2684 506 2718 multiplices
519 2685 585 2712 dicit
603 2686 688 2712 latere
704 2685 913 2721 intelligendas.
934 2685 1022 2720 Atque
1035 2684 1071 2710 ob
1089 2683 1114 2710 id
1127 2684 1236 2718 plurimi
1256 2692 1336 2711 suum
1360 2692 1392 2712 ac
1412 2685 1530 2712 maxime
1545 2685 1652 2712 varium
1668 2684 1702 2712 de
1726 2684 1776 2711 hac
1790 2683 1865 2718 judi-

233 2728 310 2754 cium
326 2728 520 2762 protulerunt:
539 2729 663 2756 nonnulli
691 2729 845 2764 simplicem
875 2729 972 2756 litterze
999 2735 1122 2759 sensum,
1148 2728 1322 2763 primumque
1347 2729 1477 2756 corticem
1503 2728 1780 2758 eonsiderantcs.alii
1802 2734 1866 2754 rem

234 2771 365 2805 mysticae
382 2771 575 2806 intelligentias
591 2772 712 2806 penitius
723 2776 938 2807 perscrutantes.
956 2771 1047 2804 Quare
1057 2780 1111 2799 non
1129 2772 1182 2799 erit
1196 2772 1348 2800 absurdum
1366 2773 1389 2800 si
1401 2777 1426 2800 et
1440 2777 1562 2800 nostrum
1575 2781 1685 2808 quoque
1698 2772 1843 2799 aderamus
1857 2780 1864 2799 :

234 2814 340 2840 saniori
358 2821 466 2850 semper
476 2815 583 2849 judicio
598 2820 754 2850 sancta'que
770 2815 902 2842 Romana:
917 2814 1042 2842 Ecclesia:
1053 2823 1103 2843 nos
1119 2823 1151 2843 ac
1165 2821 1259 2844 nostra
1270 2817 1363 2843 omnia
1383 2816 1588 2844 submittentes.
1613 2816 1790 2850 Primumque
1814 2816 1866 2842 hoc

235 2856 319 2884 nobis
334 2858 454 2891 videtur,
469 2858 604 2886 Joannem
623 2860 695 2886 hunc
709 2859 864 2893 apostolum
877 2866 910 2886 ac
924 2859 1132 2893 evangelistam,
1150 2861 1195 2895 qui
1208 2864 1236 2887 et
1256 2859 1412 2894 Tlteologtts
1429 2860 1651 2894 cognominatur.
1677 2868 1692 2887 a
1711 2859 1820 2887 Nerone
1837 2859 1863 2884 in

239 2899 353 2929 Patmou
372 2901 534 2937 relegatum,
549 2902 643 2930 eodem
660 2903 773 2930 omnino
791 2907 912 2938 tempore
920 2910 974 2938 quo
987 2903 1034 2930 illc
1053 2903 1147 2931 beatos
1163 2903 1266 2931 Christi
1288 2903 1428 2939 apostolos
1453 2903 1562 2931 l’etrum
1580 2911 1612 2932 ac
1629 2904 1742 2931 Paulum
1770 2903 1865 2930 Itonia
