2093 3159
243 154 296 188 489
790 152 894 184 JOAN.
917 150 1105 182 IIENTENII
1126 147 1336 179 PR/EFATIO.
1820 146 1873 178 490

246 210 396 238 interemit.
416 211 444 237 id
459 210 568 238 duobus
595 211 622 237 in
644 210 713 238 locis
732 211 830 238 asserit
851 209 1048 241 'l‘ertullianus,
1066 207 1173 234 vicinus
1198 206 1356 233 eorumdem
1382 203 1566 239 apostolorum
1592 204 1770 238 temporibus.
1801 204 1874 232 lieni

245 263 355 289 quoque
373 254 453 281 habet
463 254 603 282 Eusebius
626 254 697 281 libro
712 254 750 281 De
766 245 992 281 demonstratione
1008 251 1157 286 evangelica
1175 259 1184 278 :
1205 257 1361 284 quanquam
1378 249 1404 276 in
1421 248 1559 275 Chronicis
1586 252 1613 276 et
1640 248 1667 274 in
1688 247 1877 276 Ecclesiaslicu

248 298 370 324 Historia
384 297 458 324 dicat
473 298 498 324 id
512 298 563 325 sub
575 297 731 325 Domitiano
740 298 899 332 contigisse,
916 297 1027 331 quodet
1041 295 1224 330 Hieronymus
1235 299 1262 321 et
1276 294 1369 329 plures
1384 293 1430 320 alii
1446 297 1612 328 sequuntur.
1629 292 1728 320 Verum
1744 293 1787 320 Itis
1802 293 1879 320 libris

246 346 377 375 tauquam
404 341 543 375 prioribus
567 342 648 369 annis
665 341 786 376 scriptis,
811 349 865 368 non
882 340 1012 367 trilmitur
1028 345 1102 368 tanta
1127 340 1288 370 auctoritas,
1304 343 1406 374 quanta
1423 338 1447 365 ei
1463 339 1510 372 qui
1527 338 1564 364 De
1581 337 1821 365 demonstratione
1837 342 1881 365 est

244 384 414 419 evangelica,
436 389 530 419 utpote
545 385 681 418 posterius
702 391 785 420 atque
799 384 971 412 emendatius
994 384 1146 412 elaborato.
1170 383 1227 411 lloe
1254 384 1347 417 itaque
1363 382 1458 409 habito
1469 382 1544 416 quod
1566 381 1666 415 scripta
1684 382 1719 409 sit
1737 381 1764 409 in
1781 382 1880 408 Patino

245 428 422 462 Apocalypsis
451 433 514 455 ante
543 428 799 463 Hierosolymorum
821 428 971 460 excidium,
986 427 1183 462 quadrifariam
1207 427 1265 462 ipsa
1286 426 1374 454 secari
1394 430 1504 460 potest:
1527 425 1563 452 ita
1581 429 1612 452 ut
1629 425 1828 459 complectatur
1845 425 1880 452 ab

246 472 359 499 exordio
373 474 406 499 ad
424 479 532 499 sextum
562 481 651 508 usque
673 477 756 508 caput
780 473 979 500 instructiones
999 472 1184 499 Ecclesiarum
1203 471 1286 501 Asiae,
1308 469 1501 496 intermiscens
1516 473 1544 496 et
1564 469 1723 504 prophetica
1741 469 1775 496 de
1794 469 1879 496 variis

247 517 396 544 lueresibus
413 526 419 544 :
436 517 469 544 de
484 517 583 552 quibus
600 523 627 545 ct
642 517 812 553 Epiphanius
830 517 855 544 in
882 524 933 544 suo
951 516 1088 543 Panarion
1116 515 1196 541 libro.
1213 514 1233 540 A
1250 519 1326 541 sexto
1335 513 1423 548 capite
1438 520 1525 547 usque
1541 513 1574 539 ad
1593 513 1735 540 duodecim
1756 512 1882 540 contineo

247 566 292 588 tur
307 560 456 596 Synagogxe
467 561 620 596 abrogatio.
640 561 660 588 A
676 561 842 589 duodecimo
858 569 945 595 usque
964 561 998 588 ad
1015 560 1151 588 decinnun
1170 567 1286 591 nonum,
1304 558 1440 586 excidium
1458 558 1606 593 gentilismi
1621 558 1673 585 sub
1687 563 1751 593 typo
1767 559 1877 592 potissi-

247 612 322 631 mum
335 605 484 640 Babylonis
497 613 530 632 ac
555 605 649 641 ltemze
660 614 720 640 quae
743 605 859 632 habebat
875 610 979 639 septem
995 604 1090 635 colles,
1104 604 1152 638 qui
1172 602 1216 630 hic
1228 602 1360 630 dicuntur
1376 610 1438 630 esse
1451 610 1556 629 cornua
1578 602 1671 629 bestiae
1690 610 1773 636 super
1795 611 1878 637 quant

249 649 379 676 meretrix
395 650 452 675 sive
470 649 623 676 idololatria
642 654 690 676 aut
703 649 876 684 gentilismus
888 649 973 675 sedet.
990 648 1017 675 ln
1035 648 1078 675 his
1093 648 1166 674 enim
1185 647 1299 674 urbibus
1320 646 1454 682 prazcipue
1471 646 1580 681 vigebat
1595 646 1779 680 get-lilismus.
1794 648 1813 673 A
1831 647 1879 674 de-

246 693 319 720 cimo
335 701 407 720 neno
425 693 516 728 capite
536 701 624 728 usque
639 694 666 720 in
682 694 763 720 linem
785 694 874 728 agitur
891 693 923 719 de
940 700 1023 728 regno
1039 691 1140 719 Christi
1154 692 1181 719 in
1194 691 1320 726 praesenti
1340 690 1474 723 Ecclesia,
1488 691 1579 717 addita
1596 698 1657 725 cap.
1674 698 1708 717 xx
1733 692 1827 718 ultima
1848 693 1881 718 de

248 736 333 770 ipsius
350 737 471 764 inimicis
485 737 610 764 victoria.

282 803 371 837 Atque
396 802 455 830 haec
477 803 503 830 in
527 803 687 830 universum
711 803 783 830 dicta
809 803 864 831 sint
878 812 884 829 :
899 810 961 830 nam
990 802 1105 837 singulis
1123 802 1198 830 varia
1210 803 1433 835 commisccntur,
1449 801 1496 829 sed
1512 802 1545 829 dc
1560 802 1747 837 singularibus
1761 809 1815 829 n0u
1840 806 1881 829 est

247 852 352 874 certum
369 847 435 874 dare
452 847 586 881 judicium
600 855 607 874 ε
622 855 672 874 nec
687 847 746 874 ﬁeri
764 852 855 882 potest
871 851 901 874 ut
918 847 981 874 data
997 848 1095 882 quavis
1116 847 1292 874 enarratione
1304 846 1410 881 singula
1427 851 1489 881 apte
1503 846 1639 881 quadrent
1654 854 1661 872 :
1682 846 1728 873 sed
1749 846 1816 873 satis
1829 848 1880 872 erit

248 891 270 918 si
288 892 313 918 in
332 898 431 926 genere
449 885 581 918 habeatur
598 891 664 926 quid
680 891 796 926 singulis
813 891 948 926 (apitibus
963 891 1119 925 signiﬁcare
1137 891 1214 918 velit.
1228 890 1309 918 Juxta
1332 891 1403 918 hanc
1422 891 1632 926 dispositionem
1650 898 1704 917 non
1730 891 1879 918 admodum

247 935 384 962 videbitur
397 935 548 962 absurdum
566 933 681 970 id'qued
699 929 915 963 sentitJeannes
936 935 1041 963 Annius
1064 934 1245 963 Viterbiensis
1268 936 1295 963 in
1324 935 1531 968 Quaestionibus
1561 943 1643 970 super
1668 935 1879 970 Apocalypsim,

248 979 407 1013 quas'misit
432 987 464 1006 ac
480 979 616 1006 dedicavit
630 987 738 1006 summo
751 980 871 1014 pontilici
892 979 969 1006 Sixto
983 984 1080 1014 quarto
1095 980 1260 1015 regibusque
1271 980 1437 1008 Christianis
1455 990 1461 1007 :
1478 980 1550 1015 quod
1576 979 1664 1007 bestia
1689 988 1769 1014 quam
1795 981 1881 1008 inter-

248 1028 391 1057 pretantur
407 1023 593 1050 communiter
608 1023 823 1056 Antichrislum,
844 1023 877 1050 de
893 1031 946 1058 qua
964 1024 1050 1058 Apoc.
1068 1032 1116 1050 xtu
1133 1025 1307 1059 potissimum
1319 1032 1391 1060 cap.,
1407 1033 1468 1060 qua:
1491 1024 1616 1052 ascendit
1632 1026 1664 1051 de
1681 1029 1753 1052 terra
1777 1024 1880 1052 habens

248 1068 303 1094 duo
318 1075 421 1095 cornua
436 1067 536 1095 similia
552 1068 628 1103 agni,
645 1067 763 1102 loquens
779 1072 868 1096 tamen
886 1068 957 1095 sicut
973 1068 1056 1095 draco
1069 1069 1115 1103 qui
1132 1073 1173 1096 est
1190 1073 1217 1095 et
1235 1069 1361 1102 Satanas,
1381 1069 1427 1104 qui
1445 1069 1573 1095 virtutem
1598 1076 1630 1096 ac
1645 1069 1737 1096 sedem
1761 1077 1838 1096 suam
1854 1075 1881 1097 et

249 1116 409 1145 potestatem
427 1119 552 1146 magnam
589 1111 701 1139 dederat
716 1111 799 1146 priori
824 1111 926 1144 bestia},
947 1120 1043 1147 nempe
1056 1109 1223 1149 gentilismo,
1247 1120 1274 1142 et
1289 1115 1386 1141 exinde
1402 1118 1483 1141 secta:
1499 1113 1682 1147 Saracenicae,
1705 1114 1740 1141 sit
1763 1114 1882 1149 pseudo-

251 1157 380 1191 prepheta
397 1155 604 1183 Mahumethes:
623 1157 668 1191 qui
686 1164 842 1192 quanquam
863 1162 925 1184 ante
938 1157 1071 1192 plurimos
1092 1152 1179 1186 annos
1196 1164 1322 1186 mortuus
1335 1159 1383 1191 sit,
1400 1158 1460 1193 ejus
1479 1162 1569 1185 tamen
1590 1163 1675 1190 secta,
1693 1166 1789 1193 nempe
1806 1159 1882 1194 prior

249 1201 347 1232 bestia,
363 1201 434 1228 heu!
452 1201 519 1228 vivit
529 1201 677 1228 etiamnum
689 1221 696 1233 ,
713 1201 883 1235 nimiumque
898 1206 1041 1236 grassatur
1056 1202 1186 1229 adversus
1201 1201 1248 1228 Dei
1267 1202 1396 1236 populum
1413 1211 1419 1229 :
1437 1201 1518 1236 idque
1537 1201 1640 1228 tamdiu
1654 1201 1763 1228 durabit
1783 1203 1881 1235 donec,

248 1245 324 1279 juxta
343 1244 486 1280 septimum
504 1250 587 1280 caput
601 1244 731 1278 Danielis,
754 1253 869 1280 regnum
887 1246 966 1273 detur
981 1246 1081 1281 populo
1108 1250 1268 1272 sanctorum
1291 1245 1424 1272 Altissimi
1440 1254 1447 1272 :
1475 1252 1573 1279 nempe
1589 1253 1662 1277 cum,
1693 1249 1754 1280 post
1773 1246 1881 1282 longam

251 1296 343 1323 pacem
358 1296 390 1315 ac
406 1290 584 1316 securitatem
598 1289 800 1322 intertnediam,
815 1297 923 1317 rursum
940 1290 1069 1318 adversus
1085 1289 1159 1316 hunc
1174 1289 1221 1316 Dei
1232 1289 1362 1324 populum
1378 1297 1502 1324 pugnans
1513 1289 1583 1316 dicta
1599 1289 1686 1316 bestia
1700 1297 1761 1316 cum
1779 1291 1881 1325 ingenti

249 1331 381 1364 exercitu,
397 1332 540 1367 designato
559 1339 606 1368 per
620 1332 678 1367 Gog
692 1337 719 1360 ct
735 1333 832 1368 Magog
849 1333 893 1367 (de
908 1342 963 1368 quo
973 1333 1073 1361 Ezecb.
1089 1341 1149 1368 cap.
1168 1341 1269 1360 xxxviii
1285 1338 1312 1360 et
1327 1341 1422 1366 xxxix,
1437 1338 1462 1361 et
1477 1333 1563 1368 Apoc.
1590 1333 1646 1368 xx).
1661 1334 1762 1369 ingenti
1776 1334 1851 1361 clade
1867 1343 1882 1362 a

252 1375 306 1403 Deo
320 1376 549 1410 prosternentur,
563 1377 794 1411 quemadmodum
810 1376 911 1405 dicitur
939 1378 1006 1405 locis
1030 1378 1112 1404 modo
1132 1377 1223 1404 citatis
1240 1387 1246 1404 :
1266 1382 1327 1412 post
1340 1378 1412 1412 quod
1427 1385 1490 1404 vera
1517 1382 1542 1404 et
1562 1378 1680 1412 perfetta
1710 1385 1762 1412 pax
1779 1378 1831 1405 crit
1855 1379 1881 1406 in

251 1419 374 1447 Ecclesia
395 1427 427 1447 ac
449 1427 534 1454 purus
559 1420 605 1447 Dei
631 1420 724 1447 cultus
737 1421 771 1447 ab
787 1421 862 1447 omni
878 1421 975 1447 haeresi
995 1426 1020 1448 et
1037 1423 1227 1455 persecutione
1245 1428 1391 1457 separatus
1411 1433 1416 1450 :
1432 1423 1664 1457 quemadmodum
1683 1429 1883 1458 consequenter

250 1465 410 1492 describunt
431 1465 558 1492 Ezechiel
573 1472 635 1500 cap.
651 1472 684 1491 xi.
701 1469 727 1492 et
741 1466 935 1500 sequentibus,
948 1471 975 1493 et
992 1466 1078 1501 Apoc.
1097 1473 1154 1498 xxi,
1171 1474 1236 1493 xxu.
1251 1465 1284 1493 Et
1298 1467 1362 1501 quia
1382 1468 1439 1494 haec
1456 1467 1619 1501 populorum
1644 1467 1677 1493 ad
1702 1467 1804 1495 bellum
1830 1468 1883 1501 hoc

251 1514 419 1544 postremum
436 1509 613 1545 congregatio
631 1509 746 1544 ipsaque
763 1517 863 1545 pugna,
881 1510 968 1537 multo
986 1515 1108 1544 tempore
1128 1510 1238 1538 durabit
1261 1519 1323 1538 cum
1341 1518 1441 1546 magna
1467 1510 1691 1539 Cluislianerum
1716 1512 1862 1539 alllictione
1874 1533 1882 1544 ,

252 1553 313 1581 ideo
331 1554 517 1581 communiter
544 1554 698 1589 appellatur
715 1554 885 1581 novissimus
904 1554 1066 1581 Antichristi
1079 1554 1224 1588 adventus,
1242 1555 1294 1582 hoc
1307 1559 1443 1582 cstsectte
1456 1554 1527 1589 ejus,
1543 1563 1604 1590 qua:
1626 1555 1671 1582 hic
1692 1555 1792 1583 dicitur
1807 1557 1883 1591 prior

251 1598 349 1631 bestia,
365 1597 408 1625 cui
421 1598 515 1630 draco,
536 1597 563 1625 id
581 1602 622 1625 est
637 1597 766 1630 Satanas,
784 1597 859 1625 dedit
874 1597 1004 1624 virtutem
1032 1605 1064 1625 ac
1081 1598 1174 1626 sedem
1189 1607 1267 1626 suam
1286 1603 1314 1626 et
1335 1603 1496 1634 potestatem
1517 1607 1658 1634 magnam.-
1680 1599 1883 1628 Cunvenienter

251 1649 318 1677 ergo
336 1647 459 1669 tractans
477 1642 522 1669 hic
537 1641 680 1677 apostolus
695 1642 728 1669 de
740 1641 848 1668 excidio
864 1642 1021 1676 gentilismi,
1038 1643 1119 1669 etiam
1134 1643 1477 1679 intermiscetgravitatem
1494 1643 1693 1678 persecutionis
1705 1649 1785 1672 secta:
1802 1645 1884 1673 Sara-

251 1686 353 1713 Cenica:
364 1685 479 1720 ejusque
495 1686 711 1713 subversionem.
733 1685 827 1720 Neque
843 1685 885 1712 bis
902 1686 1014 1713 obviare
1032 1686 1138 1714 videtur
1146 1689 1218 1723 quod
1236 1689 1273 1715 ait
1289 1688 1436 1723 Apostolus
1451 1688 1472 1715 ll
1487 1687 1584 1716 Thess.
1598 1697 1628 1721 tt,
1643 1689 1714 1724 quod
1728 1690 1789 1723 ejus
1808 1700 1817 1715 ι
1833 1692 1883 1717 ad-

252 1735 350 1757 ventus
363 1731 397 1758 sit
415 1730 567 1757 sceundum
596 1731 782 1765 operationem
813 1729 920 1757 Satanae
941 1732 967 1757 in
995 1731 1080 1765 signis
1096 1739 1128 1758 ac
1154 1731 1283 1766 prodigiis
1302 1731 1481 1759 mendacibus
1501 1737 1530 1759 et
1554 1741 1616 1760 cum
1634 1734 1710 1760 omni
1723 1733 1884 1769 deceptione

254 1775 393 1810 injuslitiae
409 1775 435 1802 in
457 1775 499 1802 his
519 1775 702 1810 quipcreunt,
720 1775 848 1811 quodque
861 1775 991 1802 cl‘l‘eratur
1007 1776 1138 1803 adversus
1155 1783 1263 1802 onmem
1280 1775 1326 1810 qui
1346 1775 1448 1803 dicitttr
1472 1776 1545 1804 Deus
1568 1781 1617 1804 aut
1636 1784 1749 1809 numen,
1771 1778 1839 1805 adeo
1855 1784 1885 1805 ut

255 1821 281 1846 in
297 1820 396 1854 templo
416 1819 462 1846 Dei
487 1823 618 1854 tanquam
638 1819 709 1846 Deus
728 1820 832 1852 sedeat,
851 1823 995 1847 ostentans
1017 1820 1139 1855 scipsum
1162 1827 1223 1847 esse
1249 1820 1354 1847 Deum:
1370 1828 1452 1855 quem
1473 1821 1623 1854 Dominus,
1640 1822 1740 1857 inquit,
1759 1823 1885 1851 conﬁciet

254 1864 353 1898 spiritu
372 1863 428 1890 eris
454 1863 507 1896 sui,
529 1869 556 1890 et
584 1863 703 1890 abolebit
727 1863 852 1890 claritate
875 1863 1009 1891 adventus
1034 1864 1087 1891 sui.
1109 1873 1118 1889 ι
1141 1863 1178 1890 Ex
1189 1871 1243 1899 quo
1258 1869 1285 1891 et
1304 1865 1386 1891 etiam
1400 1865 1465 1900 quia
1479 1865 1650 1900 pranniscrat
1664 1873 1720 1892 non
1738 1872 1883 1894 venturum

255 1916 315 1936 esse
330 1908 475 1935 Dominum
493 1908 546 1934 uisi
562 1907 640 1942 prius
659 1908 826 1935 revelaretur
847 1908 890 1935 hie
906 1908 988 1936 homo
1002 1909 1105 1943 peccati
1122 1908 1193 1934 lilius
1211 1907 1384 1942 perditionis,
1404 1908 1519 1935 innuere
1529 1908 1646 1941 videtur,
1661 1908 1687 1935 in
1704 1909 1786 1944 hujus
1802 1911 1886 1938 inter-

254 1955 393 1988 emptionc
410 1953 503 1979 statim
522 1957 666 1978 venturum
685 1959 745 1979 esse
772 1952 913 1979 Christum
928 1952 960 1979 ad
976 1952 1119 1987 judicium.
1138 1952 1211 1984 llzec,
1230 1952 1354 1986 inquam,
1371 1960 1424 1979 non
1448 1952 1571 1979 obstant.
1590 1952 1712 1980 Primum
1734 1954 1805 1980 enim
1827 1963 1886 1981 Ina-

255 1998 386 2025 nil‘estum
398 2001 439 2024 est
458 2004 553 2023 verum
568 2003 629 2023 esse
642 2003 695 2023 non
714 2001 859 2022 venturum
871 2003 933 2023 esse
947 1996 1093 2023 Dominum
1113 1997 1166 2024 nisi
1192 1997 1236 2024 ille
1250 1996 1400 2030 reveletur,
1420 2005 1482 2024 cum
1505 1997 1667 2032 jamdudum
1683 1998 1729 2025 ille
1750 2000 1885 2027 revelatus

255 2043 300 2074 sit,
321 2043 377 2069 imo
388 2046 414 2068 ct
431 2045 556 2068 mortuus
574 2040 601 2067 in
620 2047 669 2066 sua
693 2046 810 2074 pet-seua
826 2048 833 2066 :
852 2047 933 2074 quem
950 2044 1041 2066 tamen
1064 2040 1199 2067 Dominus
1215 2040 1392 2068 conlecturus
1404 2040 1504 2068 dicitur
1520 2041 1637 2076 spiritu,
1651 2046 1716 2074 etc.,
1732 2043 1795 2076 quia
1814 2043 1885 2071 sicut

256 2089 282 2114 in
296 2087 382 2113 sacris
396 2086 505 2113 Litteris
520 2085 677 2120 frequenter
690 2088 732 2111 est
743 2083 900 2118 metaphora
912 2091 927 2110 a
942 2084 1030 2119 capite
1044 2082 1156 2111 Christo
1169 2083 1202 2111 ad
1218 2085 1278 2119 ejus
1291 2085 1425 2118 membra,
1437 2092 1497 2119 quae
1509 2085 1590 2112 simul
1614 2093 1676 2112 eum
1697 2093 1730 2114 eo
1749 2094 1829 2113 unam
1844 2088 1886 2113 di-

257 2136 357 2157 cuntur
377 2129 544 2157 constituere
568 2135 713 2163 personam
730 2137 736 2155 :
755 2131 779 2154 et
794 2127 865 2162 quod
877 2127 1029 2154 deChristo
1046 2128 1155 2160 dicitur,
1173 2129 1273 2163 saepius
1286 2129 1312 2155 in
1333 2129 1421 2163 ipsius
1437 2129 1568 2155 membris
1580 2130 1732 2164 completur
1748 2135 1794 2158 :ct
1808 2131 1880 2165 quod

257 2175 290 2202 de
305 2174 400 2206 Jacob,
422 2173 449 2200 in
477 2172 541 2200 [iliis
558 2171 640 2199 Israel
659 2181 666 2199 :
683 2171 719 2198 ita
743 2171 825 2198 etiam
840 2171 940 2198 dicitur
964 2179 980 2198 a
1006 2170 1123 2198 Domino
1149 2173 1336 2200 conlicicndus
1356 2173 1383 2199 in
1402 2177 1543 2207 postremo
1565 2177 1647 2200 secta
1672 2172 1733 2207 ejus
1755 2174 1887 2203 adversus

256 2218 428 2246 Christianos
446 2216 548 2251 ingenti
563 2215 674 2250 prmlio,
688 2223 744 2250 quo
763 2222 816 2242 non
829 2215 929 2242 virtute
947 2215 1042 2242 bellica
1059 2220 1106 2243 aut
1126 2216 1230 2244 viribus
1245 2216 1477 2250 Christianorum,
1503 2217 1549 2244 sed
1566 2217 1663 2252 spiritu
1684 2218 1740 2245 oris
1761 2218 1818 2245 sive
1839 2226 1888 2246 vo-

259 2264 361 2289 luntate
377 2260 484 2288 Domini
497 2260 659 2288 conﬁcietur
671 2280 678 2292 ,
693 2264 719 2287 et
737 2259 862 2286 claritate
878 2260 1010 2286 adventus
1027 2260 1088 2292 sui,
1108 2269 1163 2296 quo
1179 2265 1274 2296 aperte
1296 2261 1388 2289 veniet
1416 2261 1519 2288 auxilio
1539 2261 1716 2289 Christianis.
1745 2262 1886 2298 Siquidem
1922 2278 1925 2285 ι

257 2306 329 2341 quod
345 2313 398 2332 non
416 2305 479 2333 velit
493 2309 558 2332 tunc
576 2304 793 2332 interimendum
809 2304 1008 2331 Antichrislum
1027 2309 1074 2331 aut
1091 2306 1235 2333 ﬁniendam
1263 2306 1411 2333 immanem
1430 2306 1516 2341 ipsius
1531 2306 1760 2341 persecutionem,
1776 2315 1837 2334 cum
1853 2307 1886 2335 ad

258 2355 408 2377 extremum
426 2349 560 2384 judicium
577 2354 708 2376 venturus
721 2353 762 2376 est
784 2348 928 2380 Dominus,
946 2348 1091 2376 manifeste
1107 2353 1181 2384 patet
1195 2358 1228 2377 ex
1242 2357 1275 2377 eo
1289 2349 1363 2384 quod
1378 2350 1416 2377 ait
1434 2350 1504 2377 idem
1520 2345 1678 2384 Apos'tolus,
1696 2350 1703 2376 l
1718 2349 1815 2378 Thess.
1833 2360 1858 2379 ν.
1878 2362 1886 2379 :

261 2404 270 2420 ‹
290 2394 351 2421 Dies
367 2393 473 2421 Domini
495 2393 567 2421 sicut
581 2393 623 2419 fur
641 2393 668 2419 in
685 2397 775 2423 nocte,
795 2392 831 2418 ita
843 2392 942 2419 veniet.
955 2392 1022 2419 Cum
1040 2393 1113 2420 enim
1132 2394 1261 2426 dixerint,
1279 2394 1334 2420 Pax
1349 2399 1376 2422 ct
1397 2399 1455 2421 tuta
1472 2394 1576 2424 omnia,
1593 2399 1658 2421 tunc
1675 2395 1833 2429 repentinus
1847 2395 1891 2423 eis

259 2437 433 2473 superveniet
447 2437 573 2464 interitus
589 2445 595 2469 ;
616 2445 625 2461 ι
642 2437 783 2471 magisque
800 2443 833 2463 ex
849 2444 882 2463 eo
899 2436 972 2470 quod
988 2435 1083 2463 Matth.
1101 2445 1164 2465 xxiv
1180 2446 1212 2465 ac
1230 2438 1298 2466 Luc.
1313 2446 1368 2466 xvii
1382 2438 1503 2465 ostendit
1518 2438 1651 2465 Dominus
1665 2437 1738 2473 quod
1764 2443 1827 2466 ante
1843 2438 1889 2473 ju-

258 2482 359 2509 dicium
375 2485 457 2508 erunt
475 2481 600 2508 homines
617 2480 643 2507 in
657 2480 738 2514 longa
752 2487 818 2514 pace
833 2487 865 2507 ac
880 2480 1037 2508 securitate.
1052 2490 1061 2505 ι
1078 2480 1156 2508 Sicut
1174 2486 1264 2514 erant,
1295 2481 1393 2516 inquit,
1421 2481 1481 2509 dies
1499 2481 1567 2514 Nec,
1583 2481 1620 2508 ita
1642 2482 1695 2508 crit
1713 2486 1740 2508 et
1756 2481 1888 2508 adventus

260 2525 321 2553 Filii
338 2524 470 2552 hominis.
485 2524 563 2551 Sicut
582 2525 654 2551 enim
680 2529 755 2551 erant
772 2524 798 2550 in
824 2524 920 2551 diebus
938 2524 986 2559 qui
1013 2529 1211 2559 prmccsserunt
1225 2525 1356 2552 diluvium
1374 2525 1486 2552 edentes
1500 2529 1526 2552 et
1542 2525 1677 2557 bibentes,
1695 2525 1888 2552 contrahentes

260 2570 469 2597 matrimonium
486 2574 515 2596 et
528 2573 643 2604 nuptum
658 2568 766 2600 dantes,
783 2576 870 2602 usque
879 2567 912 2595 ad
926 2575 988 2595 eum
1002 2568 1073 2595 diem
1091 2576 1146 2603 quo
1159 2569 1270 2597 intravit
1292 2569 1349 2597 Noe
1365 2569 1392 2596 in
1408 2577 1510 2601 arcam,
1533 2576 1583 2596 nec
1599 2571 1788 2603 cognoverunt
1801 2567 1888 2594 donec

260 2614 334 2641 venit
349 2614 484 2641 diluvium
504 2618 530 2641 ct
547 2613 609 2640 tulit
625 2612 770 2640 universos
790 2622 795 2639 :
813 2613 850 2639 ita
867 2612 920 2639 erit
932 2618 958 2639 et
974 2613 1108 2640 adventus
1122 2611 1183 2639 Filii
1199 2613 1329 2641 hominis.
1350 2623 1359 2639 ι
1386 2613 1480 2648 Itaque
1491 2612 1564 2647 quod
1582 2612 1618 2639 ibi
1643 2611 1723 2646 paulo
1739 2616 1801 2637 ante
1818 2611 1888 2637 dici-

260 2664 314 2690 tur,
335 2667 347 2683 ο
362 2658 394 2685 Et.
408 2663 475 2685 tune
490 2657 631 2692 apparebit
643 2657 750 2692 signum
769 2655 829 2683 Filii
846 2656 965 2684 hominis
980 2665 987 2683 :
1005 2656 1038 2683 Et
1047 2662 1111 2684 tunc
1120 2657 1247 2692 plangent
1261 2665 1356 2685 omnes
1367 2657 1455 2684 tribus
1472 2661 1562 2689 terrm,
1581 2666 1590 2681 ι
1608 2663 1661 2683 non
1682 2655 1782 2682 indicat
1796 2654 1889 2681 statim

260 2703 285 2730 id
300 2703 441 2737 subsequi,
458 2701 505 2729 sed
520 2701 609 2728 solum
628 2701 701 2735 quod
717 2705 810 2735 postea
822 2705 967 2735 sequetur:
986 2701 1033 2735 qni
1048 2702 1145 2728 modus
1157 2701 1306 2736 accipiendi
1320 2700 1403 2732 Tunc.
1418 2701 1459 2728 vel
1477 2700 1508 2727 In
1520 2699 1609 2727 diebus
1630 2699 1694 2730 illis,
1710 2699 1768 2726 sive
1794 2697 1825 2724 ιιι
1841 2698 1889 2726 illo

259 2753 384 2781 tempore,
395 2746 525 2781 frequens
536 2751 577 2773 cst
593 2746 620 2772 in
638 2745 724 2772 sacris
734 2745 842 2772 Litteris
859 2754 865 2772 :
881 2745 1112 2780 quemadmodum
1128 2745 1239 2772 adnotat
1256 2750 1349 2772 noster
1364 2744 1528 2780 Euthymius
1540 2751 1621 2778 super
1639 2742 1704 2770 illud
1717 2742 1814 2770 Matth.
1830 2751 1867 2770 xli
1881 2751 1888 2770 :

262 2801 270 2816 ε
293 2791 370 2818 Tunc
384 2791 518 2818 adductus
530 2794 572 2818 est
586 2790 610 2817 ei
627 2790 812 2817 danneniaeus
823 2810 830 2821 ,
851 2799 860 2815 ι
884 2796 1050 2823 rursumque
1061 2796 1145 2823 super
1162 2788 1227 2815 illud
1239 2787 1334 2816 Matth.
1353 2797 1383 2816 ιιι
1402 2798 1409 2815 :
1427 2797 1436 2814 ‹
1458 2788 1485 2814 In
1502 2788 1599 2815 diebus
1614 2787 1667 2814 illis
1682 2788 1755 2814 venit
1771 2787 1891 2814 Joannes

259 2835 379 2870 llaptista
395 2835 548 2870 praedicans
574 2835 601 2861 in
620 2835 728 2861 deserto
750 2833 859 2861 Judaei).
879 2843 889 2858 ι
912 2833 943 2860 Et
957 2832 1146 2860 OEcumcnius
1166 2840 1247 2867 super
1261 2832 1326 2859 illud
1348 2833 1409 2860 Act.
1423 2840 1448 2859 vr
1466 2841 1473 2859 :
1493 2841 1501 2858 ι
1518 2831 1545 2858 In
1564 2831 1607 2858 his
1634 2835 1725 2858 autem
1742 2831 1851 2858 diebus.
1879 2839 1888 2854 ι

260 2880 347 2909 l'orro
359 2881 436 2916 signa
453 2889 485 2907 ac
498 2879 621 2915 prodigia
638 2880 780 2907 mendacia
798 2879 930 2906 adventus
945 2877 1106 2906 Antivhristi
1122 2877 1149 2904 in
1165 2876 1209 2904 his
1224 2877 1270 2911 qui
1288 2881 1414 2912 pereunt,
1436 2877 1490 2904 imo
1509 2880 1538 2903 nt
1550 2876 1587 2902 ait
1607 2874 1745 2908 Christus,
1761 2875 1797 2902 ita
1818 2880 1845 2902 ut
1862 2875 1891 2901 in

421 2929 554 2959 PATROL.
579 2929 637 2957 Gn.
661 2928 736 2957 (LVI.
1758 2924 1795 2952 16
