2093 3159
212 142 263 176 491
760 142 864 174 JOAN.
886 142 1055 173 IIENTENI
1061 143 1074 173 Ι
1092 143 1299 175 PREFATIO.
1781 146 1835 179 492

212 207 334 230 errorem
349 199 496 235 ducantur,
517 200 540 228 si
559 200 616 228 ﬁeri
629 203 729 235 potest,
745 199 826 226 etiam
843 199 933 232 electi,
950 203 1014 226 sunt
1027 201 1110 228 variae
1124 208 1156 228 ac
1168 201 1349 229 multiformes
1363 201 1423 236 ejus
1437 200 1543 229 terhnte
1565 201 1598 228 ad
1622 200 1793 229 seducendos
1808 207 1835 228 t'l

212 244 391 280 pelliciendos
407 244 454 272 Del
473 251 578 272 servos.
593 243 719 278 Cumque
732 249 762 270 se
773 250 806 270 ac
815 250 894 270 suam
905 248 1008 270 sectam
1024 244 1235 273 Christianismo
1246 246 1405 280 ueterisque
1420 245 1525 280 legibus
1539 245 1666 272 omnibus
1682 250 1832 280 pra’ponat,

212 296 247 316 an
274 296 328 316 non
342 288 485 316 seextollit
506 294 589 322 supra
604 294 712 314 omnem
729 286 776 321 qui
794 287 896 316 dicitur
911 286 983 314 Deus
1004 292 1052 314 attt
1068 288 1186 315 numen?
1200 288 1299 316 sedens
1318 289 1375 316 sive
1395 288 1532 323 imperans
1549 289 1575 316 in
1606 289 1706 323 templo
1722 288 1778 321 Dei,
1791 290 1833 315 vol

212 332 259 360 ubi
274 332 353 367 prius
366 336 444 359 erant
460 330 591 358 Ecclesiae
607 330 664 361 Dei,
679 335 725 357 aut
737 329 798 357 viva
815 329 861 357 Dei
876 330 987 365 templa.
1003 330 1055 363 Qui
1068 331 1152 357 etiam
1175 331 1241 358 fecit
1257 335 1285 358 ut
1302 331 1402 359 dicitur
1419 333 1502 366 Apoc.
1522 339 1583 364 xm,
1602 331 1691 366 ignem
1711 331 1759 358 irae
1786 332 1832 359 Dei

213 375 379 403 descendere
390 374 417 402 itt
435 373 634 408 terram,juxta
649 373 715 400 illud
726 373 795 408 psal.
813 380 870 401 xvn
885 381 892 400 :
907 383 915 398 ι
930 373 1060 401 Ascendit
1075 374 1166 402 fumus
1180 375 1206 402 in
1223 375 1264 402 ira
1275 374 1334 409 ejus
1344 379 1372 403 et
1388 375 1458 411 ignis
1469 383 1482 402 a
1503 375 1573 403 facie
1584 375 1644 410 ejus
1651 375 1835 407 exarsit.car-

213 420 297 447 boues
311 419 437 446 succensi
454 422 519 445 sunt
535 418 570 445 ah
586 425 630 445 eo.
649 427 658 444 ι
681 420 735 445 Aut
750 418 777 445 in
797 421 946 453 conspectu
965 418 1107 446 hominum
1119 418 1219 445 dicitur
1235 418 1287 446 hoc
1303 417 1411 450 fecisse,
1425 419 1450 446 id
1465 423 1509 446 est
1522 418 1595 454 quod
1618 419 1656 446 ait
1671 419 1832 453 Apostolus,

214 471 225 489 ι
243 463 270 490 tn
285 462 413 497 prodigiis
425 462 614 493 mendacibus,
634 470 644 487 ι
662 461 725 496 quia
737 462 831 490 volens
844 462 983 490 occultare
998 462 1123 488 morbum
1139 469 1220 489 stium
1236 461 1383 494 caducum,
1395 462 1504 489 dicebat
1514 469 1544 490 se
1553 461 1651 489 cadere
1665 470 1697 490 ex
1712 462 1833 490 illustra-

213 506 286 533 tiotte
294 506 383 540 angeli
398 505 432 533 de
442 506 512 533 coelo
524 506 557 533 ad
575 513 605 533 se
624 505 814 533 descendentis
831 506 938 540 sibique
950 505 1087 541 loquentis
1107 514 1113 532 :
1130 505 1164 532 de
1179 505 1279 540 quibus
1295 505 1400 540 angelis
1412 505 1481 539 psal.
1499 513 1546 532 cttt
1557 510 1585 532 et
1601 505 1668 534 ﬂcb.
1684 514 1691 533 ι
1708 505 1808 533 dicitur
1825 516 1831 533 :

215 559 224 575 ι
242 550 293 582 Qui
310 549 377 577 I‘acit
390 550 503 584 angelos
516 557 582 576 suos
596 549 709 584 spiritus
724 555 750 576 et
760 549 904 577 ministros
919 558 984 577 suos
999 549 1135 576 ﬂammam
1151 549 1233 584 igttis.
1247 558 1256 574 ι
1275 549 1443 576 Deditetiam
1459 549 1586 584 spiritum
1600 549 1710 584 imagini
1729 550 1832 583 bestiae,

212 594 316 627 lactens
331 599 358 620 ut
371 594 544 629 loqueretur,
561 593 671 628 quando
684 593 769 628 legent
785 601 840 620 sua:
856 598 936 620 secta:
949 593 1077 621 omnibus
1092 601 1192 628 magno
1213 601 1276 620 cum
1302 593 1417 621 horrore
1441 593 1625 628 promulgavit
1641 603 1647 621 :
1672 594 1724 622 hoc
1751 596 1833 622 etiam

212 638 294 665 tttodo
314 638 416 665 faciens
430 645 527 665 ontncs
539 637 657 665 adorare
668 637 814 672 imaginem
833 637 934 670 besti.e,
946 641 974 664 et
994 637 1081 672 utqui
1098 645 1152 664 non
1172 637 1303 665 haberent
1324 637 1510 665 characterem
1538 638 1631 665 bestiae
1653 645 1705 665 non
1722 643 1834 672 possent

212 689 304 709 cmere
316 687 364 709 aut
377 682 495 709 vettdere
512 691 519 709 :
536 682 646 716 quando
657 682 724 709 dixit
739 689 769 709 se
784 681 898 708 missum
918 689 934 708 a
950 681 1005 708 Deo
1023 681 1049 708 in
1068 681 1168 716 gladio,
1182 680 1282 715 jubens
1296 688 1392 708 omnes
1404 681 1533 708 trucidari
1546 681 1593 716 qui
1611 688 1689 709 suam
1705 688 1758 708 non
1771 689 1833 708 sus-

212 725 335 759 ciperent
353 729 465 752 sectam.
478 724 598 752 Rursum
615 732 668 752 non
680 724 852 760 obstatquod
864 724 944 760 vulgo
955 725 1084 752 dicuntur
1099 724 1191 751 Enoclt
1210 729 1237 751 et
1270 723 1345 751 Elias
1359 725 1465 751 venturi
1479 728 1582 759 ut_sese
1598 724 1636 751 illi
1649 728 1785 760 opponant
1801 733 1834 752 ac

212 776 274 795 eutn
292 770 468 799 convincant.
489 774 600 804 propter
614 770 641 796 id
662 770 735 804 quod
749 770 849 796 dicitur
864 770 950 804 Apoc.
966 777 992 796 ιιι
1007 778 1013 797 :
1031 778 1041 795 ι
1064 768 1095 796 Et
1110 768 1181 795 dabo
1192 769 1298 796 duobus
1316 769 1431 797 testibus
1452 769 1530 801 meis,
1545 773 1571 796 et
1584 769 1803 804 prophetahunt;
1819 778 1828 795 ι

212 813 285 847 quod
298 812 359 840 ideo
370 813 403 840 de
415 812 472 840 Elia
490 813 685 848 interpretatur
698 814 768 848 Aug.
784 821 831 840 xx.
845 812 884 840 De
897 813 968 840 civit.
983 813 1042 845 Dei,
1056 820 1117 840 cum
1130 812 1192 840 aliis
1207 809 1344 847 pluribus,
1359 813 1422 847 quia
1439 811 1551 840 lllalaclt.
1568 820 1594 840 tv
1609 813 1708 840 dicitur
1724 822 1731 840 ε
1748 822 1757 838 ι
1770 812 1831 839 Mtt-

208 861 266 882 utn
280 856 357 883 vobis
373 857 458 885 Eliattt
473 857 634 892 prophetam
649 861 795 891 antequam
810 856 901 883 veniat
919 856 978 884 dies
998 856 1117 884 Domini.
1133 866 1141 881 ι
1165 856 1287 883 Alterum
1299 863 1365 883 vero
1377 855 1481 883 iaciunt
1496 856 1599 889 Enoch,
1613 857 1677 892 quia
1691 855 1759 883 Gen.
1776 864 1791 883 v
1807 861 1834 883 et

212 901 298 930 Eccli.
316 909 376 929 mv
388 902 487 929 dicitur
500 901 591 929 Enoclt
604 902 752 930 translatus
766 907 793 930 et
807 910 861 929 non
879 907 1015 934 mortuus,
1026 903 1098 930 sicut
1108 902 1182 930 Elius
1197 910 1281 930 curru
1299 903 1378 938 igneo
1395 902 1421 930 itt
1432 902 1530 931 cminm
1544 907 1652 936 vectus,
1665 902 1697 930 IV
1718 902 1784 939 lieg.
1800 911 1832 930 tt.

211 945 332 973 Primum
349 951 440 973 autem
457 954 510 973 non
526 947 625 974 dicitur
642 947 686 974 ltic
699 955 749 974 nec
765 947 830 973 alibi
849 948 876 973 in
893 947 981 974 sacris
999 946 1108 973 Litteris
1121 945 1193 981 quod
1208 945 1317 984 illi_sint
1332 946 1417 973 futuri
1432 950 1535 974 testes:
1551 946 1624 982 quod
1638 946 1660 973 si
1682 947 1762 974 etiattt
1783 947 1832 973 ad-

211 991 376 1022 mitteretur,
395 997 449 1017 non
464 995 603 1025 oporteret
613 990 685 1026 quod
701 991 834 1018 adversus
852 990 938 1026 ipsius
954 997 1099 1026 personam
1120 994 1286 1025 pugnarent,
1306 990 1352 1017 sed
1367 990 1434 1017 satis
1447 993 1520 1017 esset
1538 990 1610 1025 quod
1629 990 1760 1018 adversus
1773 990 1833 1024 ejus

211 1039 314 1062 sectam
327 1035 384 1062 sive
400 1035 518 1070 priorem
531 1035 657 1067 bestiam,
676 1036 818 1062 autetiam
837 1035 969 1062 adversus
991 1033 1175 1069 gentilismum
1195 1042 1202 1060 :
1219 1034 1338 1061 maxime
1354 1033 1427 1068 qttod
1447 1033 1470 1061 si
1493 1033 1551 1060 haec
1565 1032 1679 1070 Joannis
1703 1034 1833 1061 ret-elatio

211 1079 308 1105 ordine
328 1069 460 1113 procedit,
478 1078 511 1106 dc
529 1079 627 1106 ltoruttt
645 1079 787 1114 prophetia
802 1084 829 1106 et
850 1083 938 1105 morte
961 1078 1034 1104 illata
1052 1085 1066 1103 a
1087 1077 1173 1104 bestia
1188 1085 1249 1112 qua:
1263 1078 1387 1105 a'secndit
1402 1077 1435 1105 de
1450 1076 1560 1112 abysso,
1574 1069 1716 1121 acoéorum
1741 1084 1834 1104 resur-

211 1125 332 1152 rectione
344 1129 472 1152 narratur
484 1126 572 1161 capite
585 1134 622 1158 ιιι,
639 1130 759 1161 tempore
771 1125 896 1153 videlicet
908 1129 993 1152 sexta:
1007 1125 1079 1152 tuba:
1093 1133 1099 1151 :
1115 1132 1199 1160 porro
1214 1125 1301 1152 bestia
1317 1133 1378 1160 quae
1401 1125 1603 1153 Anticltristum
1627 1125 1773 1160 designare
1788 1125 1832 1152 di-

211 1168 294 1201 citur,
307 1168 409 1196 habens
421 1169 476 1196 duo
491 1177 593 1197 cornua
607 1170 707 1197 similia
721 1170 795 1204 agni,
810 1177 871 1204 cap.
888 1177 936 1196 xttt
957 1177 989 1196 ac
1001 1173 1123 1205 tempore
1139 1169 1261 1203 septimae
1281 1169 1353 1196 tuba:
1369 1169 1469 1196 dicitur
1484 1169 1633 1196 ascendere
1643 1169 1676 1196 dc
1694 1173 1764 1196 terra
1775 1188 1782 1201 ,
1799 1177 1832 1197 co

211 1211 285 1246 quod
302 1211 323 1238 si
345 1219 430 1246 purus
450 1213 532 1240 homo
541 1220 698 1247 quanquam
720 1213 852 1240 adventus
864 1212 951 1247 ipsius
963 1212 1044 1239 luerit
1056 1213 1205 1240 secundum
1220 1213 1405 1247 operationem
1420 1211 1536 1240 Satanae.
1551 1213 1636 1240 Porro
1652 1212 1833 1248 Hieronymus

211 1262 293 1290 super
307 1261 435 1290 quartum
452 1260 534 1291 caput
555 1256 704 1288 Malachiat,
726 1265 735 1281 ι
754 1255 856 1288 Judaei,
875 1256 973 1291 inquit,
991 1263 1023 1283 ac
1039 1255 1215 1283 Judaizantcs
1239 1256 1359 1283 haeretici
1382 1256 1477 1284 dicunt
1497 1255 1584 1284 Eliam
1601 1262 1747 1284 venturuttt
1770 1263 1833 1284 attte

211 1306 290 1326 suum
305 1299 480 1334 εἰλημμένον,
497 1309 506 1325 ι
527 1299 599 1332 quod
613 1307 643 1326 ex
656 1307 689 1327 eo
702 1300 821 1326 ostendit
833 1299 897 1334 quia
917 1299 1044 1335 discipuli
1060 1299 1155 1327 Matth.
1173 1307 1228 1327 xvn
1245 1301 1447 1335 interrogarunt
1467 1300 1612 1328 Dominum
1628 1310 1634 1328 :
1652 1310 1661 1326 I
1680 1300 1750 1334 Quid
1768 1308 1832 1335 ergo

213 1340 316 1369 Scribze
327 1342 420 1369 dicunt
433 1342 504 1376 quod
518 1342 603 1368 Eliam
616 1346 740 1376 oporteat
753 1342 870 1376 printunt
882 1342 974 1369 venire
990 1351 997 1369 :
1016 1352 1027 1368 ι
1043 1343 1091 1370 sed
1107 1343 1214 1370 illorum
1224 1343 1320 1370 falsam
1337 1351 1397 1371 esse
1408 1344 1565 1378 opinionem
1576 1343 1695 1371 ostendit
1706 1343 1833 1371 Christus

209 1391 273 1412 cum
285 1386 430 1419 respondet
444 1395 450 1412 :
468 1394 477 1410 ι
498 1384 636 1419 Eliasjam
652 1385 735 1416 venit,
752 1390 843 1412 etnon
856 1391 1044 1419 cognoverunt
1059 1394 1131 1418 eutn,
1145 1388 1191 1415 sed
1209 1387 1332 1414 fecerunt
1347 1388 1373 1414 in
1390 1395 1422 1415 eo
1435 1395 1607 1423 quaecunque
1630 1388 1776 1415 voluerunt
1795 1397 1801 1415 :
1819 1398 1829 1413 ι

211 1429 358 1464 statimque
372 1429 498 1463 sequitur
516 1436 523 1455 :
539 1438 548 1454 ι
564 1428 640 1456 Tunc
655 1428 849 1456 intellexerunt
861 1429 988 1463 discipuli
1003 1430 1075 1464 quod
1087 1431 1121 1458 de
1135 1430 1240 1458 Joanne
1257 1430 1376 1466 Baptista
1393 1431 1509 1458 dixisset
1524 1431 1601 1465 ipsis.
1617 1441 1627 1458 ι
1649 1432 1833 1468 Hieronymus

210 1479 301 1502 autent
311 1483 343 1502 eo
357 1475 417 1502 loco
432 1482 480 1510 per
492 1474 579 1502 Etiam
593 1475 718 1510 intelligit
731 1474 916 1510 propltetiattt,
936 1475 1008 1502 sicut
1024 1477 1106 1511 paulo
1122 1482 1183 1504 ante
1197 1477 1281 1512 legent
1298 1485 1345 1512 per
1358 1476 1462 1504 Mosen.
1479 1477 1619 1512 Siquidem
1640 1486 1688 1512 per
1700 1478 1784 1513 legem
1800 1486 1833 1506 ac

210 1519 380 1555 prophetiam
404 1520 586 1547 convertenda
607 1524 685 1547 erant
702 1519 784 1547 corda
803 1523 912 1555 patrum
928 1519 1067 1547 Abraham
1081 1539 1089 1553 ,
1106 1521 1182 1548 lsaac
1197 1526 1224 1547 et
1241 1519 1336 1553 Jacob,
1351 1520 1376 1547 Id
1389 1525 1431 1548 est
1441 1520 1612 1555 sequentium
1630 1529 1677 1550 eos
1688 1527 1716 1550 et
1730 1521 1833 1550 abillis

210 1567 445 1599 descendentium,
459 1567 493 1594 ad
505 1566 616 1601 Filium,
630 1567 664 1594 ad
683 1566 821 1595 Christum
837 1567 885 1603 qui
901 1567 935 1595 ab
950 1568 990 1596 eis
1013 1575 1124 1595 carnem
1152 1572 1317 1603 sumpserat.
1339 1568 1458 1596 Rursum
1489 1567 1584 1595 Matth.
1602 1576 1645 1600 ιι,
1669 1569 1784 1604 loquens
1798 1569 1832 1596 de

209 1610 325 1645 Joanne,
347 1620 356 1637 ι
374 1610 424 1639 Hic
437 1611 595 1646 cst,inquit,
613 1611 646 1639 de
658 1619 712 1645 quo
723 1612 855 1646 scriptum
867 1617 919 1645 est,
941 1611 1010 1639 Evce
1025 1619 1074 1646 ego
1092 1612 1169 1638 mitto
1184 1612 1308 1647 angelum
1327 1619 1416 1639 meutn
1430 1612 1476 1647 qui
1491 1605 1654 1647 praeparabit
1668 1613 1739 1640 viaut
1756 1618 1832 1640 tuam

210 1659 319 1686 autcte,
333 1663 342 1680 ι
362 1654 435 1689 quod
449 1660 504 1682 erat
515 1653 632 1681 cilicium
647 1655 711 1681 Elia:
725 1660 752 1681 et
768 1654 802 1682 dc
815 1662 848 1682 eo
864 1655 1067 1690 intelligebatur
1081 1654 1215 1696 :ideoqqe
1227 1655 1298 1690 quod
1315 1655 1431 1682 Malach.
1448 1663 1474 1682 IV
1490 1656 1524 1683 de
1542 1655 1599 1682 Elia
1615 1656 1732 1690 dicitttr,
1756 1657 1831 1691 quod

210 1703 350 1725 convertet
360 1705 407 1725 cor
418 1703 525 1733 patrum
538 1699 571 1725 ad
585 1698 665 1731 ﬁlios,
677 1698 797 1730 Gabriel,
814 1699 878 1726 Luc.
895 1706 914 1731 ι,
928 1699 1094 1726 annuntians
1105 1697 1218 1726 Joannis
1233 1699 1449 1734 conceptionem,
1466 1700 1532 1727 dicit
1543 1700 1569 1726 in
1580 1707 1613 1728 eo
1626 1701 1830 1735 complcnduttt.

213 1751 222 1767 ι
242 1741 312 1776 lpsc,
325 1742 422 1777 inquit,
435 1742 566 1777 prtecedct
582 1735 646 1769 ante
659 1743 735 1769 illum
749 1743 775 1769 in
788 1742 883 1777 spiritu
899 1742 1033 1770 etvirtuts
1045 1742 1120 1775 Eliae,
1134 1747 1163 1769 ut
1174 1747 1316 1770 convertat
1333 1743 1415 1770 corda
1430 1749 1538 1778 patrum
1555 1745 1580 1771 in
1593 1744 1672 1771 illios.
1693 1754 1702 1770 ι
1722 1743 1771 1772 llic
1789 1749 1831 1772 est

210 1788 395 1816 Antichristus
406 1787 439 1814 de
450 1794 505 1822 quo
522 1786 590 1814 dixit
604 1787 731 1818 Christus
741 1786 854 1820 Judazis,
866 1786 946 1815 Joan.
963 1795 979 1814 v
997 1796 1004 1814 :
1027 1796 1037 1812 ι
1056 1786 1113 1822 Ego
1126 1787 1186 1814 veni
1200 1788 1311 1815 nomine
1325 1787 1414 1816 Patris
1426 1788 1478 1815 mei
1496 1793 1522 1815 et
1537 1796 1592 1815 non
1609 1789 1691 1824 recipi
1706 1790 1728 1817 is
1738 1797 1795 1822 me;
1806 1791 1829 1818 si

211 1833 282 1860 alius
295 1831 399 1859 venerit
414 1831 524 1858 nomine
541 1839 602 1862 suo,
618 1831 694 1858 illum
712 1831 860 1866 recipietis.
878 1840 888 1857 ι
902 1830 1040 1865 Siquidem
1050 1831 1114 1858 huic
1127 1829 1214 1858 Judaei
1226 1831 1325 1858 tributa
1343 1832 1414 1859 ultro
1424 1832 1567 1864 dederttttt,
1576 1837 1604 1860 et
1624 1833 1689 1860 hinc
1703 1834 1828 1868 estquod

211 1876 249 1904 illi
266 1875 368 1903 nationi
383 1882 522 1910 nunquam
535 1874 586 1902 i'uit
599 1875 726 1902 infestus.
746 1873 779 1902 Et
795 1875 868 1903 sicut
879 1874 1005 1902 Christus
1025 1874 1051 1901 in
1071 1882 1187 1910 persona
1205 1874 1314 1909 quidem
1334 1875 1460 1910 apparuit
1479 1876 1506 1902 in
1522 1876 1578 1903 sola
1601 1876 1744 1904 Palaestina
1758 1897 1765 1908 ,
1781 1877 1829 1905 sed

211 1924 305 1955 postea
316 1927 363 1954 per
378 1926 444 1947 suos
456 1918 607 1954 discipulos
623 1918 759 1953 percurrit
773 1918 906 1946 mundutn
926 1919 1100 1952 universum;
1114 1918 1150 1945 ita
1168 1918 1247 1946 ethic
1271 1919 1299 1945 itt
1315 1919 1372 1946 sola
1389 1918 1485 1946 Sabma
1503 1919 1610 1947 Arabim
1634 1921 1773 1954 provincia
1801 1920 1828 1948 in

210 1971 327 1999 persona
343 1962 482 1998 apparuit,
499 1962 546 1990 sed
559 1970 608 1997 per
620 1963 758 1998 principes
775 1967 857 1990 secta
875 1970 931 1990 suae
950 1969 1081 1997 sequaces
1096 1962 1229 1997 plurintas
1241 1962 1396 1997 provincias
1413 1970 1445 1990 ac
1467 1970 1548 1997 regna
1570 1964 1724 1998 occupavit.
1743 1963 1830 1999 Cujus

211 2012 334 2035 extrema
346 2007 510 2042 persecutio,
523 2006 548 2034 id
565 2011 616 2039 est,
631 2012 797 2042 postremum
818 2014 912 2035 eorum
928 2014 989 2034 cum
1003 2006 1060 2041 Gog
1079 2011 1106 2034 et
1119 2005 1214 2042 Magog
1229 2007 1352 2042 praelium
1369 2007 1451 2034 simul
1472 2015 1534 2034 cum
1556 2008 1718 2042 praecedenti
1742 2008 1776 2035 ad
1804 2009 1829 2036 id

211 2050 421 2087 apparatu,ﬁeri
434 2054 524 2086 potest
537 2054 566 2078 ιιι
579 2051 659 2078 durct
674 2058 720 2086 per
730 2055 784 2078 tres
797 2058 884 2077 attnos
895 2054 922 2077 et
933 2050 1089 2081 dimidium,
1104 2054 1206 2084 quanto
1222 2055 1344 2085 tempore
1359 2050 1543 2077 comtnuniter
1553 2051 1653 2078 dicitur
1668 2051 1828 2078 duraturuttt

214 2098 276 2133 ejus
287 2097 445 2132 imperium,
460 2101 572 2132 propter
588 2096 613 2124 id
627 2096 699 2132 quod
710 2095 810 2124 dicitur
820 2095 887 2123 Dan.
898 2104 947 2128 vlt,
964 2100 1074 2123 sanctos
1086 2095 1233 2123 tradendos
1247 2095 1274 2123 itt
1287 2104 1368 2123 manu
1379 2095 1461 2131 hujus
1477 2096 1569 2124 bestia:
1579 2105 1665 2132 usque
1674 2098 1706 2124 ad
1721 2101 1829 2132 tempus

209 2147 238 2169 et
255 2146 379 2177 tempora
391 2145 419 2168 et
434 2141 579 2168 dimidium
596 2139 747 2175 temporis;
767 2144 793 2167 et
806 2140 869 2174 quia
884 2140 968 2175 Apoc.
984 2147 1009 2166 ιιι
1023 2139 1151 2167 dicuntur
1168 2144 1262 2174 gentes
1276 2140 1422 2167 calcatura:
1435 2137 1574 2168 civitatem
1591 2145 1713 2169 sanctam
1728 2141 1830 2168 mensi-

209 2185 263 2213 bus
276 2179 597 2221 quadraginta-duobus;
613 2188 640 2211 ct
656 2191 715 2219 cap.
734 2191 770 2210 xtl
789 2183 888 2211 dicitur
903 2184 1000 2211 ntulicr
1020 2191 1081 2218 quae
1094 2182 1162 2219 fugit
1179 2187 1333 2219 serpentem
1349 2184 1444 2211 alenda
1458 2191 1473 2211 a
1499 2184 1553 2212 Deo
1568 2184 1594 2211 in
1612 2185 1720 2213 deserto
1733 2185 1829 2213 diebus

211 2232 285 2259 mille
296 2232 421 2260 ducentis
446 2231 598 2266 sexaginta,
616 2234 643 2257 et
654 2230 735 2272 paulo
747 2234 808 2264 post
824 2230 924 2257 dicitur
935 2230 1028 2257 eadem
1044 2231 1080 2258 ibi
1091 2231 1124 2258 ali
1139 2238 1185 2265 per
1195 2236 1300 2266 tempus
1313 2235 1339 2258 et
1352 2235 1474 2266 tempora
1484 2236 1511 2258 et
1525 2231 1669 2258 dintidiunt
1681 2232 1829 2267 temporis;

209 2280 238 2304 et
248 2275 330 2303 etiam
348 2275 410 2310 quia
425 2280 502 2302 tanto
515 2280 636 2308 tetnporc
650 2273 751 2300 dicitur
768 2274 795 2299 itt
811 2273 863 2300 hac.
874 2273 927 2301 vita
942 2273 1102 2308 praedicasse
1116 2274 1254 2302 Christus.
1273 2274 1326 2301 Alii
1339 2279 1428 2302 tamen
1440 2275 1519 2302 aliter
1538 2275 1830 2310 interpretanturtcnt-

209 2327 260 2355 pus
273 2324 300 2346 et
315 2324 437 2354 tempora
451 2323 478 2345 et
492 2318 636 2345 dimidium
652 2316 792 2352 temporis.
809 2315 902 2351 Neque
914 2318 986 2344 cttitn
999 2318 1128 2352 possibile
1142 2319 1312 2353 cssetipsum
1330 2322 1385 2345 tam
1400 2325 1482 2352 parvo
1495 2323 1615 2353 tempore
1635 2318 1760 2347 obtinere
1773 2323 1830 2346 tattt

211 2364 294 2394 multa
311 2370 393 2397 regna
405 2371 437 2390 ac
450 2361 616 2398 prmiucias.
630 2360 695 2388 Post
710 2362 781 2389 hanc
799 2366 889 2388 autem
907 2367 1057 2389 extremam
1072 2364 1289 2398 persecutionem
1305 2363 1443 2399 plenitudo
1452 2365 1571 2400 gentium
1593 2365 1714 2398 intrabit,
1726 2371 1754 2392 et
1765 2370 1830 2393 tunc

210 2411 301 2438 ontnis
316 2409 397 2438 lsrael
413 2408 504 2437 salvus
515 2407 578 2440 erit,
591 2412 620 2435 ut
639 2407 721 2434 habet
741 2407 851 2442 Paulus,
867 2407 946 2450 lium.
966 2417 1004 2436 xi.
1022 2410 1183 2445 Quanquam
1201 2411 1273 2438 enim
1287 2411 1368 2438 etiant
1387 2416 1477 2444 antea,
1493 2412 1662 2440 cessantibus
1679 2413 1830 2441 haeresibus

210 2463 243 2483 ac
259 2453 506 2490 persccutionibus,
522 2452 550 2479 in
564 2451 692 2479 diutttrna
710 2459 776 2486 pace
789 2458 816 2479 et
830 2453 905 2480 cultu
923 2452 969 2480 Dei
987 2453 1114 2487 vixerint,
1130 2462 1191 2489 quae
1206 2455 1288 2482 etiam
1305 2455 1406 2482 dicitur
1424 2456 1591 2483 resurrectio
1617 2457 1703 2492 prima
1719 2466 1726 2485 :
1744 2458 1830 2485 utulto

211 2508 302 2530 tamen
317 2501 415 2536 magis,
434 2504 579 2536 postquam
592 2505 714 2527 extremo
727 2499 773 2526 illo
787 2500 880 2534 praelio
894 2501 1029 2536 redegerit
1046 2501 1178 2528 Dominus
1197 2501 1230 2528 ad
1251 2502 1466 2529 internecionem
1483 2509 1579 2530 omnes
1605 2510 1672 2531 suos
1690 2503 1828 2531 inimicos.

209 2546 318 2580 Quanto
331 2550 421 2572 autem
440 2548 562 2579 tempore
576 2543 708 2570 duratura
726 2543 761 2571 sit
775 2543 833 2571 haec
847 2552 898 2579 pax
913 2549 941 2572 et
956 2545 1092 2572 securitas
1108 2550 1171 2572 ante
1187 2545 1280 2572 mundi
1296 2546 1561 2573 consummationem
1574 2566 1582 2578 ,
1606 2546 1764 2574 hominibus
1787 2547 1829 2575 itt-

207 2598 311 2620 ccrtum
325 2596 376 2625 est,
392 2591 451 2624 sed,
467 2591 537 2619 sicut
550 2591 589 2618 ait
600 2589 738 2624 Christus,
756 2590 851 2618 Matth.
866 2599 930 2619 xstv
944 2600 952 2619 :
969 2600 979 2617 ι
994 2591 1032 2619 De
1047 2591 1091 2618 die
1113 2592 1158 2620 illo
1169 2596 1197 2619 ct
1215 2592 1280 2619 ltora
1298 2599 1377 2619 nemo
1391 2593 1452 2625 scil,
1469 2600 1503 2621 ne
1517 2593 1604 2628 angeli
1619 2594 1728 2628 quidem
1744 2595 1828 2622 cmlo-
1844 2596 1847 2600 '

207 2643 278 2663 rum.
294 2645 304 2662 ι
324 2635 351 2663 ιιι
367 2635 457 2664 solum
473 2639 583 2662 constat
596 2634 668 2670 quod
688 2634 767 2670 longa
783 2635 830 2662 illa
847 2642 914 2670 pace
931 2642 964 2662 ac
981 2636 1140 2667 securitate,
1156 2635 1265 2670 plurimi
1280 2643 1388 2663 rursum
1405 2635 1452 2663 Dei
1472 2636 1575 2664 cultum
1602 2637 1756 2672 relinquent
1778 2647 1784 2665 :
1803 2643 1831 2666 et

207 2687 283 2715 tunc,
299 2686 329 2708 ut
341 2682 380 2709 ait
389 2681 548 2717 Apostolus,
563 2680 574 2708 1
589 2680 686 2709 Thess.
701 2689 736 2709 v:
750 2690 759 2707 ι
772 2681 834 2709 Dies
845 2681 951 2708 Domini
965 2682 1038 2710 sicut
1055 2682 1100 2709 fur
1113 2683 1139 2709 in
1156 2687 1236 2710 nocte
1248 2683 1283 2710 ita
1302 2682 1400 2710 veniet.
1414 2692 1423 2708 ι
1442 2682 1510 2710 Cum
1525 2684 1597 2711 enim
1609 2684 1755 2718 dixerint,»
1773 2685 1829 2713 Pax

206 2729 235 2752 et
251 2729 307 2752 tuta
320 2725 421 2758 omnia,
436 2729 500 2752 tunc
512 2725 671 2760 repentinus
687 2725 726 2763 eis
746 2726 919 2760 superveniet
938 2726 1076 2758 interitus,
1092 2726 1163 2753 sicut
1182 2726 1260 2753 dolor
1271 2731 1365 2761 partus
1384 2727 1491 2755 mulieri
1507 2729 1655 2763 praegnanti
1668 2748 1676 2760 ,
1694 2736 1745 2757 ttec
1760 2729 1829 2756 etfu-

205 2769 297 2804 gient;
320 2778 330 2796 »
348 2770 419 2805 quod
434 2774 462 2798 et
483 2770 612 2797 Chrisuts
631 2769 757 2804 pluribus
777 2769 803 2796 in
832 2769 899 2798 locis
919 2769 996 2802 dixit,
1020 2777 1052 2797 ac
1072 2769 1262 2804 frequentibus
1283 2770 1422 2805 parabolis
1444 2771 1626 2799 adumbravit.
1642 2764 1720 2805 Quod
1736 2778 1827 2800 autem

204 2813 286 2848 vulgo
300 2813 396 2841 dicuttt
421 2813 497 2841 illum
513 2813 546 2841 de
560 2813 633 2841 tribu
647 2812 704 2840 Dan
717 2813 874 2846 oricndutu,
889 2817 999 2848 propter
1008 2813 1035 2841 id
1046 2814 1118 2848 quod
1129 2813 1231 2840 dicitur
1246 2813 1314 2841 Gen.
1328 2822 1389 2841 ttth
1405 2822 1412 2840 :
1428 2825 1437 2840 ι
1455 2814 1514 2842 Fiat
1530 2814 1586 2842 Dan
1603 2816 1715 2844 coluber
1728 2817 1755 2844 in
1772 2817 1827 2849 via,

205 2862 327 2887 cerastes
342 2858 370 2885 in
383 2858 497 2891 semita,
519 2857 648 2886 mordens
664 2857 780 2892 ungulas
794 2857 870 2892 equi,
887 2862 917 2886 ut
928 2857 1008 2886 cadat
1027 2864 1159 2885 ascensor
1178 2857 1239 2893 cjus
1258 2863 1352 2891 retro;
1369 2868 1378 2884 ι
1396 2858 1469 2894 quod
1491 2864 1580 2886 tantcn
1604 2859 1649 2887 alii
1661 2859 1827 2895 probabilius
