2093 3159
227 223 277 255 501

755 223 950 254 COMMENT.
972 223 1012 253 IN
1031 222 1300 254 APOCALYPSIN.

1794 227 1847 258 50?.

227 279 305 310 Τίνος
319 278 373 312 γὰρ
387 275 457 313 ἦσαν
480 277 505 304 οε
522 277 596 312 ἅγιοι
616 276 723 308 δοῦλοι,
747 277 772 303 ει
797 276 835 312 μὴ
858 276 905 302 τοῦ
925 275 1010 308 Θεοῦ;

1065 276 1147 311 Cujus
1164 284 1282 311 namque
1298 277 1371 304 servi
1386 281 1448 305 sunt
1462 277 1559 310 sanati,
1574 277 1627 306 nisi
1641 278 1707 307 Dei?
1721 279 1754 307 ad
1769 289 1850 315 quem

227 324 295 359 πρὸς
309 324 338 351 ὃν
353 324 401 351 καὶ
415 324 533 358 εἴρηται,
549 324 590 350 ὅτι
607 332 617 349 ι
632 323 673 350 Τὰ
684 323 830 357 σύμπαντα
844 322 926 348 δοῦλα
939 321 982 348 σά.
999 331 1009 346 ι

231 370 403 404 Ἐπενεγκὼν
419 369 458 402 δὲ,
474 369 504 395 τὸ
515 369 565 405 τὴν
582 368 776 403 μυσταγωγίαν
793 369 822 395 οὺ
836 368 881 394 τὸν
895 367 1013 402 Χριστὸν

226 415 388 449 αὐτόχρημα
403 414 478 448 αὐτῷ
495 413 669 449 καταπρᾶξαι
681 434 689 445 ,
708 414 731 440 εί
752 414 788 449 μὴ
802 413 846 440 διὰ
867 412 913 439 τοῦ
929 411 1012 446 ἀγγέ-

225 460 272 486 λου
289 459 383 490 αὑτοῦ.
397 461 427 487 τὸ
440 460 586 494 φιλάληθες
603 460 649 486 τοῦ
664 460 713 494 τὴν
741 459 924 494 Ἀποκάλυψιν
941 459 1014 494 εἱλη-

227 507 306 540 φότος
326 506 474 538 ὑπέδειξεν.
498 506 681 540 Ἀποχάλυψις
695 506 724 532 δέ
750 506 824 532 ἐστιν
843 506 860 540 ή
875 506 930 531 τῶν
947 513 1014 540 κρυ-

227 552 302 578 πτῶν
319 552 475 587 μυστηρίων
489 552 616 586 δήλωσις,
633 552 874 587 καταυγαζομένου
887 551 935 578 τοῦ
952 552 1014 586 ἠγε-

228 597 340 632 μονικοῦ
355 598 406 633 τῆς
419 597 523 632 ψυχῆς,
541 597 595 624 εἴτε
611 598 654 625 διὰ
675 598 754 624 θείων
776 598 935 632 ὀνειράτων,
958 597 1013 624 εἴτε

227 643 355 678 καθύπαρ
369 644 402 670 ἐκ
417 643 492 675 θείας
509 634 678 678 mappam}
692 642 808 677 Δοθῆναι
821 643 850 669 δὲ
862 642 912 678 τὴν
935 643 1015 669 Ἀπο-

227 690 344 724 κάλυψιν
363 690 465 724 ταύτην
491 690 583 725 φησὶν,
607 690 850 725 ἀνθρωπινώτερον
882 689 1014 724 διαχειρι-

227 736 350 770 ζόμενος,
368 735 413 762 τὸν
436 735 513 769 λόγον
532 736 547 762 ό
564 736 635 767 θεῖος
660 731 736 766 οὗτος
759 734 938 766 Ἀπόστολος,
955 734 1013 761 ἀλλ’

226 781 275 816 οὐχ
287 781 326 812 ὡς
345 782 375 807 ἐν
391 780 430 816 τῷ
447 780 606 816 Εὐαγγελίῳ
621 780 669 807 καὶ
689 781 721 815 τῇ
744 780 887 815 Ἐπιστολῇ
907 779 991 806 αὑτοῦ
1005 799 1013 811 ,

227 827 281 853 ἀπὸ
298 827 353 853 τῶν
376 826 520 862 θειοτέρων
535 826 582 852 τοῦ
599 826 718 862 Χριστοῦ
738 826 838 861 μᾶλλον
854 825 1014 860 ποιούμενος

226 872 272 898 τδν
289 872 368 906 λόγον
389 872 437 899 καὶ
459 872 635 907 ἐνδιατρίϐων
657 871 760 904 αὐτοῖς,
785 871 856 898 οὕτω
882 872 928 898 καὶ
953 871 1012 903 νῦν,

226 917 285 943 ἀλλ’
297 917 350 943 ἀπὸ
363 917 415 944 τῶν
430 917 641 953 ταπεινοτέρων,
656 917 694 948 ὡς
711 917 744 944 ἂν
758 917 882 952 ὑποφήνῃ
899 916 993 951 σαφῶς
1004 936 1012 947 ,

225 961 263 993 ὠς
281 962 382 997 Ἄμφω
397 961 432 988 τὰ
445 951 659 997 θειότερα-λέγω
677 961 724 988 καὶ
738 962 772 988 τὰ
788 951 956 997 ἀνθρώπινα,
974 961 1012 996 τῷ
1030 951 1050 978 Β

226 1007 266 1033 ἐνὶ
281 1007 328 1034 καὶ
340 1007 379 1042 τῷ
395 1007 469 1043 αὐτῷ
482 1007 654 1042 ὲνθεωρεῖται
667 1007 778 1042 Χριστῷ
792 1007 1011 1042 μεταπρέποντα.

226 1053 276 1079 Διὰ
290 1053 344 1088 γὰρ
356 1053 402 1079 τοῦ
415 1052 602 1084 διακονοῦντος
617 1052 744 1087 ἀγγέλου,
758 1053 805 1080 καὶ
822 1053 867 1080 τοῦ
881 1053 1013 1086 ὀνόματος

225 1098 279 1124 τῶν
288 1098 491 1134 μανθανόντων,
508 1099 549 1125 ὅτι
571 1097 678 1130 δοῦλοι,
691 1097 722 1124 τὸ
737 1098 786 1133 τῆς
801 1097 928 1134 θεότητος
944 1100 1013 1135 Χρι-

227 1143 290 1170 στοῦ
307 1144 433 1178 ἐμφαίνει
452 1143 580 1178 μέγεθος,
601 1143 669 1170 καθὸ
688 1143 735 1170 καὶ
749 1144 867 1179 εἴρηται,
887 1145 928 1171 ὃτι
946 1154 956 1171 ι
972 1145 1013 1172 Τὰ

226 1188 373 1223 σύμπαντα
385 1188 468 1215 δοῦλα
484 1188 528 1215 σά.
549 1197 558 1214 ι
577 1188 633 1224 Τὴν
654 1188 767 1215 ἔκϐασιν
782 1188 810 1216 δὲ
826 1189 880 1216 τῶν
903 1198 1013 1225 χρημα-

225 1236 375 1270 τιζομένων
390 1236 418 1262 ἐν
434 1235 512 1270 τάχει
536 1235 707 1271 ὑπισχνεῖται
730 1236 884 1271 προϐῆναι,
903 1236 953 1272 οὐχ
975 1236 1013 1268 ὼς

226 1281 330 1316 ἔτυχεν,
347 1281 415 1308 ἀλλὰ
428 1281 614 1316 παραμετρῶν
629 1281 662 1308 τὰ
677 1280 834 1317 ἀνθρώπινα
848 1282 904 1313 τοῖς
919 1280 1016 1314 θείοις,

225 1324 266 1358 οἷς
282 1327 329 1353 καὶ
341 1327 376 1354 τὰ
390 1327 572 1362 πολυχρονίως
593 1327 641 1353 καὶ
662 1326 804 1362 χιλιοστῶς
819 1327 1012 1363 ἐκτελούμενα,

229 1381 240 1398 ι
257 1371 295 1404 ὡς
307 1373 326 1407 ἡ
339 1371 402 1407 χθὲς
415 1372 517 1407 ἡμέρα,
531 1372 579 1398 καὶ
597 1372 613 1407 ἡ
637 1372 665 1399 ἐν
680 1372 757 1399 νυκτὶ
774 1371 882 1408 φυλακὴ
897 1382 906 1398 ι
924 1373 1013 1408 κρίνε-

225 1426 281 1444 ται.
297 1418 333 1444 “ιι
344 1418 391 1444 καὶ
403 1418 607 1454 φιλοτιμότερον
625 1417 787 1455 προσσαλείν
800 1418 905 1454 τῷ,Ὲν
920 1419 1019 1454 τάχει,

225 1462 273 1490 τοῦ
289 1463 480 1499 ἀνυπερθέτως
499 1463 686 1499 παριστῶντός
700 1464 758 1490 ἐστι
773 1463 822 1499 τὴν
838 1463 950 1490 ἔκϐασιν
967 1464 1015 1498 λήο

225 1509 324 1544 ψεσθαι
339 1510 374 1536 τὰ
398 1509 562 1544 δηλούμενα,
587 1509 670 1545 μηδὲν
685 1509 735 1544 τῆς
759 1510 940 1545 παρατάσεως
955 1510 1014 1542 οἵας

226 1563 256 1581 τε
273 1554 356 1589 οὔσης
377 1555 406 1581 τὸ
421 1554 631 1590 συντελεσθῆναι
647 1554 830 1590 λυμήνασθαι,
852 1555 890 1585 ῶς
909 1555 969 1582 οὐδὲ
984 1555 1014 1582 τὸ

227 1600 346 1635 σήμερον
362 1600 409 1626 τοῦ
425 1599 504 1635 ἐχθὲς
519 1600 764 1636 παρατεινομένου,
778 1601 825 1627 ἐὰν
841 1600 878 1636 μὴ
893 1601 933 1632 είς
945 1601 1013 1636 ὅπερ
1027 1625 1050 1656 C

227 1646 340 1682 ἀφῖχθαι
353 1647 534 1681 ἀποκείμενον
549 1646 686 1682 εὐκαίρως
702 1647 777 1682 παρῇ
796 1647 932 1682 μηδεμιᾶς
946 1647 1013 1673 ὐπο-

226 1692 375 1727 λιπομένης
387 1692 424 1728 τῷ
435 1693 578 1728 πράγματι
593 1692 758 1728 βραδυτῆτος
772 1692 841 1728 πρὸς
852 1693 1014 1729 καταδηχὴν,

227 1738 527 1774 ἀποδιαπομτιήσασθαι
539 1738 686 1774 εὐπρεπές.
701 1740 739 1764 Δι’
753 1739 869 1773 ἀγγέλου
885 1739 912 1765 δὲ
926 1740 940 1765 ό
953 1747 1015 1775 χρη-

229 1783 363 1819 ματισμὸς
377 1784 416 1818 τῷ
426 1784 511 1818 δούλῳ
524 1784 619 1816 αὑτοῦ,
633 1784 661 1816 ὃς
674 1784 765 1816 δοῦλος
781 1784 956 1820 ἐμαρτύρησε
968 1785 1015 1812 τὸν

227 1829 306 1864 λόγον
332 1829 379 1856 τοῦ
401 1830 469 1856 Θεοῦ
497 1830 544 1857 καὶ
569 1830 619 1865 τὴν
642 1830 794 1865 μαρτυρίαν
815 1830 909 1862 αὑτοῦ,
936 1831 1012 1866 φησί.

228 1875 322 1909 Τούτῳ
332 1875 370 1910 τῷ
386 1876 505 1910 σχήματι
520 1876 569 1910 τὴν
580 1875 771 1908 διδασκαλικὴν
789 1875 870 1902 αὑτοῦ
886 1875 1015 1910 ἀλήθειαν

230 1920 373 1952 συνιστῶν,
387 1920 434 1946 καὶ
445 1921 474 1946 ἐν
491 1920 665 1954 Εὑαγγελίοις
679 1920 814 1956 ἐχρήσατο
830 1919 923 1946 εἰπών·
943 1930 951 1947 ι
967 1918 1016 1947 Οὗ-

228 1966 273 1997 τός
289 1967 363 1993 ἐστιν
380 1967 394 1992 ὁ
412 1966 534 2002 μαθητὴς
549 1967 563 1992 ὁ
589 1966 735 2002 μαρτυρῶν
758 1967 822 2002 περὶ
845 1966 941 1993 τούτου
969 1966 1016 1994 καὶ

229 2012 338 2047 γράψας
364 2012 464 2043 ταῦτα.
492 2013 540 2038 καὶ
567 2012 678 2047 οἴδαμεν
709 2012 750 2038 ὃτι
780 2011 882 2047 ἀληθής
911 2013 1015 2047 ἐστινὴ

231 2056 368 2093 μαρτυρία
384 2057 477 2084 αὐτοῦ.
495 2066 505 2083 ι
530 2057 572 2089 Ὧς
587 2054 633 2084 οὖν
652 2057 681 2083 ὲν
696 2057 804 2092 ἐκείνῳ,
820 2056 891 2083 οὕτω
907 2056 954 2083 καὶ
970 2056 1016 2083 νῦν

230 2111 322 2137 φησιν,
334 2103 376 2128 ὅτι
391 2102 497 2138 μάρτυς
511 2102 570 2129 ἐστὶ
594 2102 639 2128 τοῦ
660 2101 789 2136 ὀφθέντος
806 2100 881 2137 αὐτῷ
904 2101 948 2128 διὰ
967 2102 1016 2137 τῆς

235 2147 445 2183 ’Δποιαλύψεως
458 2147 508 2182 τῆς
524 2147 647 2181 δοθείσης
658 2147 733 2183 αὐτῷ
746 2147 822 2182 παρὰ
836 2147 883 2174 τοῦ
897 2146 1016 2183 Χριστοῦ

231 2194 400 2230 μαρτυρίας·
419 2194 584 2230 μαρτυρίας,
600 2193 697 2227 λέγων,
721 2194 802 2220 οἱονεὶ
816 2193 1018 2229 διαμαρτυρίας

228 2241 275 2267 τοῦ
286 2239 524 2276 διαμαρτύρασθαι
537 2240 658 2275 δηλονότι
673 2239 740 2274 πρὸς
754 2239 801 2271 οὓς
815 2240 828 2266 ὁ
839 2239 916 2274 λόγος
930 2239 1016 2274 αὐτῷ,

1063 322 1144 349 etiam
1157 322 1258 349 dictum
1273 327 1331 350 est:
1345 332 1356 348 ι
1370 321 1501 356 Quoniam
1515 324 1606 352 omnia
1617 325 1739 353 serviunt
1749 326 1807 354 tibi.
1822 328 1849 354 ἰ

1065 367 1239 403 Suhjungens
1266 372 1356 396 autent
1394 369 1466 403 quod
1490 369 1617 397 Christus
1649 379 1755 398 sacrant
1780 371 1851 400 hanc

1064 413 1218 440 doctrinam
1233 421 1288 441 non
1305 415 1415 449 proprio
1427 415 1540 442 oraculo
1551 415 1585 443 ad
1597 416 1687 451 ipsum
1697 417 1849 449 pertulerit,

1064 458 1111 485 sed
1129 462 1233 486 tantum
1251 467 1298 492 per
1320 459 1445 493 angelum
1465 468 1557 491 suum.
1582 468 1702 488 amorem
1727 461 1851 489 veritatis

1065 504 1198 531 indicavit
1226 504 1252 531 in
1278 512 1311 531 eo
1334 505 1380 538 qui
1405 504 1595 540 Apocalypsin:
1618 512 1771 541 acceperat.
1801 507 1849 534 Est

1066 555 1156 577 autem
1186 550 1364 585 Apocalypsis
1389 555 1556 577 secretorum
1577 552 1768 586 mysteriorum
1793 559 1851 580 ma-

1066 595 1205 623 nifestatio
1223 604 1230 622 :
1248 595 1385 622 illustrata
1401 595 1486 622 animi
1503 600 1604 627 mente.
1621 597 1679 624 sive
1695 605 1742 632 per
1755 597 1847 624 divina

1065 641 1182 672 somnia,
1196 641 1252 668 sive
1264 647 1296 668 ex
1306 640 1397 668 divina
1406 641 1580 677 evidentique
1592 641 1759 678 aﬂ‘ulgcntia.
1775 643 1851 671 Hanc

1065 694 1128 713 vere
1149 686 1337 721 Apocalypsim
1353 687 1442 714 datam
1459 694 1522 714 esse
1536 687 1613 721 dicit,
1626 688 1713 724 magis
1731 688 1854 716 humano

1065 739 1142 759 more
1157 739 1309 759 sermonem
1324 732 1473 767 disponens
1493 732 1604 760 divinus
1619 732 1663 760 hic
1681 734 1822 767 apostolus
1842 743 1852 760 τ

1064 783 1091 806 et
1100 786 1153 805 non
1164 778 1395 813 quemadmodum
1407 778 1434 805 in
1445 777 1592 812 Evangelia
1605 783 1631 806 et
1643 778 1766 814 Epistula
1789 787 1850 810 sua.

1065 832 1080 852 ιι
1097 824 1282 852 divinioribus
1300 823 1391 858 ponus
1413 831 1474 859 quae
1491 824 1518 851 in
1533 823 1644 852 Christo
1657 828 1722 852 sunt
1746 832 1853 852 sermo-

1066 877 1127 897 nem
1148 869 1215 896 texit
1228 874 1254 897 et
1271 870 1297 896 in
1313 869 1353 896 eis
1367 874 1500 901 versatur.
1518 870 1554 897 ita
1569 875 1596 897 et
1610 870 1742 902 nunc,sed
1754 871 1787 896 ah
1802 869 1852 896 hu-

1066 915 1217 942 milioribus
1234 924 1241 942 :
1256 920 1381 950 tanquam
1400 921 1493 950 aperte
1509 915 1676 950 significaret
1687 916 1758 951 quod
1774 920 1850 942 utru-

1064 968 1127 994 qne,
1143 961 1246 992 divina,
1261 960 1382 995 inquam,
1398 965 1426 987 et
1439 960 1569 993 humana,
1589 961 1615 988 in
1632 968 1686 988 uno
1701 962 1851 995 eodemque

1065 1005 1174 1033 Christo
1199 1005 1393 1033 convenienter
1414 1005 1627 1040 perspiciuntur.
1648 1005 1787 1040 Siquidem
1802 1013 1854 1040 per

1065 1050 1262 1078 ministrantem
1279 1051 1413 1085 angelum,
1426 1055 1454 1078 et
1471 1059 1569 1078 nomen
1583 1058 1677 1078 eorum
1690 1052 1735 1086 qui
1749 1051 1850 1078 docen-

1065 1101 1118 1129 tur,
1135 1104 1230 1131 nempe
1247 1096 1319 1131 quod
1332 1097 1402 1124 servi
1418 1097 1481 1130 sint,
1507 1096 1676 1131 maiestatem
1699 1097 1850 1124 divinitatis

1064 1144 1166 1172 Christi
1184 1144 1344 1172 manifestat
1359 1153 1369 1171 ί
1383 1145 1462 1179 juxta
1478 1144 1504 1171 id
1525 1145 1598 1179 quod
1612 1144 1696 1171 etiam
1716 1144 1848 1178 scripturn

1063 1195 1116 1222 est,
1137 1200 1147 1216 ι
1165 1190 1297 1224 Quoniam
1314 1190 1404 1217 omnia
1419 1190 1541 1217 serviunt
1557 1190 1615 1218 tibi.
1637 1199 1647 1216 ›
1669 1189 1755 1217 Porro
1767 1198 1849 1217 even-

1064 1241 1120 1264 tum
1132 1243 1227 1264 eorum
1242 1243 1303 1270 quae
1320 1239 1474 1263 tractantur
1490 1235 1565 1263 brevi
1577 1234 1719 1270 pollicetur
1732 1240 1849 1263 eventu-

1064 1288 1123 1308 rum
1145 1290 1152 1309 :
1170 1288 1224 1308 non
1239 1280 1342 1316 vulgari
1362 1281 1453 1313 modo,
1471 1281 1519 1309 sed
1538 1282 1655 1311 moliens
1675 1284 1792 1310 humana
1809 1282 1851 1309 di-

1063 1327 1134 1355 vinis
1154 1336 1161 1354 :
1178 1334 1294 1362 quorum
1310 1326 1456 1354 collatione
1471 1327 1552 1354 etiam
1571 1334 1603 1355 ea
1615 1335 1677 1363 quae
1691 1327 1850 1363 longissimo

1064 1378 1184 1407 tempore
1207 1377 1233 1400 ct
1249 1376 1311 1407 post
1330 1373 1433 1400 multos
1450 1380 1585 1400 annorum
1603 1373 1770 1401 millenarios
1783 1380 1847 1400 eve-

1065 1419 1304 1453 niunt,ttanqnam
1320 1418 1378 1445 dies
1393 1418 1519 1446 hesterna
1534 1422 1561 1445 et
1573 1421 1703 1445 nocturna
1718 1417 1809 1452 vigilia
1819 1418 1845 1444 ³»

1064 1468 1233 1497 reputantur.
1252 1463 1307 1491 Aut
1329 1463 1410 1491 etiam
1437 1463 1572 1491 curiosius
1584 1467 1611 1491 et
1632 1463 1764 1496 exactius,
1775 1463 1850 1498 quod

1063 1509 1155 1542 addat.
1171 1509 1241 1542 Cito,
1256 1509 1434 1537 infallihiliter
1448 1510 1660 1538 demonstrantis
1672 1514 1714 1538 est
1728 1510 1800 1545 quod
1815 1517 1848 1537 ca

1064 1562 1125 1590 qua:
1153 1554 1362 1582 nianirestautur
1390 1555 1445 1582 sint
1467 1558 1592 1582 eventum
1619 1554 1761 1585 sortilura,
1779 1553 1851 1581 sicut

1065 1601 1130 1628 nihil
1146 1600 1424 1635 impedimentipossit
1440 1599 1537 1627 aﬂ‘erre
1550 1599 1642 1627 dilatio
1655 1599 1721 1634 quin
1734 1599 1851 1634 comple-

1065 1651 1157 1675 antur.
1170 1647 1402 1680 Quemadmodum
1415 1654 1501 1682 neque
1511 1646 1631 1673 hesterni
1645 1646 1699 1673 diei
1712 1646 1851 1681 protensio

1066 1693 1197 1728 impedire
1212 1698 1300 1728 potest
1313 1693 1486 1724 hodiernum,
1503 1692 1556 1719 nisi
1569 1692 1642 1728 quod
1658 1695 1784 1727 oporteat
1795 1691 1851 1719 dli-

1066 1734 1130 1767 ferri
1149 1740 1236 1766 donec
1245 1743 1397 1774 opportune
1409 1737 1491 1770 adsit,
1505 1738 1577 1772 quod
1594 1738 1620 1765 in
1633 1737 1684 1765 hoc
1698 1737 1847 1772 repositum

1065 1790 1107 1812 est
1124 1789 1153 1812 ut
1168 1785 1317 1820 contingat,
1333 1784 1407 1811 nulla
1416 1784 1479 1811 huic
1495 1783 1534 1811 rei
1546 1791 1622 1810 mora
1631 1782 1725 1810 relicta
1739 1783 1772 1810 ad
1785 1791 1849 1810 suc-

1066 1831 1227 1858 cessionem.
1243 1830 1324 1866 647
1339 1830 1390 1857 Per
1405 1829 1530 1865 angelum
1542 1834 1631 1857 autem
1646 1829 1676 1856 tit
1689 1829 1848 1865 vaticinium

1067 1884 1146 1904 servo
1162 1876 1258 1911 ipsius,
1268 1878 1315 1911 qui
1328 1883 1423 1903 servus
1437 1875 1624 1903 testimonium
1637 1875 1777 1909 perhibuit
1790 1881 1850 1902 ser-

1066 1922 1141 1950 moni
1160 1922 1206 1950 Dei
1220 1927 1246 1949 et
1257 1922 1376 1950 sermoni
1391 1929 1452 1954 suo,
1470 1921 1570 1957 inquit.
1583 1921 1639 1949 lloc
1652 1921 1759 1949 dicendi
1773 1924 1852 1955 tropo

1066 1975 1121 2002 quo
1130 1975 1207 1995 suam
1219 1968 1360 1995 veritatem
1369 1967 1492 2001 docendo
1509 1971 1599 2002 aptam
1612 1967 1729 1994 ostendit
1740 1970 1766 1993 et
1778 1974 1853 1994 com-

1068 2013 1278 2045 mendat,etiam
1293 2013 1322 2040 in
1338 2012 1493 2047 Evangeliis
1507 2019 1573 2039 usus
1587 2011 1744 2044 est,dicens
1757 2020 1764 2038 :
1780 2020 1789 2036 ι
1803 2010 1853 2038 llic

1067 2064 1108 2087 est
1125 2059 1260 2093 dicipulns
1277 2058 1322 2086 ille
1337 2058 1383 2093 qui
1408 2057 1596 2085 testimonium
1614 2057 1739 2092 perhibet
1755 2057 1788 2083 de
1809 2056 1852 2084 his

1067 2109 1094 2131 et
1109 2103 1218 2138 scripsit
1233 2103 1300 2135 haec,
1317 2107 1342 2130 et
1358 2102 1460 2130 scimus
1476 2101 1547 2137 quod
1565 2109 1659 2129 verum
1675 2106 1717 2128 est
1730 2100 1853 2128 testimo-

1067 2150 1142 2177 nium
1163 2149 1247 2184 ejus.‘
1266 2158 1275 2174 ι
1295 2148 1372 2176 Sicut
1391 2155 1456 2184 ergo
1471 2148 1498 2175 in
1517 2155 1550 2174 eo
1575 2147 1656 2178 libro,
1674 2146 1712 2173 ita
1727 2151 1754 2174 ct
1780 2153 1854 2172 nunc

1067 2195 1133 2223 dicit
1154 2195 1226 2230 quod
1241 2194 1317 2221 testis
1343 2194 1378 2222 sit
1392 2193 1452 2229 ejus
1470 2193 1542 2229 quod
1562 2193 1614 2221 sibi
1632 2193 1849 2220 demonstratum

1067 2244 1119 2271 est.
1135 2244 1245 2275 propter
1260 2239 1415 2267 testimonia
1439 2239 1509 2267 data:
1529 2239 1580 2267 sibi
1597 2246 1612 2266 a
1625 2238 1735 2266 Christo
1754 2244 1852 2272 apoca-

229 2286 269 2316 εἰς
291 2285 446 2317 ἐξαθώωσιν
471 2284 578 2316 ἑαυτοῦ,
603 2284 731 2319 μάρτυρα
755 2281 826 2310 εἶναι
850 2284 946 2311 ἑαυτὸν
967 2284 1016 2310 τοῦ

1071 2285 1166 2321 lypsis,
1178 2285 1333 2312 testimonia
1348 2285 1442 2313 dicens
1453 2285 1536 2313 veluti
1550 2284 1759 2320 protestationes
1774 2290 1855 2319 quas-

229 2329 357 2363 ὀφθέντος
378 2329 452 2364 αὐτῷ
469 2329 542 2356 θείου
558 2329 638 2363 λόγου
656 2328 701 2355 διὰ
717 2328 767 2364 τῆς
794 2328 1014 2364 Ἀποκαλύψεως.

230 2376 296 2402 Τίνα
311 2375 339 2402 δὲ
354 2375 593 2411 διαμαρτύρασθαι
609 2375 656 2402 καὶ
676 2375 794 2411 κηρύξαι
806 2376 846 2407 εἰς
861 2375 1016 2407 ἐξαθώωσιν

231 2423 327 2449 ἑαυτοῦ
341 2431 349 2455 ;
362 2423 403 2450 Τά
411 2432 439 2449 τε
451 2423 526 2454 ὄντα,
540 2422 575 2449 τά
585 2430 615 2448 τε
630 2422 759 2457 ἐσόμενα,
775 2421 793 2449 ἃ.
808 2421 853 2448 καὶ
871 2430 1015 2456 παραστα-

229 2468 304 2500 τικὰ,
327 2468 545 2503 ἆτε”προφήτου,
568 2467 615 2494 τοῦ
636 2476 665 2494 τε
682 2467 830 2499 ἐνεστῶτος
853 2467 950 2503 χρόνου
968 2467 1016 2494 καὶ

229 2513 276 2540 τοῦ
297 2513 449 2548 μελλόντος.

1070 2332 1143 2365 dam,
1164 2332 1339 2366 protestaudo
1361 2332 1487 2360 videlicet
1510 2332 1640 2360 adversus
1658 2331 1719 2358 illos
1755 2330 1854 2365 quibus

1069 2378 1120 2414 ipsi
1133 2386 1223 2406 sermo
1237 2382 1305 2410 erat,
1319 2382 1348 2406 ut
1367 2386 1428 2406 sese
1446 2386 1462 2406 a
1480 2382 1591 2414 peccato
1606 2376 1853 2405 iucontaminatum

1069 2423 1204 2457 redderet,
1221 2424 1294 2458 quod
1311 2424 1388 2451 testis
1402 2429 1460 2451 erat
1485 2423 1570 2451 divini
1594 2423 1730 2450 sermonis
1745 2429 1794 2457 per
1812 2428 1855 2448 re-

1068 2469 1231 2496 velationem
1245 2469 1297 2497 sibi
1314 2469 1502 2498 demonstrati.
1523 2469 1656 2503 Qnrenam
1674 2473 1767 2496 autem
1785 2475 1852 2502 pro-

1069 2515 1161 2542 testari
1177 2522 1208 2543 nc
1227 2515 1375 2551 praedicare
1389 2516 1519 2551 oportuit.
1531 2520 1558 2543 ιιι
1576 2523 1636 2544 sese
1651 2523 1665 2542 a
1684 2516 1795 2549 peccato
1815 2513 1856 2539 in-

230 2558 445 2585 contaminatum
463 2559 603 2595 redderet?
615 2559 648 2586 Et
663 2567 724 2595 qua:
737 2558 881 2594 praesentia
900 2562 979 2586 erant
995 2563 1022 2586 et
1041 2567 1102 2594 quae
1124 2558 1234 2588 futura:
1255 2568 1316 2597 quin
1353 2561 1436 2589 etiam
1454 2565 1586 2596 tanquam
1604 2559 1744 2596 propheta:
1769 2557 1853 2586 dicta,

230 2609 337 2638 tempus
353 2611 472 2640 prmsens
486 2613 518 2632 ac
533 2605 653 2632 futurum
670 2605 863 2633 manifestant:

265 2651 344 2678 Ὀσα
360 2659 391 2678 τε
403 2649 493 2678 εἶδεν.
512 2651 557 2678 Ἐν
570 2652 656 2687 ἑτέρῳ
684 2652 844 2687 ἀντιγράφω
860 2651 1021 2687 πρόσκειται

229 2697 278 2723 καὶ
301 2697 396 2723 ταῦτα·
412 2697 462 2724 καὶ
477 2696 536 2724 ὅσα
550 2697 681 2731 ἤκουσε,
701 2697 750 2724 καί
780 2697 868 2725 ἅτινα
883 2697 954 2730 εἱσι,
971 2696 1021 2724 καὶ

230 2742 317 2770 ἅτινα
347 2742 395 2769 δεῖ
407 2743 547 2777 γενέσθαι
559 2742 634 2777 μετὰ
650 2743 755 2770 ταῦτα.
780 2743 808 2769 '0
825 2743 942 2778 Χριστός
960 2750 1019 2778 μοι,

231 2788 325 2822 φησὶν,
355 2788 529 2824 ἐφανέρωσεν
558 2788 595 2820 ὡς
629 2788 762 2823 δεσπότης
787 2787 826 2823 τῷ
859 2787 945 2823 δούλῳ
969 2788 1018 2814 αὒ-

229 2834 289 2866 -ιοῠ,
307 2834 349 2869 ἐφ’
368 2831 390 2869 ᾧ
409 2835 454 2862 διὰ
467 2834 522 2862 τῶν
540 2834 695 2870 ὁραθέντων
712 2833 951 2870 διαμαρτύρασθαι
973 2833 1019 2860 καὶ

281 2923 292 2939 ⁹
310 2922 382 2951 Psal.
400 2932 490 2955 cxvni,
508 2924 552 2952 οι.

1105 2648 1308 2685 Ειξᾳιιεειιηιμκ
1321 2649 1396 2677 uidit.
1409 2649 1438 2677 In
1447 2649 1502 2677 alio
1509 2648 1657 2684 exemplari
1670 2647 1810 2675 adduntur
1828 2653 1856 2676 ct

1068 2696 1138 2728 hazc,
1144 2695 1178 2722 Et
1189 2703 1350 2731 quacunque
1358 2695 1469 2728 audivit,
1476 2699 1501 2722 et
1510 2702 1568 2730 qua:
1574 2699 1648 2727 sunt,
1654 2699 1679 2721 et
1688 2701 1746 2729 quia
1753 2697 1855 2728 oportet

1068 2741 1127 2775 ﬁeri
1140 2740 1263 2775 post/tax.
1273 2740 1408 2772 Christus,
1418 2739 1517 2775 inquit,
1528 2738 1594 2765 mihi
1602 2737 1783 2765 manil‘estavit
1795 2741 1856 2764 tan-

1069 2794 1149 2822 quam
1160 2786 1289 2814 Dominus
1296 2793 1376 2814 servo
1384 2793 1434 2814 suo
1443 2789 1484 2812 :ut
1492 2793 1541 2821 per
1548 2793 1579 2813 ea
1588 2792 1648 2820 quae
1656 2784 1714 2812 visa
1722 2787 1856 2819 suntpro-

1069 2836 1185 2860 tcstarer
1191 2840 1223 2860 ac
1230 2832 1418 2869 praedicarem,
1429 2831 1462 2860 ad
1471 2830 1675 2860 conversiOncm
1682 2829 1838 2858 auditorum
1846 2837 1859 2858 ε

604 2925 614 2940 ³
630 2923 702 2952 Ρειιί.
724 2931 836 2955 Lxxxtx.
854 2923 876 2951 ί.
914 2923 925 2939 ⁵
943 2922 1039 2951 Ιιιιιιιιι.
1055 2931 1111 2956 ut,
1126 2922 1172 2952 τι.
