2093 3159
230 223 282 254 50')

229 283 257 304 rt
269 285 329 312 qum
342 277 551 312 suntlatentqne
566 277 700 308 homines,
716 282 744 303 ct
758 284 818 311 qua:
833 277 924 304 futura
937 282 1020 304 sunt:
1038 280 1058 307 Α

232 327 347 358 utraque
363 322 436 349 enim
451 321 612 356 prophetico
630 321 699 348 vidit
714 331 720 348 :
735 322 819 349 veluti
834 330 866 348 ex
883 329 916 348 eo
933 322 1021 348 mani-

232 368 331 395 festum
341 373 383 394 est
397 367 468 401 quod
483 367 561 397 dixit,
573 365 638 399 Quae
648 372 709 394 sunt
722 372 749 394 et
762 375 822 402 qua:
833 372 938 402 oportet
952 367 1020 394 fieri.

231 414 297 440 Nam
315 414 372 440 haec
383 413 598 440 demonstrativa
612 418 676 440 sunt
693 420 774 448 tempt
787 414 824 441 ris
836 415 977 449 przeseutis
991 422 1022 441 ac

231 460 326 490 futuri.
343 458 414 486 circa
429 466 490 494 quae
498 460 799 495 etiamestapprohalio
813 461 1020 496 prophetarum.

268 591 367 619 Beatus
387 593 431 627 qui
450 592 512 626 legit
527 597 551 618 et
564 593 609 627 qui
620 592 733 619 audiunt
748 593 978 627 verbapropheliaz
997 599 1021 620 et

230 642 334 664 servant
356 645 387 664 ea
406 646 465 671 qua:
478 638 504 664 in
528 638 585 672 ipsa
601 639 702 672 scripta
724 643 796 665 sunt.
819 638 930 673 Tempus
953 640 1020 666 enim

230 692 310 717 prope
321 689 370 710 est.

261 729 412 757 Prudenter
437 730 583 756 admodum
605 730 698 757 beatos
723 731 871 764 praedicat,
896 739 948 758 non
975 732 1021 766 qui

232 775 320 803 solum
339 775 449 810 legunt:
471 775 606 808 siquidem
638 775 714 802 multi
740 775 775 802 ita
799 776 887 803 forent
900 777 968 803 beati
984 778 1021 804 le-

232 821 340 855 uendo:
358 821 404 848 scd
423 821 468 855 qui
485 821 565 848 etiam
587 821 712 853 audiunt,
726 821 828 849 ellicaci
857 822 982 849 videlicet
997 828 1023 850 et

232 868 372 902 operativo
389 868 502 894 auditu:
519 867 620 902 quibus
640 867 722 894 etiam
752 867 883 895 Dominus
907 873 1022 895 testatus

231 918 274 940 est
293 922 355 940 rere
368 921 430 941 esse
445 913 580 946 auditum,
596 921 658 940 cum
677 913 719 939 his
743 914 833 941 verbis
849 915 881 940 de
902 915 943 942 eis
961 915 999 942 ait
1013 923 1020 942 ι

234 959 301 992 «Qui
317 960 398 987 habet
416 967 497 987 aures
511 959 651 991 audiendi,
671 959 778 986 audiat.
791 960 802 975 ⁸
819 969 828 985 ι
846 960 880 987 Ει
896 961 958 995 quis
978 965 1019 988 cst
1037 957 1057 984 Β

233 1006 297 1033 hie?
317 1007 340 1033 is
353 1006 400 1040 qui
419 1006 513 1033 habitu
539 1006 667 1033 audiendi
689 1011 802 1041 paratus
822 1011 864 1034 est
880 1007 914 1034 ad
927 1007 1021 1034 obser-

231 1052 350 1080 vandum
366 1057 392 1079 et
403 1053 622 1085 custodiendum,
637 1057 767 1087 tanquam
784 1053 891 1081 divinas
906 1054 977 1088 leges
989 1062 1020 1082 ea

231 1106 292 1132 qua:
308 1098 379 1125 dicta
394 1103 475 1129 sunt,
490 1098 536 1132 qui
552 1098 633 1125 etiam
649 1099 818 1132 compositus
833 1104 876 1126 cst
890 1099 923 1126 ad
939 1100 1019 1134 spiri-

233 1144 342 1171 tualiter
365 1144 510 1170 vivendum
530 1151 605 1171 :non
621 1144 692 1170 sicut
709 1144 836 1172 animalis
853 1144 946 1175 homo.
965 1146 1022 1172 sive

231 1190 278 1224 qni
293 1189 373 1223 juxta
389 1189 596 1216 sensualilatcm
612 1189 686 1223 eligit
714 1189 816 1222 vivere,
839 1191 1020 1224 quemadmo-

232 1236 297 1262 dum
309 1234 434 1261 animalia
458 1241 585 1261 sermone
600 1234 724 1262 carentia
738 1243 744 1261 :
763 1235 810 1262 sed
830 1236 878 1269 qui
893 1235 1022 1270 despecto

231 1281 306 1307 omni
322 1287 354 1307 eo
371 1280 442 1315 quod
460 1279 493 1306 ad
510 1285 671 1307 consuetam
690 1280 762 1307 hanc
776 1285 804 1307 et
817 1280 952 1315 placidam
978 1283 1022 1309 vi-

232 1326 312 1353 vendi
325 1326 457 1354 rationem
470 1326 578 1357 attinet,
588 1326 622 1353 ad
635 1326 660 1353 id
676 1326 749 1361 quod
763 1326 789 1353 in
800 1327 882 1356 nobis
898 1328 1020 1356 divinum

235 1377 277 1400 est
289 1371 440 1404 traductus,
456 1371 540 1407 648
558 1377 630 1399 totus
641 1373 812 1407 compositus
827 1377 870 1400 est
892 1374 925 1400 ad
941 1373 1021 1401 boni-

234 1423 327 1452 talem,
338 1427 369 1446 ae
381 1419 578 1454 providentiam
592 1419 651 1455 ejus
662 1420 707 1454 qui
721 1429 810 1456 Ipsum
826 1421 904 1448 initio
935 1421 1075 1455 formavit,

232 1471 319 1494 xerat.

269 1516 382 1551 Tempus
393 1517 610 1552 enimpropeest.
624 1516 742 1552 Tempus
759 1517 816 1545 sive
835 1518 1028 1553 opportunitas

234 1562 388 1597 propinqua
412 1567 454 1590 est
469 1563 501 1590 ad
519 1563 715 1590 beatitudinem
730 1573 736 1590 :
759 1564 868 1591 illenitn
888 1564 1024 1599 contingit

233 1617 282 1642 per
293 1609 483 1636 acccusioncm
501 1609 644 1636 eharitalis
660 1617 755 1637 eorum
768 1610 816 1645 qui
829 1610 875 1638 Dei
892 1615 1025 1646 praecepta

234 1659 363 1682 servant:
383 1655 443 1681 ideo
460 1655 532 1689 quod
549 1656 633 1682 robur
658 1663 689 1682 ae
705 1656 847 1683 tolerantia
877 1656 902 1683 in
921 1656 1026 1691 agendo

234 1701 307 1727 circa
325 1700 374 1727 ista
391 1699 435 1727 his
451 1700 621 1734 adiungitur,
637 1705 667 1727 ut
680 1701 746 1728 nihil
762 1701 881 1728 ducatur
895 1703 1027 1736 temporis

236 1746 393 1779 prorogatio
411 1749 458 1772 aut
472 1745 623 1785 innovatio.
643 1746 731 1780 Atque
747 1746 828 1781 hujus
845 1747 882 1774 rei
898 1748 974 1776 testis
987 1751 1028 1774 est

234 1791 373 1825 septennis
382 1791 544 1826 patriarchae
553 1791 638 1818 Jacob
647 1791 681 1818 ob
693 1799 808 1819 uxorum
821 1794 1025 1828 susceptionem

235 1836 393 1869 tolerantia,
409 1836 483 1863 velut
503 1844 575 1864 unus
593 1837 651 1864 dies
665 1843 800 1872 reputata.
824 1838 888 1871 Aut,
914 1844 1023 1874 tempus

236 1882 410 1918 praemiorum
421 1883 604 1918 propinquum
611 1887 662 1916 est.
674 1884 696 1911 si
706 1884 879 1913 conferamus
888 1887 1028 1921 praesentis

237 1930 298 1956 vita:
309 1928 468 1956 brevitatem
482 1929 515 1955 ad
529 1928 615 1956 futuri
627 1930 718 1956 saeculi
734 1930 1026 1960 interminabilitatem.

271 1974 328 2006 ιι.
341 1973 489 2001 5.10anues
499 1979 596 2008 septem
608 1973 738 2001 Eeclesiis
753 1983 813 2008 quw
827 1982 888 2003 sunt
905 1977 930 2003 in
944 1979 1027 2004 Asia:

235 2021 325 2055 gratia
335 2020 406 2048 vobis
412 2024 496 2054 etpax
507 2020 539 2047 ab
549 2027 578 2047 eo
589 2020 635 2054 qui
645 2025 684 2047 est
692 2023 718 2047 ει
724 2021 834 2056 quierat
852 2026 876 2049 et
887 2023 1011 2058 qui‘vem’t
1019 2033 1028 2051 :

236 2071 261 2093 et
274 2075 289 2093 ιι
299 2066 535 2101 septentspiritibus
546 2066 591 2102 qui
602 2066 629 2093 in
638 2072 776 2100 conspectu
786 2067 874 2095 throni
887 2069 944 2103 ejus
952 2075 1025 2098 sunt.

239 2113 270 2140 i-It
281 2114 314 2140 ab
327 2113 391 2141 Jexu
405 2112 520 2146 Christo,
530 2114 576 2148 qui
588 2118 627 2140 est
648 2114 722 2140 testis
738 2114 824 2148 ﬁdelis
837 2115 1028 2150 primogenitus

237 2165 414 2193 marmorum,
438 2165 462 2186 et
480 2160 599 2194 princeps
610 2167 699 2195 regum
717 2165 806 2188 terrae.

274 2250 327 2278 Per
338 2254 441 2284 septem
460 2250 590 2277 ecclesias
606 2257 805 2284 numerumque
824 2251 1007 2284 septenarium
1021 2273 1028 2285 ,

634 220 798 250 ARETlI/E
819 220 1007 250 CrESABExE
1027 219 1267 249 CAPPADOCIE
1291 217 1461 248 EPISCOPI

1812 209 1866 243 504

1075 275 1191 311 κηρύξαι
1218 274 1287 309 προς
1311 274 1480 307 ἐπιστροφὴν
1508 271 1563 298 τῶν
1590 270 1755 301 ἀκουόντων,
1781 270 1815 297 τά
1837 278 1866 296 τε

1073 322 1137 348 ὄντα
1155 322 1201 348 καὶ
1227 322 1290 352 τοὺς
1316 319 1478 354 ἀνθρώπους
1504 317 1684 348 λανθάνοντα,
1698 316 1733 342 τά
1760 324 1789 341 τε
1805 315 1869 350 μέλ-

1073 368 1153 394 λοντα
1185 366 1306 393 ἔσεσθαι.
1331 364 1511 400 Προφητικῶς
1540 364 1594 398 γὰρ
1625 362 1749 398 ἑώρακεν
1776 361 1867 396 ἀμφό-

1073 422 1149 448 τερα.
1176 412 1232 439 Καὶ
1248 413 1326 447 δῆλον
1343 413 1375 438 ἐκ
1389 410 1436 437 τοῦ
1455 410 1590 445 εἰρῆσθαι,
1607 409 1712 435 ’Ἀτιιά
1731 407 1800 439 εἰσὶ,
1818 407 1867 433 καὶ

1073 460 1092 487 ᾰ
1111 459 1168 494 χρὴ
1184 458 1333 494 γενέσθαι.
1351 457 1443 484 Ταῦτα
1468 457 1523 490 γὰρ
1549 455 1743 489 παραστατικὰ
1763 453 1810 479 τοῦ
1827 454 1869 478 ὲν-

1074 506 1193 537 εστῶτος
1208 505 1305 540 χρόνου
1319 504 1366 531 καὶ
1387 502 1434 530 τοῦ
1453 502 1605 538 μέλλοντος,
1628 501 1693 535 περὶ
1715 499 1733 526 ἃ
1750 500 1797 526 καὶ
1815 499 1869 526 τῶν

1073 552 1222 588 προφητῶν
1235 552 1266 578 τὺ
1283 551 1373 577 εὑδόκι
1380 558 1440 584 μον.

1107 598 1260 632 Μακάριος
1270 599 1286 624 ὁ
1297 595 1514 630 ἀναγινώσκων
1524 594 1573 621 καὶ
1585 594 1612 620 ol
1623 593 1787 624 ἀκούοντες
1798 591 1869 622 τοὺς

1072 645 1182 678 λόγους
1206 642 1262 677 τῆς
1287 641 1480 676 προφητείας,
1506 640 1555 666 καὶ
1585 638 1747 673 τηροῦντες
1771 636 1808 664 τὰ
1834 636 1869 663 ὲν

1073 689 1150 724 αὐτῇ
1165 688 1362 724 γεγραμμένα.

1107 735 1262 770 Μακαρίζει
1278 733 1428 769 προμηθῶς
1450 733 1521 766 ἄγαν
1537 732 1567 758 οὺ
1584 731 1646 762 τοὺς
1662 729 1867 765 ἀναγινώσκον-

1073 791 1122 814 τας
1142 783 1239 818 μόνους
1255 781 1359 816 (πολλοὶ
1376 779 1430 815 γὰρ
1447 779 1483 806 ἂν
1495 776 1565 814 ἦσαν
1585 777 1717 811 μακάριοι
1741 776 1828 806 οὕτως
1843 775 1868 801 οἱ

1073 827 1331 866 ἀναγινώσκοντες),
1345 825 1468 852 ἀλλὰκαὶ
1481 824 1544 855 τοὺς
1555 822 1703 853 ἀκούοντας
1716 821 1868 856 ὲμπράκτῳ

1072 875 1172 910 δηλαδὴ
1188 875 1267 909 ἀκοῇ.
1284 871 1332 904 Οἷς
1348 872 1394 899 καὶ
1406 873 1420 898 ὁ
1435 871 1539 906 Κύριος
1550 869 1589 905 τῷ
1602 869 1658 896 ὄντι
1674 867 1869 903 ἐμαρτύρησεν

1073 920 1169 955 ἀκοὴν,
1195 920 1264 955 πρὸς
1287 919 1354 950 τῶν,
1381 919 1409 945 ὲν
1430 915 1471 949 οἷς
1495 923 1598 952 φησιν’
1626 925 1635 941 ι
1666 915 1695 942 Ὁ
1715 914 1785 949 ἔχων
1811 910 1869 939 ὦτα

1072 966 1195 998 ἀκούειν,
1213 965 1346 992 ἀκουέτω.
1365 974 1374 990 ›
1398 964 1453 990 Καὶ
1468 963 1510 994 τίς
1524 958 1620 995 οὗτοςς
1635 962 1649 987 ὁ
1663 960 1712 995 τὴν
1734 958 1869 993 ἀκουστὴν

1072 1013 1130 1045 egw
1151 1011 1294 1048 εὐπρεπὴς
1318 1011 1357 1042 εἰς
1384 1011 1414 1037 τὺ
1436 1009 1575 1044 διατηρεῖν
1594 1007 1641 1034 καὶ
1667 1006 1814 1041 φυλάσσειν
1831 1005 1869 1035 ὡς

1074 1058 1162 1089 θείους
1174 1058 1274 1092 νόμους
1299 1057 1332 1083 τὰ
1343 1055 1489 1091 εἰρημένα,
1504 1054 1533 1086 ὃς
1546 1053 1593 1080 καὶ
1611 1051 1804 1087 πνευματικῶς
1819 1050 1869 1086 ζῇν

1073 1102 1304 1138 κατηρτισμένος,
1322 1102 1372 1136 οὐχ
1392 1102 1430 1132 ὼς
1447 1101 1460 1127 ὁ
1474 1099 1589 1135 ψυχικὸς
1605 1098 1760 1132 ἄνθρωπος,
1779 1096 1869 1122 εῐτουν

1072 1150 1085 1174 ὁ
1103 1149 1163 1175 κατ’
1180 1147 1306 1182 αἴσθησιν
1319 1145 1368 1182 ζῇν
1385 1145 1614 1181 προαιρούμενος,
1629 1143 1722 1178 ὥσπερ
1739 1142 1772 1168 τὰ
1788 1141 1869 1174 λόγου

1072 1191 1164 1226 ἔρημα
1180 1191 1248 1223 ζῶα,
1263 1190 1320 1216 ἀλλ’
1342 1189 1482 1225 ἀτιμάσας
1502 1189 1550 1224 μὲν
1564 1188 1618 1215 πᾶν
1631 1187 1662 1214 τὸ
1678 1187 1744 1221 περὶ
1759 1186 1790 1212 τδ
1805 1186 1869 1212 σύν-

1073 1245 1173 1273 τροφον
1182 1237 1261 1263 τοῦτο
1270 1236 1319 1272 ζῇν
1338 1236 1385 1263 καὶ
1403 1235 1546 1271 χειρονηδὺ
1567 1234 1589 1270 [?
1598 1232 1764 1269 χειρόηθες],
1787 1240 1871 1267 μετα-

1074 1283 1226 1319 ταξάμενος
1250 1283 1278 1309 δὲ
1299 1283 1367 1318 πρὸς
1390 1282 1420 1309 τὺ
1431 1282 1508 1309 Θεῖον
1518 1281 1549 1308 τὸ
1566 1281 1679 1316 ὲνήμῖν,
1692 1280 1752 1310 ὅλος
1773 1279 1870 1313 γέγονε

1074 1330 1124 1364 τῆς
1139 1329 1200 1356 κατ’
1222 1329 1310 1365 ἀρχὰς
1328 1328 1375 1355 τοῦ
1400 1327 1525 1355 Πλάστου
1546 1327 1592 1353 ἐπὶ
1619 1325 1658 1360 τῷ
1692 1324 1752 1350 κατ’
1777 1324 1870 1350 εικόνα

1076 1376 1174 1403 ἑαυτοῦ
1191 1376 1341 1411 πλάσματι,
1355 1375 1539 1410 χρηστότητος
1554 1373 1600 1400 καὶ
1614 1371 1789 1408 κηδεμονίας.

1105 1430 1251 1459 propterea
1265 1423 1339 1459 quod
1372 1424 1405 1450 ad
1428 1430 1506 1450 suam
1524 1421 1668 1457 imaginem
1683 1421 1774 1455 ipsum
1787 1418 1870 1446 citin-

1118 1517 1150 1544 '0
1172 1517 1228 1552 γὰρ
1244 1516 1346 1550 καιρὸς
1362 1517 1462 1552 ἐγγύς.
1488 1515 1589 1550 Ἐγγὺς
1604 1515 1619 1541 ὁ
1636 1514 1732 1550 καιρὸς
1751 1513 1802 1548 τῆς
1820 1521 1873 1548 μα-

1078 1566 1253 1601 καριότητος.
1269 1564 1315 1599 Τῷ
1330 1564 1457 1599 διαπύρῳ
1473 1563 1526 1598 γὰρ
1539 1562 1618 1589 τοῦτο
1633 1563 1683 1597 τῆς
1694 1561 1805 1596 ἀγάπης
1818 1559 1873 1587 τῶν

1078 1611 1271 1645 φυλασσόντων
1288 1611 1337 1642 τὰς
1356 1610 1466 1641 ἐντολὰς
1479 1608 1525 1636 τοῦ
1541 1608 1620 1635 Θεοῦ.
1633 1608 1679 1634 Διὸ
1692 1608 1738 1635 καὶ
1752 1607 1783 1633 τὺ
1797 1607 1874 1633 ἀνέν-

1078 1658 1154 1684 δοτον
1171 1657 1222 1691 τῆς
1240 1656 1303 1691 περὶ
1318 1655 1405 1682 ταῦτα
1420 1655 1593 1690 περιγίνεται
1617 1654 1708 1685 αὐτοῖς
1728 1653 1872 1688 ἐργασίας,

1079 1702 1133 1729 οὐδ’
1147 1703 1187 1734 εἰς
1202 1701 1359 1737 παράτασιν
1382 1701 1480 1736 χρόνου
1505 1700 1521 1736 ἢ
1550 1699 1774 1726 ἀποκατάστασιν
1797 1707 1874 1732 νομι-

1082 1748 1171 1782 σθείη.
1188 1748 1242 1774 Καὶ
1258 1747 1364 1782 μάρτυς
1379 1748 1396 1782 ἡ
1411 1745 1458 1772 τοῦ
1476 1745 1646 1781 πατριάρχου
1669 1743 1766 1770 ’Ῑακὼὸ
1781 1743 1827 1769 ἐπὶ
1840 1743 1872 1778 τῇ

1079 1786 1214 1828 ἀναλήψει
1227 1792 1281 1818 τῶν
1300 1791 1438 1826 γυναικῶν
1462 1789 1597 1823 ἑπταέτης
1614 1787 1757 1823 καρτερία,
1773 1787 1810 1818 ὡς
1825 1785 1874 1821 μία

1079 1840 1171 1876 ἡμέρα
1188 1838 1364 1874 λογιζομένη.
1382 1838 1417 1865 Ἢ
1436 1837 1520 1874 ἐγγυς
1533 1837 1547 1863 ὁ
1562 1836 1617 1862 τῶν
1639 1835 1765 1861 ἐπάθλων
1779 1833 1874 1868 καιρὸς

1079 1887 1117 1922 τῷ
1139 1885 1378 1921 παραμετρεῖσθαι
1398 1884 1448 1920 τὴν
1463 1883 1509 1910 τοῦ
1524 1882 1658 1916 παρόντος
1679 1881 1737 1916 βίου
1758 1880 1874 1916 σμικρὸ-

1079 1941 1158 1967 τητα,
1172 1931 1241 1967 πρὸς
1256 1931 1304 1967 τὴν
1319 1930 1365 1957 τοῦ
1380 1930 1524 1965 μέλλοντος
1541 1927 1670 1963 ἀπειρίαν
1685 1925 1793 1958 αἰῶνος.

1110 1978 1246 2011 Ἰωάννης
1254 1977 1318 2010 ταῖς
1331 1976 1406 2004 ἑπτὰ
1413 1975 1609 2010 Ἐκκλησίαις
1617 1973 1682 2007 ταῖς
1689 1974 1723 2000 ἐν
1733 1972 1770 2007 τῇ
1778 1972 1874 2005 Ἀσίᾳ·

1079 2024 1169 2059 Χάρις
1181 2023 1252 2058 ὑμῖν
1263 2023 1312 2050 καὶ
1327 2022 1432 2057 εἰρήνη
1441 2022 1500 2049 ἀπὸ
1515 2021 1578 2053 τοῦ,
1591 2022 1607 2047 ὁ
1623 2019 1666 2046 ὢν
1681 2019 1730 2046 καὶ
1739 2019 1756 2045 ὁ
1768 2017 1816 2053 ᾖν,
1826 2017 1876 2044 καὶ

1080 2072 1097 2098 ὀ
1111 2071 1287 2105 ἐρχόμενος·
1305 2069 1355 2097 καὶ
1369 2068 1429 2096 ἀπὸ
1456 2068 1517 2095 τῶν
1540 2067 1617 2094 ἑπτὰ
1644 2065 1832 2100 πνευμάτων,
1856 2064 1876 2091 ἄ

1081 2115 1188 2153 [ἐστιν]
1203 2115 1331 2142 ἐνώπιον
1356 2114 1409 2141 τοῦ
1426 2113 1535 2146 θρόνου
1552 2111 1646 2139 αὐτοῦ
1659 2110 1725 2138 ’καὶ
1747 2109 1806 2137 ἀπὸ
1823 2109 1876 2142 ’1η-

1081 2162 1139 2189 σοῦ
1155 2160 1322 2196 Χριστοῦ,ό
1337 2159 1453 2195 μάρτυς
1471 2161 1487 2186 ὀ
1511 2159 1629 2192 πιστὸς,
1649 2159 1665 2185 ὁ
1691 2157 1877 2192 πρωτότοκος

1082 2208 1141 2235 τῶν
1153 2206 1283 2242 νεκρῶν,
1294 2207 1344 2234 καὶ
1363 2208 1379 2234 ὁ
1391 2207 1491 2240 ἅρχων
1507 2204 1565 2232 τῶν
1571 2204 1726 2237 ,βασιλέων
1742 2202 1796 2236 τῆς
1810 2201 1875 2237 γῆς.

1119 2254 1167 2281 Διὰ
1189 2253 1244 2280 τῶν
1262 2252 1333 2279 ἑπτὰ
1361 2251 1544 2286 Ἐκκλησιῶν,
1565 2252 1612 2277 καὶ
1628 2250 1676 2277 τοῦ
1692 2247 1876 2283 ἑϐδοματικοῦ

239 2296 441 2324 multitudinem
464 2295 627 2330 signiﬁcavit
645 2296 824 2323 ecclesiarum
836 2297 939 2331 ubique
954 2297 1029 2325 loco-

1083 2300 1211 2337 ἀριθμοῦ,
1226 2300 1256 2326 τὸ
1266 2299 1321 2327 τῶν
1335 2299 1479 2334 ἁπανταχῆ
1491 2297 1661 2333 Ἐκκλησιῶν
1677 2297 1798 2330 ἐσήμαινε
1810 2295 1877 2329 πλῆ-

240 2351 300 2371 rum
310 2343 503 2378 sitarum,qua:
517 2343 544 2370 in
551 2343 674 2377 praesenti
683 2343 735 2370 vita
745 2343 794 2370 sibi
805 2348 899 2371 mutuo
910 2349 1032 2378 cognatae

241 2395 359 2424 suut,eo
373 2389 445 2424 quod
461 2389 615 2424 septenario
632 2390 737 2417 dierum
751 2389 880 2424 periodus
893 2390 1030 2425 inchoata,

241 2437 408 2464 habitantem
422 2436 449 2463 in
464 2436 636 2471 corruptibili
646 2440 772 2463 creatura
787 2437 936 2470 potentiam
950 2445 1028 2465 suam

239 2483 364 2518 designat
374 2503 381 2516 ,
399 2486 429 2509 ut
443 2489 504 2517 quae
518 2489 566 2517 per
581 2482 673 2509 omnia
695 2483 859 2510 ostenditur.
872 2482 926 2510 Aut
947 2484 1030 2511 etiam

239 2537 471 2564 supervacaneum
493 2537 547 2556 non
562 2529 774 2562 cxistimabitnr,
788 2530 810 2557 si
827 2529 853 2557 in
866 2532 1030 2558 sententiam

239 2583 334 2603 ramus
351 2575 474 2603 Philonis
488 2575 605 2602 maxime
633 2575 837 2610 contemplativi
858 2576 908 2602 viri
928 2575 1029 2608 Judazi,

241 2623 310 2650 libro
323 2630 374 2649 suo
396 2629 476 2657 quem
496 2621 630 2649 scribitin
652 2621 854 2657 philosophiam
872 2621 1031 2650 Mosaicam.

239 2667 287 2695 llis
299 2673 389 2695 autem
402 2667 531 2695 Ecelesiis
546 2668 627 2694 etiam
646 2667 790 2702 praefectos
802 2668 900 2703 a‘quali
919 2675 1033 2696 numero

241 2715 354 2750 angelos
372 2714 469 2742 beatus
488 2713 609 2742 Joannes
630 2722 704 2742 nunc
725 2715 935 2742 demonstravit.
948 2715 1034 2743 Porro

241 2761 314 2795 quod
325 2760 433 2792 dicitur,
445 2761 483 2788 Ab
499 2768 529 2787 eo
543 2761 588 2796 qui
603 2765 654 2792 est,
670 2765 694 2787 cl
710 2760 836 2795 quierat,
849 2765 874 2787 et
888 2761 933 2795 qui
948 2762 1031 2792 venit,

239 2805 408 2832 tantumdem
417 2809 459 2833 est
466 2813 497 2833 ac
504 2805 526 2833 si
536 2805 639 2833 diceret
650 2814 655 2832 :
666 2805 687 2831 A
698 2805 752 2832 Deo
766 2806 888 2832 omnium
899 2810 1034 2834 nostrum.

241 2850 382 2887 Siquidem
398 2852 456 2887 ipse
474 2857 548 2888 pater
564 2860 626 2880 cum
647 2851 721 2880 Illosc
747 2852 860 2887 loquens
893 2852 919 2880 in
944 2859 1036 2880 monte

283 2945 295 2963 ⁵
311 2945 406 2974 Matth.
423 2952 458 2977 χι,
482 2945 525 2973 lii.

1087 2347 1132 2379 eo;
1147 2347 1201 2373 τῶν
1217 2346 1255 2381 τῷ
1271 2346 1385 2381 παρόντι
1401 2345 1450 2380 βίῳ
1465 2344 1623 2379 συστοιχων,
1637 2342 1699 2369 καθ’
1715 2339 1753 2369 ὧν
1768 2341 1784 2376 ὴ
1803 2341 1874 2368 €660-

1088 2394 1189 2428 ματικὴ
1202 2393 1257 2420 τῶν
1272 2393 1384 2428 ἡμερῶν
1409 2391 1532 2426 περίοδος
1549 2389 1709 2424 κατάρξασα
1719 2410 1727 2421 ,
1741 2388 1790 2424 τὴν
1806 2389 1878 2414 ἐνοι-

1086 2439 1186 2466 κοῦσαν
1208 2439 1239 2473 τῇ
1254 2437 1360 2472 φθαρτῇ
1383 2436 1471 2463 κτίσει
1491 2436 1607 2470 δύναμιν
1624 2435 1725 2468 ἑαυτῆς
1739 2435 1878 2468 ὑπέφηνεν

1085 2484 1123 2516 ὡς
1137 2483 1183 2510 διὰ
1199 2483 1289 2516 πάσης
1304 2482 1461 2516 διήκουσαν.
1485 2479 1518 2506 "H
1534 2480 1582 2506 καὶ
1596 2479 1694 2505 Φίλωνι
1717 2477 1756 2511 τῷ
1772 2477 1878 2512 θεωρη-

1085 2531 1229 2562 τικωτατῳ
1250 2528 1369 2561 Ἰουδαίῳ
1383 2527 1472 2563 ἀνδρὶ,
1489 2527 1518 2553 ὲν
1531 2526 1603 2561 λόγῳ
1618 2526 1702 2553 αὐτοῦ
1717 2524 1756 2560 τῷ
1770 2525 1810 2555 εἰς
1829 2523 1879 2558 τὴν

1085 2576 1155 2603 κατὰ
1175 2575 1296 2602 Μωῡσέα
1318 2574 1478 2608 φιλοσοφίαν
1503 2572 1682 2607 ὑποσυνᾴδειν
1704 2571 1735 2597 οὺ
1751 2569 1880 2605 περιττὸν

1084 2623 1205 2657 ἡγεῖται.
1220 2620 1338 2652 Ταύταις
1349 2621 1377 2646 δὲ
1389 2620 1448 2651 ταῖς
1469 2618 1643 2654 Ἐκκλησίαις
1656 2617 1704 2644 καὶ
1720 2615 1879 2651 ἰσαρίθμους

1086 2667 1200 2703 ἐφόρους
1213 2667 1346 2701 ἀγγέλους
1361 2667 1375 2693 ὁ
1390 2665 1525 2701 μακάριος
1539 2665 1585 2691 νῦν
1606 2664 1734 2698 Ἰωάννης
1749 2662 1878 2696 ἐνέφηνε-

1087 2715 1124 2742 Τὺ
1141 2715 1185 2747 δὲ,
1209 2714 1282 2741 Ἀπὸ
1299 2712 1363 2745 τοῦ,
1389 2714 1405 2740 ό
1427 2710 1480 2744 ὧν,
1495 2711 1545 2738 καὶ
1561 2713 1577 2738 d
1594 2709 1642 2746 ἦν,
1657 2710 1707 2736 καὶ
1722 2711 1738 2736 ὁ
1757 2708 1878 2743 ἐρχόμε-

1087 2770 1150 2794 νος,
1169 2760 1325 2794 ἱσοόυναμεῖ
1339 2758 1377 2794 τῷ
1389 2778 1397 2791 ,
1418 2758 1486 2785 Ἀπὸ
1502 2757 1549 2784 τοῦ
1565 2757 1674 2784 πάντων
1696 2755 1765 2782 Θεοῦ
1789 2752 1880 2788 ἡμῶν.

1090 2816 1099 2832 ι
1117 2807 1200 2833 Ὄντα
1220 2815 1229 2832 ι
1257 2806 1306 2840 μὲν
1319 2804 1373 2840 γὰρ
1392 2805 1473 2836 αὐτὸς
1487 2803 1584 2831 ἑαυτὸν
1605 2802 1734 2838 ὀνομάζει
1754 2802 1768 2828 ὁ
1786 2798 1880 2833 Πατὴρ

1087 2853 1267 2891 χρηματίζων
1285 2852 1322 2888 τῷ
1337 2852 1441 2887 ὒιωῦσῇ
1459 2850 1506 2878 ἐπὶ
1518 2850 1564 2877 τοῦ
1581 2849 1671 2886 ὅρους.
1684 2848 1721 2876 Τὸ
1736 2847 1764 2875 δὲ
1781 2855 1791 2874 ι
1806 2843 1851 2882 ἦν,
1869 2854 1879 2870 ι
