2093 3159
219 213 272 245 505

753 212 858 242 COMM
864 209 949 242 ENT.
972 212 1013 242 IN
1035 213 1150 243 APOCA
1156 214 1302 245 LYPSIN.

1809 217 1860 250 506

217 270 232 295 ὀ
253 266 350 302 παρὼν
369 265 498 301 θεόσοφος
521 265 719 302 εὐαγγελιστὴς
740 267 912 302 προήνεγκεν
935 266 964 293 ἐν
980 276 1006 293 τε

1062 268 1183 303 seipsum
1201 271 1334 303 nominat;
1350 279 1359 296 ‹
1375 269 1426 304 Qui
1440 275 1492 298 est.
1509 280 1518 296 ι
1533 271 1658 299 Praesens
1668 276 1760 299 autem
1770 273 1860 301 Evan-

216 313 256 349 τῷ
271 312 430 348 Εὑαγγελίῳ
442 312 537 346 αὑτοῦ,
567 322 577 339 ι
603 313 647 339 ‘Ev
661 313 732 348 ἀρχῇ
751 310 784 348 ἦν
798 314 812 340 ὁ
826 313 925 346 Λόγος,
944 323 953 339 ι
974 315 1013 340 εἰ-

217 359 287 391 πὼν,
303 359 351 386 καὶ
367 359 396 385 ἐν
418 359 452 394 τῇ
473 358 569 394 πρώτῃ
586 359 640 385 τῶν
657 358 810 386 καθολικῶν
831 359 913 386 αὑτοῦ
936 359 1013 386 Ἐπι-

217 405 331 437 στολῶν,
351 414 360 430 ι
381 405 414 431 Ὂ
437 402 471 440 ἧν
497 404 544 431 ἀπ’
571 405 677 440 ἀρχῆς,
705 415 714 431 ι
735 404 845 440 γράψας
870 406 935 440 περὶ
965 405 1013 432 τοῦ

216 452 304 485 Λόγου
322 451 374 486 τῆς
397 450 482 486 ζωῆς.
511 450 674 486 Ἐρχόμενον
700 451 728 477 δὲ
751 451 782 477 τὸ
806 451 876 478 θεῖον
902 451 1013 486 Πνεῦμα

216 498 312 530 καλεῖ,
329 497 366 529 ὡς
381 497 413 524 οὐ
429 498 511 532 μόνον
534 497 606 524 κατὰ
626 497 676 532 τὴν
691 497 795 532 ἡμέραν
813 497 863 532 τῆς
878 498 1014 533 Πεντηκο-

217 545 284 579 στῆς
298 543 505 579 ἀπεσταλμένον
527 543 605 578 παρὰ
622 542 670 569 τοῦ
694 542 812 576 Πατρὸς,
825 542 882 569 ἀλλ’
899 543 943 569 ἀεὶ
958 551 1013 569 πα-

217 589 398 624 ραγινόμενον
418 590 475 620 τοῖς
488 588 575 621 ἀξίοις
598 588 665 616 αὐτὸ
685 588 825 621 δέξασθαι,
839 589 886 615 καὶ
905 589 948 615 διὰ
965 588 1012 615 τοῦ

217 635 297 669 ἁγίου
313 634 515 670 βαπτίσματος.

250 691 363 726 Εἰρήνη
381 691 441 718 ἀπὸ
451 691 505 718 τοῦ
520 693 537 718 ό
550 691 602 718 ὥν.
619 692 698 723 Ἴσως
713 692 741 718 δὲ
753 692 803 719 οὐκ
816 692 947 726 ἀδόκιμον
963 692 1011 718 καὶ

215 738 288 764 οὕτω
304 737 390 764 ταῦτα
405 737 523 764 νοεῖσθαι
538 738 584 764 ἐπὶ
602 738 650 764 τοῦ
665 738 773 773 Πατρδς
789 738 829 770 τὸ,
852 738 883 764 '0
898 737 939 764 ὢν
959 738 1009 764 καὶ

216 786 232 810 ό
248 782 288 818 ἦν
311 783 359 810 καὶ
377 785 393 810 ὁ
411 783 584 817 ἐρχόμενος,
604 782 643 814 ὡς
664 783 747 810 αὑτοῦ
776 784 951 819 περιέχοντος
981 785 1010 810 ὲν

215 829 305 864 ἐαυτῷ
317 830 427 856 πάντων
438 828 493 855 τῶν
506 829 591 855 ὀντων
611 829 661 864 τὴν
684 829 785 864 ἀρχὴν,
801 830 849 856 καὶ
865 830 899 856 τὰ
916 830 988 865 μέσα
1002 849 1009 862 ,

214 876 262 902 tu!
278 876 312 902 τὰ
329 875 484 903 τελευταῖα.

1066 314 1162 349 gelista
1172 316 1295 350 protulit,
1311 325 1320 341 (
1338 316 1413 349 Erat,
1429 326 1439 343 ›
1457 322 1484 344 et
1509 317 1536 344 in
1547 317 1697 353 Evangelia
1725 326 1776 347 suo
1796 328 1858 347 cum

1065 359 1142 392 dixit,
1160 369 1169 385 ι
1185 360 1214 387 ln
1235 361 1371 396 principio
1392 367 1450 389 erat
1477 362 1608 396 Verbutn,
1622 364 1632 379 ⁸
1648 373 1657 390 ι
1681 365 1746 391 etin
1772 366 1859 399 prima

1065 411 1177 431 suarum
1192 404 1377 440 Epistolarum
1395 407 1596 435 catholicarum
1611 416 1673 436 cum
1694 410 1808 444 scripsit
1825 411 1859 438 de

1065 450 1149 477 verbo
1165 450 1253 482 vitam
1274 450 1352 484 Quod
1367 457 1426 480 erat
1440 453 1474 480 ab
1490 453 1598 481 initio.’
1614 464 1624 480 ›
1638 455 1722 482 Porro
1736 455 1857 483 divinun‘

1066 495 1198 530 Spiritum
1216 501 1296 524 vocat
1309 505 1372 526 eum
1391 499 1437 533 qui
1454 500 1537 532 venit,
1555 500 1639 528 veluti
1652 508 1705 528 non
1720 501 1860 532 solttmdic

1064 541 1242 570 Pentecostes
1264 545 1379 572 missum
1407 553 1422 572 a
1444 545 1536 579 Patre,
1563 547 1610 574 scd
1629 555 1738 582 semper
1754 549 1788 576 ad
1811 555 1859 575 eos

1065 589 1240 616 accedentem
1262 589 1310 625 qui
1337 590 1411 625 digni
1433 596 1497 619 suttt
1522 591 1683 627 suscipere,
1704 593 1788 620 etiam
1811 601 1859 628 per

1064 639 1190 662 sanctum
1211 635 1357 670 baptisma.

1099 689 1139 716 Ab
1149 698 1178 716 eo
1189 691 1234 726 qui
1251 691 1440 720 est.Fortassis
1457 696 1548 720 autem
1565 700 1619 720 non
1631 693 1682 720 erit
1694 693 1857 727 absurdum,

1064 740 1093 762 ut
1110 735 1168 763 haec
1192 744 1302 771 quoque
1321 737 1357 764 ita
1384 738 1572 773 intelligantur
1594 739 1627 766 de
1651 738 1740 770 Patre,
1759 746 1857 774 nempe

1064 782 1114 816 Qui
1129 788 1180 816 est,
1203 788 1227 810 et
1242 785 1287 818 qui
1300 789 1369 815 erat,
1389 789 1413 811 et
1429 785 1475 819 qui
1498 785 1584 812 venit:
1599 789 1630 812 ttt
1644 785 1689 820 qni
1717 785 1743 812 in
1766 785 1857 820 seipse

1064 829 1204 857 contineat
1217 830 1340 857 omnium
1353 838 1413 865 qua:
1427 834 1491 858 suttt
1508 830 1742 866 originettt_6&,9
1756 835 1784 858 et
1799 838 1857 858 me-

1063 874 1107 901 dia
1123 881 1154 901 ac
1170 874 1248 901 ﬁnes.

248 932 302 960 Kal
317 933 377 960 ἀπὸ
397 933 457 959 τῶν
476 933 550 961 ἑπτὰ
565 933 754 968 πνευμάτων.
779 934 859 965 Τινὲς
881 934 915 960 τὰ
939 934 1006 961 ἑπτὰ

1099 929 1134 957 Et
1149 939 1165 957 ιι
1180 936 1276 964 septem
1289 931 1440 965 spiritibus.
1462 931 1588 959 Nonnulli
1613 936 1716 966 septem
1742 932 1856 967 spiritus

213 979 368 1014 πνεύματα,
383 979 432 1010 τὰς
448 978 591 1014 ἐνεργείας
603 978 652 1006 τοῦ
671 979 752 1013 ἁγίου
769 979 905 1006 ὑπέλαΰον
921 980 1006 1006 Πνεύ-

213 1031 310 1058 ματος.
325 1023 506 1059 Δοκιμότερον
521 1023 549 1050 δὲ
562 1024 697 1058 ἀγγέλους
711 1024 799 1051 ταῦτα
814 1026 896 1052 νοεῖν,
914 1025 951 1052 Οὐ
965 1025 1009 1052 διὰ

211 1069 242 1095 τδ
269 1069 513 1105 ωμπαρειλῆφθαι
534 1069 608 1105 δὲτῇ
631 1071 872 1106 παντοκρατορικῇ
893 1071 1007 1106 Τριάδι,

211 1113 262 1148 ἢδη
285 1115 331 1140 καὶ
354 1114 474 1149 ὁμότιμοι
489 1114 577 1141 ταῦτα
591 1115 820 1149 καταλογίζεσθαι
841 1117 912 1151 αὐτῇ
938 1117 1006 1151 χρὴ,

210 1158 280 1184 ἀλλὰ
294 1159 375 1186 δοῦλα
394 1160 442 1186 καὶ
457 1160 645 1195 λειτουργικὰ,
659 1160 718 1195 εἴγε
731 1161 856 1189 πειστέον
873 1164 930 1194 τοῖς
944 1171 1009 1198 προ-

211 1203 311 1238 φήταις
344 1206 401 1236 τοῖς
430 1204 696 1241 διαμαρτυρομένοις
722 1206 763 1232 ὃτι
794 1207 828 1234 τὰ
862 1207 1010 1243 σύμπαντα

209 1250 291 1276 δοῦλα
311 1250 404 1282 αὐτοῦ,
421 1250 470 1277 καὶ¹
486 1250 518 1286 δὴ
533 1251 581 1278 καὶ
598 1251 637 1286 τῷ
653 1252 799 1287 θεοπάτορι
816 1252 910 1286 Δαυῖδ,
931 1263 940 1279 ι
959 1254 1010 1280 Εὐ-

210 1295 325 1330 λογεϊτε,
356 1296 509 1331 φάσκοντι,
534 1297 634 1329 πάντες
657 1298 768 1332 ἄγγελοι
791 1299 869 1329 Θεοῦ,
898 1299 1010 1326 δυνατοὶ

210 1341 294 1375 ἰσχύϊ,
312 1342 456 1374 ποιοῦντες
469 1342 514 1370 τὸν
530 1342 609 1376 λόγον
634 1343 729 1370 αὑτοῦ.
749 1353 758 1370 ›
780 1345 835 1371 Καὶ
847 1345 876 1371 τὸ
894 1346 944 1380 μὲν
964 1346 1009 1372 λέ-

208 1394 268 1419 γειν
291 1387 333 1414 ὅτι
361 1387 390 1414 τὸ
415 1388 699 1424 συμπαραλαμϐάνειν
723 1390 755 1416 τὸ
781 1391 859 1418 Θεῐον
887 1391 934 1418 καὶ
959 1391 1008 1427 τὴν

209 1433 376 1467 ἀγγελιῶτιν
402 1433 494 1468 φύσιν,
520 1435 711 1470 παριστῶντός
737 1437 796 1462 ἐστι
824 1437 855 1463 τὸ
875 1437 1008 1473 ὁμότιμον

208 1478 279 1506 εἶναι
291 1480 341 1514 τῆς
353 1481 575 1516 παντοκράτορος
584 1482 630 1508 καὶ
643 1482 735 1517 πάσης
749 1483 796 1509 τοῦ
808 1481 879 1510 εἶναι
891 1484 1008 1517 κτίσεως

209 1526 358 1560 παραιτίας
370 1527 418 1554 καὶ
428 1527 478 1562 τὴν
489 1526 683 1564 λειτουργικὴν
696 1529 859 1561 ὑπόστασιν,
872 1530 922 1556 οὐκ
933 1529 1006 1557 ἐστιν

209 1573 321 1604 εἰδότος,
335 1573 395 1600 οὐδὲ
413 1575 496 1607 ἐγγὺς
506 1595 514 1607 ,
530 1575 589 1601 ἀλλ’
603 1575 766 1609 ἀγνοοῦντος
777 1597 784 1609 ,
809 1573 898 1610 οἶμαι,
913 1577 952 1608 ὡς
967 1577 1006 1611 τῷ

1061 980 1229 1011 acceperunt
1249 981 1353 1010 septem
1369 977 1543 1011 operationcs
1564 977 1649 1004 sancti
1664 976 1793 1012 Spiritus.
1809 977 1857 1004 Est

1061 1026 1152 1049 autem
1167 1022 1338 1056 probabilius
1357 1022 1407 1049 hos
1422 1022 1548 1057 accipere
1562 1023 1674 1056 angelos
1688 1032 1695 1050 :
1715 1031 1768 1049 nott
1782 1024 1855 1058 quod

1061 1075 1122 1095 cttm
1142 1068 1322 1102 omnipotenti
1341 1066 1476 1094 Trinitatc
1497 1068 1776 1102 comprehendantur,
1798 1068 1856 1095 sive

1060 1112 1141 1140 etiant
1159 1112 1273 1146 aequalis
1292 1120 1354 1140 esso
1367 1119 1430 1139 cum
1445 1120 1476 1138 ea
1492 1112 1606 1140 honoris
1621 1111 1751 1140 arbitrari
1770 1120 1854 1147 opor-

1061 1163 1116 1186 teat
1126 1168 1133 1186 :
1143 1159 1189 1186 scd
1200 1158 1274 1193 quod
1283 1159 1308 1185 ei
1318 1158 1488 1185 famulentur
1502 1162 1530 1185 et
1543 1159 1742 1193 obsequantur,
1754 1158 1776 1185 si
1790 1165 1854 1193 pro~

1060 1205 1150 1240 pltetis
1181 1204 1347 1232 credettdunt
1375 1209 1419 1231 cst
1441 1204 1638 1232 attestatttibus
1664 1205 1737 1239 quod
1762 1204 1854 1231 ontnia

1060 1252 1181 1279 serviant
1201 1250 1267 1285 ipsi:
1290 1254 1317 1278 et.
1342 1251 1509 1286 progettitori
1532 1250 1579 1278 Dei
1598 1250 1704 1283 Davidi,
1724 1250 1826 1278 dicenti
1846 1259 1853 1276 :

1064 1307 1072 1324 ι
1089 1297 1254 1330 Benedicite,
1266 1304 1362 1324 omnes
1377 1297 1464 1332 angeli
1482 1296 1540 1329 Dei,
1556 1301 1680 1332 potentes
1695 1297 1794 1323 virtute
1807 1298 1854 1331 qui

1059 1343 1175 1379 expletis
1196 1350 1353 1371 sermonem
1379 1343 1478 1378 ipsius.
1489 1343 1500 1358 ⁸
1515 1351 1524 1368 ι
1543 1341 1576 1370 Et
1587 1346 1663 1370 certe
1680 1342 1770 1370 dicere
1781 1343 1854 1377 quod

1059 1389 1142 1417 simul
1154 1389 1387 1424 comprehendere
1402 1388 1573 1416 divinitatem
1585 1393 1612 1416 et
1623 1393 1749 1416 naturam
1766 1396 1853 1423 ange-

1059 1434 1140 1462 licam
1155 1434 1190 1462 sit
1202 1434 1394 1461 dem0nstrare
1409 1434 1594 1469 :equalitatem
1609 1441 1669 1461 esse
1683 1433 1796 1461 honoris
1812 1434 1851 1460 inv

1060 1485 1101 1508 ter
1113 1481 1328 1516 omnipotentem
1340 1479 1501 1507 Trinitatem
1518 1485 1544 1507 et
1553 1480 1600 1516 qui
1614 1480 1705 1507 omnis
1717 1484 1854 1507 creatura:

1058 1533 1155 1554 auctor
1172 1531 1224 1558 cst,
1246 1535 1278 1554 ac
1293 1526 1501 1554 ministerialem
1516 1526 1713 1559 substantiam,
1738 1533 1794 1553 non
1811 1531 1854 1553 est

1058 1571 1234 1606 intelligentis
1246 1576 1294 1598 aut
1304 1571 1500 1607 propemodum
1512 1571 1702 1606 intelligentis,
1713 1570 1759 1598 scd
1774 1571 1851 1605 igtto.

208 1618 365 1651 δεσπόζοντι
377 1620 450 1654 φιλεί
459 1621 579 1659 συνεῖναι
595 1622 642 1648 καὶ
650 1622 680 1648 τδ
691 1622 857 1658 ὑπηρετοῦν.
865 1620 900 1659 ᾯ
915 1623 947 1659 δὴ
958 1624 1005 1650 καὶ

1058 1618 1155 1650 ratttis,
1169 1621 1198 1644 ut
1213 1617 1398 1652 opinor,quod
1413 1617 1529 1652 gaudeat
1539 1625 1570 1644 ea
1581 1623 1705 1644 creatura
1721 1616 1851 1644 assistere

209 1664 315 1696 Παῦλος
329 1665 470 1700 χρώμενος
481 1667 511 1693 ὲν
521 1668 553 1702 τῇ
577 1666 674 1704 πρώτῃ
691 1667 762 1703 (1-2)
784 1668 852 1703 πρὸς
872 1668 1006 1703 Τιμόθεον

208 1710 354 1746 Ἐπιστολῇ
368 1711 440 1738 οὕτω
452 1712 510 1744 πώς
524 1720 622 1748 φησι-ι
636 1713 818 1750 Μαρτύρομαι
831 1713 948 1741 ἐνώπιον
959 1715 1006 1742 τοῦ

209 1756 277 1783 θεοῦ
293 1757 341 1783 καὶ
361 1757 416 1784 τῶν
438 1758 577 1784 ἐκλεκτῶν
598 1758 735 1792 ἀγγέλων.
756 1768 765 1784 ι
795 1759 881 1786 Τοῦτο
896 1757 945 1796 οὖν
959 1760 1007 1787 καὶ

207 1803 248 1839 τῷ
272 1804 347 1840 αὐτῷ
365 1805 614 1836 ὲπακολουθοῦντός
631 1807 715 1833 ἐστιν.
745 1805 827 1832 Ἀλλὰ
843 1807 892 1832 καὶ
907 1806 938 1832 τὸ
960 1807 1006 1833 ὲν-

208 1849 296 1877 ταῦοα
312 1851 492 1885 προσκεῖσθαι
509 1851 550 1882 τὸ,
571 1851 606 1878 'A
623 1851 710 1878 ἐστιν
724 1851 854 1878 ἐνώπιον
869 1852 922 1879 τοῦ
938 1852 1006 1886 θρό-

208 1903 265 1922 νου
280 1895 333 1922 τοῦ
349 1895 435 1928 Θεοῦ,
453 1896 503 1932 τὴν
517 1896 656 1931 οἰκετικὴν
671 1896 760 1929 τάξιν,
774 1897 805 1923 οὐ
819 1896 868 1932 τὴν
885 1896 1005 1932 ἰσότιμον

209 1941 301 1972 αὐτοῖς
316 1942 596 1977 πῳσμαρτυροῠντὸς
611 1943 698 1969 ἐστιν.

248 2029 280 2056 '0
288 2029 405 2064 μάρτυς
425 2031 577 2062 δ’πιστός.
595 2031 642 2057 Δεῖ
667 2031 890 2066 προσυπακούειν
912 2032 953 2063 τὸ.
974 2033 1005 2065 ὃς

209 2076 295 2108 ἐστιν,
319 2076 352 2102 ἵν’
421 2077 475 2102 Καὶ
499 2076 552 2103 ἀπὸ
578 2076 666 2112 Ἰησοῦ
692 2077 823 2112 Χριστοῦ,
841 2079 870 2110 ὃς
892 2079 966 2105 ἐστιν
990 2079 1004 2104 ὸ

211 2122 326 2157 μάρτυς.
360 2122 576 2157 Ἐπισκοπητέον
599 2123 627 2149 δὲ
656 2123 697 2149 ὅτι
724 2124 857 2159 πρότερον
873 2125 911 2155 ὡς
939 2125 1004 2160 περὶ

208 2168 332 2202 ἀτάρκου
357 2167 467 2202 γράψας
491 2168 538 2194 τοῦ
563 2167 636 2194 ὓεὶου
657 2169 745 2203 Λόγου
777 2170 806 2195 ὲν
829 2168 870 2201 οἷς
898 2170 1000 2204 ἔλεγεν,

211 2222 220 2238 ι
243 2213 274 2240 '0
290 2211 338 2247 ἦν,
357 2223 365 2238 ι
392 2214 440 2240 νῦν
455 2214 519 2248 περὶ
546 2215 756 2249 σεσαρκωμένου
779 2215 862 2242 αὑτοῦ
880 2216 1003 2250 διαλέγε-

208 2268 263 2290 ται,
278 2260 384 2294 φήσας,
400 2259 454 2286 Kal
470 2259 530 2286 ἀπὸ
560 2260 663 2293 Ἰησοῦ
679 2261 819 2294 Χριστοῦ,
843 2261 873 2287 οὐ
890 2261 1002 2296 διαιρῶν

208 2305 290 2331 αὐτὸν
307 2306 346 2336 εἰς
360 2305 417 2337 δύο,
433 2305 478 2331 διὰ
489 2306 520 2331 το
534 2305 682 2339 ἐπαγαγεῖν
699 2307 740 2338 τὸ,
756 2307 810 2333 Καὶ
828 2307 887 2334 ἀπὸ
904 2308 1002 2341 Ἰησοῦ

208 2351 347 2385 Χριστοῦ,
362 2351 430 2378 ἀλλὰ
444 2351 523 2378 τοῦτό
535 2359 565 2377 τε
580 2351 627 2378 καὶ
641 2352 729 2378 ἐκεῖνο
745 2352 808 2386 περὶ
820 2353 878 2383 ἑνὸς
891 2353 939 2380 καὶ
952 2354 1000 2380 τοῦ

208 2397 290 2423 αὑτοῦ
309 2398 468 2432 μαρτυρῶν,
486 2398 527 2423 ὅτι
552 2398 580 2424 ei
603 2398 661 2424 ἐστι
676 2397 724 2424 τοῦ
749 2399 866 2432 Πατρὺς,
890 2399 937 2425 καὶ
959 2400 1000 2426 ὅτι

208 2440 364 2475 ἐσαρκώθη.
384 2440 470 2467 Τοῦτο
479 2441 535 2476 γὰρ
549 2440 675 2475 βούλεται
688 2442 786 2476 δηλοῦν
798 2443 838 2475 τὸ,
861 2443 999 2478 Χριστὸς,

207 2486 303 2521 ὄνομα.
319 2487 367 2517 ὐς
380 2487 495 2522 Χριστὸς
510 2488 581 2514 κατὰ
589 2489 634 2514 τὸν
649 2489 784 2524 μακάριον
796 2489 902 2516 Παῦλον
915 2491 1003 2525 ἐμαρ-

208 2533 326 2568 τύρησεν
346 2533 392 2559 {ire
411 2534 516 2569 μάρτυς
532 2535 577 2561 ἐπὶ
603 2536 715 2562 Ποντίου
740 2535 868 2569 Πιλάτου,
885 2537 1004 2572 ὁπηνίκα

208 2577 328 2610 ἔφασκεν
344 2577 413 2612 πρὸς
434 2579 527 2605 αὐτόν·
545 2589 554 2605 ι
576 2579 608 2606 ’Π
620 2580 744 2614 βασιλεία
759 2581 774 2615 ἡ
789 2581 842 2616 ὲμὴ
865 2581 916 2608 οὐκ
929 2581 1003 2608 ἐστιν

208 2623 240 2648 ὲκ
256 2622 302 2648 τοῦ
316 2622 418 2656 κόσμου
432 2623 555 2650 τούτου.»
571 2624 651 2650 Νοείν
666 2625 721 2659 γὰρ
736 2625 789 2651 ἀπὺ
800 2625 903 2652 τούτων
926 2626 1001 2654 διαν-

208 2667 299 2703 ίστησι
314 2669 368 2695 τῶν
381 2669 479 2704 λόγων,
495 2670 532 2701 ὡς
548 2670 595 2697 καὶ
610 2671 677 2702 Θεός
690 2671 764 2698 ἐστιν
776 2672 790 2698 ὁ
804 2672 842 2704 ὡς
858 2672 1003 2707 ἄνθρωπος

207 2714 357 2749 ὁρώμενος,
372 2716 419 2742 καὶ
431 2717 530 2742 ταυτὸν
546 2716 742 2753 φθεγγόμενος.
761 2718 876 2752 Μάρτυς
891 2719 939 2754 μὲν
954 2718 1001 2746 οὖν

206 2760 251 2786 διὰ
272 2760 362 2788 τοῦτο.
386 2762 485 2794 Πιστὸς
507 2762 547 2794 δὲ,
565 2763 626 2789 ἀντὶ
649 2762 709 2797 τοῦ,
731 2763 846 2799 ἀληθὴς,
862 2764 928 2796 Θεὸς
952 2764 1001 2791 καὶ

241 2848 252 2864 ⁶
274 2848 385 2882 Joan.t,
400 2850 426 2877 l.
465 2849 567 2878 7Joan.
590 2859 608 2883 t,
627 2851 652 2879 1.

242 2925 315 2963 (1—2)
333 2927 408 2964 Vu'g.
425 2937 480 2956 om.
500 2929 605 2964 πρώτη.

692 2852 702 2868 ⁸
718 2851 790 2882 Psal.
807 2860 898 2886 cnttt,
924 2853 981 2881 102.
1022 2854 1031 2868 ⁰
1051 2854 1059 2881 l
1076 2853 1146 2882 Tim.
1168 2863 1193 2888 ν,
1214 2855 1258 2884 ΞΗ.

1058 1665 1234 1696 dominatori,
1261 1665 1343 1700 ciqttc
1365 1665 1525 1692 ministrare
1549 1672 1556 1690 :
1586 1671 1642 1699 quo
1669 1663 1807 1691 schemate
1825 1667 1854 1690 ct

1059 1710 1161 1738 Paulus
1180 1711 1206 1737 in
1229 1711 1349 1746 Epistola
1364 1711 1452 1745 prima
1472 1710 1505 1737 ad
1518 1708 1693 1736 Timotheum
1710 1713 1802 1740 utens.
1823 1709 1850 1736 itt

1060 1757 1133 1784 httttc
1147 1757 1353 1792 quodammodo
1366 1757 1487 1791 loquitur
1505 1755 1614 1782 tttoduttt
1629 1764 1635 1782 :
1652 1763 1661 1780 ι
1681 1753 1808 1782 Oblestor
1822 1754 1850 1781 ltl

1059 1805 1208 1836 conspectu
1226 1800 1272 1827 Dei
1288 1805 1312 1827 et
1325 1800 1476 1827 electorum
1488 1800 1659 1834 angelorum.
1673 1799 1683 1815 '
1700 1809 1710 1825 ι
1729 1799 1786 1827 lloc
1798 1799 1850 1834 igi—

1058 1853 1101 1876 tur
1113 1847 1299 1882 idetnquoque
1311 1846 1503 1881 prosequentis
1515 1850 1565 1873 est.
1579 1845 1649 1878 Quin
1658 1845 1738 1872 etiam
1750 1845 1851 1872 addere

1057 1894 1110 1922 hoc
1121 1895 1192 1925 loco;
1210 1893 1261 1925 Qui
1274 1893 1299 1919 in
1315 1898 1454 1925 conspectu
1471 1891 1558 1918 throni
1569 1891 1616 1918 Dei
1632 1895 1704 1923 sunt,
1719 1895 1851 1918 attestan-

1058 1941 1092 1968 tis
1107 1945 1148 1968 cst
1171 1939 1378 1966 tttinisterialem
1402 1938 1536 1970 ordinem,
1561 1945 1614 1965 non
1630 1938 1761 1973 aqualem
1776 1937 1846 1972 ipsis

1056 1987 1200 2015 honorent.

1092 2032 1176 2059 Testis
1187 2031 1284 2065 ﬁdelis.
1293 2029 1404 2063 Oportet
1418 2030 1620 2065 subintelligcrc
1629 2029 1657 2061 ὃς
1667 2030 1751 2062 ἔστιν,
1762 2029 1787 2056 id
1796 2034 1848 2062 est,

1056 2077 1102 2112 qui
1115 2081 1155 2104 est
1165 2085 1172 2109 ;
1185 2081 1214 2103 ut
1223 2076 1258 2103 sit
1268 2083 1365 2103 sensus
1377 2084 1383 2102 :
1393 2075 1446 2108 Qui
1460 2080 1502 2102 est
1512 2076 1600 2103 testis.
1612 2074 1847 2102 Considerandum

1056 2129 1097 2151 est
1111 2127 1201 2150 autem
1218 2121 1290 2157 quod
1300 2122 1376 2156 prius
1390 2122 1424 2148 de
1437 2121 1526 2148 Verbo
1534 2121 1627 2148 divino
1639 2125 1768 2155 tanquam
1786 2128 1842 2148 non

1056 2169 1198 2195 incarnato
1214 2167 1333 2200 locutus,
1349 2175 1412 2195 cum
1427 2167 1542 2194 diceret.
1564 2166 1617 2199 Qui
1633 2171 1708 2193 erat:
1724 2174 1798 2193 nttnc
1811 2167 1847 2193 dc

1055 2214 1114 2249 ipso
1129 2214 1270 2241 incarnato
1282 2213 1401 2245 disserit,
1420 2212 1531 2239 dicens:
1549 2211 1581 2238 Et
1597 2213 1630 2238 ab
1644 2210 1709 2238 Iesu
1726 2211 1844 2244 Christo,

1055 2267 1110 2287 non
1122 2259 1269 2286 dividendo
1281 2259 1370 2294 ipsutn
1389 2259 1415 2285 itt
1426 2257 1495 2286 duos
1510 2265 1556 2292 per
1570 2258 1621 2284 hoc
1635 2257 1708 2292 quod
1725 2257 1845 2292 subjun—

1017 2298 1041 2327 υ
1055 2305 1108 2339 git:
1128 2304 1161 2331 Et
1176 2304 1207 2331 ab
1229 2303 1294 2331 Iesu
1310 2303 1427 2336 Christo,
1444 2311 1538 2330 verum
1564 2308 1591 2330 et
1612 2303 1663 2330 hoc
1678 2307 1704 2330 et
1722 2302 1787 2329 illttd
1812 2302 1847 2330 de

1052 2351 1158 2384 eodem,
1177 2349 1349 2378 testiﬁcando
1362 2354 1389 2377 et
1401 2350 1473 2385 quod
1489 2350 1574 2384 patris
1587 2350 1623 2377 sit
1637 2348 1744 2384 etquod
1755 2348 1846 2376 incar-

1052 2402 1133 2424 natus
1149 2397 1193 2424 sit.
1211 2395 1280 2423 Nam
1310 2395 1361 2423 hoc
1380 2395 1535 2430 signiﬁcare
1565 2396 1622 2422 vult
1641 2403 1741 2422 nomen
1763 2395 1846 2422 Chri—

1052 2447 1128 2470 stus:
1139 2442 1186 2477 qui
1196 2441 1322 2469 Christus
1334 2442 1410 2476 iuxta
1422 2441 1450 2468 Β.
1461 2442 1573 2469 Paulum
1586 2443 1772 2470 testimonium
1786 2443 1847 2469 tulit

1057 2493 1187 2522 tanquam
1198 2488 1276 2515 testis
1285 2488 1336 2515 sub
1344 2487 1439 2515 Pontio
1448 2488 1544 2521 Pilato,
1560 2496 1622 2515 cutn
1635 2487 1704 2515 dixit
1719 2490 1752 2514 ad
1766 2495 1842 2514 cum:

1058 2543 1068 2560 ι
1084 2533 1208 2569 Regnum
1221 2542 1312 2562 meum
1333 2542 1388 2561 non
1403 2538 1446 2562 est
1465 2542 1499 2562 ex
1515 2535 1567 2562 hoc
1592 2535 1705 2561 mundo.
1719 2534 1741 2549 ¹⁰
1768 2542 1778 2558 ι
1797 2534 1845 2560 llis

1061 2581 1155 2615 itaque
1176 2581 1352 2609 sermonibus
1374 2582 1476 2608 excitat
1490 2581 1524 2608 ad
1540 2580 1745 2615 intelligendum
1763 2581 1837 2614 quod

1055 2627 1138 2654 etiam
1170 2627 1240 2654 Dcus
1264 2627 1300 2654 sit
1313 2627 1360 2662 qui
1378 2632 1508 2662 tanquam
1530 2627 1612 2654 honto
1628 2625 1796 2661 conspicitur
1816 2631 1843 2653 et

1054 2672 1112 2699 h:cc
1129 2672 1260 2707 loquitur.
1276 2672 1392 2708 Propter
1405 2674 1456 2701 hoc
1474 2674 1557 2708 igitur
1572 2677 1650 2700 testts
1664 2677 1706 2699 cst
1727 2680 1735 2698 :
1757 2671 1845 2700 ﬁdelis

1056 2723 1159 2752 autem,
1178 2719 1235 2747 sive
1250 2727 1343 2752 verax,
1367 2719 1438 2747 Dctts
1455 2723 1482 2746 ct
1496 2719 1577 2746 ltonto
1589 2729 1595 2747 :
1609 2719 1670 2746 idco
1686 2719 1767 2746 etiattt
1785 2723 1845 2745 tan-

1054 2773 1135 2800 quam
1160 2765 1242 2794 honto
1268 2770 1395 2794 mortuus
1413 2771 1464 2798 cst,
1484 2766 1605 2793 surrexit
1623 2773 1687 2794 vero
1715 2770 1844 2801 tanquam

1300 2856 1321 2872 '°
1338 2854 1416 2883 Joatt.
1436 2862 1511 2889 .\'\'ttt,
1528 2855 1572 2882 56.
