2095 3160
147 192 202 225 509

681 195 874 226 COMMENT.
898 197 940 226 IN
959 196 1223 227 APOCALYPSIN.

1730 197 1782 229 510

147 247 224 281 Upon.
240 245 296 272 Ἦν
322 246 376 282 γὰρ
390 247 419 274 τὸ
435 247 592 280 ἁνελλειπὲς
615 247 687 275 οὕτω
699 257 706 264 ο
728 249 771 282 Τῷ
793 250 939 276 λούσαντι

994 250 1171 284 subiunctum
1189 255 1231 277 est
1251 249 1380 284 ἐποίησεν
1399 250 1491 285 ἡμᾶς,
1513 250 1539 278 id
1563 256 1606 278 est
1628 251 1691 285 fecit
1715 259 1781 283 nos,

145 290 225 326 ἡμᾶς
239 291 274 318 ἐν
290 290 330 324 τῷ
351 292 452 325 αἵματι
467 293 572 326 αὑτοῦ,
596 294 644 320 καὶ
670 294 832 327 ποιήσαντι
849 294 938 328 ἡμᾶς.

146 337 207 364 Κᾶν
217 337 266 372 μὲν
275 338 293 372 ἡ
302 337 486 374 ἐπιφερομένη
499 339 588 365 ἔννοια
604 339 798 374 ὁμοιοπτὼτως
808 339 935 376 Erit-viq-

145 391 225 409 νεκτο
237 383 309 409 οὕτω
322 384 509 427 προαγομένη,
520 381 542 418 ᾧ
559 385 606 412 καὶ
617 385 745 421 ἐποίησεν
758 387 843 421 ἡμᾶς,
861 386 939 412 οὐδὲν

144 428 192 455 νῦν
207 429 274 464 ἡμῖν
288 430 352 465 περὶ
363 429 460 456 τούτου
477 430 625 466 προύκειτο
638 431 759 466 ζήτημα.
780 432 940 467 Ἐνέργειαν

144 474 171 502 δὲ
187 475 391 511 ὕποστήσαντος
408 476 453 503 διὰ
470 477 529 510 τοῦ,
546 477 682 511 ἐποίησε,
701 478 835 513 ῥήματος,
853 478 940 512 ἀναγ-

145 521 230 553 καίως
255 521 299 548 ίπ¹
318 521 426 549 εὐθεῖαν
450 522 554 550 πτῶσιν
577 523 770 558 ἁποχλίνομεν,
796 523 842 550 τὸν
865 524 939 559 ὲνερ-

145 566 246 601 γοῦντα
272 567 468 600 ἐπιποθοῦντες
494 568 602 604 μαθεῖν.
632 568 735 596 Τούτου
765 568 793 595 δὲ
819 569 879 601 πῶς
906 569 939 597 ἃν

145 613 332 647 ἐτυγχάνομεν
348 613 387 650 μὴ
411 614 462 649 τῆς
487 615 673 650 ὀνομαστικῆς
698 613 830 648 πτώσεως
849 625 938 651 παρα-

144 657 354 694 λαμϐανομένης
367 668 375 693 ;
391 659 432 686 Δι’
450 659 519 695 ὅπερ
534 659 565 686 τδ
586 660 708 692 ὲλλειπὲς
724 661 836 696 ἄρθρον,
849 662 866 697 ἠ
881 661 938 688 ὀνο-

147 706 265 742 μαστικὴ
289 706 381 733 εὐθεῖα
397 705 535 741 παρέσχεν
557 705 644 738 οὓτως
662 706 840 739 ἐξακούεσθαι
860 707 938 734 ἀνελ-

146 749 248 783 λιιπῶς
257 759 263 766 ·
281 752 330 785 Ὃς
345 750 394 777 καὶ
407 749 552 785 ἐποίησεν
565 751 644 786 ἡμᾶς
655 752 829 785 βασιλείαν,
844 753 937 786 οἱονεὶ,

151 797 303 833 ’Δνὴγαγεν
321 797 396 836 ἡμᾶς
415 798 454 829 εἰς
476 796 611 832 βασίλειον
626 798 715 831 δόξαν.
743 800 793 825 Ἦν
815 799 894 831 δόξαν
921 800 938 834 ἠ

144 842 261 878 ἐχομένη
276 842 415 878 ἔγγραφος
424 841 497 875 λέξις
509 843 589 878 ἱκανὴ
602 844 793 879 παραστῆσαι.

993 304 1054 323 cum
1071 295 1175 322 defectu
1192 295 1300 322 articuli
1325 295 1441 323 relativi.
1458 296 1570 331 Absque
1586 296 1694 324 defectu
1718 304 1785 324 vero

993 341 1029 368 ita
1046 341 1164 376 positum
1182 340 1289 372 (uisset,
1305 341 1345 374 τῷ
1362 341 1575 376 λούσαντιὴμᾶς
1592 344 1621 369 ὲν
1635 343 1674 378 τῷ
1687 344 1784 378 αἵματι

993 387 1086 420 αὑτοῦ,
1098 387 1145 413 καὶ
1158 388 1302 422 ποιήσαντι
1323 388 1407 422 ἡμᾶς,
1424 395 1521 423 nempe
1544 394 1691 424 utrumque
1712 391 1785 417 dati-

993 441 1068 461 vum.
1092 432 1169 466 Quod
1198 433 1221 460 si
1248 433 1331 460 etiam
1356 433 1526 468 subsequens
1546 435 1682 462 sententia
1705 436 1784 463 coin-

993 480 1115 507 cidcntcr
1137 479 1282 514 subiuncta
1296 479 1394 507 luisset
1416 480 1442 506 in
1462 480 1534 508 hunc
1550 481 1661 508 modnm
1675 491 1682 509 ε
1697 478 1719 516 ᾧ
1736 483 1784 509 καὶ

993 525 1122 560 ἐποίησεν
1136 526 1220 561 ἡμᾶς,
1231 525 1257 552 id
1266 529 1308 553 est
1321 532 1368 557 per
1381 534 1457 561 quem
1471 527 1550 553 etiam
1564 527 1626 562 fecit
1638 536 1694 558 nos,
1710 529 1783 555 nulla

993 575 1057 598 tunc
1078 571 1174 598 fuisset
1188 572 1268 598 nobis
1281 572 1373 599 relicta
1387 573 1514 606 qutestio.
1528 572 1613 600 Porro
1641 574 1779 601 actionem

992 623 1075 651 quam
1091 616 1203 650 protulit
1216 616 1242 643 in
1262 617 1343 644 verbo
1356 617 1480 651 ἐποίησε,
1496 618 1653 645 necessario
1661 619 1783 646 declina-

993 669 1054 688 mus
1069 662 1102 687 ad
1123 669 1218 689 casum
1236 666 1354 694 rectum,
1381 661 1490 690 discere
1506 663 1649 698 cupientes
1672 663 1734 698 quis
1748 665 1784 691 sit

992 707 1039 742 qui
1056 707 1167 734 efticiat.
1193 707 1220 734 Id
1237 711 1328 735 autent
1345 709 1485 742 quomodo
1511 710 1650 736 consecuti
1674 717 1781 741 sumus,

993 753 1045 780 nisi
1067 757 1210 788 assumpto
1235 753 1393 781 nominandi
1420 761 1486 782 casu
1503 759 1613 789 propter
1637 754 1782 782 articulum

992 799 1038 833 qui
1056 799 1169 826 deerat?
1189 798 1255 826 Nam
1277 799 1329 827 hoc
1342 800 1423 827 modo
1441 801 1628 828 nominativus
1648 804 1739 829 rectus
1754 800 1780 827 id

992 844 1080 872 eti'ecit
1095 850 1124 872 ut
1138 845 1242 880 absque
1254 845 1362 873 defectu
1378 845 1576 880 intelligeretur
1586 846 1615 877 ὃς
1626 846 1674 873 καὶ
1686 846 1782 881 εποίη-

146 898 191 916 σεν
206 891 281 925 ἡμᾶς
299 889 451 925 βασιλειαν,
467 889 514 925 qui
537 890 618 918 etiam
646 890 710 918 fecit
735 899 786 920 nos
811 899 935 928 regnum,

991 899 1086 927 nquam
1114 892 1255 920 reduxerit
1274 899 1324 920 nos
1355 892 1389 920 ad
1416 892 1518 927 regiam
1539 893 1665 927 gloriam,
1697 899 1781 926 quam

144 938 257 973 giarium
275 944 447 973 consequens
462 937 581 973 ascripta
593 938 679 966 dictio
692 944 754 974 apta
768 944 809 967 est
822 946 989 975 proponere.

180 983 265 1017 Αὐτῷ
281 984 300 1019 ἠ
323 984 409 1017 δόξα.
436 985 468 1011 'H
492 984 619 1017 σύνταξις
635 985 681 1012 τοῦ
700 986 795 1022 ῥητοῦ,
812 987 867 1014 ἀπὸ
880 987 935 1014 τῶν

1022 985 1081 1020 Ipsi
1090 986 1186 1021 gloria.
1203 985 1278 1014 Ordo
1295 986 1439 1014 sententiae
1453 985 1504 1014 hoc
1520 985 1601 1013 modo
1618 993 1633 1013 a
1663 986 1782 1013 novissi-

144 1030 306 1057 τελευταίων
321 1031 369 1058 ἐπὶ
384 1031 418 1058 τὰ
431 1031 526 1067 πρῶτα
542 1032 684 1059 ἐπάνεισιν
696 1032 784 1064 οὕτως
797 1041 804 1049 ·
817 1033 897 1068 Αὐτῷ
914 1033 931 1068 ἡ

143 1075 208 1109 δόξα
219 1075 266 1102 καὶ
280 1075 311 1103 τὸ
328 1076 430 1112 κράτος
446 1077 485 1112 τῷ
510 1078 686 1113 ὰγαπήσαντι
703 1078 777 1113 ἡμᾶς
806 1079 853 1105 καὶ
871 1078 934 1105 λού-

146 1130 224 1149 σαντι
239 1122 312 1157 ἡμᾶς
334 1123 364 1148 ὲν
386 1122 426 1158 τῷ
452 1122 511 1158 ἰδίῳ
526 1123 634 1158 αἵματι.
660 1124 715 1150 Καὶ
739 1124 797 1155 πῶς
819 1124 874 1160 γὰρ
887 1125 937 1152 οὐκ

144 1167 302 1203 ἠγάπησεν,
316 1168 413 1195 ἑαυτὸν
428 1169 491 1201 δοὺς
509 1170 668 1205 ἀντίλυτρον
682 1169 774 1204 ἡμῶν,
790 1170 828 1202 ὡς
850 1170 936 1206 ἀμνὸς

145 1213 336 1248 σφαγιασθεὶς,
353 1214 400 1243 καὶ
418 1214 457 1251 τῷ
474 1215 518 1242 διὰ
535 1215 654 1250 σταυροῦ
674 1216 757 1242 αὑτοῦ
776 1217 873 1252 αἵματι
891 1217 938 1244 καὶ

145 1258 223 1286 ὕδατι
241 1259 341 1292 λούσας
356 1261 442 1295 ἡμᾶς,
466 1261 551 1296 ἧγουν
565 1261 692 1298 καθάρας
713 1262 760 1289 τὸν
774 1263 829 1289 τῶν
843 1263 936 1298 ἁμαρ-

143 1304 211 1331 τιῶν
238 1305 325 1341 ῥύπον
341 1305 505 1341 ἡμῶνςκαὶ
532 1307 563 1334 οὐ
595 1307 676 1343 μέχρι
700 1307 798 1335 τούτου
826 1308 876 1343 τὴν
896 1309 938 1340 είς

145 1350 222 1385 ἡμᾶς
235 1350 318 1377 αὐτοῦ
337 1351 440 1386 στήσας
456 1351 628 1387 εὐεργεσίαν,
647 1353 715 1380 ἀλλὰ
732 1352 780 1380 καὶ
791 1353 931 1388 βασιλείαν

145 1396 213 1430 ἡμῖν
229 1395 424 1432 δωρησάμενος
436 1405 443 1430 ;
462 1397 518 1423 Καὶ
532 1397 575 1429 τίς
585 1398 602 1433 ἡ
612 1397 737 1433 βασιλεία
749 1405 757 1430 ;
773 1398 860 1433 ὃθενή
873 1398 939 1430 δόξα

144 1443 161 1476 ἡ
178 1441 287 1469 δοθεῖσα
302 1443 369 1478 ἡμῖν
396 1443 473 1480 παρὰ
496 1443 626 1479 Χριστοῦ,
649 1444 696 1472 τοῦ
723 1444 849 1479 γενέσθαι
864 1445 938 1480 ἡμᾶς

145 1489 231 1524 ῑερεῖς
246 1488 292 1516 τοῦ
310 1488 377 1515 Θεοῦ
391 1489 440 1516 καὶ
466 1492 611 1526 προφήτας
623 1510 630 1524 ,
648 1490 713 1522 τοὺς
733 1490 812 1517 οὐδὲν
826 1498 938 1525 προεισ-

144 1535 309 1568 ινεγκόντας
318 1534 368 1570 τῆς
378 1535 507 1569 τοιαύτης
515 1535 628 1568 ἐπάξιον
636 1536 799 1571 ἁγαθοδότου
808 1536 856 1563 καὶ
863 1536 939 1568 θείας

144 1580 185 1616 τῷ
198 1580 256 1606 ὄντι
268 1579 384 1615 δωρεᾶς.
407 1581 467 1615 Ἀφ’
492 1577 530 1608 ὧν
547 1580 668 1617 δωρεῶν,
696 1582 726 1608 οὐ
750 1582 831 1618 μόνον
844 1582 894 1618 τῆς
909 1582 939 1608 ἰν

143 1625 186 1661 τῷ
202 1625 316 1661 παρόντι
331 1625 382 1660 βίῳ
401 1626 439 1662 (5)
458 1626 537 1661 δόξης
555 1626 695 1661 ἐπήϐολοι,
722 1627 791 1654 ἀλλὰ
813 1629 862 1655 καὶ
888 1627 939 1663 τῆς

147 1671 300 1707 μελλούσης
317 1673 408 1707 τυχεῖν
422 1671 563 1704 εὐέλπιδες
575 1671 779 1708 καθιστάμεθα.

187 1716 262 1744 Ἰδοὺ
286 1716 404 1751 ἔρχεται
426 1717 502 1751 μετὰ
522 1716 581 1744 τῶν
597 1718 744 1753 νεφελῶν,
766 1718 814 1745 καὶ
834 1717 940 1753 ὄψεται

144 1762 241 1788 αὑτὸν
254 1761 315 1795 πᾶς
331 1763 497 1797 ὀφθαλμὸς,
512 1763 561 1790 καὶ
582 1764 693 1797 οἵτινες
706 1764 801 1791 αὐτὸν
820 1763 940 1796 ἐξεκέν-

145 1816 254 1841 τησαν.
272 1808 326 1835 Kal
340 1809 488 1843 κόψονται
502 1809 549 1836 ἐπ’
567 1809 663 1837 αὑτὸν
678 1809 774 1837 πᾶσαι
797 1811 828 1837 al
843 1810 939 1845 φυλαὶ

144 1852 202 1887 τῆς
214 1852 280 1888 τῆς.
297 1852 364 1885 Nai,
375 1852 465 1887 ἀμήν.
475 1854 549 1888 Ἐγώ
559 1855 617 1889 ειμι
637 1855 671 1881 τὸ
685 1854 767 1889 alga
794 1855 843 1882 καὶ
858 1855 891 1882 τὸ
906 1864 940 1888 ω,

144 1897 226 1932 λέγει
237 1897 345 1931 Κύριος
359 1898 376 1924 ὁ
391 1898 475 1930 Θεὸς,
491 1899 508 1925 ό
523 1897 576 1931 ὢν,
587 1898 636 1925 καὶ
651 1899 667 1926 ὀ
680 1896 730 1934 ἦν,
748 1898 799 1925 καὶ
821 1899 837 1925 ό
853 1898 940 1933 ἐρχό-

143 1952 248 1978 μενος,
264 1944 280 1970 ό
297 1943 524 1978 παντοκράτωρ.

188 1988 334 2022 Ἐνταῦθα,
353 1989 447 2025 φησὶν,
461 1989 499 2022 ὡς
514 1990 600 2025 ἀμνὸς
613 1989 803 2025 σφαγιασθεὶς,
819 1989 867 2016 καὶ
887 1989 942 2016 ἀπὸ

145 2033 194 2061 τοῦ
212 2034 328 2069 αἵματος
342 2034 426 2061 αὑτοῦ
439 2034 540 2067 λούσας
558 2035 605 2062 καὶ
619 2035 759 2067 ἀπολύσας
785 2035 864 2070 ἡμᾶς
884 2035 940 2061 τῶν

147 2080 302 2115 ἁμαρτιῶν,
318 2080 406 2111 οὕτως
420 2081 501 2112 αὐτὸς
515 2081 668 2113 ἐλεύσεται,
685 2082 734 2117 οὐχ
752 2080 790 2112 ὡς
814 2081 846 2107 τὸ
865 2081 942 2115 πρῶ-

147 2136 193 2154 τον
209 2128 239 2154 ἑν
252 2127 422 2163 παραϐύστῳ
435 2128 481 2155 καὶ
497 2128 748 2162 συνεσκιασμὲνως,
761 2128 775 2155 ὃ
786 2128 833 2154 καὶ⁴
848 2127 862 2154 ὁ
875 2135 942 2162 προ-

147 2175 238 2209 φήτης
251 2174 332 2200 Δαυῖδ
354 2174 398 2201 διὰ
417 2175 467 2209 τῆς
481 2175 529 2201 τοῦ
543 2174 622 2201 ὑετοῦ
639 2174 678 2206 ὡς
701 2175 748 2201 ὲπὶ
773 2175 858 2200 πόκον
873 2173 942 2208 ἀψο-

149 2221 216 2255 φητὶ
244 2220 356 2255 ᾐνίξατο
380 2220 562 2258 καταϐάσεως
581 2241 588 2253 ,
621 2220 689 2248 ἀλλὰ
725 2220 868 2256 παρρησίᾳ
896 2220 942 2247 καὶ

149 2266 276 2300 φανερῶς
288 2267 316 2292 ὲν
327 2267 360 2301 τῇ
380 2267 502 2301 πατρικῇ
518 2266 592 2303 δόξῃ,
609 2266 681 2292 ὥστε
703 2267 786 2292 παντὶ
805 2264 941 2301 ὀφθαλμῷ

988 1032 1040 1059 mis
1055 1032 1124 1059 redit
1137 1031 1170 1058 ad
1190 1031 1287 1066 prima:
1305 1031 1359 1066 Ipsi
1375 1031 1460 1066 gloria
1474 1035 1501 1058 et
1513 1031 1657 1065 imperium
1673 1032 1719 1066 qui
1735 1031 1778 1058 di-

987 1078 1053 1105 lexit
1077 1085 1127 1105 nos
1149 1081 1178 1105 et
1195 1077 1261 1104 lavit
1283 1084 1333 1104 nos
1353 1084 1402 1111 per
1415 1077 1577 1111 sanguinem
1595 1083 1687 1104 suum.
1706 1076 1781 1109 Quo-

988 1123 1069 1150 modo
1083 1122 1180 1150 euim?
1195 1122 1237 1149 Au
1253 1129 1307 1149 non
1325 1122 1421 1149 dilexit
1435 1122 1483 1156 qui
1498 1123 1619 1156 seipsum
1647 1122 1723 1149 dedit
1749 1123 1776 1149 in

987 1168 1104 1202 pretium
1120 1167 1316 1202 redemptionis
1331 1172 1431 1195 nostra!
1448 1172 1579 1202 tauquam
1594 1174 1686 1202 agnus
1699 1168 1782 1202 jugu-

988 1214 1070 1245 latus,
1082 1221 1114 1241 ac.
1127 1220 1175 1248 per
1186 1213 1342 1248 passionem
1356 1219 1435 1240 suam
1445 1213 1577 1248 sanguine
1585 1217 1612 1240 et
1626 1220 1697 1248 aqua
1716 1213 1782 1240 lavit

988 1267 1050 1292 nos,
1070 1258 1130 1286 sive
1144 1258 1301 1293 puriﬁcavit
1313 1266 1327 1285 ιι
1340 1258 1468 1286 sordibus
1482 1262 1656 1292 peccatorum
1669 1262 1782 1285 nostro-

987 1307 1066 1335 rum?
1081 1306 1113 1333 Et
1129 1315 1163 1334 ne
1176 1306 1220 1334 hic
1233 1306 1343 1341 quidem
1356 1305 1511 1333 terminavit
1528 1313 1578 1333 sua
1589 1313 1653 1342 erga
1669 1314 1720 1334 nos
1732 1306 1782 1333 be-

994 1352 1102 1384 neﬁcia,
1111 1352 1158 1379 sed
1173 1359 1287 1386 regnum
1299 1351 1379 1378 nobis
1389 1351 1503 1378 donavit
1515 1351 1639 1385 :‘etquod
1653 1350 1782 1386 regnum!

992 1397 1064 1425 unde
1077 1397 1164 1432 gloria
1182 1397 1262 1425 nobis
1275 1397 1338 1424 data
1355 1400 1397 1424 est
1408 1403 1423 1423 a
1438 1396 1561 1428 Christo,
1573 1401 1603 1423 ut
1611 1395 1783 1423 efficeremur

989 1443 1146 1470 sacerdotes
1165 1443 1211 1470 Del
1226 1449 1258 1470 ac
1277 1441 1428 1477 prophetas,
1443 1449 1506 1469 cum
1533 1441 1603 1468 nihil
1630 1441 1781 1468 obtulisse-

989 1496 1050 1516 mus
1068 1489 1140 1523 quod
1154 1488 1264 1523 dignum
1277 1492 1351 1515 esset
1370 1486 1526 1521 huiusmodi
1550 1486 1694 1522 magniﬁco
1707 1486 1781 1514 dono

989 1542 1021 1562 ac
1033 1534 1126 1561 divino
1141 1534 1220 1568 plane
1235 1539 1361 1560 munere:
1379 1532 1480 1567 quibus
1499 1532 1579 1560 donis
1592 1540 1645 1559 non
1663 1532 1690 1559 in
1707 1538 1777 1566 pne-

988 1580 1059 1608 semi
1077 1579 1132 1607 vita
1147 1583 1254 1606 tantum
1270 1578 1390 1606 assecuti
1419 1585 1515 1607 sumus
1538 1578 1665 1614 gloriam,
1692 1578 1739 1605 sed
1755 1582 1783 1604 ct

989 1626 1069 1654 bona:
1092 1625 1150 1660 spei
1166 1624 1318 1658 roddimur,
1344 1624 1417 1660 quod
1433 1624 1507 1652 illam
1523 1623 1549 1651 in
1575 1623 1669 1651 futuro
1698 1623 1781 1651 etiam

989 1678 1200 1707 cansequemur.

1023 1717 1105 1754 652
1119 1718 1140 1749 l,
1152 1717 1179 1750 7,
1190 1716 1288 1744 8.Etce
1298 1716 1367 1744 venit
1381 1723 1440 1744 cum
1453 1715 1574 1748 nubibus,
1585 1720 1607 1742 et
1620 1715 1712 1743 videbit
1725 1722 1783 1741 cum

990 1765 1075 1791 omnis
1088 1763 1191 1795 oculus,
1206 1767 1231 1789 et
1242 1764 1287 1797 qui
1303 1763 1390 1797 ipsum
1409 1765 1631 1796 compunzerunt.
1652 1760 1686 1786 Et
1704 1759 1783 1793 pluu-

989 1814 1047 1845 gent
1057 1817 1135 1844 super
1147 1816 1207 1836 eum
1228 1816 1318 1835 omnes
1346 1808 1432 1834 tribus
1459 1812 1546 1838 terrae,
1571 1805 1672 1836 Etiam,
1689 1806 1782 1831 Δηιιιι.

994 1854 1049 1889 Ego
1063 1862 1122 1882 sunt
1132 1856 1154 1880 Δ
1165 1859 1190 1880 et
1204 1854 1235 1885 Ω,
1254 1853 1320 1880 dicit
1336 1852 1464 1879 Dominus
1478 1852 1557 1885 Deus,
1573 1851 1617 1886 qui
1633 1855 1682 1883 est,
1699 1855 1723 1876 et
1738 1850 1784 1885 qui

991 1905 1059 1933 erat,
1076 1906 1100 1927 et
1115 1900 1160 1935 qui
1170 1899 1250 1932 venit,
1265 1899 1441 1933 omnipotens.

1026 1989 1130 2023 Quihic
1144 1989 1226 2017 veluti
1237 1996 1325 2024 agnus
1336 1988 1480 2024 jugulatus
1494 1991 1547 2019 est,
1563 1987 1662 2022 inquit,
1680 1991 1706 2014 et
1719 1994 1782 2014 san-

993 2036 1075 2072 guine
1085 2043 1136 2063 suo
1147 2035 1213 2062 lavit
1224 2041 1276 2062 nos
1289 2042 1304 2061 a
1318 2035 1449 2069 peccatis,
1461 2034 1517 2068 ipse
1528 2040 1561 2060 eo
1576 2033 1658 2059 modo
1671 2033 1776 2059 veniet:

995 2089 1050 2108 non
1073 2079 1304 2115 quemadmodum
1326 2079 1402 2114 prius
1428 2077 1588 2106 abscondite
1602 2081 1649 2103 aut
1664 2077 1783 2107 obteclc,

994 2128 1069 2164 quod
1082 2128 1164 2155 etiam
1177 2126 1311 2161 propinata
1326 2124 1410 2152 David
1431 2131 1479 2159 per
1495 2123 1660 2150 descensum
1679 2121 1778 2155 pluvlte

995 2182 1078 2209 super
1085 2173 1171 2200 vcllus
1180 2173 1201 2188 “
1214 2171 1315 2200 sensim
1328 2176 1355 2198 et
1364 2171 1468 2205 absque
1480 2168 1595 2203 strepitu
1608 2167 1781 2202 designavit:

995 2220 1043 2249 sed
1059 2220 1148 2255 palam
1167 2226 1201 2246 ac
1215 2216 1360 2245 manifeste
1379 2216 1406 2243 in
1432 2220 1544 2251 paterna
1569 2213 1665 2249 gloria,
1694 2217 1724 2240 ut
1749 2212 1785 2238 ab

999 2265 1073 2294 omni
1089 2264 1169 2292 oculo
1186 2263 1310 2291 videatur
1341 2261 1464 2289 omnium
1479 2261 1573 2295 judex,
1591 2259 1674 2286 nullis
1688 2265 1784 2285 corru-

149 2308 266 2342 ὀφθῆναι
285 2309 382 2345 κριτὴς
411 2310 560 2341 ἀδέκαστος
586 2310 725 2337 ἁπάντων.
755 2310 887 2345 Νεφελῶν
911 2309 939 2336 δὲ

1006 2316 1068 2346 plus
1083 2309 1254 2338 muneribus.
1270 2307 1388 2335 Nubium
1405 2312 1496 2334 autem
1514 2306 1558 2334 hic
1569 2312 1680 2340 quoque
1694 2312 1787 2331 sermo

148 2354 289 2381 κάνταῦθα
302 2355 391 2390 λόγος,
404 2356 441 2386 ὡς
454 2356 531 2391 ὲνίτῇ
544 2356 598 2383 ἀπὸ
610 2356 662 2392 γῆς
676 2356 760 2383 αὑτοῦ
773 2356 841 2391 πρὸς
854 2356 938 2391 οὐρα-

149 2401 211 2431 νοὺς
227 2399 322 2435 ἀνόδῳ.
342 2400 449 2432 Λουκᾶς
461 2401 515 2436 γὰρ
529 2402 558 2428 ἐν
572 2403 632 2433 ταῖς
648 2402 768 2436 Πράξεσι
784 2402 884 2437 γράφει
894 2410 940 2429 νε-

149 2445 236 2479 φέλην
248 2446 294 2472 τὸν
310 2445 414 2481 Κύριον
437 2447 595 2474 ὑπολαϐεῖν.
613 2447 727 2482 Μάρκος
741 2447 770 2474 δὲ
789 2448 818 2473 ἐν
835 2447 874 2482 τῷ
891 2447 938 2474 ὑπ’

149 2492 234 2518 αὑτοῦ
249 2493 383 2528 γραφέντι
406 2494 568 2529 Εὐαγγελίῳ
587 2494 634 2521 τὸν
664 2494 766 2530 Κύριον
780 2495 863 2521 αὐτὸν
880 2495 938 2521 εἰσ-

150 2538 212 2571 άγει
227 2539 293 2574 περὶ
309 2539 408 2566 ἑαυτοῦ
424 2540 539 2575 λέγοντα
551 2548 558 2555 ·
580 2549 589 2566 ι
607 2540 661 2568 Καὶ
676 2540 788 2576 ὄψονται
799 2541 847 2568 τὸν
873 2542 940 2569 Υἱδν

149 2584 198 2611 τοῦ
213 2585 358 2620 ἀνθρώπου
373 2587 522 2622 ἐρχόμενον
545 2587 591 2613 ἐπὶ
606 2587 661 2614 τῶν
680 2587 803 2621 νεφελῶν
829 2587 876 2615 τοῦ
891 2588 939 2615 οὑ-

152 2630 247 2665 ρανοῦ,
266 2641 275 2657 ι
293 2631 349 2658 τῶν
359 2632 479 2666 νεφελῶν
502 2631 632 2664 ἐνταῦθα,
654 2631 709 2658 εἴτε
723 2631 766 2658 διὰ
780 2632 811 2658 τὸ
840 2633 942 2666 κοῦφον

150 2676 201 2708 τὰς
214 2677 378 2712 μεταρσίους
393 2679 441 2705 καὶ
457 2678 609 2712 smnus,-
623 2677 776 2712 δηλούντων
792 2678 937 2711 δυνάμεις,

149 2721 188 2753 ὡς
206 2722 254 2749 καὶ
269 2723 350 2750 Δαυῖδ
371 2724 385 2750 ό
405 2723 550 2760 θεοπάτωρ
575 2724 604 2750 ὲν
628 2723 707 2758 νέφει
733 2723 783 2759 τὴν
811 2724 941 2750 ἐπίϐασιν

150 2767 229 2803 αὐτῷ
253 2768 292 2804 τῷ
315 2768 380 2803 θείῳ
400 2769 548 2802 ὑποτιθείς.
564 2770 615 2796 Ἦν
631 2770 678 2796 καὶ
698 2770 762 2802 τοὺς
787 2769 869 2801 θείως
895 2770 943 2796 καὶ

994 2357 1034 2390 tit,
1054 2356 1125 2384 sicut
1142 2355 1169 2382 in
1187 2361 1304 2382 ascensu
1318 2354 1406 2388 ipsius
1419 2360 1436 2380 ι
1450 2357 1522 2380 terra
1537 2351 1572 2379 ad
1586 2350 1684 2378 caelos?
1696 2349 1788 2378 Lucas

994 2409 1113 2437 namque
1129 2401 1224 2429 scribit
1238 2400 1264 2428 in
1281 2399 1368 2432 Actis,
1384 2399 1484 2426 nubem
1512 2397 1667 2432 suscepisse
1694 2395 1788 2422 Domi~

994 2456 1058 2476 num
1075 2449 1106 2474 :"
1119 2447 1228 2475 Marcus
1241 2454 1306 2474 vero
1322 2446 1349 2473 in
1365 2445 1512 2480 Evangelio
1525 2452 1540 2472 ιι
1552 2451 1583 2472 se
1594 2443 1698 2478 scripto
1708 2442 1788 2469 indu-

992 2495 1031 2522 cit
1044 2495 1134 2529 ipsum
1149 2493 1297 2520 Dominum
1317 2492 1350 2519 de
1364 2491 1456 2526 seipso
1472 2490 1608 2518 dicentem
1621 2498 1642 2516 ιι
1658 2488 1692 2516 Ει
1707 2487 1783 2514 vide-

993 2540 1061 2567 bunt
1073 2538 1171 2566 Filium
1184 2537 1304 2565 hominis
1319 2536 1474 2564 venientem
1488 2536 1514 2563 in
1528 2535 1650 2562 nubibus
1659 2531 1762 2560 caeli.“
1775 2539 1786 2555 ι

995 2585 1058 2612 Sive
1071 2585 1122 2611 hoc
1136 2584 1197 2611 loco
1210 2583 1297 2611 nubes
1319 2582 1354 2610 ob
1370 2582 1508 2609 levitatem
1524 2579 1682 2614 signiﬁcent
1703 2576 1789 2603 subli.

996 2638 1054 2658 mes
1068 2635 1095 2658 et
1107 2630 1244 2665 angelicas
1267 2633 1428 2664 potestates.
1443 2624 1675 2662 quemadmodum
1695 2627 1722 2649 et
1742 2620 1787 2647 Dei

993 2677 1148 2713 progenitor
1156 2676 1239 2704 David
1249 2675 1380 2711 supponit
1389 2674 1439 2709 ipsi
1451 2674 1504 2700 Deo
1514 2677 1657 2700 ascensth
1669 2669 1695 2716 in
1707 2667 1788 2716 nubet

997 2724 1018 2739 ’⁸
1033 2728 1080 2751 aut
1094 2723 1175 2751 etiam
1190 2723 1347 2758 signiﬁcent
1361 2720 1486 2749 homines
1499 2718 1593 2746 divino
1606 2723 1639 2743 ac
1652 2712 1785 2764 spirituali

998 2770 1080 2798 modo
1099 2769 1190 2798 vivere
1200 2768 1343 2805 eligentes,
1358 2766 1392 2795 dc
1416 2765 1517 2801 quibus
1536 2763 1608 2791 idem
1627 2766 1735 2797 quoque
1751 2762 1789 2786 ita

188 2837 210 2854 “
225 2837 299 2866 Psal.
319 2847 393 2873 Lm,
408 2839 436 2866 6.
475 2840 496 2855 ³⁸
510 2840 569 2867 Act.
587 2847 606 2872 ι⁷
618 2840 645 2867 9.
685 2840 798 2868 "Marc.
814 2847 873 2874 xm,
884 2839 929 2867 26.
969 2840 990 2856 “
1005 2839 1078 2868 Psal.
1089 2847 1146 2873 CIII,
1163 2839 1190 2867 5.

190 2897 229 2933 (3)
246 2898 300 2934 Τῆς
316 2899 346 2925 ὲν
357 2899 471 2935 παρόντι
487 2899 566 2935 δόξης
579 2899 653 2934 vulg.
