2095 3160
287 174 336 208 511

696 175 860 205 ARETlI/E
880 177 1070 206 Ci‘ESAREJE
1087 175 1330 207 CAPPADOCLE
1349 175 1521 205 EPISCOPI

1872 177 1924 210 512

286 233 409 269 loquitur
424 242 430 261 :
453 242 462 259 ι
477 233 499 260 Α
516 232 621 266 fulgore
646 232 706 267 ejus
723 233 811 260 nubes
835 233 1006 261 transierunt
1018 235 1051 261 ¹³.
1067 243 1076 259 ›
1095 251 1100 263 .

1142 233 1325 268 πνευματικῶς
1339 233 1389 268 ζῇν
1405 232 1551 266 ἑλομένους
1566 231 1727 267 ἀνθρώπους
1744 233 1844 268 δηλῶν,
1859 235 1924 269 περὶ

287 280 321 308 Et
337 280 408 307 ﬁlius
422 279 507 306 Amos
532 277 616 306 Isaias
633 278 668 305 de
694 278 797 306 eisdem
814 288 821 306 :
837 288 846 304 (
865 279 983 312 Quinam
1012 285 1077 307 sunt

286 326 331 353 isti
342 325 387 360 qui
400 329 430 352 ιιι
438 325 524 352 nubes
533 324 635 356 volant,
644 324 753 359 etquasi
764 325 829 359 pulli
848 326 1003 359 aquilarum
1014 326 1053 352 ‘5?
1066 335 1074 351 ι

287 370 466 397 Manifestum
498 369 570 396 enim
595 373 639 397 est
665 370 739 405 quod
769 370 804 398 de
831 370 873 398 his
892 370 1007 406 ﬁgurate
1021 371 1079 399 haec

286 416 360 442 dicat
369 416 414 450 qui
428 415 470 448 pie
479 415 583 447 vivunt,
594 415 666 450 quod
676 416 759 442 etiam
774 416 862 451 magis
870 417 1078 450 suscipiendum

286 465 338 491 cst,
357 462 380 487 si
396 467 515 495 prasens
542 468 652 495 quoque
675 460 778 488 dictum
791 462 952 497 conjectura
968 463 1079 498 assequi

293 514 401 540 aequum
413 511 465 538 est,
480 514 536 540 quo
546 507 646 534 dicitur
657 506 740 540 judex
756 507 849 535 venire
860 516 923 535 cum
942 509 1077 541 nubibus,

288 560 343 578 non
358 557 452 579 autem
475 552 536 579 vehi
553 559 567 579 a
591 552 727 580 nubibus:
757 553 803 580 cui
825 553 978 581 conformis
994 557 1036 581 est
1052 559 1080 581 ct

287 598 401 630 Paulus,
427 598 530 626 docens
554 606 604 626 nos
618 599 645 626 iu
671 599 791 626 nubibus
812 599 957 634 rapiendos
972 599 1080 627 obviam

289 643 398 670 Christo
411 644 437 670 iu
453 651 529 676 aera,
542 652 588 671 eos
602 652 720 679 namque
733 645 780 679 qui
793 645 871 679 juxta
887 645 967 673 Pauli
980 645 1082 673 doctri-

290 696 353 716 nam
382 689 517 722 vixerunt,
542 695 572 717 ut
584 698 692 725 semper
708 698 770 717 cum
786 690 903 718 Domino
924 692 987 719 sint.
1003 691 1081 724 Quod

291 735 313 761 si
329 734 411 762 etiam
427 734 566 769 aliquibus
589 735 688 763 melius
708 736 834 763 videatur
849 741 878 763 ut
905 744 968 763 vere
997 737 1082 763 nubes

291 779 402 813 fuerint,
421 781 516 815 quales
543 781 629 809 fuisse
641 781 767 808 feruntur
783 790 845 816 quae
862 782 889 809 in
907 787 998 810 monte
1013 782 1084 809 Tha-

291 826 341 853 bor
359 826 503 854 Dominum
521 827 663 861 ipsiusque
678 827 829 862 discipulos
843 828 1023 856 obumbrasse
1038 829 1082 856 di-

291 876 401 902 cuntur.
417 872 484 899 nihil
501 873 534 899 ob
549 873 607 900 haec
622 878 728 907 oportet
741 874 916 901 contendere.
931 873 1083 901 Venturum

293 922 385 944 autem
404 918 469 945 dicit
482 918 528 945 tali
547 918 631 953 gloria
646 919 789 946 Dominum
804 924 835 946 ut
851 919 885 947 ab
905 920 979 947 omni
1004 919 1084 947 oculo
1101 908 1121 937 Β

292 964 425 994 videatur.
441 968 468 991 et
478 964 511 991 ab
522 964 563 991 bis
577 964 625 998 qui
642 965 728 998 ipsius
740 965 886 992 adventum
898 965 1012 992 ﬁdeliter
1020 973 1084 1000 spe-

292 1014 364 1042 rant,
378 1009 458 1045 653
471 1014 498 1037 et
509 1010 543 1037 ab
553 1010 607 1038 illis
618 1011 665 1045 qui
675 1015 772 1045 praeter
783 1018 857 1045 spem
870 1011 904 1038 ab
916 1011 962 1038 illo
970 1011 1087 1038 circum-

293 1055 431 1082 dabuutur
450 1065 456 1082 :
472 1063 590 1090 quorum
610 1055 672 1083 illos
685 1055 795 1090 quidem
815 1055 939 1083 futurum
965 1061 1007 1083 est
1022 1055 1087 1083 inde

292 1101 445 1133 laetaturas,
462 1101 530 1128 istos
538 1108 604 1128 vero
617 1101 730 1127 omnino
746 1100 914 1135 plancturos.
928 1100 1013 1127 Porro
1025 1100 1086 1128 illos

293 1147 562 1181 dicitcompunxisse
573 1154 636 1174 eum
653 1145 700 1180 qui
716 1146 744 1173 in
754 1145 845 1173 crucis
855 1146 984 1180 passione
999 1146 1086 1173 clavis

294 1197 322 1220 et
336 1193 431 1220 lancea
447 1200 508 1220 eum
523 1192 747 1224 vulneraverunt,
768 1196 795 1220 et
821 1199 869 1220 eos
883 1192 930 1227 qui
945 1199 999 1219 una
1017 1199 1080 1219 cum

297 1238 366 1271 ipsis
379 1242 406 1264 et
419 1243 531 1272 propter
548 1237 608 1264 illos
625 1237 777 1265 convitiose
796 1237 823 1263 in
851 1243 913 1264 eum
931 1236 1083 1263 irruebant.

296 1283 383 1311 Porro
406 1284 440 1311 ad
453 1291 484 1310 ea
507 1291 568 1318 quae
589 1283 662 1310 dicta
687 1287 753 1310 sunt
771 1281 957 1309 testimOnium
985 1281 1089 1308 addens

299 1329 448 1362 ﬁrmitatis,
464 1329 683 1364 veluti‘sigillum
700 1327 834 1362 adjunxit,
860 1327 977 1354 dicendo
998 1326 1089 1353 Etiam

297 1378 324 1402 et
335 1374 437 1402 Amen:
453 1378 483 1401 ut
498 1382 532 1402 ex
548 1373 706 1401 Graecorum
724 1372 923 1400 consuetudine
936 1372 1021 1405 ναὶ,ἰά
1036 1376 1088 1404 est,

297 1421 392 1453 etiam,
406 1420 543 1447 dictorum
559 1418 810 1446 immutabilitatem
836 1422 932 1445 exacte
956 1418 1089 1445 absolvat.

297 1465 379 1492 Amen
398 1473 465 1493 vero
480 1465 551 1501 apud
564 1465 692 1493 llebrmos
707 1464 894 1500 subjungitur.
909 1464 942 1492 ad
957 1465 1092 1492 denotan-

299 1513 364 1539 dum
386 1512 458 1547 quod
473 1512 540 1539 nihil
559 1516 647 1546 potest
674 1511 897 1546 impedimentum
913 1515 1042 1546 prastare
1059 1520 1093 1538 ne

300 1558 462 1593 contingant
475 1565 536 1592 quae
552 1558 681 1585 conclusa
699 1561 775 1585 sunt.

337 1603 432 1635 Quies!
442 1608 466 1630 et
476 1604 521 1638 qui
531 1607 588 1630 erat
598 1607 623 1629 et
635 1602 680 1637 qui
694 1603 775 1635 venit,
788 1603 1055 1637 omnipotent.Qlicm
1065 1602 1092 1629 in

304 1646 493 1680 superioribus
504 1646 585 1678 dixit,
599 1646 651 1678 Qui
666 1651 716 1678 est,
726 1651 750 1673 et
770 1647 815 1680 qui
829 1652 898 1679 erat,
917 1651 941 1674 et
957 1647 1001 1681 qui
1016 1647 1094 1679 venit,

302 1696 329 1718 et
341 1698 413 1718 nunc
420 1699 529 1726 quoque
537 1695 615 1718 vocat
626 1692 846 1726 omnipotentem:
857 1699 937 1726 quem
948 1692 1031 1719 etiam
1040 1700 1094 1719 non

304 1736 388 1762 alium
406 1744 467 1764 esse
493 1744 575 1771 quam
594 1736 734 1764 Christum
748 1738 938 1765 ostendimus:
959 1742 1096 1772 quatenus

304 1788 337 1807 ca
351 1789 412 1816 qua:
426 1781 518 1808 divino
528 1782 621 1814 modo,
635 1782 668 1809 de
676 1789 709 1809 eo
717 1782 790 1816 quod
808 1790 871 1810 vere
886 1783 1098 1817 supersubstan-

305 1826 404 1853 tialiter
419 1832 462 1855 est
478 1827 505 1854 in
520 1828 614 1855 divina
647 1828 791 1862 Triuitate,
815 1828 955 1861 dicuntur,
975 1829 1018 1864 pie
1035 1837 1098 1864 pos-

305 1875 370 1898 sunt
390 1872 544 1900 indistincte
567 1874 690 1906 attribui,
709 1881 875 1909 rursumque
902 1875 988 1902 cuivis
1005 1882 1099 1909 perso-

306 1925 405 1945 narum
436 1919 540 1953 absque
564 1920 619 1946 ulla
645 1920 784 1955 impietate
804 1920 973 1955 appropriari
1000 1920 1099 1948 :hune

307 1965 433 1992 eumdem
461 1973 571 1993 rursum
597 1965 713 1998 inducit,
744 1970 888 2001 postquam
919 1966 1097 1994 novissimum

307 2019 388 2038 suum
413 2011 561 2040 adventum
579 2012 744 2047 signiﬁcavit
757 2012 808 2047 ipsi
826 2011 1099 2044 futurum,modum-

307 2065 361 2092 que
377 2066 430 2091 quo
445 2058 490 2086 hic
505 2058 614 2086 futurus
625 2063 676 2091 est,
691 2059 775 2086 etiam
794 2059 850 2086 haec
862 2059 1041 2086 indicantem.

343 2103 401 2139 Ego
419 2112 478 2131 sum
490 2105 514 2130 A
528 2105 597 2131 etﬂ.
612 2104 645 2136 Α,
662 2104 696 2131 ab
710 2111 743 2132 eo
757 2104 831 2139 quod
848 2104 1012 2140 principium
1040 2105 1076 2132 sit
1091 2114 1098 2132 :

308 2151 444 2186 siquidem
457 2153 479 2177 Α
488 2158 597 2186 quoque
616 2150 724 2178 initium
735 2155 777 2178 est
791 2150 817 2177 in
831 2150 966 2185 scriptura
979 2150 1100 2178 clemen-

308 2202 416 2224 torum:
428 2206 461 2230 te,
471 2203 580 2232 propter
592 2197 672 2224 ﬁnem
684 2197 856 2224 eorumdem.
866 2196 1034 2231 Principium
1051 2204 1100 2224 au-

1128 278 1167 308 ὧν
1180 280 1227 307 καὶ
1242 281 1256 307 ὁ
1272 279 1354 311 αὐτὸς
1369 278 1456 310 οὕτως
1474 278 1567 313 φησίν·
1593 287 1602 303 ι
1627 278 1694 304 ’Λπὺ
1718 279 1768 313 τῆς
1783 280 1922 316 τηλαυγὴ-

1129 335 1198 358 σεως
1213 325 1295 353 αὑτοῦ
1316 326 1344 352 αἱ
1360 323 1473 359 νεφέλαι
1487 324 1605 359 διῆλθον.
1627 334 1636 350 ιι
1652 325 1708 351 Καὶ
1731 325 1745 350 ὁ
1769 325 1858 360 Ἀμὼς
1873 328 1922 353 καὶ

1136 373 1253 404 Ἡσαΐας
1269 371 1334 407 περὶ
1359 370 1462 398 αὐτῶν·
1482 379 1491 396 ι
1511 369 1591 401 Τίνες
1605 369 1660 396 οἶδε
1683 369 1721 401 ὠς
1735 370 1847 404 νεφέλαι
1871 371 1923 397 πέρ

1128 427 1223 445 τανται
1241 418 1288 444 καὶ
1299 417 1335 448 ὡς
1352 415 1460 442 νεοσσοὶ
1474 415 1582 447 deum;
1602 425 1611 441 ι
1631 415 1715 450 Δῆλον
1735 416 1789 451 γὰρ
1804 416 1841 448 ὡς
1857 418 1923 452 περὶ

1130 465 1183 492 τῶν
1199 463 1331 498 θεοφιλῶς
1350 461 1589 498 βιούντωνταΰτά
1602 470 1668 496 φησι
1683 462 1833 497 τροπικῶς,
1844 463 1858 489 ὃ
1877 463 1926 490 καὶ

1132 511 1232 546 μᾶλλον
1249 509 1445 545 παραδεκτέον,
1457 508 1515 542 εἴγε
1540 507 1588 534 καὶ
1615 509 1646 534 τὸ
1663 509 1750 544 mpr
1768 509 1860 536 ἰκανὸν
1881 518 1926 536 τε-

1134 566 1151 584 κ
1158 557 1297 593 μηριῶσαι
1314 555 1405 591 ῥητὸν,
1424 555 1492 589 μετὰ
1510 554 1563 581 τῶν
1576 554 1695 589 νεφελῶν
1718 555 1822 588 φάσκον
1847 555 1926 591 ἔρχε-

1132 603 1196 630 σοαι
1211 602 1258 629 τὸν
1270 601 1386 636 Κριτὴν,
1404 600 1462 627 ἀλλ’
1474 600 1523 635 οὐχ
1544 599 1598 626 ὑπὸ
1608 600 1662 626 τῶν
1674 600 1793 634 νεφελῶν
1810 600 1926 635 ὲποχού-

1133 655 1222 682 μενον.
1234 642 1269 681 ⁷ῼ
1286 646 1333 672 καὶ
1346 644 1451 676 Παῦλος
1476 644 1596 679 συνᾴδει,
1621 644 1835 679 ἁρπαγήσεσθαι
1851 646 1925 680 ὴμᾶ..

1132 691 1269 727 ἐμπεδῶν,
1286 692 1324 722 είς
1341 691 1497 724 ἀπάντησιν
1520 689 1567 715 τοῦ
1587 689 1691 724 Κυρίου
1714 690 1753 721 εἰς
1768 689 1847 724 ἀέρα,
1865 691 1927 722 τοὺς

1132 738 1202 765 κατὰ
1217 737 1321 764 Παῦλον
1334 735 1439 770 ’δηλαδὴ
1451 735 1628 770 βεϐιωκότας,
1653 734 1700 761 τοῦ
1724 735 1841 762 πάντοτε
1857 744 1923 762 συν-

1133 785 1202 811 εῖναι
1227 783 1331 818 Κυρὲῳ.
1358 782 1389 809 Εἰ
1422 781 1450 808 δὲ
1468 781 1516 808 καὶ
1533 780 1648 814 νεφέλας
1660 780 1698 816 τῷ
1712 780 1768 807 am
1785 782 1856 808 νοεῖν
1872 781 1928 808 τισὶ

1135 830 1241 864 βέλτιον
1255 828 1329 854 δοκεῖ
1341 826 1471 858 τοιαύτας
1489 826 1549 857 οἵας
1565 826 1612 852 καὶ
1629 826 1657 852 ὲν
1678 825 1716 860 τῷ
1741 824 1841 860 Θαὸὼρ
1867 825 1926 860 ὄρει

1135 874 1255 908 καλύψαι
1274 873 1320 899 τὸν
1338 872 1443 906 Κύριον
1456 871 1502 897 καὶ
1517 871 1581 902 τοὺς
1596 870 1679 897 αὐτοῦ
1705 870 1829 905 μαθητὰς
1847 872 1860 897 ὁ
1880 871 1926 897 λέ-

1135 929 1183 954 γος
1200 919 1319 955 θρυλλεῖ,
1335 919 1411 945 οὐδὲν
1427 918 1491 953 περὶ
1508 917 1614 943 τούτων
1628 917 1778 943 διοίσεσθαι
1793 917 1843 944 δεῖ.
1865 917 1928 953 Ἐρ-

1135 967 1250 1001 χόμενον
1266 965 1295 992 δὲ
1311 965 1356 991 τὸν
1371 964 1473 998 Κύριον
1488 962 1550 998 δόξῃ
1566 962 1695 998 τοιαύτῃ,
1711 963 1829 997 ὀφθῆναί
1844 972 1928 998 φησιν

1136 1013 1189 1039 ὑπὸ
1200 1011 1300 1042 παντὸς
1310 1009 1463 1045 ὀφθαλμοῦ,
1479 1009 1527 1036 καὶ
1543 1008 1597 1035 τῶν
1610 1009 1659 1043 τὴν
1675 1008 1829 1043 παρουσίαν
1845 1009 1929 1036 αὐτοῦ

1137 1058 1242 1088 πιστῶς
1269 1056 1448 1087 ἐλπισάντων,
1478 1055 1526 1082 καὶ
1552 1055 1607 1081 τῶν
1634 1054 1682 1080 ἀπ’
1709 1054 1816 1086 ἐλπίδος
1843 1054 1930 1089 αὐτὴν

1138 1104 1271 1139 θεμένων,
1290 1101 1327 1130 ὦν
1341 1103 1403 1134 τοὺς
1422 1102 1470 1137 μὲν
1485 1100 1682 1136 εὐφρανθῆναι,
1707 1100 1772 1132 τοὺς
1795 1101 1823 1127 δὲ
1849 1098 1930 1133 x64:-

1139 1151 1201 1177 σθαι
1221 1149 1356 1183 παγγενῆ.
1384 1148 1454 1179 Τοὺς
1482 1147 1510 1173 δὲ
1535 1146 1754 1181 ὲκκεντήσαντας
1770 1146 1843 1181 λέγει
1867 1146 1932 1177 τοὺς

1139 1196 1211 1223 κατὰ
1235 1195 1266 1222 τδ
1280 1194 1429 1229 σταυρικὺν
1456 1191 1539 1220 αὑτοῦ
1562 1191 1648 1224 πάθος
1673 1191 1750 1227 ἥλοις
1774 1200 1803 1218 τε
1825 1191 1873 1217 καὶ
1895 1193 1928 1226 τῇ

1139 1242 1223 1277 λόγχῃ
1238 1241 1399 1276 τρώσαντας
1416 1239 1509 1271 αὑτὸν,
1528 1238 1575 1264 καὶ
1593 1237 1641 1264 σὺν
1661 1236 1778 1269 τούτοις,
1802 1237 1866 1269 τοὺς
1880 1237 1930 1263 ἀπ’

1140 1288 1253 1314 ἐκείνων
1271 1286 1441 1321 βλασφήμως
1455 1283 1530 1319 αὐτῷ
1544 1282 1762 1318 ἐπιτιθεμένους.
1778 1283 1890 1314 Τούτοις
1903 1282 1932 1309 δὲ

1141 1335 1196 1366 τοῖς
1212 1333 1369 1368 εἰρημένοις
1382 1331 1412 1357 τὸ
1437 1330 1548 1365 βέϐαιον
1563 1328 1773 1365 ἐπιμαρτυρῶν,
1791 1328 1933 1363 ἐπεσφρά-

1141 1389 1202 1414 γισε
1219 1379 1262 1406 διὰ
1275 1378 1322 1405 τοῦ
1334 1378 1430 1410 εἰπεῖν,
1441 1376 1496 1403 Ναὶ
1513 1376 1571 1408 καὶ,
1588 1374 1748 1410 Ἀμήν.Τοῦ
1763 1375 1812 1401 ναὶ
1828 1375 1889 1409 μὲν,
1904 1374 1935 1409 ἐξ

1149 1425 1309 1460 Ἑλληνικῆς
1325 1423 1469 1458 συνηθείας
1486 1422 1516 1448 τδ
1533 1421 1733 1456 ἀμετάπτωτον
1747 1419 1803 1447 τῶν
1821 1420 1934 1456 είρημέυ

1143 1480 1196 1499 νων
1211 1470 1418 1506 ὲξακριὸοῠντος
1428 1477 1435 1484 ”
1447 1468 1494 1495 τοῦ
1508 1467 1644 1502 δὲἈμὴν,
1662 1467 1727 1502 παρ’
1745 1466 1881 1501 Ἐὕραίοις
1895 1467 1936 1498 είς

1143 1518 1174 1545 τὸ
1190 1517 1276 1553 μηδὲν
1296 1516 1328 1543 ἂν
1344 1515 1474 1550 γενέσθαι
1492 1512 1619 1550 ἐμποδὼν
1635 1512 1673 1548 μὴ
1685 1512 1799 1548 ἐκϐῆναι
1813 1512 1846 1539 τὰ
1856 1512 1936 1547 ὴπει-

1145 1564 1263 1598 λημένα,
1278 1561 1461 1596 ἐπαγομένου.

1188 1609 1219 1636 '0
1231 1609 1283 1640 ὢν,
1301 1607 1349 1634 καὶ
1368 1609 1384 1634 ὀ
1395 1605 1443 1641 ἦν,
1459 1605 1507 1632 καὶ
1522 1606 1538 1632 δ
1552 1605 1723 1639 ἐρχόμενος,
1736 1605 1753 1631 δ
1765 1603 1936 1637 παντοκρά-

1145 1664 1213 1689 τωρ.
1233 1655 1282 1681 Ὃν
1296 1654 1391 1688 εἴρηκε
1406 1651 1545 1686 ἀνωτέρω,
1568 1650 1599 1677 '0
1613 1649 1670 1683 ὢν,
1688 1649 1737 1676 καὶ
1753 1650 1770 1676 ό
1784 1648 1832 1684 ἦν,
1847 1648 1896 1675 καὶ
1921 1650 1938 1675 ὁ

1146 1700 1318 1734 ἐρχόμενος,
1333 1698 1381 1725 καὶ
1395 1698 1411 1724 ὁ
1428 1694 1651 1729 παντοκράτωρ,
1670 1694 1699 1721 ὃν
1715 1694 1763 1721 καὶ
1782 1695 1831 1721 οὐκ
1856 1694 1937 1721 ἄλλον

1147 1745 1222 1782 ἢτδν
1239 1744 1357 1779 Χριστὸν
1379 1742 1448 1769 εἶναι
1472 1743 1642 1777 ἐδείκνυμεν.
1660 1741 1722 1768 καθ’
1740 1742 1803 1768 ὅσον
1819 1741 1852 1766 τὰ
1878 1739 1939 1766 οεο-

1149 1792 1262 1827 πρεττῶς
1275 1790 1320 1817 ἐπὶ
1335 1789 1381 1817 τοῦ
1401 1789 1572 1824 ὑπερουσίως
1593 1789 1670 1821 ὄντος
1685 1790 1714 1815 ὲν
1733 1789 1767 1823 τῇ
1783 1787 1879 1823 Τριάδι
1892 1786 1938 1814 λε-

1148 1838 1261 1872 γόμενα,
1277 1836 1312 1863 τὰ
1327 1836 1396 1863 αὐτὰ
1412 1835 1494 1862 πάλιν
1508 1835 1694 1866 ἁδιαστὰλτως
1714 1835 1760 1860 καὶ
1793 1833 1856 1860 καθ’
1870 1832 1937 1859 ὲκὰ-

1150 1891 1215 1918 στης
1229 1881 1405 1917 ἐναρμόττειν
1415 1881 1468 1906 τῶν
1479 1880 1666 1910 ύποστάσεων,
1680 1879 1802 1911 εὐσεῦὲς,
1816 1878 1875 1905 ἀλλ’
1889 1878 1939 1904 οὐκ

1149 1929 1257 1960 ἀσεῦὲς,
1280 1928 1375 1955 τοῦτον
1402 1927 1483 1954 αὐτὸν
1511 1924 1590 1958 αὖθις
1620 1926 1728 1960 εἰσάγει
1744 1924 1814 1960 μετὰ
1835 1924 1866 1951 τδ
1888 1923 1942 1959 τὴν

1149 1975 1266 2010 ἐσχάτην
1284 1974 1425 2000 ὲπέλευσιν
1440 1972 1523 2000 αὑτοῦ
1539 1972 1672 2008 γνωρίσαι
1684 1971 1775 2006 αὐτῷ,
1793 1971 1841 1998 καὶ
1865 1971 1943 2002 ὅπως,

1150 2021 1219 2056 αὕτη
1239 2021 1326 2054 ἔσται,
1344 2021 1385 2048 ἔτι
1396 2020 1444 2047 καὶ
1459 2019 1548 2047 ταῦτα
1562 2019 1744 2055 γνωρίσαντα,

1193 2110 1265 2146 Ἐγώ
1277 2111 1335 2145 ειμι
1351 2110 1384 2136 τὸ
1398 2109 1480 2144 ἄλφα
1492 2108 1541 2136 καὶ
1554 2109 1588 2136 τὸ
1601 2117 1635 2142 ῳ.
1649 2108 1742 2141 Ἄλφα
1756 2107 1799 2134 διὰ
1811 2107 1841 2134 τὸ
1853 2107 1942 2143 ἀρχὴν

1151 2153 1231 2188 εἴναι,
1245 2156 1286 2182 ὅτι
1306 2155 1353 2182 καὶ
1364 2154 1397 2181 τὸ
1411 2153 1493 2189 ἅλμα
1511 2153 1583 2189 ἀρχὴ
1594 2153 1648 2179 τῶν
1660 2154 1688 2179 ὲν
1703 2153 1847 2188 γράμματι
1868 2161 1941 2179 στοι-

1151 2201 1243 2236 χείων,
1265 2210 1288 2226 ω
1304 2200 1347 2226 διὰ
1368 2200 1398 2226 τδ
1414 2200 1490 2231 τέλος
1515 2199 1570 2226 τῶν
1586 2199 1688 2226 αὐτῶν.
1717 2198 1817 2235 Ἀρχὴν
1840 2198 1868 2224 δὲ
1893 2197 1942 2225 καὶ

309 2247 363 2268 tem
381 2247 409 2269 et
427 2243 507 2269 linem
523 2241 584 2276 quis
599 2249 653 2268 non
673 2241 805 2276 intelliget
818 2241 968 2276 significari
981 2249 1030 2276 per
1047 2242 1099 2269 hoc

1151 2246 1227 2278 τέλος
1246 2246 1288 2277 τίς
1303 2246 1353 2272 οὐκ
1379 2245 1412 2272 ἂν
1425 2245 1592 2280 ὲννοὴσοιτὺ
1614 2244 1731 2277 πρῶτος
1759 2243 1946 2278 σημαίνεσθαι

309 2289 383 2323 quod
391 2289 491 2316 dicitur
498 2290 597 2323 primus
605 2294 800 2322 acpostremus.
810 2287 860 2314 Per
867 2287 918 2314 hoc
926 2292 1017 2315 autem
1028 2288 1100 2323 quod

309 2335 349 2361 ait
367 2333 484 2365 Primus.
499 2334 660 2369 intelligitur
673 2341 728 2360 non
747 2333 846 2361 habere
865 2333 984 2366 initium,
1005 2341 1101 2369 quem-

309 2381 456 2408 admodum
472 2380 553 2407 etiaut
567 2387 615 2415 per
635 2380 689 2407 hoc
707 2379 781 2415 quod
798 2379 837 2407 ait
861 2379 1026 2413 Postremus,
1052 2388 1100 2408 ca-

310 2430 378 2459 rere;
395 2427 457 2454 ﬁue.
485 2425 619 2459 Quoniam
635 2426 708 2453 enim
734 2426 805 2461 apud
825 2425 952 2454 homines
966 2434 1020 2453 non
1035 2434 1103 2454 con-

312 2475 431 2510 tingitut
445 2474 548 2510 aliquid
564 2474 643 2502 initio
654 2479 748 2502 careat
763 2482 795 2502 ac
811 2474 874 2507 ﬁne,
892 2482 958 2502 usus
972 2473 1100 2508 estprin-

311 2522 383 2556 cipio
396 2529 427 2549 ac
457 2521 509 2549 ﬁne
520 2528 581 2556 qua;
605 2521 677 2556 apud
698 2528 750 2549 nos
773 2525 848 2554 sunt,
865 2527 913 2554 pro
929 2527 960 2547 eo
975 2519 1046 2555 quod
1061 2523 1104 2546 cst

313 2568 375 2595 sine
405 2567 484 2595 initio
526 2575 558 2594 ac
576 2567 641 2599 line,
668 2567 720 2594 hoc
757 2571 809 2600 est,
845 2571 1004 2602 perpetuus.
1035 2565 1098 2592 llmc

311 2616 394 2641 etiam
441 2622 487 2648 per
539 2613 639 2641 Isaiam
681 2613 781 2640 dixit:
815 2621 825 2638 ι
866 2612 922 2647 Ego
969 2612 1101 2640 Dominus

314 2660 383 2688 Deus
407 2660 523 2695 primus,
548 2667 597 2695 ego
618 2660 700 2688 etiam
726 2665 787 2695 post
811 2660 932 2687 hiem")
949 2660 981 2686 Et
993 2667 1027 2687 ne
1041 2659 1103 2692 quis

313 2707 477 2741 principium
498 2714 531 2734 ex
561 2714 615 2734 non
639 2706 749 2733 entibus
774 2705 911 2733 introduci
934 2705 1102 2740 suspicetur.

313 2753 453 2786 subiungit
463 2759 536 2779 nunc
547 2752 658 2784 Quiest,
672 2757 696 2779 et
713 2753 758 2787 qui
771 2757 839 2784 eral,
849 2757 872 2779 et
885 2751 929 2786 qui
945 2751 1024 2778 venit.
1034 2750 1104 2784 Quid

316 2801 406 2825 autem
423 2798 481 2825 lucc
494 2798 547 2825 sibi
565 2798 648 2826 velint
665 2797 770 2825 dictum
786 2802 829 2825 est
855 2804 952 2832 nempe
967 2796 1040 2831 quod
1058 2803 1105 2824 vc-

354 2885 375 2902 ”
387 2885 459 2913 Psal.
473 2894 538 2919 xvn,
557 2887 599 2914 l2.
639 2886 661 2902 ⁸⁸
682 2885 732 2914 lsa.
753 2893 798 2920 Lx,
814 2886 840 2918 8,
881 2885 902 2901 ”
917 2884 970 2912 lsa.
990 2892 1061 2917 των,
1078 2883 1104 2911 6.

1154 2293 1201 2320 καὶ
1223 2292 1254 2319 τὸ
1272 2292 1417 2326 ἕσχατος;
1442 2291 1486 2318 διὰ
1502 2291 1549 2317 τοῦ
1571 2291 1688 2325 πρῶτος
1703 2290 1741 2321 δὲ,
1762 2290 1792 2315 τδ
1812 2289 1944 2323 ἄναρχος

1155 2339 1295 2368 ἐννοεῖται.
1309 2337 1347 2369 ὡς
1365 2337 1411 2364 καὶ
1425 2336 1470 2362 διὰ
1481 2336 1528 2363 τοῦ
1543 2336 1675 2371 ἐσχάτου
1690 2336 1719 2362 τὺ
1730 2335 1938 2367 ἀτε.1εὐτητος.

1158 2384 1269 2419 Ἐπειδὴ
1286 2383 1340 2418 γὰρ
1366 2383 1417 2409 οὐκ
1440 2383 1498 2408 ἐστι
1513 2383 1587 2416 παρὰ
1611 2382 1767 2418 ἀνθρώποις
1789 2380 1907 2414 ἄναρχόν
1918 2388 1945 2406 τι

1156 2430 1203 2457 καὶ
1219 2430 1409 2464 ἀτελεύτητον,
1427 2430 1459 2463 τῇ
1481 2428 1547 2464 παρ’
1566 2429 1632 2463 ἡμῖν
1647 2429 1717 2463 ἀρχῇ
1739 2436 1768 2453 τε
1785 2427 1833 2453 καὶ
1848 2426 1888 2461 τῷ
1902 2425 1946 2451 τέ-

1155 2476 1196 2503 λει
1206 2475 1267 2502 ἀντὶ
1278 2475 1325 2502 τοῦ
1340 2476 1459 2510 ἄναρχος
1473 2475 1523 2501 καὶ
1538 2472 1721 2509 ἀτελεύτητος
1740 2472 1943 2508 κατεχρήσατο.

1156 2522 1242 2549 Τοῦτο
1268 2522 1316 2548 καὶ
1344 2520 1389 2547 διὰ
1414 2521 1527 2547 Ἱισαῒου
1556 2520 1664 2555 ἔλεγεν
1682 2530 1691 2546 ‹
1716 2519 1787 2553 Ἐγὼ
1811 2520 1913 2554 Κύριος
1932 2518 1947 2543 ὁ

1114 2598 1120 2603 _
1156 2568 1222 2599 Θεὸς
1240 2567 1358 2603 πρῶτος,
1383 2566 1440 2600 ἐγὼ
1464 2566 1511 2593 καὶ
1533 2567 1602 2601 μετὰ
1625 2566 1722 2594 ταῦτα.
1742 2575 1750 2590 ι
1771 2564 1825 2592 Καὶ
1849 2564 1892 2590 ἵνα
1909 2563 1946 2599 μή

1157 2622 1199 2645 τις
1215 2613 1262 2648 τὴν
1283 2613 1370 2647 ἀρχὴν
1388 2612 1418 2644 ἐξ
1437 2612 1486 2638 οὐκ
1507 2612 1593 2639 ὄντων
1618 2611 1780 2646 εἰσαχθῆναι
1804 2608 1947 2640 ὑπολάϐοι,

1157 2656 1285 2691 ἐπιφέρει
1298 2656 1344 2681 νῦν
1353 2655 1433 2686 τδ,⁷0
1444 2654 1496 2687 ὢν,
1512 2655 1562 2682 καὶ
1581 2657 1596 2682 ό
1607 2653 1657 2690 ἦν,
1678 2655 1727 2681 καὶ
1743 2655 1759 2681 ό
1774 2654 1947 2689 ἐρχόμενος.

1158 2703 1190 2730 Τί
1207 2702 1333 2730 δὲταῦτα
1352 2702 1475 2734 δύναται,
1496 2702 1613 2737 εἴρηται,
1630 2702 1671 2728 ὅτι
1695 2701 1733 2732 ὡς
1758 2699 1951 2731 διαιωνίζονται

1158 2750 1230 2777 κατά
1242 2757 1272 2776 τε
1290 2749 1378 2784 ἀρχὴν
1395 2749 1441 2776 καὶ
1455 2748 1542 2777 τέλος,
1558 2749 1618 2774 var‘
1631 2747 1717 2782 ἀρχὴν
1747 2747 1797 2778 μὲν
1810 2767 1817 2776 .
1829 2744 1950 2772 ἁνελλεμ

1159 2795 1229 2827 πῶς,
1248 2794 1318 2822 κατὰ
1332 2793 1408 2827 τέλος
1430 2793 1470 2825 δὲ,
1496 2793 1654 2828 ἀοιαδὸχως.
1675 2793 1703 2819 Ὀ
1727 2792 1758 2819 δὲ
1774 2799 1870 2822 ταυτα.
1900 2791 1949 2816 καὶ
