2095 3160
130 150 185 184 513

667 155 863 188 COMMENT.
883 156 926 188 IN
945 158 1210 191 APOCALYPSIN.

1713 162 1766 195 514

128 209 339 246 παντοκράτωρ,
351 211 389 243 ὼς
399 211 490 246 πάσης
502 211 619 243 κτίσεως
629 212 763 248 αἰσθητῆς
777 214 923 249 κατάρχων

977 216 1026 243 luti
1045 217 1256 251 perpetuitatem
1271 217 1470 250 demonstrent,
1487 221 1544 245 tum
1569 218 1604 246 ab
1618 218 1697 247 initio
1709 225 1767 247 tum

127 257 173 282 καὶ
192 256 303 291 νοητῆς,
331 257 345 283 ὀ
373 257 510 289 συνατδιος
530 257 569 292 τῷ
599 258 698 293 Πατρὶ,
715 259 764 285 καὶ
779 259 921 292 ἀποδιδοὺς

126 302 237 338 ἑκάστῳ
255 303 325 330 κατὰ
342 303 376 330 τὰ
389 303 469 339 ἔργα.
490 305 546 340 Πρὸ
559 305 684 340 βραχέως
707 305 736 332 δὲ
754 307 811 338 τοῖς
826 315 922 332 ταπει-

127 348 248 381 νοτέροις
267 349 314 376 καὶ
337 349 523 385 ἀνθρωπικοῖς
539 350 726 386 ἐνδιατρίϐων,
743 351 792 378 νῦν
807 351 920 378 καὶτῶν

127 395 273 430 θειοτέρων
286 395 332 422 καὶ
344 395 475 429 ἀξιοθέων
495 397 658 430 ἐφάπτεται.
678 398 711 424 '0
726 397 774 424 καὶ
797 398 919 433 ἀρχόμε-

127 448 171 470 νος
181 440 231 473 τῆς
249 440 438 476 προκειμένης
451 442 647 477 πραγματείας
669 443 753 469 ποιεῖ.
780 443 849 470 Ἀλλ’
863 444 923 470 ἐκεῖ

128 485 178 520 μὲν
192 485 242 520 οὐχ
257 485 329 512 οὕτω
343 487 461 521 τρανῶς,
478 488 597 514 ἐνταῦθα
621 488 650 515 δὲ
674 489 923 524 πεπαῤῥησιασμέ-

127 539 189 562 νως,
205 531 252 557 καὶ
265 528 310 557 οἷα
326 531 399 564 είκδς
412 531 444 558 τὸ
468 534 532 568 περὶ
554 533 608 560 τῶν
624 533 704 560 θείων
718 534 802 568 ἐρεῖν,
823 535 855 561 ὲκ
867 534 922 561 τῶν

127 576 213 610 ἁγίων
232 576 350 604 λαὸὀντα
365 578 516 614 προφητῶν
534 580 565 606 τὸ
581 579 734 616 ἐνδόσιμον.

976 268 1008 288 ex
1027 261 1095 288 line:
1114 262 1148 289 ab
1165 262 1242 290 initio
1257 263 1379 297 quidem,
1397 263 1471 298 quod
1487 264 1554 291 nihil
1571 264 1595 292 ei
1610 265 1769 299 praeceden-

975 306 1043 333 tium
1054 311 1206 342 temporum
1219 307 1289 334 desit
1302 316 1309 334 :
1320 315 1353 334 ex
1369 308 1422 335 line
1431 316 1504 342 vero,
1520 308 1592 343 quod
1610 311 1768 338 successio-

976 360 1010 380 ne
1024 358 1126 381 careat.
1142 353 1255 381 Ad‘haec
1268 359 1357 382 autem
1376 359 1418 382 est
1433 356 1618 390 omnipotens,
1637 360 1768 391 tanquam

976 399 1113 427 universae
1135 400 1275 428 sensibilis
1291 405 1424 428 creaturae
1449 406 1546 429 auctor
1567 407 1594 429 et
1618 402 1768 437 inspector,

974 450 1126 473 coaeternus
1133 445 1217 478 Patri,
1225 446 1270 481 qui
1282 447 1523 483 redditunicuique
1531 448 1680 476 secundum
1687 456 1769 484 opera

975 498 1037 518 sua.
1065 491 1133 518 Cum
1151 496 1241 519 autem
1263 493 1346 527 paulo
1378 499 1442 521 ante
1474 495 1501 521 in
1519 495 1713 522 humilioribus
1736 502 1769 522 ac

975 535 1104 564 humanis
1124 543 1290 570 versaretur,
1315 538 1400 574 654,
1429 547 1502 567 nunc
1525 540 1606 566 etiam
1634 539 1768 566 diviniora

975 581 1087 616 Deoque
1102 582 1184 617 digna
1200 584 1310 619 attingit
1324 593 1330 610 :
1343 584 1416 618 quod
1429 585 1510 612 etiam
1524 584 1642 612 faciebat
1658 585 1770 612 inchoa-

127 627 206 650 turus
223 631 342 658 praesens
369 627 525 660 negotium:
546 627 595 654 sed
624 628 661 654 ibi
678 628 788 663 quidem
816 635 870 656 non
884 629 921 655 ita
941 630 1095 664 perspicue,
1114 631 1165 659 hoc
1177 636 1269 659 autem
1304 632 1365 659 loco
1379 632 1492 660 liberius
1525 633 1651 668 loquens.
1662 632 1695 660 Et
1706 633 1769 660 talia

126 669 202 703 dicit,
231 670 323 705 qualia
346 677 561 700 consentaneum
587 678 648 701 erat.
676 682 738 702 eum
755 675 789 702 de
819 675 920 703 divinis
939 675 1078 704 dicturum
1096 684 1167 711 esse,
1200 678 1246 713 qui
1260 679 1391 706 asanctis
1421 679 1563 714 prophetis
1586 679 1694 706 dicendi
1718 685 1769 705 an-

127 722 185 742 sam
200 721 395 750 assumpscrat.

427 774 556 803 ΚΕΦΑΛ.
582 774 620 803 B'.

133 839 278 866 Ὀπτασιά
305 839 340 866 ἐν
362 836 383 876 ᾗ
404 841 456 881 τὸν
478 842 601 881 Ἰῃσοῦν
620 843 766 881 ῥθεάσατο
785 843 820 872 ἐν
835 844 919 880 μέσῳ

400 877 537 911 λυχνιῶν
551 877 636 905 ἑπτά.

167 941 242 977 Ἐτὼ
268 942 410 977 Ἰωάννης
425 945 442 970 ὀ
457 944 590 978 ἁδελφὸς
602 945 697 980 ὑμῶν,
709 946 759 973 καὶ
776 947 922 980 κοινωνὸς

126 989 161 1015 ὲν
170 988 207 1022 τῇ
221 988 323 1022 θλίψει
337 989 386 1016 καὶ
393 990 542 1024 βασιλείᾳ
553 990 603 1018 καὶ
614 992 754 1027 ὑπομονῇ
764 993 799 1019 ἐν
807 992 923 1028 Χριστῷ

133 1034 242 1067 Ἰησοῦ,
268 1034 417 1070 ἐγενόμην
440 1036 476 1062 ὲν
500 1036 538 1070 τῇ
570 1037 658 1071 νήσῳ
685 1037 724 1072 τῇ
747 1039 921 1074 καλουμένῃ

127 1079 245 1114 Πάτμῳ,
261 1080 311 1107 διὰ
323 1080 378 1106 τὸν
392 1081 488 1116 λόγον
498 1081 551 1108 τοῦ
569 1083 654 1115 Θεοῦ,
671 1082 720 1110 καὶ
735 1083 794 1117 τὴν
805 1092 920 1118 μαρτυ-

127 1124 201 1158 ρίαν
224 1124 328 1158 Ἰησοῦ
343 1126 484 1160 Χριστοῦ.
504 1126 665 1162 Ἐγενόμην
678 1128 714 1154 ἐν
725 1129 876 1163 Πνεύματι
887 1129 923 1156 ἐν

127 1169 165 1204 τῇ
181 1170 317 1205 κυριακῇ
327 1171 434 1206 ἡμέρᾳ,
445 1171 494 1198 καί
506 1171 627 1206 ἤκουσα
635 1173 742 1208 φωνὴν
753 1174 851 1201 ὀπίσω
864 1183 922 1207 μου

126 1215 264 1250 μεγάλην
286 1216 326 1249 ὡς
346 1216 516 1252 σάλπιγγος
544 1218 697 1252 λεγούσης
711 1227 719 1234 ο
743 1219 773 1245 ‘0
794 1219 921 1253 ,ϐλέπεις

128 1262 246 1296 γράψον
262 1263 307 1295 είς
319 1262 446 1294 βιϐλίον
459 1263 509 1290 καὶ
525 1263 648 1298 πέμψον
667 1264 733 1298 ταῖς
755 1265 830 1292 ἑπτὰ
851 1265 916 1293 Ἐκ-

127 1307 283 1340 κλησίαις,
298 1308 342 1340 εὶς
354 1308 498 1342 Ἔφεσον,
518 1309 568 1336 καί
585 1310 630 1341 εἰς
646 1309 798 1344 Σμύρναν,
813 1310 863 1337 καὶ
878 1312 922 1345 είς

128 1353 294 1387 Πέργαμον,
306 1354 357 1380 καί
369 1354 414 1387 εἰς
431 1355 587 1389 Θυάτειρα,
604 1355 652 1382 καί
665 1357 709 1388 είς
720 1355 853 1390 Σάρδεις,
870 1357 921 1384 καὶ

128 1402 172 1433 εις
185 1400 416 1435 Φιλαδέλφειαν,
431 1401 481 1428 καί
494 1402 540 1435 εἰς
553 1402 743 1429 Λαοδίκειαν.

170 1446 298 1482 ’Δδελφὸν
313 1446 411 1474 ἑαυτὸν
424 1447 470 1474 καὶ
484 1447 612 1474 κοινωνὸν
631 1448 684 1474 τῶν
701 1448 818 1482 θλίψεων
832 1450 919 1482 καλεῖ,

127 1493 162 1526 ἃς
176 1493 222 1521 διὰ
235 1493 281 1520 τὸν
297 1493 378 1527 λόγον
389 1492 437 1520 τοῦ
457 1493 527 1521 θεοῦ
546 1494 594 1521 καὶ
608 1494 640 1521 τὺ
651 1494 787 1530 κήρυγμα
803 1495 855 1522 ὑπὸ
866 1496 920 1522 τῶν

126 1538 250 1566 διωκτῶν
273 1539 394 1575 ἔπασχεν
427 1540 477 1575 τῆς
507 1540 655 1573 εὐσεϐείας
678 1542 730 1576 (διὸ
752 1542 800 1570 καὶ
827 1541 920 1575 αὐτὸν,

128 1585 240 1620 Πάτμον
249 1586 300 1621 τὴν
309 1585 389 1620 νῆσον
399 1587 484 1613 οίκεῖν
499 1587 743 1626 κατακεκρίσθαι)·
754 1588 813 1616 ἀλλ’
826 1589 900 1614 ὥσπε
905 1596 921 1623 ρ

128 1631 184 1658 τῶν
192 1630 318 1666 θλίψεων,
333 1631 406 1658 οὕτω
423 1632 468 1658 καὶ
483 1632 532 1667 τῆς
545 1632 695 1668 βασιλείας,
714 1634 749 1669 ἢν
763 1634 791 1660 αί
804 1633 922 1662 ἐνταῦθα

129 1677 233 1712 θλίψεις
251 1677 322 1712 ὑπὲρ
336 1677 455 1713 Χριστοῦ
480 1678 669 1713 προξενοῦσιν.
688 1679 719 1706 Εἰ
737 1679 808 1707 κατὰ
831 1680 921 1708 πάντα

126 1721 176 1749 οὖν
201 1723 330 1750 κοινωνὸν
347 1723 443 1750 ἑαυτὸν
464 1723 613 1758 δείκνυσιν,
632 1725 747 1757 εἰκότως
759 1725 792 1752 ἂν
817 1726 865 1753 καὶ
890 1726 922 1753 τὸ

128 1769 288 1802 ἀξιόπιστον
305 1769 359 1796 τῶν
372 1769 542 1805 ἑωραμένων
565 1770 640 1807 αὐτῷ
662 1771 710 1798 καὶ
730 1771 921 1800 ἀκουσθέντων

128 1815 219 1850 σχοίη.

164 1862 217 1889 Διὰ
229 1862 284 1890 τὸν
296 1863 390 1897 λόγον
408 1863 461 1890 τοῦ
488 1863 575 1891 Θεοῦ.
600 1863 688 1898 Λόγον
703 1863 772 1899 φησὶ
789 1863 838 1890 τοῦ
853 1863 921 1891 Θεοῦ

129 1909 178 1935 xxi.
194 1908 350 1944 μαρτυρίαν
362 1908 392 1935 τὸ
403 1908 578 1942 Εὑαγγέλιον
591 1908 605 1934 ὃ
618 1908 748 1943 ἔγραψεν.
769 1907 922 1943 Ἐξόριστον

127 1955 157 1981 δὲ
169 1954 252 1981 αὑτὸν
264 1954 391 1988 γενέσθαι.
407 1955 436 1981 ὲν
453 1955 557 1990 Πάτμῳ
580 1955 612 1990 τῇ
626 1954 701 1989 νήσῳ
723 1954 778 1981 ὑπὸ
793 1955 923 1990 Δομετια-

129 2001 188 2033 νοῦ,
219 2001 348 2033 Εὐσέϐιος
372 2002 386 2028 ό
408 2001 554 2036 Παμφίλου
580 2001 610 2027 ὲν
636 2000 676 2036 τῷ
694 2000 822 2036 Χρονικῷ
839 2000 922 2027 αὑτοῦ

130 2045 228 2080 βιϐλίῳ
240 2045 432 2080 παρατίθεται,

173 2091 336 2126 Ἐγενόμην
362 2091 397 2117 ὲν
423 2091 583 2125 πνεύματι.
619 2090 787 2125 Πρόσκειται
809 2090 848 2124 τὸ,
871 2090 923 2117 Ἐν

132 2137 292 2171 Πνεύματι,
309 2135 348 2171 τῷ
365 2136 450 2171 μηδὲν
462 2136 609 2171 ἐμφαίνειν
623 2135 796 2170 ἐνεργεῖσθαι
810 2135 859 2169 τῆς
875 2135 922 2161 ὰν‹

132 2183 274 2218 θρωπίνης
302 2183 432 2217 ἐχόμενον
455 2182 563 2217 χρείας,
581 2181 650 2207 ἀλλὰ
666 2181 721 2208 τῶν
744 2181 804 2216 θείᾳ
820 2182 922 2216 κατοχῇ

131 2228 372 2264 κατειλημμένων.

173 2274 226 2302 Ἐν
236 2274 330 2309 ᾑμέρᾳ
342 2274 371 2300 δὲ
388 2272 533 2307 κυριακῇ,
548 2273 598 2308 τῆς
612 2273 789 2305 ἀναστάσεως
804 2272 923 2309 Χριστοῦ

133 2322 307 2357 μνημόσυνον
330 2321 478 2356 φερούσης,
505 2319 552 2354 ἀφ’
577 2316 607 2346 οὗ
624 2321 671 2347 καὶ
689 2320 764 2352 είκὺς
780 2319 856 2346 οὐδὲν
870 2320 925 2346 τῶν

132 2368 202 2403 πρὸς
227 2368 329 2403 νεαρὰν
344 2367 490 2394 τεινόντων
516 2366 646 2401 ἀσχολίαν
676 2365 717 2401 τῷ
739 2365 926 2401 χρηματισμῷ

133 2413 415 2448 πεπραγματεῦσθαι.
432 2413 528 2450 Φωνὴν
544 2413 572 2440 δὲ
588 2412 625 2443 ὡς
640 2411 792 2446 σάλπιγγος
811 2411 926 2438 ὸπισθα-

133 2460 297 2494 κουσθῆναι,
313 2460 352 2491 εἰς
368 2460 398 2486 τὺ
427 2459 559 2495 διὰπυρόν
573 2467 603 2485 τε
618 2458 667 2486 καὶ
691 2457 853 2493 διαπρύσιον
876 2457 926 2491 τῆς

133 2507 303 2541 ἁπηχήσει-ις
327 2506 503 2541 χρεωστικῶς
519 2506 561 2537 εἰς
587 2506 679 2531 πᾶσαν
700 2503 864 2538 Ἐκκλησίαν
883 2504 927 2530 δο-

134 2553 228 2588 θῆναι.
251 2552 337 2579 Ἑπτὰ
354 2552 383 2578 δὲ
405 2552 483 2587 μόναι
510 2551 671 2587 Ἑκκλησίαι
693 2549 738 2582 αἷς
754 2550 926 2586 προστάσσε-

132 2608 179 2626 ut
195 2599 305 2635 γράψας
317 2598 351 2625 τὰ
366 2597 521 2633 βλεπόμενα
536 2596 699 2631 διαπέμψαι,
712 2597 762 2632 οὐχ
776 2597 817 2622 ὅτι
831 2595 928 2622 τοσαῦ-

133 2654 179 2672 ται
193 2646 222 2672 αἱ
236 2646 264 2671 ὲν
274 2645 353 2680 Ἀσίᾳ
362 2644 465 2677 πόλεις,
480 2643 538 2671 ἀλλ’
550 2644 578 2669 ὲν
590 2643 710 2674 ἐκείναις
725 2642 927 2678 προστάσσεται

133 2692 215 2719 τοῦτο
228 2693 326 2723 ποιεῖν,
341 2691 379 2722 ὡς
401 2689 549 2725 κατηκόοις
564 2688 726 2723 γενομέναις
741 2688 787 2715 τοῦ
807 2688 926 2722 εὐαγγε-

135 2737 215 2765 λικοῦ
233 2730 424 2773 κηρύγματος.
439 2737 490 2763 Ἠν
508 2736 554 2762 καὶ
572 2735 621 2771 (ὼς
632 2734 802 2769 πλατύτερον
819 2733 928 2769 εἴρηται

136 2784 333 2820 περὶτούτων)
357 2783 401 2810 διὰ
427 2783 457 2809 τὸ
471 2781 518 2808 τοῦ
549 2780 730 2816 ἑϐδοματικοῦ
754 2779 872 2814 ἀριθμοῦ
888 2779 928 2814 τῷ

137 2831 255 2867 παρόντι
270 2829 382 2865 φθαρτῷ
398 2829 477 2856 αἰῶνι
497 2828 650 2862 σύστοιχον,
670 2827 860 2858 καταντῶντος
883 2825 930 2861 δη-

135 2877 203 2910 λαόὴ
222 2877 261 2908 εἱς
275 2877 321 2902 τὸν
341 2873 527 2908 σαϐἧιτισμδν
556 2873 603 2899 καὶ
622 2872 669 2899 τοῦ
692 2871 836 2907 μέλλοντος
861 2870 927 2898 αἰῶ-

1293 779 1409 808 CAPUT
1425 779 1460 807 ll.

978 842 1051 872 Visio
1065 845 1092 873 in
1103 853 1155 880 qua
1168 846 1260 875 Iesum
1270 848 1335 876 vidit
1346 852 1373 875 tn
1388 850 1475 877 medio
1488 855 1583 885 septem
1594 851 1769 880 candelabro-

1330 893 1360 910 ru
1364 893 1387 910 m
1392 905 1396 912 .

1009 949 1030 980 Ι,
1047 949 1125 984 9—H.
1151 949 1207 985 Ego
1218 950 1336 978 Joannes
1349 951 1434 985 frater
1447 957 1529 980 vester
1543 958 1567 980 et
1586 953 1718 988 particeps
1741 954 1768 980 in

974 995 1115 1030 a/flietioue
1129 1001 1153 1023 et
1165 1005 1244 1032 regno
1259 1006 1290 1024 ac
1306 999 1438 1032 patientia
1452 1007 1499 1033 per
1515 999 1651 1027 Christum
1662 999 1766 1031 Jesum,

974 1040 1016 1075 fui
1032 1041 1058 1067 iu
1074 1041 1163 1069 insula
1174 1051 1233 1077 quw
1247 1043 1399 1078 appellatur
1412 1044 1530 1076 Patmos,
1548 1050 1654 1080 propter
1667 1053 1767 1071 sermo-

973 1094 1032 1113 nem
1052 1086 1101 1114 Dei
1113 1092 1136 1114 et
1151 1089 1331 1115 testimonium
1342 1088 1406 1116 Jesu
1421 1089 1533 1116 Christi.
1555 1090 1604 1117 Fui
1623 1091 1649 1116 in
1662 1089 1766 1124 Spiritu

975 1131 1114 1158 Dominico
1131 1133 1185 1164 die,
1197 1138 1221 1160 et
1235 1134 1324 1161 audivi
1337 1139 1394 1169 post
1409 1143 1449 1161 me
1465 1143 1552 1162 vocem
1571 1143 1694 1170 magnam
1711 1140 1768 1161 tan-

973 1185 1052 1211 quam
1069 1179 1137 1205 mlite
1152 1179 1264 1206 dicentis
1281 1180 1379 1212 :Quod
1403 1181 1473 1208 vides
1499 1181 1583 1207 scribe
1595 1181 1624 1207 in
1642 1180 1720 1212 libro,
1741 1187 1766 1207 et

973 1223 1048 1250 mitte
1066 1230 1164 1259 septem
1183 1224 1308 1253 Ecclesiis
1319 1235 1377 1261 qua:
1388 1232 1450 1254 sunt
1464 1227 1492 1254 in
1507 1228 1582 1260 Asia,
1608 1226 1722 1261 Epheso.
1743 1231 1767 1253 cl

973 1267 1126 1304 Smyrnaeet
1138 1269 1279 1305 Pergamo,
1289 1276 1313 1297 et
1329 1271 1465 1307 Thyatira:
1477 1278 1501 1300 et
1515 1273 1656 1307 Sardibus,
1666 1280 1691 1303 et
1703 1275 1768 1303 Plii-

974 1316 1126 1353 ladelp/iite,
1135 1323 1159 1346 et
1176 1317 1327 1346 Laodicew.

1001 1448 1123 1477 Fratrem
1135 1449 1256 1485 seipsum
1266 1454 1345 1478 vocat
1355 1453 1382 1477 et
1397 1450 1556 1485 participem
1570 1450 1596 1477 in
1609 1450 1766 1479 afﬂictioni-

971 1495 1023 1524 bus
1043 1503 1111 1531 quas
1126 1500 1236 1531 propter
1249 1495 1295 1523 Dei
1319 1502 1474 1523 sermonem
1501 1500 1528 1522 et
1545 1497 1765 1530 praedicationem

972 1549 1070 1577 passus
1097 1547 1138 1569 est
1161 1550 1175 1569 a
1189 1541 1410 1577 persecutoribus
1427 1541 1549 1576 pietatis:
1567 1542 1628 1569 ideo
1655 1551 1764 1578 quoque

974 1587 1177 1615 condemnatus
1193 1591 1245 1619 est,
1262 1592 1291 1614 ut
1306 1587 1333 1613 in
1347 1586 1465 1614 insulam
1481 1585 1601 1614 Patmon
1622 1587 1763 1622 migraret.

974 1632 1027 1660 Sed
1044 1633 1273 1668 quemadmodum
1295 1633 1321 1660 in
1342 1633 1678 1668 alllictionibusparticeps
1701 1634 1760 1665 fuit,

975 1678 1013 1705 ita
1029 1682 1056 1705 et
1071 1678 1097 1705 in
1114 1685 1197 1713 regno
1216 1677 1287 1712 quod
1306 1678 1427 1705 toleratae
1441 1685 1514 1706 nunc
1530 1686 1581 1713 pro
1598 1678 1709 1705 Christo
1724 1678 1764 1705 af-

973 1722 1106 1751 ﬂictiones
1130 1722 1291 1750 conciliant.
1309 1723 1338 1750 Si
1351 1723 1435 1758 igitur
1460 1723 1487 1750 in
1502 1723 1630 1751 omnibus
1644 1723 1765 1758 seipsum

973 1776 1034 1797 esse
1048 1768 1208 1804 participem
1221 1768 1349 1800 ostendit,
1368 1775 1476 1803 tequum
1501 1772 1543 1795 est
1565 1773 1594 1794 ut
1609 1768 1691 1795 etiam
1713 1767 1766 1795 [Ide

973 1815 1073 1852 dignus
1088 1816 1221 1843 habeatur
1236 1816 1262 1842 in
1278 1815 1321 1842 his
1338 1822 1398 1850 quae
1409 1822 1424 1841 a
1440 1822 1469 1842 se
1478 1814 1534 1841 visa
1544 1819 1607 1841 sunt
1621 1820 1647 1841 et
1661 1814 1764 1841 audita.

1009 1862 1123 1897 Propter
1137 1869 1282 1888 sermonem
1294 1860 1353 1887 Dei.
1371 1860 1531 1887 Sermonem
1541 1858 1587 1886 Dei
1599 1866 1630 1886 ac
1645 1859 1767 1886 testimo-

974 1908 1051 1935 nium
1071 1907 1325 1942 dicitEvangelium
1341 1905 1413 1940 quod
1425 1905 1545 1938 scripsit.
1562 1904 1653 1940 Ipsum
1674 1908 1766 1931 autem

975 1955 1002 1982 in
1015 1954 1109 1982 Patmo
1123 1953 1211 1980 insula
1236 1953 1386 1986 relegatum
1411 1952 1496 1978 fuisse
1524 1951 1576 1978 sub
1601 1950 1766 1982 Domitiano,

973 2004 1069 2027 auctor
1083 2003 1124 2026 est.
1137 1998 1272 2026 Eusebius
1291 1996 1426 2031 Pamphili
1438 1997 1465 2022 in
1481 1997 1539 2023 suis
1553 1995 1711 2023 Chronicis.

1010 2085 1060 2112 Fui
1083 2086 1110 2112 in
1124 2085 1229 2120 spiritu.
1247 2083 1362 2111 Additur
1373 2083 1406 2110 In
1430 2083 1536 2118 spiritu,
1554 2090 1588 2110 eo
1606 2083 1678 2117 quod
1700 2082 1767 2109 nihil

975 2133 1047 2168 quod
1061 2132 1187 2158 humana:
1199 2131 1347 2157 obnoxium
1360 2133 1402 2156 est
1419 2128 1575 2155 necessitati
1586 2128 1690 2155 eﬂicure
1703 2135 1764 2162 pos-

976 2178 1012 2205 sit
1026 2174 1344 2208 manil‘estationetn,sed
1362 2181 1423 2209 quae
1442 2173 1534 2200 divino
1558 2172 1661 2200 affectu
1681 2180 1766 2200 oecu-

940 2241 962 2268 D
977 2227 1086 2258 patitur.

1015 2267 1152 2295 Dominico
1168 2267 1222 2294 die.
1241 2265 1294 2299 Qui
1312 2264 1439 2292 videlicet
1457 2264 1616 2292 memoriale
1634 2263 1714 2291 affert
1723 2271 1767 2291 re-

977 2313 1159 2342 surrectionis
1174 2312 1287 2340 Christi.
1303 2311 1384 2347 655
1402 2310 1439 2338 Ex
1452 2318 1507 2346 quo
1522 2312 1603 2338 etiam
1619 2311 1769 2338 verisimile

980 2365 1022 2388 est
1040 2360 1109 2387 nihil
1121 2367 1216 2387 eorum
1232 2366 1293 2394 quae
1315 2358 1348 2385 ad
1374 2365 1476 2384 novum
1500 2361 1617 2390 vergunt
1642 2357 1764 2384 studium

977 2407 1087 2433 oraculo
1098 2405 1221 2432 tractari.
1249 2404 1351 2432 Vocem
1386 2407 1476 2430 autem
1503 2407 1633 2437 tanquam
1656 2403 1727 2430 tuba:
1753 2411 1769 2430 a

978 2457 1053 2487 tergo
1069 2452 1188 2479 auditam
1207 2450 1293 2478 fuisse
1308 2449 1408 2481 innuit,
1423 2456 1455 2476 eo
1474 2449 1546 2483 quod
1563 2456 1624 2476 acer
1640 2457 1671 2476 ac
1685 2457 1770 2483 pene-

979 2499 1094 2525 trativus
1103 2505 1187 2525 sonus
1193 2500 1345 2532 opportune
1353 2496 1456 2522 missus
1467 2495 1502 2522 sit
1513 2495 1546 2522 ad
1558 2502 1666 2522 onmem
1677 2493 1764 2521 Eccle-

978 2545 1058 2572 siam.
1073 2543 1158 2571 Porro
1174 2547 1278 2577 septem
1300 2546 1406 2569 tantum
1423 2541 1549 2568 ccclesiis
1567 2541 1676 2566 mittere
1688 2539 1767 2573 jube-

979 2596 1023 2618 tur
1040 2590 1144 2625 scripta
1159 2597 1219 2624 quae
1229 2588 1305 2620 vidit,
1323 2595 1376 2615 non
1389 2587 1462 2623 quod
1477 2587 1589 2614 totidem
1599 2585 1654 2612 sint
1668 2585 1693 2611 in
1704 2584 1769 2610 Asia

978 2638 1114 2669 civitates,
1125 2637 1171 2664 sed
1189 2635 1243 2663 illis
1251 2634 1431 2671 jubeturhzec
1446 2633 1603 2664 mittere,ut
1618 2638 1678 2666 quae
1686 2638 1767 2657 evan-

980 2684 1093 2719 gelicam
1110 2682 1333 2719 praedicationem
1351 2683 1540 2715 susceperant.
1555 2677 1609 2705 Aut
1623 2677 1706 2704 etiam
1721 2684 1768 2703 ve-

980 2731 1030 2758 luti
1046 2730 1125 2757 latius
1138 2730 1171 2757 de
1192 2729 1234 2756 his
1255 2728 1358 2756 dictum
1372 2731 1424 2758 est,
1440 2732 1473 2752 eo
1487 2723 1560 2759 quod
1573 2730 1705 2750 numerus
1725 2729 1770 2749 se-

980 2779 1121 2813 ptenarius
1136 2780 1268 2810 cognatus
1279 2775 1314 2801 sit
1332 2773 1395 2800 huic
1414 2769 1584 2805 corruptibili
1600 2769 1710 2801 saeculo,
1727 2776 1769 2795 rc-

981 2822 1117 2858 spondens
1131 2822 1214 2849 etiam
1235 2819 1340 2855 requiei
1363 2817 1448 2845 l‘uturi
1464 2815 1568 2844 saeculi.
1581 2814 1643 2842 Ideo
1660 2821 1771 2849 quoque

982 2873 1085 2904 septem
1101 2867 1185 2896 cmlos
1201 2875 1232 2894 ac
1244 2870 1347 2901 septem
1365 2862 1475 2898 angelos
1489 2860 1596 2889 caeteris
1613 2860 1770 2893 superiores
