2095 3160
325 194 379 229 515

328 253 438 288 scripsit
448 257 563 287 magnus
589 247 709 275 lrenaus
733 242 925 279 Lugdunensis
958 241 1111 276 episcopus.
1128 239 1152 270 Α

328 285 426 325 -Α-ιὶο
439 285 527 324 ηιοάο.
544 294 596 321 Fui
607 294 634 320 in
650 292 747 327 spiritu
759 289 898 316 Domittico
912 287 965 319 die,
975 291 1008 313 εει
1023 285 1116 312 audiui

328 353 424 372 vocem.
449 343 548 370 Videre
568 344 596 367 et
617 338 712 366 audire
726 344 781 363 non
797 339 902 370 oportet
920 333 992 368 apud
1007 331 1117 359 divinos

330 389 476 425 pruphetas
488 391 621 414 sensuum
630 382 804 418 operstiones
815 379 976 413 intelligere,
985 376 1032 404 sed
1047 375 1118 402 divi-

331 421 424 462 niores
437 433 542 468 spccits
559 431 592 458 de
606 430 706 465 quibus
715 428 796 455 etiam
813 425 935 460 loquitur
950 423 1036 451 Isaias
1047 421 1118 449 ﬁlius

329 481 412 508 Amos
427 488 434 506 :
453 488 462 504 ι
482 478 568 512 Erigit
582 476 647 503 milti
657 482 736 502 mane
749 480 840 504 mane,
853 470 933 505 erigit
948 469 1014 496 tttilti
1024 475 1118 495 aurem

331 526 364 552 ad
378 524 595 556 audiendum,et
614 520 759 554 disciplina
790 517 898 544 Domini
925 515 1013 549 aperit
1037 520 1119 540 aures

332 579 407 598 meas
419 579 425 596 :
439 569 460 584 ¹⁸
475 579 485 594 ι
498 569 524 595 id
537 571 626 594 autent
638 573 692 592 non
703 565 736 591 de
744 563 853 591 homine
863 562 909 596 qui
923 561 999 595 juxta
1010 565 1119 587 carnetn

331 622 374 645 est
384 615 553 649 intelligitur.
565 613 613 640 sed
621 612 655 639 de
663 619 696 638 eo
704 611 751 645 qui
763 615 805 637 est
817 608 966 636 secundant
981 606 1118 640 spiritum,

332 663 378 697 qui
401 661 482 689 etiam
503 659 559 686 Deo
583 665 654 685 cura:
681 661 732 688 est,
748 660 776 683 et
803 655 850 689 qui
876 653 1024 688 persistere
1054 650 1123 677 solet

333 696 462 743 princeps
478 705 612 732 universae
631 702 769 730 sensibilis
796 704 942 727 creaturas.
967 696 1121 725 Geminavit

333 741 423 780 autem
440 753 492 778 huc
505 751 565 777 loco
579 749 709 784 propheta
729 756 738 773 ι
763 746 842 773 Mane
861 741 1120 786 nquemadmodum

332 799 412 826 etiam
424 797 493 832 apud
507 797 575 823 alios
585 794 739 830 prophetas,
753 792 798 827 qui
810 791 886 818 aiunt
899 798 920 816 ιι
936 788 1014 815 Mane
1024 786 1122 814 exaudi

335 852 430 871 vocem
446 841 570 874 meam,"
583 849 592 866 t
610 845 637 867 et
649 848 658 865 ‹
682 838 760 866 Mane
774 836 869 864 astabo
886 835 951 862 tibi:
967 843 976 859 ι
993 838 1021 861 et
1042 833 1123 859 Mane

723 184 898 232 .ARETHA!
915 182 1108 215 CZESAREIE
1127 178 1368 211 ΟΑΡΡΛΟΟΩΙᾸΞ
1388 176 1561 209 EPISCOPI

1905 172 1958 205 ξιιῦ

1166 246 1222 269 νος.
1256 236 1302 263 Διὸ
1329 236 1377 262 καὶ
1403 234 1474 261 ἑπτὰ
1497 230 1651 268 οὐρανοὺς,
1667 229 1716 257 καὶ
1737 227 1870 262 ἀγγέλους
1889 228 1959 255 ἑπτὰ

1168 283 1222 309 τῶν
1237 282 1323 309 ἄλλων
1339 279 1520 316 προῦχοντας,
1539 279 1552 303 ὁ
1569 276 1657 312 μέγας
1674 274 1820 310 Εἰρηναῖος
1833 273 1847 300 ό
1868 274 1958 306 Aw?-

1167 329 1243 355 δόνου
1277 327 1427 357 ἐπίσκοπος
1465 323 1596 359 ἔγραψεν.
1623 336 1659 342 —-
1682 321 1808 353 Ἄλλως.
1842 319 1959 354 Ἐγενό-

1166 383 1229 410 μην
1251 374 1286 400 ἐν
1312 373 1458 406 πνεύματι
1480 370 1516 398 ὲν
1543 369 1580 403 τῇ
1609 365 1745 401 Κυριακῇ
1774 366 1880 400 ἡμέραν
1909 365 1960 392 καί

1169 419 1290 454 ἤκουσα
1304 417 1420 452 φωνήν.
1435 416 1471 442 Τδ
1489 415 1599 450 βλέπειν
1613 413 1662 439 καὶ
1675 411 1789 437 ἀκούειν
1801 410 1878 444 παρὰ
1902 412 1960 441 τοῖς

1170 464 1253 495 Θείοις
1267 463 1423 497 προφήταις
1437 461 1487 487 οὐκ
1502 459 1656 493 αἰσθήσεως
1669 455 1811 491 ἐνεργείας
1822 456 1894 482 νοεῖν
1908 455 1958 488 δεῖ,

1170 510 1238 536 ἀλλὰ
1256 508 1396 543 Θειοτέρας
1410 507 1555 542 ἐμφάσεις.
1572 504 1638 538 Περὶ
1650 499 1689 529 ὧν
1703 502 1751 529 καὶ
1763 503 1778 528 ό
1795 501 1896 536 Ἀμὼς,
1914 502 1961 527 καὶ

1169 558 1184 583 ό
1203 555 1317 586 Ἡσαΐας
1335 553 1437 589 φησιν·
1460 562 1470 578 ι
1499 551 1602 586 Ἐθηκέ
1620 558 1654 585 με
1679 548 1752 583 πρωῒ
1780 547 1854 582 πρωῒ
1880 547 1961 574 ὠτίον

1172 602 1281 629 ἀκούειν
1293 611 1299 617 -
1315 601 1361 627 καὶ
1373 601 1389 635 ἡ
1400 599 1510 626 παιδεία
1520 598 1623 632 Κυρίου
1641 596 1746 630 ἀνοίγει
1764 603 1814 629 μου
1827 594 1860 621 τὰ
1872 591 1958 621 dtu»

1172 649 1258 674 Τοῦτο
1276 647 1304 673 δὲ
1332 647 1364 673 οὐ
1380 645 1427 672 τοῦ
1456 645 1526 672 γατὰ
1557 645 1646 678 σάρκα
1661 643 1816 677 ἀνθρώπου,
1828 641 1896 667 ἀλλὰ
1913 640 1962 666 τοῦ

1172 694 1242 720 κατὰ
1257 692 1378 727 πνεῦμα.
1396 693 1444 722 Ὃς
1461 690 1508 717 καὶ
1525 690 1629 724 μεμελη
1636 688 1716 723 μένος
1731 687 1790 722 Θεῷ
1806 686 1855 713 καὶ
1871 686 1962 721 ἄρχων

1173 740 1282 773 ἁπάσης
1305 737 1356 772 τῆς
1379 736 1542 772 αἰσθητικῆς
1558 735 1674 765 κτίσεως
1695 733 1828 760 διατελεῖν
1853 733 1959 759 εἴωθεν,

1179 784 1369 811 Ἐδιπλασίασε
1392 782 1420 809 δὲ
1436 783 1450 808 ό
1482 781 1625 817 προφήτης
1641 779 1671 806 τὸ
1689 789 1699 804 ι
1729 778 1803 814 πρωῒ
1820 789 1828 804 t
1845 778 1963 805 ἐνταῦθα

1174 830 1280 867 (ὥσπερ
1309 830 1356 856 καὶ
1378 829 1443 862 παρ’
1466 828 1570 863 ἑτέροις
1599 826 1755 862 προφήταις
1790 825 1837 857 τὸ,
1857 835 1865 850 ι
1886 824 1962 860 Πραῗ

336 898 425 921 mane,
443 896 497 915 tton
516 887 628 918 frustra,
646 885 693 912 sed
719 883 866 911 vehemens
891 880 1012 909 studium
1024 887 1039 907 a
1056 883 1124 905 teut-

1177 877 1346 907 εἰσάκουσον,
1365 875 1511 909 φάσκουτι,
1536 872 1586 906 τῆς
1610 871 1704 906 φωνῆς
1725 879 1776 906 μου
1794 879 1800 886 ·
1822 880 1830 895 ι
1854 871 1900 896 καὶ
1921 870 1963 899 τὸ,

334 943 400 972 pore
425 935 628 964 demonstrans,
644 931 676 958 ad
693 929 765 965 quod
780 929 860 956 etiam
890 932 998 961 tempus
1025 925 1122 953 divittte

1178 933 1187 949 ι
1210 921 1286 957 Πρωῒ
1309 918 1523 956 παραστήσομαί
1541 927 1595 945 σοι·
1614 928 1623 944 ι
1650 919 1697 944 καὶ
1718 917 1764 949 τὸ,
1787 916 1866 950 Πρὸς
1890 916 1966 950 πρωϊ

333 987 443 1017 quoque
457 978 631 1014 operationes
648 976 765 1004 libenter
780 973 872 1002 solent
885 972 1025 1000 accedere.

371 1110 393 1143 l,
416 1107 510 1136 £2-16.
538 1107 572 1134 Et
597 1112 736 1133 conversus
757 1111 815 1130 sum
839 1108 868 1129 ut
891 1101 1006 1128 viderem
1037 1106 1123 1126 uocem

333 1164 393 1190 qua:
407 1154 563 1190 loquebatur
593 1157 712 1179 mecum:
731 1155 755 1177 et
787 1155 927 1176 conversus
948 1146 1001 1173 uidi
1027 1149 1124 1180 septem

335 1201 495 1230 candelabra
509 1208 601 1231 aurea,
614 1203 638 1226 et
654 1199 682 1224 in
698 1196 782 1224 medio
799 1199 894 1230 septem
906 1192 1125 1221 candelabrorum

336 1248 450 1275 similem
466 1246 539 1273 Filio
556 1244 681 1277 hominis,
693 1243 813 1270 vestitum
828 1246 896 1268 veste
911 1240 1003 1273 talari,
1021 1243 1044 1266 et
1056 1245 1125 1273 pra:-

337 1294 454 1321 cinctum
469 1292 504 1319 ad
522 1290 656 1318 tttantt'llas
669 1297 737 1316 zona
752 1296 834 1316 aurea
849 1291 947 1322 :eaput
966 1293 1025 1312 uero
1038 1284 1126 1318 ejusct

337 1338 429 1374 capilli
454 1337 515 1364 alba
533 1340 608 1364 erant
622 1336 690 1362 sicut
711 1334 774 1361 lana
789 1333 861 1366 alba,
876 1336 900 1360 et
918 1337 1043 1366 tanquam
1058 1329 1103 1356 nia:
1115 1335 1125 1355 .'

338 1384 408 1411 oculi
424 1391 525 1418 quoque
556 1382 638 1417 ipsius
664 1380 732 1408 sicut
761 1379 870 1414 ﬂamma
888 1377 957 1412 ignis
977 1380 1022 1403 :et
1050 1376 1125 1409 pedes

338 1431 395 1466 ejus
411 1429 510 1457 similes
528 1426 720 1458 cltalcalibnno,
735 1425 805 1452 velut
823 1424 850 1451 in
867 1422 975 1455 camino
988 1420 1121 1448 ardentes.

339 1476 374 1504 Et
398 1482 447 1502 1'01
456 1475 514 1509 ejus
529 1477 655 1507 tauquam
663 1479 712 1498 vox
724 1478 853 1506 aquarum
865 1468 1018 1495 multarum.
1031 1466 1065 1493 Et
1077 1465 1126 1492 Ita-

338 1522 414 1549 bebat
423 1522 450 1548 in
461 1521 570 1547 dextera
578 1527 628 1546 sua
643 1522 740 1552 septem
752 1516 843 1544 stellas
857 1519 899 1542 :et
912 1514 944 1541 de
955 1513 1060 1548 oreejus
1069 1512 1127 1547 gla-

337 1568 398 1594 dius
418 1574 450 1594 εκ
463 1570 574 1600 utraque
589 1568 665 1599 parte
688 1567 783 1590 acutus
801 1562 901 1594 exibat,
923 1565 947 1588 et
962 1559 1045 1595 {acies
1069 1558 1126 1593 ejus

337 1613 406 1640 sicut
424 1611 464 1638 sol
478 1611 544 1638 lucet
560 1610 588 1637 in
601 1610 696 1637 virtute
710 1616 770 1636 sua.

374 1743 458 1779 656
473 1741 551 1775 Quod
568 1749 622 1769 non
642 1740 780 1769 sensibilis
794 1739 878 1767 luerit
893 1746 957 1771 vox,
969 1738 1016 1766 sed
1032 1737 1128 1773 quales

341 1794 408 1817 sunt
424 1788 617 1824 prophetarum
633 1785 843 1814 inl‘ormationes
857 1784 1002 1820 principali
1027 1783 1128 1819 spiritu

343 1833 432 1865 facta,
458 1831 615 1860 manifestat
627 1831 733 1864 dicens,
780 1829 925 1857 Conversus
951 1837 1010 1856 sum
1022 1835 1076 1855 non
1099 1832 1126 1854 ut

341 1879 477 1909 audirem,
487 1877 534 1904 sed
553 1880 582 1903 ut
594 1875 727 1904 viderent.
742 1875 814 1903 Idem
830 1875 903 1902 enim
919 1879 961 1902 est
976 1873 1127 1909 spiritualis

342 1925 453 1951 auditus
484 1931 547 1950 cum
578 1923 638 1950 visu
659 1923 717 1950 sive
742 1926 886 1957 prospectu
904 1929 912 1948 :
933 1920 993 1948 ideo
1019 1926 1129 1954 quoque

342 1970 412 1998 dixit
426 1976 521 1997 v0cem
538 1969 571 1996 ad
587 1976 616 1996 se
631 1968 717 2003 loqui,
740 1968 793 1995 hoc
822 1971 865 1994 est
884 1966 1029 2000 disponere
1052 1964 1126 2000 qttod

342 2016 515 2052 supponitur.
537 2014 624 2042 Simul
636 2020 727 2041 autent
743 2014 777 2040 ad
794 2013 852 2040 hate
868 2011 1071 2040 subaudiendus
1086 2015 1129 2038 est

342 2061 474 2089 articulus
483 2061 516 2088 ad
527 2061 668 2089 sententia:
679 2059 883 2095 perfectionem,
911 2061 942 2084 ut
954 2057 991 2084 sit
1005 2063 1102 2084 sensus
1119 2065 1126 2083 :

343 2105 444 2134 Vocem
458 2107 519 2141 ejus
537 2106 584 2141 qui
610 2105 776 2139 loquebatur
793 2110 899 2131 mecum
915 2111 922 2129 :
953 2109 1040 2136 neque
1053 2102 1127 2128 enim

341 2159 394 2179 vos
407 2152 491 2179 videri
506 2154 606 2186 potest,
621 2150 668 2177 sed
684 2149 707 2176 is
721 2149 767 2184 qui
781 2148 912 2183 loquitur.
929 2146 987 2174 Hoc
997 2151 1049 2178 est,
1061 2154 1127 2172 con-

343 2203 439 2223 versus
454 2204 514 2224 sum
533 2200 563 2223 ut
580 2196 655 2222 hunc
672 2194 790 2221 viderem
807 2192 884 2226 cujus
896 2200 947 2218 vos
966 2192 1127 2226 loquebatur

343 2248 462 2268 mecum.
478 2241 518 2268 lla
538 2248 656 2275 namque
669 2240 794 2267 ordinata
810 2239 954 2271 sctttcntia,
974 2238 1025 2265 erit
1042 2238 1129 2265 mani-

343 2286 441 2312 festata
457 2291 484 2312 et
498 2286 601 2320 absque
614 2285 688 2311 untni
704 2285 820 2311 delectu.

383 2331 489 2366 Septem
507 2329 678 2357 candelabra.
703 2330 811 2364 Septem
839 2328 933 2356 itidem
956 2329 1131 2360 candelabra,

345 2380 418 2407 sicut
437 2379 465 2404 in
480 2376 659 2411 sequentibus
673 2375 754 2406 dicet,
771 2379 835 2402 sunt
849 2379 951 2408 septem
968 2374 1089 2400 ecclesiae
1099 2374 1132 2401 ad

344 2431 413 2460 quas
424 2423 505 2450 etiam
520 2422 640 2449 scribere
653 2420 775 2456 iubetur.
795 2419 850 2447 llas
864 2426 953 2447 autem
970 2420 1133 2447 candelabra

347 2468 453 2496 vocarit
468 2474 522 2494 non
539 2466 678 2497 lucernas,
694 2465 768 2500 quod
785 2464 977 2492 candelabrum
993 2464 1131 2499 propriam

345 2522 400 2542 non
412 2513 511 2541 habeat
527 2512 626 2544 lucem,
640 2511 687 2538 sed
713 2511 869 2540 vehiculum
896 2510 1070 2537 duntaxatsit
1092 2510 1132 2536 lu-

345 2568 433 2590 cernat
447 2567 508 2595 quae
524 2559 612 2586 lucem
629 2558 720 2584 habet.
732 2557 794 2584 Ideo
808 2563 916 2591 quoque
931 2563 1007 2582 sacer
1020 2560 1131 2590 aposto-

345 2608 388 2635 lus
404 2606 507 2633 Paulus
532 2604 694 2631 cxltortatur
722 2601 879 2630 conlormes
905 2601 1015 2629 Christo
1032 2609 1131 2636 praece-

347 2658 450 2688 ptores,
462 2656 492 2678 ut
511 2650 566 2678 sint
582 2649 665 2676 veluti
685 2647 829 2675 luminaria
854 2647 882 2674 in
897 2647 1008 2679 ntuttdo,
1025 2653 1130 2674 sermo-

348 2705 410 2725 nem
434 2697 496 2724 vita:
520 2696 702 2725 continentes,
724 2693 776 2720 hoc
794 2692 897 2727 estqui
922 2699 938 2719 a
963 2691 1129 2719 scaturicnle

347 2742 457 2770 Christo
474 2742 565 2769 lumen
579 2741 768 2774 ittcorruptutn
785 2742 974 2773 susceperunt.
990 2737 1031 2764 Ad
1050 2744 1131 2772 quem

348 2787 450 2816 dictum
479 2791 521 2815 est
537 2795 544 2814 :
561 2795 571 2812 ι
589 2785 729 2813 Illuminas
738 2791 765 2812 tu
785 2784 946 2812 mirabiliter
961 2792 977 2811 a
991 2784 1132 2810 montibus

349 2833 469 2867 internis,
486 2842 495 2859 t
510 2833 563 2860 ltoc
580 2836 623 2860 est
641 2831 771 2867 angelicis
786 2832 903 2859 fortasse
913 2831 1059 2859 vittutibus
1079 2835 1133 2864 :et,

383 2906 406 2922 "
421 2905 474 2934 lsa.
492 2913 518 2939 L,
534 2906 561 2933 ι.
599 2907 620 2923 ¹⁹
633 2905 788 2934 Jercm.xx.
818 2903 861 2930 16.

1173 969 1260 1004 πρωϊ)
1280 968 1311 994 οὐ
1328 968 1428 1002 μάτην,
1451 966 1519 993 ἀλλὰ
1540 965 1590 999 τὴν
1616 964 1687 998 ἄγαν
1711 962 1830 998 σπουδὴν
1850 962 1894 989 διὰ
1918 962 1964 988 τοῦ

1173 1013 1271 1048 καιροῦ
1287 1012 1434 1048 παριστὰς,
1448 1008 1470 1046 ᾦ
1481 1011 1512 1046 δὴ
1524 1010 1624 1046 καιρῷ,
1641 1011 1689 1037 καὶ
1705 1009 1734 1036 αἱ
1749 1008 1965 1044 θεῖαιὲνέργειαι

1174 1058 1302 1086 εἰώθασιν
1317 1057 1528 1093 ὲμφιλοχωρεῖν.

1209 1103 1264 1130 Kal
1278 1102 1451 1136 ἐπέστρεψα
1462 1100 1595 1133 βλέπειν
1610 1099 1669 1133 τὴν
1682 1097 1790 1133 φωνὴν
1808 1098 1876 1132 ἣτις
1896 1096 1967 1124 ἐλᾶ-

1174 1152 1222 1177 λει
1234 1148 1297 1187 μετ’
1310 1147 1397 1182 ἐμοῦ.
1409 1146 1465 1174 Καὶ
1494 1145 1681 1179 ἐπιστρέψας
1704 1143 1787 1170 εἶδον
1813 1143 1888 1170 ἑπτὰ
1910 1144 1967 1170 ,ιυ-

1175 1196 1264 1231 κνΙας
1278 1193 1408 1230 χρυσᾶς.
1429 1192 1485 1220 Καὶ
1503 1192 1538 1220 ἐν
1550 1191 1635 1227 μέσῳ
1659 1190 1720 1217 τῶν
1737 1189 1812 1217 ἑπτὰ
1832 1188 1967 1224 λυχνιῶν

1175 1242 1278 1275 ὅμοιον
1295 1240 1350 1272 Υιῷ
1374 1239 1532 1273 ἀνθρώπου
1548 1237 1751 1272 ἐνδεδυμένον
1762 1236 1890 1270 ποδήρη,
1916 1234 1967 1262 καὶ

1176 1285 1416 1321 περιεζωσμένον
1428 1285 1503 1319 πρὸς
1514 1284 1576 1317 τοῖς
1590 1283 1719 1319 μαστοῖς
1728 1281 1825 1316 ζώνην
1831 1280 1964 1316 χρυσῆν·

1176 1333 1245 1369 ᾐδὲ
1270 1331 1389 1367 κεφαλὴ
1415 1330 1511 1358 αὐτοῦ
1527 1330 1576 1357 καὶ
1600 1330 1630 1357 al
1654 1329 1754 1364 τρίχες
1782 1327 1899 1360 λευκαὶ,
1927 1327 1968 1360 ὡς

1176 1378 1258 1413 ἔριον
1270 1377 1392 1409 λευκὸν,
1413 1376 1454 1409 ὡς
1467 1375 1541 1410 χιών
1551 1382 1559 1390 ·
1576 1375 1624 1402 καὶ
1649 1375 1677 1401 ol
1692 1373 1839 1408 ὀφθαλμοὶ
1861 1372 1965 1405 αὐτοῦ,

1176 1425 1217 1458 ὡς
1230 1423 1310 1458 φλὸξ
1327 1422 1425 1456 πηρός
1436 1429 1443 1436 ·
1456 1421 1507 1449 καὶ
1518 1421 1546 1448 al
1561 1420 1653 1453 πόδες
1664 1413 1777 1452 abuti);
1783 1418 1878 1453 ὅμοιοι
1892 1419 1967 1452 χαλ-

1175 1470 1336 1502 κολιϐάνῳ,
1364 1468 1405 1502 ὡς
1432 1467 1468 1494 ἐν
1493 1467 1611 1502 καμίνῳ
1635 1465 1862 1500 πεπυρωμένοι·
1877 1464 1926 1491 καὶ
1948 1464 1967 1498 ἠ

1177 1515 1262 1552 φωνή
1290 1514 1396 1546 αὑτοῦ,
1429 1513 1470 1547 ὡς
1493 1513 1578 1547 φωνὴ
1601 1511 1721 1540 ὑδάτων
1747 1509 1890 1538 πολλῶν·
1918 1510 1968 1536 καὶ

1180 1563 1259 1596 ἔχων
1271 1561 1307 1587 ἐν
1317 1559 1353 1594 τῇ
1365 1557 1452 1591 δεξιᾷ
1467 1557 1543 1592 χειρὶ
1556 1557 1651 1585 αὐτοῦ
1663 1555 1794 1590 ἀστέρας
1808 1554 1886 1582 ἐπτά
1895 1562 1902 1569 ·
1918 1554 1970 1581 και

1180 1607 1216 1635 ὲκ
1235 1606 1288 1634 τοῦ
1304 1605 1454 1639 στόματος
1469 1603 1563 1631 αὐτοῦ
1577 1602 1711 1638 ῥομφαία
1724 1601 1868 1635 δίστομος
1886 1600 1970 1632 ὀξεῖα

1180 1651 1402 1686 ἐκπορευομένη
1413 1658 1422 1666 ·
1437 1649 1487 1676 καὶ
1502 1650 1521 1683 ἠ
1542 1649 1614 1684 ὄψις
1635 1647 1729 1676 αὐτοῦ
1747 1646 1787 1680 ὡς
1803 1646 1889 1681 ἣλιος
1901 1646 1970 1681 φαι-

1181 1707 1227 1727 νει
1240 1699 1275 1725 ὲν
1286 1697 1324 1732 τῇ
1337 1696 1463 1732 δυνάμει
1477 1695 1582 1724 αὑτοῦ.

1217 1745 1280 1773 Ὅτι
1293 1745 1343 1772 οὐκ
1354 1744 1470 1782 αἰσθητὴ
1486 1745 1503 1780 ἡ
1519 1743 1606 1779 φωνὴ,
1620 1742 1678 1770 ἀλλ’
1699 1740 1755 1770 οἷαι
1785 1742 1814 1769 αι
1830 1741 1885 1768 τῶν
1903 1748 1971 1776 προ-

1182 1790 1277 1826 φητῶν
1287 1790 1327 1825 τῷ
1342 1789 1501 1826 ἡγεμονικῷ
1524 1788 1662 1824 πνεύματι
1678 1787 1872 1820 διατυπώσας,
1893 1786 1969 1821 δηλοῖ

1181 1836 1284 1870 λέγων·
1307 1836 1506 1870 Ἐπέστρεψα,
1522 1834 1553 1861 οὺ
1565 1834 1612 1860 τοῦ
1625 1833 1752 1867 ἀκοῦσαι,
1766 1832 1834 1860 ἀλλὰ
1848 1833 1895 1859 τοῦ
1914 1832 1970 1866 βὶεέ-

1181 1882 1241 1916 ψαι.
1264 1880 1371 1908 Ταυτὺν
1395 1881 1451 1916 γὰρ
1468 1881 1485 1915 ἡ
1514 1879 1689 1915 πνευματικὴ
1711 1879 1779 1914 ἀκοὴ
1803 1879 1836 1914 τῇ
1864 1877 1968 1913 βλέψει,

1182 1927 1269 1954 show
1285 1926 1390 1961 ὁράσει.
1406 1925 1453 1952 Διὸ
1466 1924 1514 1952 καὶ
1527 1925 1577 1959 τὴν
1592 1923 1683 1959 φωνὴν
1699 1923 1790 1950 λαλεῖν
1805 1922 1872 1957 πρὸς
1888 1921 1971 1948 αὑτὸν

1182 1972 1304 2007 εἴρηκεν,
1323 1972 1387 1998 ἀντὶ
1412 1970 1461 1998 τοῦ
1485 1969 1632 1997 διατυποῦν
1652 1968 1843 2002 ὑποκείμενον.
1871 1965 1971 1998 Συνεξ-

1182 2017 1328 2044 ακουστέον
1350 2017 1379 2044 δι
1399 2016 1504 2047 τούτοις
1526 2016 1556 2042 τὺ
1574 2016 1675 2051 ἄρθρον
1701 2016 1740 2046 εἰς
1767 2014 1901 2042 ὲντέλειαν
1922 2012 1972 2040 τοῦ

1183 2062 1330 2096 νοήματος.
1354 2060 1434 2096 ἵν’ᾗ·
1463 2061 1525 2095 Τὴν
1549 2060 1656 2095 φωνὴν
1675 2059 1729 2087 τοῦ
1752 2060 1839 2091 ὅστις
1867 2059 1973 2092 ἐλάλει

1180 2108 1243 2141 μετ’
1253 2107 1337 2141 ἐμοῦ.
1353 2107 1391 2133 οὺ
1409 2106 1463 2142 γὰρ
1479 2107 1495 2142 ὴ
1510 2108 1586 2140 φωνὴ
1607 2106 1623 2141 ἡ
1639 2105 1739 2141 ὁρατὴ,
1756 2105 1815 2132 ἀλλ’
1832 2105 1847 2131 ὁ
1868 2104 1969 2131 λαλῶν.

1183 2151 1280 2184 Οἰονεὶ,
1299 2147 1337 2178 Οῦ
1361 2151 1379 2186 ἡ
1395 2150 1471 2185 φωνὴ
1494 2150 1583 2177 ἐλάλει
1602 2150 1660 2184 μετ’
1694 2148 1774 2184 ἐμοῦ,
1796 2147 1890 2174 τοῦτον
1921 2147 1972 2173 ἑπ-

1183 2196 1301 2232 έστρεψα
1314 2196 1434 2232 βλέπειν.
1451 2197 1529 2223 Οὕτω
1543 2197 1597 2231 γὰρ
1613 2195 1824 2230 συνταττόμενον
1834 2194 1865 2220 τὸ
1877 2193 1970 2229 ῥητὸν,

1149 2254 1170 2282 D
1184 2243 1268 2276 σαφὲς
1282 2243 1314 2269 ἂν
1330 2242 1377 2269 καὶ
1393 2242 1550 2274 ἀνελλειπὲς
1567 2242 1622 2277 εἴη.

1222 2331 1311 2358 Ἑπτὰ
1337 2331 1478 2366 λυχνίας.
1499 2331 1532 2358 Al
1563 2330 1633 2357 ἑπτὰ
1650 2329 1757 2364 λυχνίαι
1773 2328 1915 2361 ὡσαύτως,
1933 2328 1972 2360 ὡς

1183 2375 1284 2412 προῖὼν
1303 2376 1371 2412 ἐρεῖ,
1384 2376 1413 2402 αι
1426 2376 1496 2403 ἑπτὰ
1518 2375 1677 2410 Ἐκκλησιαι
1690 2374 1771 2407 εἰσὶν,
1792 2374 1862 2409 πρὸς
1873 2374 1907 2403 ἃς
1925 2374 1974 2400 καὶ

1182 2421 1368 2448 διακελεύεται
1383 2422 1509 2457 γράφειν.
1537 2421 1656 2456 Λυχνιας
1678 2421 1707 2447 δὲ
1724 2421 1809 2452 αὑτὰς
1828 2419 1972 2454 ὠνόμασεν

1183 2469 1214 2494 οὺ
1226 2467 1349 2503 λύχνους,
1359 2469 1396 2500 ὡς
1407 2469 1456 2503 τῆς
1471 2468 1586 2503 λυχνίας
1602 2469 1702 2495 οἰκεῖον
1714 2467 1770 2503 φῶς
1784 2468 1834 2494 οὐκ
1845 2466 1973 2502 ἐχούσης,

1184 2514 1241 2540 ἀλλ’
1254 2514 1346 2548 δχημα
1361 2513 1440 2549 μόνον
1460 2513 1544 2549 οὔσης
1558 2514 1604 2541 τοῦ
1626 2514 1723 2549 λύχνου
1735 2514 1764 2546 ὃς
1783 2515 1839 2548 ἔχει
1859 2513 1889 2539 τὸ
1902 2513 1972 2547 φῶς.

1182 2560 1228 2586 Διὸ
1252 2560 1299 2586 καὶ
1326 2561 1339 2587 ό
1365 2560 1435 2596 ἱερὸς
1461 2560 1610 2592 ἀπόστολος
1640 2558 1748 2591 Παῦλος
1767 2559 1898 2595 παραινεῖ
1916 2559 1974 2590 τοῖς

1183 2606 1356 2641 συμμόρφοις
1367 2606 1486 2641 Χριστοῦ
1507 2605 1689 2638 διδασκάλοις,
1714 2605 1837 2640 γίνεσθαι
1854 2604 1891 2636 ὡς
1914 2613 1974 2638 φω-

1183 2653 1285 2687 στῆρας
1309 2653 1337 2678 ὲν
1355 2652 1460 2688 κόσμῳ,
1482 2651 1562 2686 λόγον
1575 2651 1648 2686 ζωῆς
1665 2652 1824 2687 ἐπέχοντας,
1846 2651 1974 2678 τουτέστι

1183 2696 1346 2731 δεξαμένους
1358 2696 1410 2722 ὑπὸ
1434 2696 1481 2723 τοῦ
1500 2696 1629 2732 βρύοντος
1646 2696 1765 2732 Χριστοῦ
1776 2696 1818 2730 ξτὸ
1830 2696 1974 2731 ἀκήρατον

1187 2741 1254 2776 φῶς.
1273 2742 1344 2777 Πρὸς
1356 2742 1385 2768 ὃν
1400 2743 1508 2778 εἴρηται
1524 2742 1565 2775 τὸ,
1587 2751 1596 2768 ι
1615 2741 1744 2774 Φωτίζεις
1760 2742 1792 2768 σὺ
1807 2741 1975 2776 θαυμαστῶς

1187 2788 1241 2814 ἀπὸ
1258 2788 1343 2823 ὀρέων
1365 2788 1492 2822 αἰωνίων,
1514 2798 1524 2815 ›
1546 2788 1701 2822 ἀγγελικῶν
1719 2788 1784 2820 ἴσως
1807 2788 1951 2823 δυνάμεων
1965 2795 1972 2802 ·

1188 2834 1246 2868 καὶ,
1264 2845 1273 2862 ι
1301 2834 1506 2868 Ἐξαπόστειλον
1520 2835 1551 2863 τὸ
1565 2834 1624 2868 φῶς
1646 2844 1694 2864 σου
1714 2835 1762 2862 καὶ
1775 2834 1827 2866 τὴν
1839 2832 1973 2872 ἀλήθειάν
