2095 3160
263 178 314 212 519

267 281 386 317 speciem
404 286 458 314 pra:
472 285 501 305 se
520 277 638 304 ferentes
655 275 682 301 in
703 273 815 301 modum
837 272 953 299 ﬂamma:
969 280 976 298 ι
993 271 1055 298 Ideo

263 328 344 355 etiam
358 323 558 353 dieitChristus
576 331 582 348 :
600 331 609 346 ι
625 321 681 356 Ego
690 327 751 347 sum
763 319 809 346 lux
824 317 966 351 mundi“;
984 327 992 342 ι
1009 320 1057 343 aut

272 373 397 400 ardorem
413 374 442 397 et
457 369 588 396 ultionem
603 367 803 394 comminantes
820 365 951 392 adversus
963 363 1057 390 Eccle-

265 418 320 445 sias
334 416 367 442 ad
378 422 445 449 quas
462 413 542 439 ret-ba
556 411 731 440 revelationis
744 410 980 441 transmittuntur,
993 414 1054 436 tan-

265 469 347 498 quam
365 468 419 487 non
437 461 541 494 integre
559 458 616 486 suis
632 457 738 492 legibus
750 457 953 491 respondentes.

301 551 336 579 Et
358 551 435 586 pedes
450 551 507 586 ejus
533 549 633 576 simile;
656 547 850 575 clmltolibano.
877 544 1059 572 Animadver-

266 597 378 626 tendum
393 602 435 624 est
449 597 542 624 Jesum
561 595 645 622 Deum
661 599 687 622 et
702 594 838 621 hominem
853 593 933 628 pedes
949 591 1059 623 habere,

265 644 345 678 juxta
372 643 495 670 divinum
522 642 611 667 virum
629 639 791 674 Gregorium
817 638 844 664 in
873 635 1058 667 sermonibus,

268 690 332 725 quia
346 696 433 724 ueqtte
450 688 521 715 nulla
536 687 676 714 divinitate
692 686 724 712 ad
742 692 792 712 nos
804 683 935 710 accedere
962 681 1062 716 potuit.

271 735 319 763 sed
338 743 384 770 per
398 741 519 762 carnem.
534 733 619 768 658
634 731 719 758 Porro
736 730 827 757 divina
851 734 946 756 natura
964 727 1063 761 signiﬁ-

271 786 349 808 catur
379 788 426 815 per
441 779 671 809 chalcolibanum,
688 775 760 810 quod
790 782 852 801 vere
867 772 927 800 auri
940 772 1059 807 speciem

274 827 366 857 habet,
397 830 425 852 et
452 828 561 858 propter
576 822 753 850 sonoritatetn
783 817 983 854 praedicationis
1004 823 1065 851 qua:

273 871 433 905 suscipitur.
451 869 504 896 Per
515 868 596 903 pedes
608 871 700 894 autem
715 865 829 897 Christi,
844 868 870 891 et
886 863 1064 890 fundamenta

675 169 838 201 ARETH/E
859 167 1049 199 CAESARE/Ii
1068 163 1309 197 CAPPADOCLE
1325 160 1493 192 EPISCOPI

300 234 377 263 Oculi
395 239 453 260 vero
466 230 548 266 ipsius
564 233 688 264 tanquam
704 228 813 262 flamma
835 226 912 261 ignis.
923 226 977 252 Aut
992 223 1059 251 lucis
1075 227 1097 255 Α

1841 155 1895 187 520

1152 221 1201 254 Ὠς
1224 220 1303 255 φλὸξ
1320 219 1355 245 δὲ
1374 217 1470 252 πιῳὸς
1483 216 1510 242 οἱ
1534 213 1680 249 ὀφθαλμοὶ
1696 211 1801 240 αὐτοῦ.
1817 212 1853 238 Ἢ
1869 211 1900 237 τὸ

1110 267 1255 303 φωτοειδὲς
1282 263 1503 300 παραδηλοῦντες
1526 260 1620 295 ὥσπερ
1635 260 1652 294 ή
1677 258 1742 292 φλὸξ
1759 257 1810 292 (διὸ
1826 257 1873 283 καὶ
1887 257 1901 283 ό

1109 301 1227 349 Χριστός
1242 319 1342 347 φησιν·
1363 319 1373 336 ι
1403 308 1473 343 Ἐγώ
1491 309 1548 342 εἰμι
1562 306 1593 332 τὺ
1608 305 1666 339 φῶς
1685 303 1732 331 τοῦ
1751 301 1898 338 κόσμου)·»

1111 360 1128 395 ἦ
1150 359 1181 386 τὸ
1212 356 1358 385 καυστικόν
1379 364 1409 382 τε
1443 354 1490 381 καὶ
1515 351 1700 388 τιμωρητικὸν
1729 349 1903 380 ἀπειλοῦντες

1111 403 1184 431 κατὰ
1204 402 1259 429 τῶν
1289 399 1469 435 Ἐκκλησιῶν,
1498 396 1541 429 αἷς
1566 398 1600 423 τὰ
1617 396 1666 430 τῆς
1692 393 1904 428 Ἀποκαλὺψεως

1112 450 1308 484 διαπέμπεται,
1336 447 1374 478 ὡς
1394 447 1424 472 οὑ
1441 445 1531 472 τέλεον
1551 444 1607 474 τοῖς
1627 440 1709 468 αὐτοῦ
1726 441 1818 476 νόμοις
1841 439 1905 466 ἁκο-

1113 496 1208 523 λουθού
1213 503 1284 526 σαις.

1149 542 1203 569 Καὶ
1217 543 1244 569 οὶ
1260 540 1352 573 πίδες
1365 538 1469 570 αὐτοῦ,
1483 537 1576 572 ὅμοιοι
1587 533 1806 570 χαλκολιόἀνῳ.
1821 531 1907 564 Πόδας

1116 589 1212 624 ἔχοντα
1234 588 1280 614 τῦν
1306 586 1481 620 Θεάνθρωπον
1506 582 1610 617 Ἰησοῦν
1623 580 1772 608 ἀκουστέον
1793 578 1907 606 ἀκολού-

1116 623 1170 666 θως
1188 635 1227 669 τῷ
1253 633 1318 668 θείῳ
1335 632 1390 658 τῶν
1407 631 1494 664 λόγων
1514 629 1591 664 ἀνδρὶ
1608 626 1761 662 Γρηγορίῳ,
1779 626 1819 651 ὅτι
1841 623 1908 660 μηδὲ

1117 683 1208 716 γυμνῇ
1223 681 1256 716 τῇ
1275 679 1383 713 θεότητι
1408 678 1473 712 ἡμῖν
1494 675 1680 709 ἐπεδήμησεν,
1703 671 1771 698 ἀλλὰ
1785 670 1828 697 διὰ
1843 679 1910 705 σαρ-

1117 729 1175 759 κός.
1190 726 1240 753 Διὰ
1253 726 1302 761 μὲν
1315 725 1362 752 τοῦ
1372 723 1473 759 χαλκοῦ
1483 721 1657 758 χρυσοειδοῦς
1674 719 1758 750 ὅντως
1774 718 1822 752 τῆς
1834 717 1910 748 θείας

1119 773 1226 808 φύσεως
1252 771 1432 808 δηλουμένης,
1461 770 1508 796 καὶ
1523 768 1566 795 διὰ
1590 768 1620 793 τὸ
1635 765 1776 802 ἡχητικὺν,
1791 763 1839 790 τοῦ
1860 771 1911 798 κη-

1120 819 1261 856 ρύγματος
1286 815 1537 852 ὲκλαμῦανομένου.
1565 814 1651 844 [Ιὸδας
1673 812 1701 839 δὲ
1727 810 1774 838 τοῦ
1792 808 1911 846 Χριστοῦ

1120 866 1168 893 καὶ
1183 864 1323 901 θεμελίους
1339 864 1388 898 τῆς
1411 861 1585 896 Ἐκκλησίας,
1603 860 1650 887 καὶ
1665 859 1728 889 τοὺς
1744 857 1831 888 θείους
1846 856 1913 882 ἀπο-

274 901 401 944 Ecclesiae
415 921 442 942 et
456 901 538 942 divini
563 913 678 948 apostoli
697 911 848 946 accipiendi
871 914 944 942 sunt,
972 908 1020 943 qui
1040 913 1085 944 et]

1128 912 1232 943 ςτόλους
1260 910 1420 945 ὲκληπτέον.
1447 907 1584 942 καθαροὺς
1613 905 1662 941 μὲν
1683 904 1729 931 καὶ
1754 902 1852 933 αὐτοὺς
1874 901 1914 936 τῷ

274 964 325 996 ipsi
338 962 398 997 puri
412 960 517 988 ostensi
532 964 596 987 sunt
609 959 670 994 igne
683 957 900 988 tribulationum,
911 961 1067 995 quanquam

274 1015 329 1035 non
339 1011 434 1034 exacte
447 1006 469 1033 si
481 1006 514 1033 ad
527 1003 781 1032 httncconl’erantur
794 1012 800 1029 ι
816 1002 863 1029 sed
874 1006 964 1028 tamen
978 992 1069 1034 quem-

275 1051 421 1080 admodum
451 1050 582 1085 magister
616 1056 711 1076 eorum
748 1047 874 1075 Christus
914 1045 1070 1072 .Indreot'um

276 1096 458 1128 contumacia,
481 1096 518 1122 ita
531 1098 559 1122 et
576 1095 603 1121 hi
620 1093 742 1128 gentium
761 1092 902 1119 ferocitate
917 1089 1065 1123 suiexplo-

277 1143 412 1170 rationem
427 1147 558 1175 tanquam
574 1147 622 1174 per
637 1140 726 1174 ignem
741 1138 976 1165 demonstrarunt.
990 1134 1070 1168 Quod

278 1194 369 1216 autem
384 1192 410 1215 et
423 1188 548 1214 Christus
563 1186 599 1212 sit
616 1185 822 1212 fundamentum
835 1184 913 1210 dirus
926 1181 1074 1217 Apostolus

280 1234 378 1263 asserit
392 1233 515 1261 scribens
530 1231 564 1258 ad
582 1230 751 1261 Corinthios,
772 1229 826 1256 iide
836 1229 936 1263 dignus
952 1228 999 1263 qui
1023 1234 1074 1254 stto

281 1287 409 1308 sermone
424 1277 505 1305 fidem
526 1277 564 1304 rei
580 1275 662 1303 faciat
678 1285 699 1303 ει
722 1274 953 1306 Fundamentum,
976 1272 1074 1308 inquit,

282 1326 356 1353 aliud
377 1332 455 1352 nemo
475 1327 561 1358 potest
573 1329 672 1356 ponere
696 1325 795 1356 praeter
807 1321 833 1347 id
861 1321 933 1355 quod
954 1319 1075 1354 positum

282 1375 334 1404 est,
349 1370 421 1405 qttod
438 1373 479 1397 est
495 1368 672 1396 Christum“)
686 1366 910 1394 Cbalcolibantttn
923 1372 986 1393 vero
997 1364 1074 1397 dicit,

284 1418 340 1445 sive
356 1417 383 1443 iu
398 1419 489 1442 monte
506 1415 609 1442 Libano
627 1413 807 1441 fabrefactum
826 1421 832 1439 :
849 1411 1071 1447 quandoquidem

285 1463 350 1490 huic
364 1461 534 1489 assimilatur
555 1461 579 1488 is
596 1460 641 1495 qui
659 1460 817 1487 incarnatus
832 1463 893 1485 est:
920 1457 977 1485 sive
993 1456 1075 1484 etiam

284 1508 475 1543 intelligendus
483 1512 525 1535 est
534 1507 642 1535 libanus
653 1507 716 1534 atris
725 1506 844 1541 speciem
856 1505 970 1536 habens,
991 1510 1075 1538 quem

286 1555 384 1583 medici
395 1554 548 1581 masculum
569 1553 716 1588 appellant,
729 1551 774 1586 qui
784 1556 811 1578 et
822 1551 880 1585 ipse
893 1550 947 1586 igni
962 1548 1076 1577 adsimi-

1121 958 1190 992 πυρὶ
1206 956 1260 983 τῶν
1280 953 1443 991 πειρασμῶν
1459 952 1657 987 ἀναφανέντας,
1678 951 1701 976 εἰ
1719 949 1766 976 καὶ
1783 947 1834 984 πρὸ
1849 946 1912 974 τού-

1120 1012 1169 1030 του
1184 1002 1313 1037 μετρίως.
1342 1000 1411 1026 Ἀλλ’
1432 999 1527 1033 ὥσπερ
1543 998 1558 1024 ὁ
1572 995 1731 1026 διδάσκαλος
1746 993 1864 1030 Χριστὸς
1879 993 1913 1027 τῇ

1121 1049 1175 1076 τῶν
1208 1048 1343 1075 Ἰουδαίων
1365 1045 1503 1080 ἀπειθείᾳ,
1525 1043 1597 1070 οὕτω
1623 1043 1670 1069 καὶ
1696 1041 1772 1068 αὐτοὶ
1800 1041 1835 1074 τῇ
1860 1039 1915 1065 τῶν

1120 1095 1207 1122 ὲθνῶν
1226 1094 1367 1130 ἀγριότητι
1395 1092 1425 1118 τὸ
1447 1091 1569 1125 δοκίμιον
1596 1088 1700 1115 ἑαυτῶν
1714 1087 1751 1118 ὡς
1767 1087 1811 1113 διὰ
1830 1085 1915 1120 πυρὸς

1123 1140 1337 1175 ὲπιδεδειγμένοι
1359 1137 1439 1164 εἰσιν.
1455 1137 1516 1163 Ὅτι
1539 1135 1641 1162 δὲ.κα¹ι
1660 1135 1674 1159 ὁ
1696 1132 1812 1168 Χριστὸς
1831 1131 1914 1166 θεμέ-

1123 1187 1194 1219 λιος,
1218 1184 1373 1221 Κορινθίοις
1396 1184 1409 1210 ὁ
1432 1182 1503 1214 θεῖος
1523 1181 1637 1215 γράφων
1652 1178 1768 1211 Παῦλος,
1787 1177 1918 1212 ἐχέγγυος

1123 1232 1162 1268 τῷ
1179 1232 1250 1267 λόγῳ
1270 1229 1470 1260 πιστώσασθαι,
1489 1228 1505 1252 ἰ
1525 1226 1669 1261 (θεμέλιον,
1688 1225 1812 1259 φάσκων,
1839 1221 1919 1250 ἄλλον

1125 1279 1213 1310 οὐδεὶς
1237 1278 1349 1303 δύναται
1374 1275 1464 1302 θεῖναι
1488 1273 1564 1309 παρὰ
1588 1271 1632 1298 τὸν
1658 1271 1796 1305 κείμενον,
1814 1269 1842 1300 ὅς
1862 1269 1920 1295 ἐστι

1125 1324 1253 1360 Χριστός.
1286 1332 1295 1348 ι
1315 1321 1517 1349 Χοιλκολίόανον
1533 1318 1573 1350 δὲ,
1591 1318 1645 1344 εἴτε
1661 1316 1706 1343 τὸν
1721 1317 1748 1343 ἐν
1763 1314 1801 1350 τῷ
1812 1313 1920 1348 Λιϐάνῳ

1126 1372 1165 1408 τῷ
1182 1371 1240 1406 ὄρει
1265 1368 1510 1404 μεταλλευόμενον,
1528 1365 1622 1400 ἐπειδὴ
1637 1363 1724 1396 τούτῳ
1741 1360 1921 1396 ἀφωμοίωται

1126 1406 1381 1454 ὸ-ὲνανθρωπήσας,
1409 1414 1504 1449 φησιν,
1521 1413 1576 1439 εἴτε
1597 1411 1644 1438 καὶ
1659 1410 1705 1437 τὸν
1720 1407 1862 1444 χαλκοειδῆ
1880 1406 1922 1432 λί-

1128 1465 1209 1492 σανον
1230 1463 1351 1498 νοητέον,
1376 1461 1406 1487 ὃν
1425 1459 1524 1494 ἰατρῶν
1546 1457 1641 1488 παῖδες
1661 1456 1763 1491 ἄρρενα
1781 1451 1922 1483 καλοῦσιν,

1128 1510 1237 1541 εὐώδεις
1258 1509 1305 1536 καὶ
1323 1507 1404 1535 αὑτὸν
1421 1506 1487 1541 πυρὶ
1511 1503 1656 1540 ὁμιλοῦντα
1673 1500 1777 1536 ἀτμοὺς
1795 1497 1925 1533 ἀποπέμ-

1129 1566 1225 1584 ποντα.
1250 1555 1305 1583 Καὶ
1334 1555 1376 1581 ὃτι
1402 1551 1513 1583 εὐώδεις
1533 1551 1580 1577 καὶ
1605 1548 1723 1585 Χριστὸς
1737 1546 1786 1573 καὶ
1801 1546 1825 1571 οἱ
1842 1543 1924 1571 αὑτοῦ

292 1601 583 1635 lis,sull‘umigatioues
598 1599 691 1626 suavis
712 1597 812 1626 emittit
827 1597 932 1624 odoris.
947 1596 980 1623 Et
999 1595 1075 1630 quod

1133 1605 1200 1631 θεῖοι
1228 1602 1383 1633 ἀπόστολοι,
1408 1601 1426 1634 ἡ
1452 1600 1481 1625 ὲν
1510 1597 1633 1633 ’ᾼσμασι
1656 1594 1760 1629 Νὺμφη
1785 1591 1926 1624 ἀξιόλογος

286 1648 380 1676 suavis
393 1654 501 1681 quoque
514 1646 608 1673 odoris
620 1646 656 1672 sit
678 1645 805 1672 Christus
826 1644 965 1677 divinique
988 1643 1075 1677 ipsius

287 1693 420 1728 Apostoli,
442 1699 540 1727 sponsa
574 1691 600 1718 in
619 1691 738 1718 Cauticis
759 1689 840 1724 digna
862 1693 902 1715 est
920 1695 981 1722 quae
1001 1687 1082 1714 fidem

289 1738 370 1764 faciat
383 1745 390 1765 :
406 1745 414 1761 ι
429 1735 513 1768 Odor,
529 1735 860 1769 inquit,vestimentorum
876 1738 985 1760 tuorum
999 1739 1083 1767 super

288 1783 380 1809 omnia
396 1788 517 1809 aromata
533 1781 567 1813 ²⁶,
587 1790 596 1806 ι
615 1786 642 1808 et
667 1781 725 1815 ipse
749 1779 874 1814 Sponsus
901 1779 1027 1806 Christus
1049 1778 1083 1805 de

289 1827 380 1861 scipso
403 1826 523 1861 loquitur
540 1825 573 1853 ad
594 1825 728 1860 Sponsam
747 1834 754 1852 :
773 1834 782 1850 ι
803 1825 859 1860 Ego
873 1824 923 1851 ilus
940 1824 1029 1858 campi
1057 1828 1082 1851 et

290 1872 375 1898 liliutu
390 1871 554 1898 convallium
566 1871 599 1904 ³⁷,
616 1879 625 1896 ι
638 1871 671 1897 Et
685 1871 721 1897 ita
732 1871 842 1906 quidem
852 1871 989 1898 Christus.
999 1870 1083 1897 Porro

291 1916 496 1951 suavisquoque
509 1915 662 1951 fragrantia:
677 1920 742 1942 sunt
759 1916 845 1950 ipsius
861 1916 976 1950 apostoli
995 1924 1002 1942 :
1020 1916 1082 1943 ideo

291 1964 374 1990 etiam
391 1963 428 1989 ait
442 1962 554 1994 Paulus,
573 1971 582 1988 ι
600 1962 703 1989 Christi
718 1963 788 1989 bona
820 1961 970 1997 fragrantia
988 1970 1084 1990 sumus

294 2010 320 2036 in
335 2009 378 2038 his
392 2009 439 2044 qui
452 2009 519 2036 salvi
529 2008 597 2036 iiunt
608 2014 635 2036 et
650 2009 727 2036 iuhis
742 2009 787 2044 qui
799 2003 970 2043 pereunt".»
989 2008 1084 2036 Merito

292 2060 382 2084 autem
402 2062 496 2082 voaem
512 2055 572 2089 ejus
591 2055 617 2082 in
639 2056 751 2081 ntodutn
776 2062 911 2089 aquarum
934 2054 1082 2081 tnultarum

294 2102 361 2130 dicit
376 2109 504 2130 resonare
518 2110 526 2135 ;
543 2101 677 2136 siquidem
694 2101 849 2129 communis
864 2106 906 2129 est
920 2102 1008 2136 ipsius
1026 2109 1079 2128 vox

295 2152 322 2175 et
335 2149 449 2184 spiritus
464 2158 470 2175 :
488 2155 521 2175 ex
537 2148 616 2183 cujus
635 2147 793 2182 operatione
810 2147 922 2175 ﬂumina
939 2148 974 2175 de
989 2152 1084 2175 ventre

295 2195 356 2229 ejus
373 2194 522 2227 ﬂuxerunt,
540 2193 618 2227 juxta
643 2193 833 2228 propheticum
849 2201 1015 2227 sermonem,
1034 2203 1044 2220 ‹
1060 2200 1087 2221 et

298 2240 359 2267 forts
374 2240 406 2267 de
419 2239 502 2267 domo
523 2239 631 2266 Domini
645 2240 811 2274 egredietur,
827 2247 860 2266 ac
881 2240 1006 2275 irrigabit
1028 2244 1085 2267 tor-

297 2289 400 2312 rentem
416 2285 577 2320 jnncornm.
592 2285 631 2310 "r
651 2284 720 2317 Quis
740 2289 831 2312 autem
844 2285 963 2320 ambigat
981 2286 1014 2313 ad
1034 2286 1086 2314 hoc

298 2331 410 2359 domum
427 2332 474 2359 Dei
485 2339 532 2359 eos
541 2331 695 2366 appellatos
707 2338 779 2363 esse,
797 2332 843 2366 qui
858 2339 919 2359 sese
928 2332 1008 2367 digne
1018 2340 1087 2367 prae-

299 2384 432 2414 pararunt
443 2379 476 2406 ad
490 2378 605 2413 spiritus
613 2378 811 2412 operationem,
824 2383 850 2406 et
861 2378 908 2413 qui
917 2379 999 2405 etiam
1012 2378 1088 2405 dixc~

299 2429 363 2451 ruut
371 2432 431 2451 sese
441 2431 502 2452 esse
512 2423 611 2458 templa
622 2423 666 2450 Dei
682 2428 709 2451 et
727 2424 847 2451 membra
863 2424 897 2451 de
914 2425 1038 2452 membro
1050 2425 1091 2450 "1'

299 2471 420 2507 profecto
448 2478 502 2497 non
533 2471 603 2498 alius
631 2478 713 2505 quam
733 2471 779 2506 qui
799 2471 891 2498 divina
914 2471 971 2498 lucc
1000 2475 1027 2499 et
1051 2479 1092 2498 ra-

300 2517 413 2545 tionalia
431 2517 530 2552 templa
551 2521 651 2552 sponte
668 2517 848 2552 ignoraverit.
872 2517 904 2544 Et
929 2519 991 2552 quis
1010 2518 1087 2545 clari-

299 2569 382 2591 tatetn
401 2564 462 2591 soni
483 2568 586 2591 terram
597 2569 680 2591 totatn
691 2564 864 2598 perragantis
887 2565 1093 2599 poteritasper-

300 2612 432 2643 nari,nisi
442 2612 464 2639 is
476 2611 592 2639 fortasse
601 2612 647 2646 qui
662 2612 689 2638 in
702 2612 784 2647 {porci
809 2620 913 2640 moretn
935 2612 1092 2647 spirituales

300 2665 332 2685 ac
353 2658 460 2685 divinas
473 2659 673 2686 illustrationes
687 2659 854 2686 sensibiliter
876 2659 932 2685 lieri
947 2658 1088 2693 postulat?

335 2702 370 2730 Et
380 2704 490 2730 habebat
502 2704 528 2731 in
539 2704 648 2731 dextera
659 2712 707 2730 sua
719 2709 814 2739 septem
823 2703 983 2732 stellasllas
990 2709 1091 2739 septem

302 2749 397 2777 stellas
420 2750 464 2776 hic
480 2750 538 2785 ipse
553 2749 580 2776 in
600 2757 747 2786 progressu
763 2755 866 2785 septem
885 2751 995 2786 angelos
1010 2749 1094 2778 inter-

338 2849 455 2887 f‘doan.
488 2857 550 2882 rm,
565 2851 608 2878 12.
648 2852 670 2868 ’⁵
689 2851 710 2879 ιι
727 2851 791 2880 Cor.
809 2859 848 2887 ιιι,
870 2851 913 2880 Η.
936 2851 958 2867 ’⁸
979 2851 1058 2880 Cant.
1078 2860 1085 2880 ι

1131 2852 1159 2880 ‘2.
1175 2853 1196 2870 ’⁷
1210 2851 1289 2881 Cant.
1307 2860 1338 2886 ιι,
1359 2852 1403 2880 l5.
1442 2853 1464 2869 ’⁸
1482 2851 1502 2878 ll
1524 2851 1588 2878 Cor.
1605 2857 1635 2884 ιι,
1656 2849 1696 2877 15.

304 2884 347 2912 "'l
363 2886 425 2912 Cor.
440 2893 489 2918 xu,
504 2886 550 2913 Ἦ.

1134 1650 1321 1685 παραστῆσαι,
1340 1656 1349 1672 ι
1375 1644 1474 1680 Ὀσμὴ,
1492 1643 1644 1678 φάσκουσα,
1661 1639 1775 1674 ἱματίων
1790 1645 1837 1663 σου
1855 1635 1926 1670 ὑπὲρ

1135 1682 1224 1724 πάντα
1236 1682 1270 1722 τὰ
1285 1693 1429 1729 ἀρώματα.
1449 1701 1457 1716 ι
1479 1689 1534 1716 Καὶ
1549 1688 1631 1719 αὐτὸς
1647 1688 1660 1713 ὀ
1674 1685 1800 1720 Νυμφίος
1810 1682 1927 1718 Χριστὸς

1136 1743 1202 1778 πρὸς
1216 1741 1265 1777 τὴν
1280 1728 1400 1775 Νῦμφην
1413 1737 1476 1772 περὶ
1497 1734 1593 1762 ἑαυτοῦ
1606 1734 1692 1767 λέγων
1703 1741 1709 1747 ·
1731 1741 1740 1757 ε
1764 1730 1835 1764 Ἐγὼ
1847 1728 1927 1760 ἄνθος

1134 1788 1181 1815 τοῦ
1200 1787 1292 1814 πεδίου
1316 1786 1364 1812 καὶ
1388 1784 1482 1819 κρίνον
1497 1781 1551 1808 τῶν
1579 1779 1724 1807 κοιλάδων.
1746 1788 1754 1803 ι
1778 1778 1834 1804 Καὶ
1856 1775 1929 1801 οὕτω

1137 1835 1186 1870 μὲν
1202 1834 1216 1860 ὁ
1230 1832 1359 1869 Χριστός.
1376 1829 1495 1860 Εὺώδεις
1510 1828 1538 1855 δὲ
1556 1827 1604 1854 καὶ
1623 1826 1647 1853 οἱ
1663 1825 1758 1851 τούτου
1772 1821 1927 1850 ἀπόστολοι.

1135 1867 1181 1907 Ᾰιδ
1203 1867 1365 1912 καὶίφάσκει
1382 1875 1502 1906 Παῦλος·
1521 1884 1530 1900 ι
1549 1871 1669 1908 Χριστοῦ
1684 1870 1784 1897 εὐωδία
1800 1867 1883 1903 ἐσμὲν
1900 1867 1929 1894 ἐν

1134 1927 1191 1958 τοῖς
1215 1924 1378 1959 σωζομένοις
1401 1921 1448 1948 καὶ
1477 1918 1686 1954 ἀπολλυμένοις.
1705 1926 1714 1942 ι
1752 1916 1796 1947 Ὧς
1825 1914 1926 1941 ὑδάτωι

1135 1973 1165 2000 δὲ
1192 1971 1297 1998 πολλῶν
1316 1967 1484 2003 ἀπηχεῖσθαι
1510 1966 1560 2002 τὴν
1591 1964 1684 2000 φωνὴν
1708 1963 1822 1993 εἰκότως
1852 1960 1928 1996 φησί.

1135 2019 1220 2053 Κοινὴ
1237 2018 1292 2052 γὰρ
1308 2017 1324 2051 ή
1341 2002 1418 2051 φωνὴ
1430 2013 1513 2041 αὐτοῦ
1530 2012 1578 2039 καὶ
1590 2010 1636 2037 τοῦ
1654 2009 1825 2045 ῐινεὺματος,
1841 2007 1887 2041 ἀφ’
1899 2002 1930 2032 οὗ

1136 2066 1186 2098 τῆς
1211 2051 1350 2098 ένεργείας
1370 2071 1379 2087 ‹
1397 2062 1444 2088 καὶ
1471 2059 1588 2093 ποταμοὶ
1605 2059 1636 2083 ὲκ
1653 2055 1704 2090 τῆς
1726 2055 1830 2085 κοιλίας
1847 2051 1931 2079 αὐτοῦ

1137 2111 1281 2146 ἕρῤευσαν,
1313 2118 1321 2136 ι
1348 2107 1420 2134 κατὰ
1445 2106 1490 2133 τὸν
1516 2103 1684 2139 προφητικὸν
1707 2101 1795 2135 λόγον.
1830 2108 1839 2125 ι
1875 2098 1932 2125 Καὶ

1138 2157 1213 2193 πηγὴ
1237 2155 1266 2188 ἐξ
1285 2156 1360 2182 οἴκου
1386 2153 1491 2189 Κυρίου
1514 2151 1683 2184 ἐξελεύσεται
1711 2149 1757 2176 καὶ
1775 2146 1864 2174 ποτιεῖ
1886 2148 1933 2172 τὸν

1138 2192 1306 2240 χειμάρρουν
1324 2201 1378 2228 τῶν
1403 2200 1528 2236 σχοίνων.
1549 2209 1558 2224 ι
1577 2195 1657 2225 Οἶκον
1681 2195 1709 2223 δὲ
1728 2194 1807 2226 Θεοῦ,
1823 2193 1864 2224 τίς
1880 2192 1934 2227 ἁμ-

1142 2250 1251 2285 φιθαλοι
1276 2248 1313 2284 μὴ
1338 2248 1402 2279 τοὺς
1428 2245 1511 2278 ἀξίως
1533 2244 1584 2279 τῆς
1609 2243 1657 2270 τοῦ
1683 2241 1757 2268 θείου
1774 2239 1935 2274 Πνεύματος

1142 2296 1283 2332 ἐνεργείας
1313 2294 1426 2325 ἑαυτοὺς
1454 2290 1714 2328 παρεσκευακότας,
1755 2288 1808 2314 ὑπὸ
1835 2285 1934 2313 τούτου

1144 2341 1280 2378 εἰρῆσθαι,
1296 2340 1320 2367 οἳ
1338 2341 1385 2366 καὶ
1401 2339 1543 2374 εἰρήκασιν
1555 2336 1668 2366 ἑαυτοὺς
1688 2332 1758 2361 εἶναι
1770 2334 1850 2364 ναοὺς
1867 2331 1935 2358 Θεοῦ

1145 2389 1191 2416 καὶ
1209 2387 1276 2424 μέλη
1301 2389 1332 2413 ὲκ
1348 2386 1464 2421 μέρουςς
1488 2385 1545 2411 Οὐκ
1561 2383 1639 2414 ἄλλος
1655 2383 1705 2417 μὲν
1718 2381 1775 2412 οῦν,
1789 2381 1806 2414 ἢ
1820 2380 1834 2406 ὁ
1850 2378 1937 2406 ταῦτα

1145 2434 1179 2459 τὰ
1192 2434 1250 2459 θεῖα
1266 2431 1313 2459 καὶ
1330 2431 1391 2466 ἱερὰ
1403 2430 1488 2464 Λόγια
1505 2429 1642 2464 ἀγνοήσας
1665 2426 1745 2453 ἑκών.
1761 2425 1816 2452 Καὶ
1831 2425 1862 2451 τὸ
1877 2424 1936 2450 δια-

1147 2478 1262 2514 πρύσιον
1286 2477 1314 2503 δὲ
1330 2477 1378 2511 τῆς
1403 2477 1442 2506 εἰς
1462 2475 1551 2501 πᾶσαν
1575 2473 1625 2508 τὴν
1643 2472 1695 2507 γῆν
1714 2471 1880 2506 ἀπηχήσεως
1896 2469 1939 2501 τίς

1147 2523 1283 2557 ἀθετήσει,
1298 2523 1321 2548 εἱ
1339 2522 1376 2556 μή
1391 2528 1442 2546 που
1456 2519 1470 2546 ὁ
1485 2518 1617 2554 χοιρώδης
1633 2518 1681 2544 καὶ
1700 2517 1715 2542 ὁ
1727 2517 1936 2550 τάςῂιινευματι-

1147 2569 1198 2600 κάς
1219 2568 1267 2595 κα¹ι
1293 2567 1370 2598 θείας
1391 2565 1540 2601 ἑλλάμψεις
1570 2563 1707 2599 αἰσθητῶς
1720 2562 1845 2590 ἀπαιτῶν
1861 2561 1939 2597 ἐνερ-

1146 2615 1253 2650 γεῖσθαι
1263 2623 1269 2647 ;

1185 2704 1237 2732 Kal
1264 2703 1343 2738 ἔχων
1367 2703 1401 2730 ἐν
1426 2701 1463 2737 τῇ
1486 2701 1571 2736 δεξιᾷ
1595 2699 1671 2735 χειρὶ
1696 2697 1789 2726 αὐτοῦ
1811 2695 1942 2730 ἀστέρας

1148 2751 1234 2778 ἑπτά.
1261 2751 1330 2782 Τοὺς
1353 2749 1423 2777 ἑπτὰ
1446 2749 1556 2781 τούτους
1577 2748 1696 2782 ἀστέρας
1712 2745 1844 2779 ἀγγέλους
1860 2741 1942 2772 αὐτὸς

1735 2844 1832 2873 "Juel.
1844 2851 1882 2877 ιιι,
1895 2842 1936 2869 IS.
