2095 3160
303 183 354 214 5°23

711 182 874 213 ARETiI/E
897 183 1086 214 CxES-tREtE
1107 182 1347 213 CAPPADOCL‘E
1364 182 1534 214 EPISCOPI

1883 186 1936 218 524

302 243 366 281 vivit
377 246 405 269 et
421 242 511 270 claves
525 241 715 268 habetmortis
739 249 770 268 ac
790 241 900 268 inferni.
916 241 984 269 Cum
1017 243 1088 278 igillll

1131 270 1133 277 λ
1150 243 1197 270 καὶ
1215 242 1262 269 τοῦ
1283 242 1355 278 ᾅδου.
1377 242 1422 274 Ὠς
1442 241 1490 269 οὖν
1502 241 1623 270 τοιοῦτον
1642 243 1739 279 ἔχοντα
1766 243 1873 278 βοηθὸν,
1889 253 1937 270 κε-

300 288 380 315 talem
402 287 714 319 habeatauxiliatorem,
733 287 812 322 jubet
829 295 863 314 ne
889 287 1030 320 formidet,
1054 292 1095 315 ut-

300 334 557 369 queilliadltatrens
582 332 629 367 qui
643 334 709 359 vivit
754 333 780 360 in
804 333 903 360 sarcula
930 334 1095 368 sempiterna

299 389 352 408 non
366 385 501 411 vereatur,
517 379 563 406 sed
582 379 687 414 absque
706 379 761 406 ullo
772 383 843 406 metu
867 379 968 407 scribat
979 387 1011 407 ea
1035 386 1095 414 qua:

297 427 373 458 vidit,
389 432 416 453 et
427 433 487 460 quae
506 430 570 453 sunt
583 430 680 460 etquae
689 429 803 453 ventura
815 430 889 457 sunt,
901 426 953 453 hoc
967 430 1009 453 est
1025 433 1094 460 pra:-

297 473 373 499 terita
397 479 429 498 ac
448 471 593 506 prtesentia
618 479 700 498 :nam
727 471 784 498 Itale
801 471 929 498 dicuntur
957 479 1016 499 esse
1030 471 1093 506 qui-

295 518 367 550 dem,
381 517 427 544 sed
445 517 567 544 nondum
582 518 716 545 transisse
732 517 759 544 in
786 517 925 544 interitum
943 525 950 542 :
968 525 1021 543 una
1043 524 1093 544 au~

295 568 347 590 tem
364 571 424 591 cum
443 563 486 590 liis
502 571 532 590 ea
547 570 608 598 quce
623 563 744 590 futurum
768 567 810 589 cst
823 565 852 589 u‘t
867 562 934 590 ﬁant
953 563 985 590 ad
999 563 1092 597 cogni-

294 609 394 636 tionem
418 608 630 636 transeuntium.

329 653 394 680 Noli
409 654 509 680 timere.
534 652 644 680 Visione
659 658 849 681 consternatus
869 653 1048 688 evangelista,
1063 657 1090 680 et

292 699 376 726 veluti
390 704 516 726 ntortuus
529 703 591 726 ante
609 699 690 733 pedes
709 699 767 733 ejus
786 707 867 734 quem
890 699 994 726 viderat
1020 706 1090 726 con~

298 744 422 775 stitutus,
435 744 544 771 audisse
561 752 589 772 se
601 744 678 772 dicit:
691 743 755 771 Noli
773 744 874 777 timere,
890 744 968 779 quasi
983 751 1087 779 nequa~

292 797 374 825 quam
390 791 479 817 vivere
497 790 631 824 potuisset
646 798 724 818 sacer
739 789 860 818 Joannes
885 798 942 825 prie
964 794 1084 825 stupore,

291 836 343 862 nisi
365 835 477 863 salutari
490 835 599 862 dextera
617 839 706 862 tactus
735 835 841 868 fuisset,
869 835 983 871 soloque
1012 839 1084 863 tactu

291 881 338 908 illa
359 880 444 908 fuerit
473 886 602 916 operatus
631 882 782 909 mirabilia.
803 881 872 909 Nam
896 890 957 917 ego,
985 882 1083 917 inquit,

1149 289 1221 315 λεύει
1240 288 1277 324 μὴ
1298 288 1449 323 φοϐεῖσθαι,
1472 288 1533 324 μηδ’
1557 289 1586 315 ὲν
1609 289 1684 324 αὑτῷ
1702 289 1937 325 προανακειμενον

1147 333 1186 368 τῷ
1203 333 1285 366 ζῶντι
1307 334 1347 365 εἰς
1363 333 1557 369 ἀτελευτήτους
1581 334 1681 366 αίῶνας
1707 334 1936 366 ὑποστείλασθαι,

1147 379 1215 406 ἀλλὰ
1228 380 1345 415 γράφειν
1359 379 1550 411 ἀνυποστόλως
1563 379 1583 407 ἃ.
1595 378 1660 411 εἶδε,
1677 381 1724 407 καὶ
1740 380 1758 407 ἃ
1778 380 1842 414 εἰσὶ,
1857 382 1904 408 καὶ
1918 380 1936 407 ἃ

1148 426 1239 460 μέλλει
1254 425 1393 462 ἔρχεσθαι,
1403 425 1485 452 οἱονεὶ
1502 426 1536 452 τὰ
1548 426 1718 462 παρελθόντα
1727 426 1774 452 καὶ
1787 426 1934 454 ἐνεστῶτα.

1146 471 1239 498 Ταῦτα
1254 471 1308 507 γὰρ
1322 472 1376 498 τῶν
1397 471 1492 504 ὄντων,
1512 471 1570 498 ἀλλ’
1594 472 1626 497 οὺ
1637 471 1691 498 τῶν
1709 472 1749 504 είς
1764 471 1935 507 ἁνυπαρξίιν

1145 518 1354 552 κεχωρηκότων.
1367 518 1444 544 Μετὰ
1453 517 1555 544 τούτων
1563 517 1591 544 δὲ
1602 538 1609 551 ,
1622 517 1669 544 καὶ
1679 517 1697 544 ἃ.
1708 517 1800 552 μέλλει
1812 517 1934 551 γίνεσθαι

1143 562 1213 597 πρὸς
1225 562 1326 596 γνῶσιν
1339 563 1393 589 τῶν
1409 563 1624 599 μετερχομένων.

1177 641 1225 674 Μὴ
1243 641 1347 676 φοϐοῦ.
1365 641 1561 676 Καταπλαγεὶς
1581 642 1614 676 τῇ
1631 641 1680 677 θέᾳ
1693 642 1707 668 ὁ
1723 642 1934 680 εὐαγγελιστὴςέ

1141 686 1188 711 καὶ
1211 685 1249 718 ὡς
1273 685 1370 721 νεκρὸς
1395 685 1538 718 ὺποτεθεὶς
1562 686 1601 721 τῷ
1625 686 1758 722 ὁρωμένῳ
1782 688 1851 723 πρὸς
1868 691 1931 722 τοὺς

1139 731 1233 763 πόδας,
1248 730 1364 758 ἀκοῦσαί
1377 739 1454 766 φησι,
1467 730 1514 765 Μὴ
1526 730 1633 765 φοϐοῦ,
1648 731 1685 762 ὼς
1702 731 1752 757 οὐκ
1768 733 1800 758 ἂν
1817 733 1930 768 ἰσχύσας

1139 777 1189 812 ζῇν
1200 777 1214 803 ό
1231 776 1304 810 ἱερὸς
1332 777 1460 811 Ἰωάννης
1484 777 1517 803 ὲκ
1531 776 1581 812 τῆς
1599 776 1808 812 καταπλήξεως,
1826 778 1864 814 μὴ
1879 779 1928 813 τῆς

1139 822 1274 858 σωτηρίου
1298 822 1389 856 δεξιᾶς
1404 822 1550 858 ἀψαμένης
1563 823 1647 850 αὐτοῦ
1661 823 1711 859 τῆς
1725 824 1839 851 πλεῖστα
1861 826 1929 861 μόνῃ

1136 870 1169 905 τῇ
1185 869 1240 904 ἁφῇ
1255 869 1446 904 ἐργασαμένης
1461 869 1611 904 θαυμάσια.
1628 869 1700 904 Ἐγὼ
1718 874 1772 905 γάρ
1788 870 1862 905 εἰμι,
1877 879 1929 905 φη-

290 931 351 954 Sum
366 927 402 953 ob
423 926 538 953 salutem
552 927 672 953 omnium
689 931 809 954 vestrum
830 926 989 954 novissimis
1014 931 1084 954 tein-

1139 916 1191 948 σὶν,
1208 916 1221 941 ὁ
1234 915 1282 941 ἐπὶ
1295 915 1418 950 σωτηρίᾳ
1435 915 1549 942 πάντων
1565 915 1642 951 ὑμῶν
1657 915 1702 942 ἐπ’
1718 916 1843 951 ἐσχάτων
1865 925 1928 943 και-

288 972 402 1007 poribus
418 972 450 998 ad
466 979 514 999 vos
529 979 591 999 eum
603 979 686 999 carne
704 979 866 1004 conversus,
877 975 904 999 et
918 981 927 998 ι
946 972 1084 1007 primoge-

288 1017 362 1045 nitus
377 1017 468 1044 omnis
477 1023 610 1044 creaturae
627 1017 660 1044 ³⁸.
683 1026 693 1042 ι
708 1017 852 1050 Quomodo
862 1017 943 1052 igitur
956 1017 1085 1052 possibile

290 1068 365 1091 esset
383 1068 413 1091 ut
427 1063 491 1090 mali
509 1062 649 1098 quidpiam
662 1070 694 1091 ea
709 1070 768 1090 mea
784 1063 955 1099 apparitione
978 1068 1084 1099 patere-

287 1110 326 1138 ris
341 1110 353 1137 ?
371 1109 438 1137 Nam
455 1109 477 1138 si
495 1110 556 1137 viro
567 1117 599 1137 ac
614 1110 675 1137 l'ons
693 1110 756 1137 vitae
775 1118 849 1141 sum.
877 1114 904 1137 et
923 1118 1081 1145 quanquam

286 1160 398 1191 propter
411 1162 460 1184 VOS
473 1160 597 1183 mortuus
609 1163 680 1188 sum,
692 1163 802 1182 rursum
818 1160 909 1184 tamen
921 1156 1081 1184 conculcata

285 1207 374 1230 tnorte
389 1203 495 1230 revixi:
512 1202 651 1238 quomodo
671 1201 802 1236 possibile
811 1206 883 1229 esset
902 1206 932 1229 ut
943 1207 970 1229 tu
984 1202 1029 1237 qui
1041 1202 1082 1229 vi-

283 1248 336 1282 vis,
348 1253 459 1284 propter
473 1255 517 1275 me
531 1253 558 1275 et
572 1247 624 1275 mei
645 1252 786 1282 aspectum
813 1248 961 1276 morereris
977 1247 989 1274 7
1003 1247 1081 1280 Quod

285 1297 308 1325 si
330 1296 412 1323 etiam
426 1294 517 1321 claves
526 1293 614 1321 habeo
633 1293 731 1320 ntortis
748 1300 780 1320 ac
794 1292 906 1324 inferni,
926 1293 987 1321 ideo
1006 1301 1082 1329 quo-

283 1349 337 1378 que
352 1340 460 1368 viviﬁco
475 1344 502 1367 et
515 1339 661 1372 mortiﬁco,
674 1339 779 1366 deduco
792 1340 826 1367 ad
857 1339 960 1367 inferos
979 1347 1012 1367 ac
1040 1347 1081 1367 re-

283 1389 354 1417 duco
367 1387 400 1419 ",
413 1396 422 1412 ι
439 1386 546 1421 uncique
561 1389 625 1413 sunt
646 1395 669 1418 ι,
687 1385 763 1412 utait
774 1384 1080 1420 Proplteta,ttransitus

283 1433 381 1462 mortis
391 1432 416 1449 ⁸ο
433 1440 466 1459 ;·›
485 1439 657 1467 nequaquam
687 1439 764 1459 meos
785 1432 905 1459 cultores
932 1435 1079 1466 antequam

283 1480 409 1515 expediat
423 1479 529 1506 mittam
548 1479 575 1505 in
596 1484 723 1510 mortem,
743 1477 796 1506 nisi
817 1477 936 1513 primum
948 1477 983 1505 ad
1013 1478 1081 1505 scri-

282 1526 400 1554 bendum
420 1524 580 1552 aii-novum
596 1532 628 1551 ea
644 1531 705 1559 qnte
724 1526 881 1560 cognitione
900 1525 981 1560 digna
1004 1529 1078 1552 sunt.

317 1571 339 1605 I,
352 1571 397 1603 19,
411 1571 457 1598 ‘20.
483 1569 572 1597 Scribe
585 1577 643 1604 quw
666 1569 756 1596 vidisti
772 1575 797 1596 et
813 1577 873 1604 qua:
888 1575 950 1597 sunt
964 1574 989 1597 et
1019 1577 1079 1605 qua:
1090 1588 1113 1620 ε

282 1619 402 1653 futurum
412 1622 449 1644 est
463 1622 489 1643 ut
507 1617 573 1651 ﬁant
584 1621 641 1650 post
662 1615 727 1642 lucc.
746 1617 902 1650 Mysterium
917 1616 997 1652 εει
1031 1624 1075 1643 se-

281 1669 352 1698 ptem
363 1662 501 1689 stellarum
513 1669 578 1696 quas
590 1661 678 1688 vidisti
691 1661 717 1686 in
733 1661 843 1687 dextera
856 1669 926 1693 mea,
941 1667 965 1687 et
975 1666 1071 1695 septem

281 1708 442 1735 candelabra
452 1715 544 1734 aurea.
564 1707 670 1741 Septem
685 1706 781 1739 ateliw,
798 1706 887 1741 angeli
903 1711 1001 1741 septem
1020 1706 1073 1733 Et:-

281 1754 424 1781 clexinrum
438 1757 500 1780 sunt
510 1760 519 1778 .'
529 1756 554 1779 et
569 1752 730 1778 tandclabra
743 1756 850 1786 septem,
871 1757 969 1786 septem
983 1752 1074 1779 Eccle-

280 1802 327 1828 sia:
337 1806 408 1827 sunt.

312 1846 382 1879 Quae
396 1853 411 1872 a
429 1849 524 1872 sancto
538 1845 594 1871 visa
609 1848 682 1876 sunt,
697 1844 795 1878 partim
807 1843 917 1877 quidem
929 1843 986 1879 jam
1003 1843 1072 1872 facta

280 1896 355 1925 sunt,
380 1891 529 1926 quaeetiam
542 1890 619 1925 juxta
636 1889 810 1924 tempusjam
836 1890 987 1917 terminum
1011 1898 1071 1918 sor-

280 1939 329 1965 tita
340 1942 414 1969 sunt,
433 1944 487 1964 non
513 1942 602 1963 tamen
618 1936 656 1963 ita
669 1940 700 1963 ut
714 1936 798 1963 etiam
811 1935 838 1962 in
852 1935 993 1963 interitum
1013 1936 1070 1971 jam

280 1984 406 2012 abierint.
419 1983 480 2010 ideo
492 1990 602 2018 quoque
616 1981 650 2009 de
662 1982 728 2017 ipsis
739 1982 822 2009 dixit:
834 1981 902 2014 Quae
913 1988 973 2009 sunt
988 1991 995 2008 :
1008 1990 1071 2017 par-

278 2030 328 2057 tim
354 2037 418 2056 vero
434 2029 461 2056 in
479 2033 605 2063 promptu
622 2032 698 2060 sunt,
714 2032 743 2054 ut
769 2032 910 2056 transeant
925 2037 931 2055 z
944 2036 1069 2055 rut-sunt-

278 2084 331 2111 que
346 2076 380 2103 de
394 2075 532 2103 nonnullis
548 2075 672 2102 futurum
686 2078 728 2102 est
744 2078 775 2102 ut
786 2074 863 2107 llant,
878 2075 962 2102 veluti
978 2075 1005 2102 in
1026 2081 1070 2102 se-

278 2123 426 2158 quentibus
439 2129 529 2149 sermo
540 2121 695 2156 explicabit.

314 2168 577 2204 Myueriunueptem
587 2167 736 2195 stellarum.
763 2167 898 2201 Quoniam
913 2167 963 2203 ipsi
983 2168 1068 2203 signi-

280 2216 371 2242 ﬁcavit
393 2221 518 2249 quaenam
542 2214 599 2240 sint
617 2219 721 2249 septem
741 2214 826 2242 stellae
840 2219 867 2241 et
895 2213 1014 2241 lucerna:
1037 2222 1069 2242 ac

1139 960 1195 995 ρῶν
1210 961 1443 995 συναναστραφεὶς
1459 961 1524 995 ὑμῖν
1539 961 1608 996 μετὰ
1624 961 1735 997 σαρκὸς,
1752 962 1799 988 καὶ
1819 970 1828 987 t
1852 969 1929 997 πρω-

1137 1006 1248 1037 τότοκος
1275 1006 1367 1041 πάσης
1391 1007 1516 1038 κτίσεως.
1547 1016 1556 1032 ι
1594 1008 1655 1039 Πῶς
1684 1007 1730 1034 οὖν
1754 1005 1810 1034 οἷόν
1840 1008 1871 1035 τέ
1897 1017 1928 1034 σι

1136 1051 1235 1078 παθεῖν
1257 1060 1282 1078 τι
1307 1051 1392 1079 κακὸν
1413 1053 1445 1079 ἐκ
1466 1053 1514 1088 τῆς
1535 1053 1696 1087 ἐπιφανείας
1722 1062 1790 1088 μου;
1816 1054 1848 1080 Εἰ
1872 1053 1928 1088 γὰρ

1136 1097 1192 1130 ζῶν
1218 1099 1265 1125 καὶ
1290 1099 1366 1134 πηγὴ
1389 1098 1462 1133 ζωῆς
1482 1099 1614 1134 ὑπάρχων
1629 1100 1669 1133 (εἰ
1684 1099 1713 1126 δὲ
1729 1100 1777 1126 καὶ
1799 1099 1833 1126 δι’
1852 1100 1926 1135 ὑμᾶς

1135 1143 1270 1179 ἐγενόμην
1298 1143 1403 1179 νεκρὸς,
1427 1144 1484 1170 ἀλλ’
1507 1143 1586 1176 αὖθις
1604 1145 1720 1171 ἀνεῦίων
1734 1146 1859 1180 πατήσας
1879 1145 1926 1172 τὸν

1136 1188 1277 1224 θάνατον),
1304 1189 1362 1220 πῶς
1377 1186 1432 1216 οἶόν
1457 1189 1486 1217 τέ
1503 1198 1532 1216 σε
1560 1190 1606 1216 τὸν
1624 1190 1729 1223 ζῶντα,
1745 1190 1779 1217 δι’
1797 1191 1848 1226 ἐμὲ
1877 1191 1925 1217 καὶ

1134 1235 1184 1270 τὴν
1205 1235 1275 1270 ὲμὴν
1289 1235 1423 1262 ὀπτασίαν
1443 1235 1569 1270 γενέσθαι
1585 1237 1700 1272 νεκρόν;
1718 1238 1748 1263 Εἰ
1762 1237 1791 1263 δὲ
1806 1238 1854 1264 καὶ
1870 1237 1925 1272 ἔχω

1133 1279 1183 1310 τὰς
1209 1279 1283 1311 κλεῖς
1306 1281 1354 1307 τοῦ
1378 1280 1494 1307 θανάτου
1510 1281 1557 1308 καὶ
1571 1281 1619 1308 τοῦ
1643 1281 1720 1317 ᾅδου,
1740 1282 1781 1308 διὸ
1798 1282 1923 1316 καὶςωο-

1134 1325 1207 1359 γονῶ
1233 1326 1280 1352 καὶ
1322 1326 1435 1360 κατάγω
1463 1327 1502 1358 είς
1533 1326 1596 1362 ᾅδου
1632 1327 1678 1353 καὶ
1716 1327 1828 1362 ἀνάγω,
1863 1328 1922 1360 καὶ,

1136 1379 1146 1396 ε
1172 1370 1256 1406 Ἑμοῦ
1279 1372 1358 1405 εἰσιν,
1371 1381 1380 1397 ι
1397 1371 1434 1404 ὼς
1449 1373 1463 1398 ὁ
1478 1374 1620 1408 προφήτης
1638 1374 1731 1408 φησὶν,
1746 1383 1754 1398 t
1768 1375 1795 1400 αἱ
1812 1374 1922 1407 διέξοδοι

1132 1415 1181 1443 τοῦ
1199 1416 1328 1449 θανάτου,
1348 1426 1357 1442 ι
1368 1417 1418 1443 οὐκ
1429 1416 1463 1444 ἂν
1477 1417 1540 1449 τοὺς
1560 1418 1644 1452 ἐμοὺς
1663 1419 1855 1453 προσχυνητὰς
1869 1420 1922 1454 πρὸ

1132 1463 1179 1490 τοῦ
1199 1463 1365 1499 καθήκοντος
1393 1463 1574 1499 παραπέμψω
1602 1464 1642 1499 τῷ
1670 1463 1794 1500 θανάτῳ,
1823 1465 1856 1491 ἂν
1883 1466 1921 1500 μὴ

1131 1509 1236 1545 γράψαι
1252 1509 1395 1545 ὑποθῶμαι
1409 1510 1443 1536 τὰ
1453 1510 1580 1544 γνώσεως
1592 1511 1665 1543 ἄξια.

1165 1555 1293 1590 Γράψον
1319 1554 1338 1582 ἃ
1359 1554 1448 1588 εἶδες,
1462 1556 1512 1582 καὶ
1533 1556 1552 1582 ἁ
1570 1556 1640 1589 εἰσὶ,
1657 1556 1707 1584 καὶ
1721 1556 1740 1583 ἂ
1753 1555 1860 1591 μέλλει
1875 1556 1920 1590 γί-

1129 1602 1235 1628 νεσθαι
1258 1601 1338 1636 μετὰ
1370 1601 1473 1628 ταῦτα.
1506 1602 1540 1629 Τὸ
1567 1602 1738 1636 μυστήριον
1762 1602 1822 1629 τῶν
1845 1602 1920 1629 ἑπτὰ

1129 1647 1264 1681 ἀστέρων
1284 1644 1329 1674 ὧν
1348 1646 1427 1681 εἶδες
1446 1648 1495 1675 ἐπὶ
1519 1648 1575 1682 τῆς
1596 1648 1698 1681 δεξιᾶς
1709 1657 1779 1683 μου,
1802 1648 1851 1675 καὶ
1866 1649 1920 1680 τὰς

1128 1694 1203 1723 ἐττιά
1213 1695 1343 1729 λυχνίας
1363 1694 1415 1728 τὰς
1435 1694 1563 1729 χρυσᾶς.
1577 1695 1610 1721 οι
1626 1695 1700 1721 ἑπτὰ
1713 1695 1850 1728 ἀστέρες,
1864 1695 1917 1729 ἄγε

1128 1742 1211 1774 πῖλοι
1230 1739 1289 1767 τῶν
1301 1740 1376 1767 ἑπτὰ
1393 1739 1582 1774 Ἐκιιησιῶν
1593 1742 1662 1768 εἱσι.
1684 1742 1737 1768 Καὶ
1752 1742 1782 1768 al
1793 1742 1919 1776 λυχνίαι

1128 1786 1158 1812 αἱ
1169 1785 1254 1818 ἑπτὰ,
1268 1785 1344 1812 ἑπτὰ
1366 1786 1540 1820 Ἐκκλησίαι
1555 1787 1626 1813 εἱσι.

1163 1832 1204 1858 Τὰ
1227 1832 1365 1866 ὁραθέντα
1384 1832 1424 1867 τῷ
1445 1832 1526 1868 ἁγίῳ,
1548 1832 1582 1859 τὰ
1598 1832 1648 1868 μὲν
1663 1833 1713 1868 ἤδη
1731 1832 1876 1867 γεγόνασιν
1899 1832 1918 1859 ἃ.

1127 1878 1175 1905 καὶ
1201 1878 1288 1912 πέρας
1310 1877 1360 1913 ἤδη
1384 1877 1480 1912 ἔχοντα
1501 1877 1649 1912 ἐτύγχανον
1670 1877 1741 1905 κατὰ
1755 1878 1861 1913 καιρὸν,
1885 1879 1915 1904 οὐ

1128 1924 1220 1958 μέντοι
1246 1923 1294 1950 καὶ
1310 1924 1350 1954 εἰς
1371 1922 1541 1958 ἀνυπαρξίαν
1560 1921 1595 1959 ἦν
1609 1925 1850 1960 συγκεχωρηκότα.
1870 1924 1916 1950 Διὸ

1126 1970 1173 1996 καὶ
1188 1969 1252 2004 περὶ
1267 1968 1357 1996 αὐτῶν
1370 1967 1468 2003 ζεῐπεν,
1484 1970 1519 1996 Ἀ
1537 1969 1614 1997 ἐστι.
1633 1970 1673 1996 Τὰ
1687 1970 1715 1996 δὲ
1732 1970 1828 2004 ἕτοιμα
1844 1978 1916 2004 παρ-

1125 2013 1224 2046 ελθεῖν,
1243 2013 1278 2040 τὰ
1299 2013 1326 2039 δὲ
1347 2013 1445 2048 ,μέλλει
1471 2014 1605 2047 γίνεσθαι,
1629 2014 1667 2046 ὡς
1689 2014 1791 2049 προῖὼν
1807 2015 1821 2040 ὁ
1835 2014 1915 2048 λόγος

1125 2062 1192 2095 ἐρεῖ.

1162 2172 1197 2199 Τὸ
1207 2171 1376 2206 μυστήριον
1391 2169 1449 2197 τῶν
1467 2171 1542 2198 ἑπτὰ
1560 2171 1706 2205 ἀστέρων.
1729 2171 1805 2197 Ἐπεὶ
1822 2171 1911 2197 διεσά-

1123 2227 1211 2253 φησεν
1225 2217 1299 2252 αὐτῷ
1319 2217 1391 2249 τίνες
1415 2225 1444 2243 τε
1460 2218 1483 2243 oi
1499 2217 1569 2243 ἑπτὰ
1584 2217 1696 2251 ἀστέρες
1717 2216 1763 2243 καὶ
1779 2217 1803 2243 oi
1820 2216 1913 2252 λύχνοι

277 2260 450 2292 candelabra,
472 2261 553 2293 huius
566 2267 675 2294 quoque
691 2259 777 2295 gratia
794 2260 882 2294 ipsum
893 2260 1067 2294 crttditquat-

1131 2265 1171 2292 ιαὶ
1184 2265 1211 2291 αι
1227 2263 1344 2299 λυχνίαι.
1358 2263 1454 2290 τούτου
1471 2264 1551 2298 χάριν
1567 2263 1613 2290 καὶ
1627 2263 1645 2290 ἃ
1658 2263 1698 2290 δεῖ
1710 2263 1777 2298 πρὸς
1792 2264 1913 2298 ἑκάστην

278 2313 341 2333 nam
359 2305 474 2340 singulis
497 2305 622 2332 dicturus
633 2306 669 2333 sit
697 2305 839 2332 Ecclesiis.
856 2305 954 2332 Stellas
978 2310 1069 2332 autent

277 2355 358 2379 vocat
373 2350 483 2386 angelos
501 2349 686 2377 Ecclesiarnm
698 2350 850 2384 praefectos,
874 2354 968 2385 utpote
983 2351 1070 2378 lucem

276 2397 390 2425 sortitos
404 2397 439 2424 ab
454 2398 513 2431 ipso
531 2396 594 2423 Sole
614 2395 750 2430 iustitiae:
772 2397 844 2430 quod
868 2397 949 2423 etiam
974 2397 1070 2431 opirna-

277 2448 321 2471 tus
333 2447 376 2471 est
394 2443 530 2478 quispiam
539 2449 633 2470 eorum
646 2442 692 2477 qui
712 2441 867 2470 forinsecus
881 2447 946 2470 sunt
960 2443 1070 2477 sapien-

277 2494 318 2517 tes
334 2489 366 2517 de
376 2488 500 2517 sensibili
528 2488 596 2521 sole,
624 2495 721 2523 nempe
741 2489 814 2524 quod
834 2489 868 2516 ab
898 2489 957 2524 ipso
986 2489 1070 2517 stella:

275 2535 362 2563 lucem
379 2535 543 2570 acciperent.
562 2534 699 2562 Lucernas
719 2542 783 2562 vero
796 2534 853 2562 sive
865 2534 1004 2567 candelas,
1027 2535 1068 2562 vi-

275 2591 322 2612 ros
341 2590 435 2611 sacros
449 2582 484 2609 ad
501 2582 553 2610 hoc
572 2582 713 2609 ordinatos
726 2587 755 2608 ut
770 2580 874 2609 Christi
888 2581 1068 2609 illuminatio-

275 2636 337 2656 nem
363 2628 570 2664 locnpletarent,
592 2632 619 2654 et
637 2627 799 2662 ignorantiae
819 2627 948 2654 tenebras
962 2634 1024 2662 qua:
1039 2626 1065 2654 in

274 2674 402 2709 presenti
413 2674 468 2702 vita
491 2679 555 2702 sunt
575 2674 774 2709 dispergerent.
792 2672 881 2701 Porro
901 2672 1064 2701 candelabra

274 2720 348 2756 ipsas
360 2719 496 2748 Ecclesias
511 2725 639 2755 tanquam
652 2719 935 2753 ierentesluminaria,
945 2719 991 2754 qui
1000 2723 1066 2747 sunt

275 2772 467 2803 praeceptores,
474 2767 552 2802 juxta
562 2767 686 2798 Paulum,
695 2766 717 2782 “
731 2773 887 2794 sermonem
899 2766 961 2793 vitte
974 2766 1064 2793 conti-

274 2819 389 2842 nentes:
406 2813 533 2841 universa
550 2821 614 2841 vero
634 2820 728 2846 aurea,
749 2817 857 2847 propter
878 2812 1063 2840 sinceritatem

305 2904 329 2921 ³⁸
342 2904 448 2933 Coloss.
467 2912 487 2937 I,
499 2904 541 2932 15.
580 2905 602 2922 "
620 2903 711 2940 lBeg.
730 2912 749 2939 ι,
763 2904 790 2932 6.
825 2904 848 2921 “
864 2903 938 2932 Psal.
952 2911 1039 2937 mn,
1056 2903 1101 2931 2|.

1122 2312 1212 2338 εἰπεῖν
1229 2310 1393 2346 Ἐκκλησίαν
1405 2310 1583 2342 συνετίζεται.
1601 2309 1733 2344 Ἀστέρας
1744 2309 1771 2336 δὲ
1782 2310 1845 2340 τοὺς
1860 2309 1911 2343 ἁγ-

1121 2356 1216 2390 γέλους
1241 2356 1304 2387 τοὺς
1326 2355 1381 2382 τῶν
1403 2355 1572 2390 Ἐκκλησιῶν
1590 2355 1705 2390 ἐφόρους
1723 2355 1811 2387 καλεῖ,
1829 2355 1866 2385 ὡς
1882 2354 1912 2387 ἐξ

1120 2403 1203 2430 αὑτοῦ
1219 2402 1267 2430 τοῦ
1287 2402 1377 2429 Ἡλίου
1391 2402 1441 2437 τῆς
1462 2401 1637 2436 δικαιοσύνης
1651 2401 1681 2428 τὸ
1703 2402 1760 2436 φῶς
1775 2410 1912 2437 χορηγου-

1122 2450 1219 2484 μένους
1231 2458 1237 2464 ·
1265 2450 1334 2484 ὅπερ
1351 2448 1397 2475 καί
1415 2456 1456 2480 τις
1475 2448 1530 2474 τῶν
1545 2447 1663 2482 θύραθεν
1681 2448 1773 2483 σοφῶν
1785 2449 1850 2483 περὶ
1864 2449 1910 2475 τοῦ

1120 2494 1248 2530 αἰσθητοῦ
1271 2495 1346 2529 ἡλίου
1363 2494 1499 2526 ἐδόξασεν,
1515 2494 1552 2526 ὡς
1571 2494 1601 2528 ἐξ
1615 2494 1698 2521 αὐτοῦ
1714 2495 1778 2526 τοὺς
1792 2495 1911 2530 ἀστέρας

1118 2540 1148 2567 τὸ
1164 2541 1221 2575 φῶς
1246 2539 1445 2574 λαμϐάνοντας.
1462 2539 1585 2574 Λύχνους
1595 2539 1635 2570 δὲ.
1653 2539 1716 2570 τοὺς
1732 2539 1777 2566 τὸν
1791 2539 1911 2574 Χριστοῦ

1119 2585 1259 2620 φωτισμὸν
1276 2586 1364 2620 ἱεροὺς
1380 2585 1478 2620 ἄνδρας
1495 2586 1694 2612 καταπλουτεῖν
1708 2585 1893 2619 τεταγμένους
1903 2605 1911 2617 ,

1119 2631 1166 2658 καὶ
1187 2630 1233 2657 τὸν
1258 2631 1307 2665 τῆς
1331 2631 1471 2664 ἀγνωσίας
1498 2631 1594 2657 σκότον
1621 2631 1667 2657 τοῦ
1694 2631 1827 2665 παρόντος
1847 2631 1907 2666 βίου

1117 2677 1354 2709 διασκεδάζοντας.
1364 2677 1480 2712 Λυχνίας
1488 2676 1575 2708 δὲτὰς
1591 2676 1755 2712 Ἐκκλησίας
1768 2676 1804 2708 ὠς
1817 2677 1912 2712 ὄχημα

1117 2723 1173 2750 τῶν
1190 2723 1353 2759 φωστήρων.
1374 2723 1534 2750 Διδάσκαλοι
1549 2723 1577 2750 δὲ
1591 2720 1675 2755 οὗτοι,
1694 2722 1766 2750 κατὰ.
1791 2722 1909 2755 Παῦλον,

1119 2769 1197 2803 λόγον
1214 2769 1287 2804 ζωῆς
1300 2768 1443 2804 ἐπέχοντες
1455 2776 1462 2783 ·
1484 2769 1586 2804 χρυσαῖ
1597 2767 1625 2795 δὲ
1640 2768 1726 2794 πᾶσαι
1745 2766 1789 2794 διὰ
1803 2767 1834 2793 τὸ
1846 2767 1909 2793 ἀχί-

1119 2815 1218 2850 6δηλόν
1231 2822 1261 2841 τε
1279 2814 1325 2841 καὶ
1337 2814 1428 2849 τίμιον
1451 2813 1499 2849 τῆς
1516 2814 1546 2841 ἐν
1563 2813 1659 2846 αὐταῖς
1678 2813 1808 2845 πίστεως.
1828 2812 1909 2839 Ἐκά-

1142 2903 1162 2920 “
1183 2902 1282 2939 Philip.
1293 2911 1325 2937 ιι,
1344 2903 1385 2930 15.
