2095 3160
269 169 319 200 527

305 225 482 258 Quiambulal
496 225 522 252 in
532 225 615 252 medio
629 229 725 259 septem
735 224 1051 252 candelabrorumaureo
1068 228 1091 255 Α

268 271 436 300 rum.Simile
443 275 522 298 estac
533 270 555 297 si
567 271 667 305 diceret
679 279 686 296 :
696 269 757 297 litec
765 270 832 298 dicit
840 271 886 305 qui
900 270 1058 305 complecti-

270 323 315 346 tur
325 323 353 345 et
372 318 538 351 imperat,ac
558 316 682 343 continet
706 321 764 343 tum
788 316 914 344 caelestes
935 317 1056 352 angelos,

270 370 326 392 tum
357 363 482 390 homines
504 361 550 396 qui
569 366 633 389 sunt
661 361 688 389 in
711 367 805 389 terra:
829 369 891 389 nam
908 362 934 389 hi
954 366 1057 396 septem

270 409 355 436 stellm
370 411 444 438 sunt,
455 411 484 434 ut
499 407 556 442 jam
572 407 653 443 663
669 407 770 434 dictum
790 412 841 440 est,
859 412 885 434 et
899 415 982 435 aurea
994 415 1059 435 can-

267 453 378 480 dolabra
395 460 426 480 ac
442 452 572 484 lucernze,
588 452 615 479 in
628 452 717 480 medio
735 460 852 488 quorum
866 453 1018 480 inhabitare
1030 458 1059 481 et

267 499 337 525 inter
355 506 401 526 eos
419 498 589 525 inambulare
604 498 782 525 annuntiatttr
798 498 940 525 Dominus.

302 543 373 571 Novi
381 552 460 578 opera
481 549 537 571 tua.
552 543 632 575 Novi,
647 548 673 571 et
681 543 748 571 nihil
764 551 807 571 me
817 543 891 576 latet,
905 539 1056 578 inquit,qui

267 590 424 626 singulatim
442 589 556 617 formavi
570 589 652 617 corda
665 595 754 617 vestra
769 590 802 622 ⁸⁸,
818 594 845 617 et
860 590 974 625 cognovi
999 597 1059 616 0m-

265 638 311 665 nia
329 645 410 672 opera
426 642 526 669 vestra,
539 641 566 663 et
585 636 657 670 quod
671 636 757 663 malos
777 636 871 663 audire
886 643 940 663 non
970 641 1056 670 potes,

266 682 313 709 sed
326 686 422 708 natura
438 681 520 708 odisti
531 681 604 715 quod
629 680 729 708 malum
744 685 795 714 est,
807 680 935 716 quodque
945 680 1057 708 tentasti

266 735 312 755 eos
322 727 368 762 qui
384 735 414 754 se
421 727 516 754 dicunt
527 734 588 754 esse
599 727 748 760 apostol05,
763 730 790 754 et
805 725 932 754 invenisti
948 733 996 753 eos
1010 725 1058 752 fail-

265 780 312 799 sos
325 771 472 806 apostolos.
487 771 628 805 Siquidem
640 771 768 806 Ephesini
782 770 905 798 divinum
916 770 1058 805 complen-

266 821 306 844 tes
321 821 494 851 praeceptum,
516 824 572 851 quo
589 816 688 844 dicitur
712 824 766 844 non
795 816 869 843 omni
893 815 1055 842 credendum

265 870 325 889 esse
343 862 462 896 spiritui,
482 861 528 888 sed
543 861 696 896 probandos
713 868 772 888 esse
799 860 911 896 spiritus
940 867 1005 887 num
1022 867 1054 886 ex

265 908 321 935 Deo
332 908 387 934 sint
399 907 431 939 “,
447 907 496 934 hoc
514 911 557 934 est
577 915 640 933 num
657 906 719 934 data
739 906 853 941 sitipsis
879 905 992 933 docendi
1012 905 1054 932 di-

264 954 442 988 gnitasjuxta
460 952 648 987 praescriptum
675 951 876 986 evangelicum,
889 950 916 977 in
932 949 1052 984 simplici

266 1007 355 1026 rerum
371 1007 422 1025 usu
435 998 561 1032 agebant,
575 1005 627 1024 non
639 1002 730 1023 autem
741 996 810 1023 cibis
823 1000 850 1022 et
862 1001 926 1030 potu
954 1003 985 1022 ac
1001 1003 1053 1022 nu-

265 1045 328 1078 ptiis
357 1044 534 1076 insanientes,
578 1044 717 1077 vitamque
744 1042 934 1077 voluptuosam
951 1045 1054 1076 tempe-

264 1090 334 1117 ranti
357 1089 531 1124 prmfercntes
545 1097 551 1115 :
569 1089 658 1123 qualis
673 1092 732 1116 erat
747 1087 904 1118 Corinthus,
929 1087 1052 1121 apostolo

264 1139 291 1162 et
318 1134 492 1169 evangelista:
514 1133 672 1168 σύγχρονος,
700 1134 854 1167 dogmatum
885 1132 1053 1159 adulterino-

263 1188 325 1207 rum
342 1184 527 1207 annuntiator.

301 1224 334 1252 Et
350 1225 504 1258 patientiam
517 1224 607 1251 habes.
631 1223 787 1254 Laborasti,
813 1222 913 1257 inquit,
939 1225 966 1248 et
986 1220 1052 1249 tole-

265 1270 342 1302 rasti,
353 1270 424 1297 nulla
438 1269 595 1304 fatigatione
607 1269 728 1295 animum
746 1268 876 1301 dejiciens
891 1267 926 1295 ob
947 1274 978 1294 ea
992 1274 1052 1302 qua:

264 1321 375 1351 propter
389 1323 486 1342 nomen
503 1322 591 1342 meum
607 1315 761 1341 irruernnt:
773 1317 797 1340 et
811 1317 882 1340 recte
893 1312 1050 1339 admodum.

264 1361 402 1397 Siquidem
420 1361 522 1388 dictum
536 1365 578 1388 est
596 1368 602 1385 :
617 1360 750 1387 «Invicem
769 1359 815 1386 alii
836 1358 952 1385 aliornrn
968 1365 1051 1385 onera

263 1409 381 1441 portate,
400 1409 426 1431 et
435 1404 474 1431 sic
491 1403 625 1438 complete
652 1403 737 1437 legem
762 1401 865 1429 Christi
875 1401 930 1428 “.i
950 1401 1052 1428 Verisi-

264 1449 407 1477 inileenim
424 1449 550 1483 estquod
570 1456 584 1475 a
611 1447 828 1483 pseudapostolis
852 1447 954 1474 fuerint
985 1446 1052 1481 ipsis

263 1496 344 1523 illata:
373 1494 556 1527 contumeliae,
572 1493 671 1528 quibus
685 1493 796 1520 omnino
813 1492 885 1520 vices
903 1493 1051 1526 rependere

263 1549 317 1569 non
336 1540 546 1573 meditabantur,
565 1540 612 1568 sed
628 1539 784 1574 huiusmodi
801 1544 931 1572 tanquam
956 1538 1048 1566 luxata
1063 1549 1088 1582 ο

262 1596 294 1616 ac
304 1587 402 1615 debilia
420 1587 540 1614 membra
552 1586 734 1613 sustinebant.

299 1633 498 1661 Etsustinaisti.
511 1631 680 1662 Ἐϐάστσισας
692 1631 718 1658 id
727 1635 768 1658 est
782 1631 913 1663 tolerasti,
926 1631 975 1657 οὐκ
989 1631 1050 1657 ἐκο-

264 1679 365 1710 πίασας
373 1685 449 1711 vero,
458 1678 484 1705 id
494 1681 536 1705 est
546 1685 600 1704 non
609 1677 731 1704 deiecisti
744 1684 798 1711 prae
811 1677 903 1704 labore
917 1682 943 1703 et
951 1676 1049 1711 fatiga-

263 1725 358 1751 tione:
373 1728 400 1751 et
416 1723 494 1758 quasi
509 1723 610 1750 diceret
633 1732 639 1750 :
658 1722 716 1750 Non
731 1723 893 1757 desperasti,
916 1729 969 1749 non
988 1722 1050 1750 reli-

263 1769 347 1805 quisti
367 1769 453 1796 aciem
468 1777 475 1801 ;
490 1776 540 1795 non
556 1775 586 1795 es
599 1767 686 1795 tactus
705 1768 839 1795 desertor.

298 1815 410 1849 Propter
421 1822 512 1841 nomen
528 1822 624 1841 meum.
640 1812 743 1841 Nomen
752 1819 830 1841 vocat
845 1814 945 1841 famam
954 1818 981 1841 et
992 1814 1049 1849 glo-

264 1863 346 1895 riam,
374 1862 444 1888 sicut
457 1860 538 1888 etiam
550 1868 612 1888 cum
628 1860 738 1892 dicitur,
752 1859 931 1887 tAdmirabile
947 1864 989 1888 est
1000 1867 1049 1887 no—

264 1915 325 1935 men
344 1912 419 1934 tuuni
437 1907 462 1934 in
478 1906 552 1933 omni
567 1911 639 1933 terra
648 1906 682 1932 ιτ.
697 1915 706 1931 ι
722 1906 820 1933 Annon
836 1905 920 1940 gloria
938 1906 1047 1941 plenum

262 1957 314 1985 est,
330 1952 402 1987 quod
428 1959 481 1979 non
492 1956 625 1979 cernentur
646 1950 795 1978 Christiani
818 1951 921 1979 malum
945 1951 1049 1980 referre

264 2006 313 2033 pro
327 1998 410 2030 malo,
436 1997 665 2032 quemadmodum
675 1998 757 2024 etiam
769 1997 849 2025 dirus
875 1997 976 2026 Paulus
1000 2006 1049 2024 ex-

264 2046 399 2077 hortatur,
414 2043 508 2071 dicens
523 2051 529 2068 :
554 2042 606 2070 «Ne
616 2043 755 2070 declinetis
766 2043 799 2070 ad
814 2043 968 2071 incredulos
984 2043 1024 2070 “‘3
1036 2053 1046 2069 ι

298 2090 349 2118 Sed
361 2090 442 2116 habeo
476 2089 612 2116 adversum
629 2094 664 2121 te,
694 2089 762 2123 quod
791 2089 946 2116 charitatent
974 2094 1047 2119 luant

260 2136 372 2170 primam
388 2135 534 2170 reliqueris.
551 2134 653 2161 Mentor
670 2135 756 2169 itaque
783 2139 838 2162 esto
850 2135 918 2162 unde
941 2136 1047 2163 excide-

262 2182 310 2213 ris,
328 2185 352 2207 et
368 2181 492 2214 resipisce
509 2187 540 2207 ac
554 2181 641 2213 prima
653 2187 732 2215 opera
744 2181 838 2215 facias.
869 2180 916 2208 Sin
947 2182 1045 2213 minus,

672 168 833 198 ARETIL‘E
854 167 1042 198 ClESARE/E
1061 168 1303 199 CAPPADOCLE
1322 167 1495 198 EPISCOPI

1843 167 1894 198 ΓΞῖ

1148 224 1179 250 '0
1195 224 1364 259 περιπατῶν
1374 224 1409 250 ἐν
1425 224 1510 257 μέσῳ
1521 222 1579 249 τῶν
1598 221 1672 249 ἑπτὰ
1691 220 1825 256 λυχνιῶν
1837 221 1895 248 τῶν

1109 269 1240 304 χρυσῶν.
1264 270 1376 304 Ὅμοιον
1399 268 1486 303 τούτῳ
1510 268 1540 294 τὸ
1564 268 1661 300 εἰπεῖν,
1696 268 1759 294 τάδε
1785 266 1859 301 λέγει
1880 268 1893 292 ὁ

1109 314 1247 349 περιέπων
1266 314 1311 340 καὶ
1329 313 1496 348 διακρατῶν,
1519 313 1566 339 καὶ
1592 313 1711 348 συνέχων
1726 312 1789 344 τούς
1803 321 1832 338 τε
1849 311 1894 338 οὺ-

1111 358 1216 393 ρανίους
1289 358 1421 392 ἀγγέλους
1443 357 1490 383 καὶ
1508 357 1571 388 τοὺς
1587 357 1632 383 ἐπὶ
1652 357 1702 390 γῆς
1723 356 1892 390 ἀνθρώπους.

1109 399 1188 429 Οὗτοι
1209 402 1263 438 γὰρ
1286 403 1311 428 oi.
1327 401 1397 428 ἑπτὰ
1417 401 1541 435 ἀστέρες,
1557 401 1594 432 ὡς
1608 401 1658 436 ἥδη
1674 400 1791 435 εἴρηται,
1804 400 1850 425 καὶ
1866 399 1894 424 αἱ

1109 449 1208 482 χρυσαῖ
1232 447 1339 482 λυχνίαι
1365 447 1412 473 καὶ
1437 446 1539 481 λύχνοι,
1557 442 1594 472 ὧν
1609 446 1638 472 ὲν
1656 445 1730 480 μέσῳ
1753 445 1767 471 ὁ
1781 446 1895 471 ἐνοικεῖν

1109 493 1200 523 αὐτοῖς
1230 493 1275 518 καὶ
1298 492 1497 526 ἐμπεριπατεῖν
1521 490 1755 525 ἐπαγγειλάμενος
1780 490 1894 525 Κύριος.

1146 534 1218 563 Οἶδα
1231 537 1265 563 τὰ
1277 537 1350 571 ἔργα
1374 543 1442 563 σου.
1461 534 1537 568 Οἶδα,
1554 535 1601 562 καὶ
1620 535 1695 562 οὐδέν
1719 543 1751 570 με
1771 535 1895 570 λέληθεν,

1109 582 1186 617 φησὶ,
1208 582 1254 608 τὸν
1267 581 1425 616 καταμόνας
1448 581 1588 608 πλάσαντα
1604 581 1654 613 τὰς
1677 580 1790 616 καρδίας
1806 580 1894 615 ὑμῶν,

1109 628 1153 654 τὸν
1174 627 1298 654 συνιέντα
1315 628 1355 659 εις
1377 627 1465 653 πάντα
1477 625 1545 662 ἔργα
1557 626 1645 661 ὑμῶν,
1663 625 1711 652 καὶ
1725 627 1766 652 ὅτι
1781 625 1835 652 τῶν
1847 634 1896 651 πο-

1108 673 1199 708 νηρῶν
1222 673 1252 699 οὺ
1273 673 1386 699 δύνασαι
1414 672 1529 699 ἀκοῦσαι
1550 673 1731 707 μισοπόνηρος
1754 669 1831 703 οὖσα,
1848 672 1897 697 καὶ

1108 717 1149 744 ὅτι
1163 717 1312 752 ἐπείρασας
1325 719 1387 749 τοὺς
1399 717 1529 752 λέγοντας
1542 717 1654 748 ἑαυτοὺς
1669 717 1834 748 ἀποστόλους
1850 717 1895 743 καὶ

1108 760 1185 798 εὗρες
1201 763 1300 795 αὐτοὺς
1312 763 1556 798 ψευδαποστόλους.
1570 763 1647 789 Θεῐον
1659 763 1714 797 γὰρ
1728 762 1895 798 πληροῦντες

1107 808 1132 834 οἱ
1152 808 1181 835 ἐν
1208 808 1313 844 Ἐφέσῳ
1340 808 1534 844 παράγγελμα,
1563 808 1593 834 τὸ
1616 808 1731 842 φάσκον,
1748 807 1786 843 μὴ
1812 807 1895 834 παντὶ

1108 853 1243 888 πνεύματι
1265 854 1414 886 πιστεύειν,
1438 853 1506 880 ἀλλὰ
1527 853 1694 886 δοκιμάζειν,
1713 853 1846 887 τουτέστι,
1864 853 1895 879 τὸ

1070 889 1182 925 Βδοθὲν
1207 899 1302 930 αὐτοῖς
1329 898 1519 926 διδασκαλικὸν
1547 897 1671 933 ἀξίωμα,
1698 899 1722 925 εἰ
1753 900 1823 925 κατὰ
1844 898 1895 934 τὴν

1104 945 1285 980 εὐαγγελικήν
1309 946 1366 972 ἐστι
1388 945 1520 980 διάταξιν,
1544 946 1572 972 ἐν
1590 945 1748 980 αὺτοσκεύῳ
1763 946 1796 981 τῇ
1813 946 1894 980 χρεία

1105 991 1311 1025 συστελλόμενοι
1341 990 1486 1024 διετέλουν,
1512 991 1571 1017 ἀλλ’
1594 992 1656 1027 οὐχὶ
1686 982 1812 1026 βρώμασι
1845 990 1894 1017 καὶ

1105 1036 1198 1068 πότοις
1211 1036 1259 1063 καὶ
1270 1037 1370 1071 γάμοις
1386 1036 1591 1072 βακχευόμενοι,
1605 1037 1653 1063 καὶ¹
1667 1037 1712 1063 τὸν
1727 1036 1893 1063 ἀπολαυστι-

1105 1081 1151 1108 κὸν
1167 1082 1223 1117 βίον
1244 1082 1290 1108 τοῦ
1316 1082 1467 1117 ἐγκρατοῦς
1493 1082 1659 1117 ἐπίπροσθεν
1677 1083 1822 1117 φέροντες,
1841 1079 1893 1109 οἷοι

1103 1126 1128 1152 οι
1141 1127 1206 1161 περὶ
1220 1126 1358 1162 Κήρινθον
1374 1127 1600 1164 συνχρονίσαντες
1612 1127 1651 1162 τῷ
1679 1127 1824 1162 ἀποστόλῳ
1845 1127 1893 1154 καὶ

1104 1171 1295 1206 εὐαγγελιστῇ,
1307 1171 1391 1198 νόθων
1403 1171 1545 1205 δογμάτων
1558 1171 1748 1206 καταγγελεϊς.

1139 1216 1193 1243 Καὶ
1222 1216 1384 1251 ὑπομονὴν
1413 1217 1503 1251 ἔχεις.
1538 1217 1714 1250 Ἐκοπίασας,
1741 1218 1818 1253 φησὶ,
1846 1218 1893 1244 καὶ

1104 1262 1266 1297 ὑπέμεινας,
1283 1263 1323 1294 εἰς
1343 1263 1426 1298 μηδὲν
1444 1263 1673 1299 ἀποκαρτερήσας
1691 1263 1746 1290 τῶν
1764 1264 1893 1298 ὲπιφυέν-

1104 1315 1158 1333 των
1169 1307 1214 1333 διὰ
1230 1307 1260 1332 τδ
1274 1307 1359 1342 ὄνομά
1371 1316 1433 1342 μου,
1446 1308 1493 1334 καὶ
1509 1307 1581 1343 μάλα
1593 1307 1762 1342 πρεπόντως.
1775 1307 1891 1342 Εἴρηται

1103 1351 1168 1385 γὰρ,
1201 1360 1209 1376 l
1231 1350 1365 1386 ’Λλλήλων
1389 1352 1422 1378 τὰ
1451 1351 1520 1387 βάρη
1548 1352 1713 1386 βαστάζετε,
1737 1352 1784 1378 καὶ
1805 1352 1892 1383 οὓτως

1103 1396 1318 1431 ἀναπληρώσατε
1332 1397 1377 1422 τὸν
1395 1397 1476 1432 νόμον
1493 1396 1540 1423 τοῦ
1564 1397 1693 1431 Χριστοῦ.
1715 1406 1725 1422 ›
1744 1397 1823 1428 Εἰκὸς
1837 1397 1892 1432 γὰρ

1103 1442 1179 1477 παρὰ
1191 1442 1244 1468 τῶν
1256 1441 1483 1476 ψευδαποστόλων
1496 1443 1628 1478 ἐπηρείας
1640 1443 1730 1474 αὐτοῖς
1743 1443 1891 1478 ἐπενεχθῆ-

1102 1493 1157 1520 ναι,
1180 1484 1220 1517 oi:
1246 1487 1443 1514 ἀνταποδοῦναι
1466 1487 1521 1514 οὐδ’
1547 1488 1614 1520 ὅλως
1632 1488 1810 1524 ὲμελέτησεν,
1833 1488 1892 1515 ἀλλ’

1103 1531 1140 1564 ὡς
1157 1531 1245 1567 μελῶν
1259 1533 1433 1569 παρειμένων
1446 1533 1586 1568 ἠνέσχετο.

1137 1633 1192 1661 Καὶ
1209 1633 1390 1666 ἐϐάστασας.
1413 1633 1593 1665 Ἐεάστσσας,
1615 1634 1675 1660 ἀντὶ
1690 1633 1749 1665 τοῦ,
1764 1634 1890 1670 ἠνέσχου,

1102 1679 1160 1706 Οὐκ
1185 1679 1332 1720 ὲκοπίαρας
1352 1679 1393 1711 δὲ,
1415 1679 1476 1706 ἀντὶ
1494 1679 1552 1712 τοῦ,
1578 1680 1629 1706 οὐκ
1650 1680 1890 1716 ἀπεκαρτέρησας,

1100 1724 1192 1757 οἱονεὶ,
1209 1724 1266 1751 Οὐκ
1275 1725 1482 1759 ᾁπηγόρευτας,
1499 1725 1530 1751 οὐ
1544 1725 1725 1760 προδέδωκας,
1739 1726 1788 1752 οὐκ
1801 1725 1891 1752 ἐλιπο-

1101 1769 1251 1805 τάκτησας.

1135 1815 1187 1842 Διὰ
1198 1815 1231 1842 τὸ
1247 1815 1341 1850 ὄνομά
1352 1825 1422 1850 μου.
1439 1816 1542 1850 Ὄνομα
1554 1815 1591 1846 δὲ.
1607 1815 1656 1850 τὴν
1667 1815 1755 1849 δόξαν,
1768 1816 1798 1843 τὺ
1813 1816 1890 1848 κλέος

1101 1860 1194 1894 φησὶν,
1209 1859 1246 1891 ὡς
1260 1861 1306 1887 καὶ
1317 1861 1364 1887 ἐπὶ
1377 1861 1436 1892 τοῦ,
1452 1870 1462 1886 ι
1480 1861 1641 1896 Θαυμαστὸν
1656 1861 1686 1888 τδ
1701 1861 1787 1896 ὄνομά
1799 1870 1846 1888 σου
1860 1863 1890 1889 ἐν

1101 1906 1175 1941 πάσῃ
1185 1907 1218 1941 τῇ
1230 1907 1264 1942 γῇ
1280 1906 1328 1941 (6).
1343 1916 1351 1932 ι
1366 1907 1422 1934 Καὶ
1434 1907 1493 1939 πῶς
1505 1907 1535 1934 οὐ
1551 1907 1647 1938 κλέους
1663 1907 1769 1942 μεστὸν,
1782 1907 1812 1934 τὸ
1826 1908 1889 1940 τοὺς

1101 1951 1281 1986 Χριστιανοὺς
1298 1952 1336 1988 μὴ
1351 1952 1511 1980 ἀντιδιδόναι
1524 1953 1649 1979 σπεύδειν
1664 1952 1747 1980 κακὸν
1764 1953 1824 1979 ἀντὶ
1840 1962 1888 1980 κα-

1100 1995 1161 2029 κοῦ,
1180 1996 1217 2028 ὡς
1228 1997 1275 2023 καὶ
1288 1998 1392 2029 Παῦλος
1408 1999 1421 2025 ὁ
1438 1998 1510 2029 θεῖος
1522 1999 1663 2033 παραινεῖ,
1680 2008 1689 2024 ι
1708 1998 1753 2034 Μὴ
1767 1998 1887 2033 γίνεσθε,

1099 2042 1222 2076 φάσκων,
1237 2042 1461 2078 ἑτεροζυγοῦντες
1474 2044 1624 2076 ἀπίστουςς
1645 2053 1654 2070 ι

1140 2088 1227 2115 Ἀλλὰ
1237 2088 1296 2122 ἔχω
1315 2089 1391 2116 κατὰ
1405 2088 1474 2122 σοῦ,
1488 2089 1533 2115 ὅτι
1546 2089 1602 2122 τὴν
1622 2089 1743 2124 ἀγάπην
1756 2097 1814 2117 σου
1831 2089 1889 2124 τὴν

1098 2133 1218 2167 πρώτην
1225 2134 1355 2168 ἀφῆκας.
1366 2135 1543 2169 Μνημόνευε
1552 2132 1608 2162 οὖν
1618 2136 1710 2162 πόθεν
1719 2135 1886 2169 πέπτωκας,

1099 2179 1148 2205 καὶ
1157 2181 1358 2214 μετανόησον,
1372 2180 1421 2207 καὶ
1440 2180 1477 2207 τὰ
1496 2180 1597 2214 πρῶτα
1614 2181 1685 2215 ἔργα
1700 2182 1839 2214 ποίησον.
1854 2183 1888 2207 lii.

262 2225 361 2250 veniam
376 2223 423 2249 tibi
439 2224 501 2255 cito,
513 2227 537 2250 et
549 2224 652 2251 movebo
662 2224 849 2251 candelabrum
862 2230 936 2252 tuum
949 2226 1047 2253 deloco
1064 2227 1068 2254 1

1101 2224 1133 2251 δὲ
1147 2225 1201 2259 μὴ,
1218 2226 1342 2260 ἔρχομαι
1363 2234 1412 2253 σοι
1434 2226 1521 2260 ταχὺ.
1546 2227 1595 2255 καὶ
1619 2227 1734 2261 κινήσω
1758 2227 1814 2260 τὴν
1832 2229 1885 2254 λυ-

261 2277 319 2300 suo,
338 2269 390 2295 nisi
404 2269 554 2303 retipueris.
571 2268 622 2296 Sed
637 2269 684 2297 hoc
696 2270 773 2297 habes
785 2271 854 2305 quod
881 2272 958 2298 odisti
974 2271 1047 2306 facta

263 2313 469 2346 Nicolaitarum,
486 2321 544 2348 quia
553 2320 576 2341 et
588 2323 634 2349 ego
643 2316 697 2341 odi.
711 2315 761 2347 Qui
772 2316 848 2343 liabet
875 2324 965 2344 aurem
991 2326 1025 2344 au
1035 2333 1046 2338 -

261 2359 316 2384 dial
332 2358 394 2393 quid
405 2358 519 2393 Spiritus
532 2359 602 2386 dicat
612 2357 748 2387 Ecclesiis.
761 2359 878 2387 Vincenti
890 2361 957 2389 dabo
971 2362 1046 2389 edere

261 2405 294 2431 de
309 2404 381 2439 ligno
396 2405 466 2437 vitae,
482 2405 551 2440 quod
564 2411 602 2432 est
627 2406 654 2433 in
666 2407 793 2440 paradiso
814 2406 866 2434 Dei.
874 2408 935 2434 mei.

287 2536 370 2572 664
378 2536 446 2564 Cum
455 2537 482 2564 in
491 2537 598 2565 duobus
604 2537 751 2566 Eeclcsiam
763 2541 944 2575 commendet,
955 2551 1051 2580 nempe

261 2583 288 2610 in
300 2583 442 2610 tolerantia
451 2583 555 2612 doloris
564 2588 591 2611 et
605 2584 726 2618 neglectu
737 2586 866 2613 molestia:
875 2587 909 2615 ab
919 2588 1047 2617 adversa—

259 2629 307 2657 riis
323 2628 448 2660 illatze,de
460 2629 512 2656 hoc
523 2637 576 2656 uno
588 2629 744 2665 indignatur
759 2640 765 2657 :
782 2639 836 2666 quo
848 2633 929 2660 etiam
948 2634 973 2661 in
989 2642 1048 2662 me~

1101 2272 1191 2306 χνίαν
1199 2280 1257 2298 σου
1263 2272 1297 2298 ἐκ
1304 2272 1356 2299 τοῦ
1363 2273 1456 2298 τόπου
1464 2272 1570 2306 adtrib,
1576 2272 1675 2307 ἐὰνμὴ
1681 2273 1835 2307 μετανοήσ
1841 2283 1884 2306 ης.

1107 2317 1194 2343 Ἀλλὰ
1209 2317 1296 2344 τοῦτο
1311 2317 1391 2352 ἔχεις
1404 2318 1447 2344 ὅτι
1460 2317 1559 2352 μισεῖς
1580 2320 1615 2345 τὰ
1631 2318 1702 2352 ἔργα
1719 2319 1776 2345 τῶν
1801 2320 1887 2346 Nam

1100 2363 1221 2395 λωτῶν,
1243 2363 1262 2390 ἃ
1283 2363 1364 2398 κάγὼ
1396 2363 1485 2398 μισῶ.
1509 2364 1540 2391 '0
1557 2364 1634 2398 ἔχων
1651 2362 1705 2397 οὖς
1728 2365 1886 2391 ἀκουσάτω

1100 2410 1130 2435 τί
1139 2409 1173 2436 τὸ
1182 2409 1303 2444 Πνεῦμα
1314 2409 1393 2443 λέγει
1404 2409 1468 2442 ταῖς
1487 2410 1693 2444 Ἐκκλησίαις.
1710 2410 1753 2443 Τῷ
1767 2410 1886 2437 νικῶντι

1100 2453 1186 2481 δώσω
1211 2455 1292 2487 αὐτῷ
1315 2454 1422 2488 φαγεῖν
1441 2455 1474 2481 ἐκ
1501 2455 1553 2482 τοῦ
1578 2455 1673 2487 ξύλου
1688 2455 1743 2490 τῆς
1766 2455 1850 2489 (huic,
1870 2456 1887 2482 ὅ

1100 2500 1226 2527 ἐστινέν
1241 2499 1281 2532 τῷ
1292 2500 1462 2534 παραδείσῳ
1477 2500 1528 2527 τοῦ
1542 2500 1615 2529 Θεοῦ
1627 2510 1698 2535 μου.

1141 2546 1186 2572 Ἐν
1196 2546 1257 2572 δυσὶ
1267 2547 1316 2581 τὴν
1330 2546 1495 2581 Ἐκκλησίαν
1504 2547 1715 2582 ἀποδεχόμενος,
1723 2547 1771 2582 τῆς
1781 2547 1885 2581 ὑπομοδ

1099 2590 1147 2625 νῆς
1161 2590 1207 2616 τοῦ
1218 2590 1318 2624 ἄχθους
1329 2590 1400 2624 λέγω
1415 2590 1461 2616 καὶ
1474 2591 1521 2626 τῆς
1540 2590 1587 2617 τοῦ
1599 2592 1683 2618 κόπου
1697 2591 1751 2617 τῶν
1767 2591 1886 2617 ἀντιδια-

1096 2636 1245 2671 τιθεμένων
1255 2636 1380 2671 ἁζηλίας,
1389 2637 1447 2668 ἑνὸς
1454 2637 1550 2664 τούτου
1561 2637 1708 2672 μέμφεται,
1722 2637 1736 2664 ὃ
1745 2638 1791 2664 καὶ
1803 2637 1885 2673 μέσον

205 2706 209 2708 η
259 2674 304 2701 dio
320 2674 428 2702 illorum
448 2674 563 2702 duorum
580 2676 678 2710 posito,
691 2685 787 2712 nempe
812 2679 916 2708 molesti
942 2680 1044 2709 lab0ris

1101 2681 1153 2713 )εὶς
1166 2682 1316 2716 ἑκατέρων,
1333 2682 1379 2709 τοῦ
1398 2683 1493 2713 κόπου,
1509 2684 1592 2718 φημὶ,
1605 2684 1713 2718 καὶτῆς
1734 2683 1883 2718 ὑπομονῆς,

259 2727 291 2747 ac
309 2721 470 2754 tolerantiaa,
498 2721 691 2750 alienationem
722 2731 737 2751 a
762 2725 841 2753 malis
867 2726 1041 2760 collaudavit,

1101 2729 1142 2764 τὴν
1163 2728 1231 2763 πρὶς
1253 2729 1316 2760 τοὺς
1341 2729 1442 2761 κακοὺς
1469 2729 1601 2765 ἐπῄνεσεν
1622 2730 1798 2766 ἀλλοτρίωσιν
1814 2729 1884 2765 μετὰ

304 2799 328 2816 *δ
345 2801 513 2834 I‘sal.ux1t,
543 2802 585 2829 15.
638 2803 681 2830 ⁸⁵1
698 2803 777 2832 .loan.
797 2813 832 2838 tv,
855 2807 877 2832 l.
935 2806 1053 2834 “Calai.

1102 2827 1108 2840 ,
1129 2808 1156 2835 ‘2.
1196 2808 1217 2823 θ’
1233 2807 1305 2835 Psal.
1322 2808 1415 2839 γυψὶ.
1463 2809 1485 2824 ⁸⁸
1499 2808 1519 2835 li
1532 2808 1596 2836 Cor.
1612 2816 1649 2841 Vl,
1670 2809 1713 2838 Η.

294 2864 333 2899 (5)
351 2865 548 2901 ’Λνορωπένους
565 2870 638 2905 vulg.

1136 2876 1173 2911 (θ’)
1189 2875 1276 2904 Verba
1293 2878 1320 2903 ἐν
1334 2877 1408 2907 πάσῃ
1424 2879 1457 2913 τῇ
1475 2878 1522 2912 γῇ,
1538 2877 1636 2904 desmt
1654 2877 1681 2904 in
1702 2876 1773 2911 vnlg.
