2095 3160
221 178 274 213 5Ξ9

753 183 946 215 COMMENT.
968 182 1007 214 IN
1029 185 1291 218 APOCALYPSIN.

1798 184 1851 216 530

221 235 269 267 τοῦ
282 239 413 274 πειράσαι
427 238 474 265 καὶ
490 238 553 271 τοῦς
565 236 801 274 ψευδαποστόλους
822 241 870 267 καὶ
888 240 937 276 τὴν
957 241 1010 268 τῶν

1064 251 1117 270 una
1139 251 1199 271 cunt
1217 251 1250 271 eo
1276 243 1349 279 quod
1366 248 1392 271 ct
1422 242 1649 279 pscudapostolos
1666 242 1810 269 tcntavcrit
1824 247 1850 268 ct

222 285 392 313 Νικολαϊτῶν
413 285 617 320 αἰσχρουργίαν.
649 281 806 321 Ἑμέμψατο
830 286 858 313 δὲ
887 287 935 313 καὶ
959 287 1010 322 τῆς

221 332 289 367 πρὸς
300 332 364 364 τοὺς
377 332 491 367 πλησίον
504 331 638 367 χορηγίας
650 332 699 366 τὴν
714 331 872 367 ὀλιγωρίαν,
888 333 921 369 ἠν
933 333 1010 366 αὖθις

220 378 441 405 ἀνακαλέσασθαι
467 377 643 412 ἐπισκήπτει,
673 377 714 404 Τὰ
742 377 856 413 πρῶτα,
884 379 1009 413 φάσκων,

221 424 290 459 ἔργα
305 423 417 459 ποίησον
432 424 461 450 ὲν
486 422 655 459 δικαιοσύνῃ.
672 423 710 450 οὗ
733 423 788 459 γάρ
812 433 846 459 με
866 424 1008 458 λανθάνει,

221 470 314 506 φησὶν,
329 467 391 497 οὔτε
404 470 439 497 τὰ
454 468 552 505 πρῶτά
567 477 614 496 σου
629 469 683 496 τῶν
697 469 824 505 πράξεων
835 470 935 505 ἀγαθὰ,
946 471 1009 498 οὒτε

219 516 261 542 δτι
275 515 326 551 τὴν
339 516 379 548 εἰς
398 515 462 546 τοὺς
479 514 625 550 δεομένους
650 515 762 550 ἀγάπην
782 516 927 551 ὲνέκοψας.
946 517 1009 544 Ἐπ‹

224 561 319 588 ἁνελθε
336 558 383 588 οὖν
399 559 557 596 διδαχθεῖσα
572 561 649 594 παρὰ
665 560 733 596 ἐμοῦ
744 561 786 587 ὅτι
802 561 954 596 ὲνέλειψας.

257 607 398 642 Ἔρχομαι
419 613 470 634 σοι
485 609 572 641 ταχύ.
595 607 644 638 To,
664 607 822 641 Ἔρχομαι,
843 607 874 633 ού
891 607 1010 642 μεταδα-

219 654 300 689 τικὴν
324 653 400 689 δηλοῖ
422 653 530 689 κίνησιν
553 654 600 681 τοῦ
622 655 711 682 πάντα
736 653 904 690 πληροῦντος
929 654 1008 686 Θεοῦ,

220 698 289 726 ἀλλὰ
311 699 361 734 τὴν
388 699 421 725 ἐκ
445 699 583 734 ῥᾳθυμίας
600 699 669 734 πρὸς
693 698 804 725 κόλασιν
828 698 1008 733 ἐπιστροφήν.

220 745 336 780 Κίνησις
364 745 393 772 δὲ
421 745 587 780 Ἐκκλησίας
610 746 627 780 ἡ
653 745 703 779 τῆς
724 744 800 775 θείας
825 743 936 780 χάριτός
952 744 1010 770 ἐστι

219 790 370 826 γύμνωσις,
401 790 436 817 δι’
462 791 495 825 ἥν
523 791 551 817 ἐν
572 791 645 826 σάλῳ
666 791 712 816 καὶ
733 789 849 817 κλύδωνι
877 790 930 817 ὑπὸ
955 791 1010 817 τῶν

220 836 348 873 πονηρῶν
368 836 533 871 πνευμάτων
550 836 598 863 καὶ
611 835 665 862 τῶν
690 835 901 870 ὑπουργούντων
917 835 1010 867 αὐτοῖς

221 882 326 918 μιαρῶν
345 881 497 918 ἀνθρώπων
518 882 557 918 (7)
587 882 692 916 γίνεται
706 888 714 896 '
730 881 801 909 ὥστε
824 883 888 913 τοὺς
906 881 1009 916 ταύτην

221 927 439 963 συγκροτοῦντας
466 927 628 962 ἀνθρώπους
649 927 739 961 λέγειν
753 927 795 958 τὸ,
820 936 829 953 ι
854 927 1008 963 Ἐταράχθη

219 975 248 1001 ιν
261 975 340 1010 θυμῷ
359 975 374 1002 ό
390 974 528 1010 ὀφθαλμός
553 982 622 1010 μουο
644 984 653 1000 t
671 973 729 1006 καὶ,
749 983 758 999 ι
785 973 818 1000 Ἡ
834 973 932 1008 καρδία
957 981 1009 1009 μου

219 1021 358 1056 ἐταράχθη
374 1022 403 1047 ἐν
418 1020 490 1056 ὲμοί.
509 1030 518 1046 ι

261 1067 353 1094 Ἀλλὰ
369 1066 469 1099 τοῦτο,
495 1067 589 1102 φησὶν,
608 1066 687 1101 ἔχεις
704 1066 748 1094 ὅτι
763 1066 859 1102 μισεῖς
882 1065 919 1092 τὰ
937 1067 1010 1100 ἔργα

219 1112 278 1138 τῶν
300 1112 494 1145 Νικολαϊτῶν,
522 1112 625 1148 μεταξὺ
639 1112 695 1139 τῶν
713 1112 846 1147 λυπηρῶν
860 1111 944 1143 τιθεὶς
964 1112 1010 1138 καὶ

219 1157 254 1183 τὰ
279 1157 348 1193 πρὸς
372 1158 504 1193 εὐθυμίαν
524 1159 635 1192 ἄγοντα,
652 1158 696 1184 ⁵ίνα
714 1158 752 1194 μὴ
778 1159 811 1193 τῇ
825 1157 1010 1193 περισσοτέρᾳ

219 1204 293 1239 λύπη
316 1205 457 1239 καταποθῇ
480 1205 514 1231 τὰ
537 1205 587 1239 τῆς
606 1204 782 1239 Ἐκκλησίας.
797 1205 882 1239 Φησὶν
895 1202 953 1237 οὖν,
968 1204 1009 1230 ὅτι

220 1249 358 1285 Μετανοίᾳ
380 1257 409 1276 σε
437 1250 644 1285 εὐεπιχείρητον
669 1249 881 1284 καταλαμϐάνω,
909 1249 957 1283 ἀφ’
972 1245 1010 1275 ὧν

222 1295 369 1331 σύνδρομον
395 1295 448 1330 ἔχω
467 1305 497 1322 σε
515 1295 564 1322 τοῦ
589 1295 685 1331 μίσους
711 1305 763 1330 μου
785 1295 833 1322 τοῦ
860 1296 924 1331 περὶ
947 1295 1010 1327 τοὺς

220 1340 394 1372 Νικολαῖτας.
423 1338 503 1368 Οὗτοι
529 1341 557 1368 δὲ
579 1342 814 1377 παρονομάζονται
843 1342 897 1369 ἀπὸ
926 1341 1009 1368 Νικο-

220 1385 286 1413 λάου
309 1386 369 1419 ἐνὸς
398 1387 452 1414 τῶν
480 1387 550 1413 ἑπτὰ
573 1387 713 1414 διακόνων.
729 1388 783 1413 Καὶ
803 1387 875 1419 τίνες
890 1387 918 1413 δὲ
940 1384 1010 1422 ἦσαν

220 1432 269 1467 τὴν
290 1433 498 1468 αἰσχρουργίαν,
516 1432 675 1467 Ἐπιφανίου
691 1432 737 1460 τοῦ
759 1434 791 1460 ὲκ
804 1432 917 1468 Κύπρου
937 1433 1010 1459 θείου

220 1477 316 1513 ἀνδρὸς
332 1479 349 1514 ἡ
364 1478 419 1504 τῶν
436 1479 608 1513 Παναρείων
624 1478 708 1505 αὐτοῦ
725 1479 814 1514 βίϐλος
833 1477 959 1512 δηλώσει.
975 1492 1010 1498 ——-

223 1525 351 1558 Ἄλλως·
368 1525 484 1561 Κίνησιν
505 1525 617 1560 λυχνίας
633 1526 704 1557 τινὲς
714 1545 721 1557 ,
746 1525 795 1552 καὶ
811 1526 856 1551 τὸν
872 1525 1010 1559 ἱερατικὸν

1061 285 1256 316 Nicolaitarum
1277 289 1485 318 obscenitatem.
1501 289 1619 316 Accusat
1644 292 1735 315 autem
1767 287 1852 321 negli-

1061 335 1179 370 gentiam
1194 335 1220 362 in
1237 336 1398 363 insumendo
1416 340 1445 363 ut
1458 335 1587 370 proximis
1602 333 1757 362 necessaria
1787 340 1851 367 snp-

1061 383 1228 418 peditentur,
1244 384 1316 418 quod
1332 391 1441 410 rursum
1457 383 1536 418 jubet
1551 382 1685 410 revocari.
1695 380 1795 411 Prima,
1810 381 1852 406 in-

1062 429 1132 464 quit,
1147 436 1230 464 opera
1254 429 1297 456 fac
1324 429 1351 457 in
1376 429 1495 464 justitia.
1518 428 1612 463 Neque
1639 427 1711 455 enim
1744 434 1787 454 me
1809 426 1851 453 la-

1062 479 1129 504 tent.
1144 474 1242 510 inquit,
1257 481 1303 502 aut
1318 475 1406 510 prima
1422 479 1530 502 tuarum
1545 474 1686 502 actionum
1703 473 1786 504 bona,
1803 476 1851 499 aut

1062 520 1135 556 quod
1152 521 1313 548 charilatem
1326 528 1389 556 ergo
1421 521 1574 556 indigentes
1595 519 1777 548 contraxeris.
1795 517 1850 546 Re-

1062 570 1167 594 vertere
1181 566 1274 602 igitur,
1291 574 1375 601 quum
1391 575 1406 594 ιι
1422 574 1465 594 me
1479 566 1608 593 didiceris
1618 571 1644 593 te
1654 565 1796 593 defecisse.

1103 611 1208 639 Veniam
1220 613 1336 639 tibicito.
1347 612 1423 646 Quod
1437 612 1491 640 ait:
1506 612 1627 644 Veniant,
1639 619 1693 638 non
1705 610 1851 645 progressi-

1060 665 1125 684 vuut
1141 658 1276 692 signiﬁcat
1289 663 1392 685 motum
1413 657 1460 684 Dei
1488 658 1533 692 qni
1565 658 1655 683 omnia
1679 656 1774 691 replet,
1803 656 1850 682 sed

1061 704 1269 731 conversionem
1283 704 1316 730 ad
1333 703 1466 731 socordiae
1486 703 1629 730 ultionem.
1650 702 1739 729 Motus
1756 706 1848 728 autent

1062 748 1192 777 Ecclesia:
1213 755 1255 777 cst
1279 758 1295 777 a
1321 751 1412 778 divina
1438 751 1524 786 gratia
1552 749 1711 780 denudatio,
1741 752 1852 783 propter

1061 803 1143 830 qttam
1155 796 1181 822 in
1196 796 1254 824 salo
1266 804 1298 824 ac
1314 795 1604 831 undarumjactatione
1613 803 1629 822 ιι
1640 794 1783 829 spiritibus
1793 802 1850 820 nta-

1062 841 1094 869 lis
1109 846 1135 869 ct
1153 842 1294 869 [nominum
1311 843 1344 869 iis
1368 841 1577 876 obsequentium
1595 841 1728 876 pravitate
1747 838 1850 866 consti-

1062 886 1162 913 tuitur:
1179 886 1247 913 adeo
1259 891 1286 913 ut
1300 887 1423 913 homines
1437 887 1483 921 qui
1497 886 1620 921 ejusdem
1637 885 1720 912 sortis
1727 891 1788 911 cum
1799 883 1850 910 hac

1060 935 1123 958 sunt
1140 930 1272 964 Ecclesia,
1286 932 1378 958 dicant
1394 939 1401 958 :
1415 931 1616 959 tConlurbatus
1631 935 1674 957 est
1691 930 1717 956 irt
1735 929 1774 956 ira
1784 936 1851 955 ocu-

1060 976 1104 1003 lus
1117 983 1192 1004 meus
1205 977 1244 1010 υς
1263 986 1271 1003 ι
1300 980 1337 1008 et,
1350 977 1418 1005 tCor
1433 984 1521 1004 meum
1548 976 1740 1004 conturbatum
1757 978 1799 1002 cst
1822 973 1848 1000 in

1061 1029 1104 1049 tne
1119 1023 1151 1050 ⁸ο.
1173 1031 1183 1048 ι

1097 1068 1148 1096 Sed
1162 1070 1210 1096 Itoc
1225 1069 1304 1096 habes
1317 1070 1386 1105 quod
1399 1070 1479 1096 odisti
1495 1070 1567 1104 facta
1580 1069 1789 1096 Nicolaitarum.
1804 1067 1849 1094 ln-

1062 1119 1102 1142 tcr
1118 1115 1205 1142 tristia
1219 1116 1297 1150 ponit
1315 1116 1395 1142 etiam
1410 1122 1440 1143 ca
1457 1123 1518 1150 qua:
1533 1115 1748 1143 consolationem
1762 1114 1849 1141 addu-

1059 1164 1136 1191 cunt,
1150 1165 1185 1187 ne
1193 1159 1383 1187 abundantiori
1396 1161 1507 1188 tristitia
1521 1160 1704 1188 absorbeatur
1715 1159 1848 1187 Ecclesia.

1060 1206 1105 1233 Ait
1119 1214 1183 1242 ergo
1200 1215 1207 1234 :
1227 1207 1278 1234 Per
1294 1207 1487 1242 paenitentiam
1507 1215 1557 1241 ego
1572 1207 1652 1234 facile
1666 1210 1692 1233 te
1707 1205 1849 1240 recipiam,

1060 1260 1093 1280 eo
1103 1253 1176 1288 quod
1192 1258 1217 1280 te
1228 1253 1292 1280 mihi
1305 1253 1472 1281 conformetn
1501 1253 1614 1280 habeam
1629 1253 1656 1279 in
1670 1253 1734 1280 odio
1748 1252 1849 1279 adver-

1060 1305 1108 1325 sus
1123 1297 1281 1326 Nicolaitas.
1298 1297 1330 1324 ili
1348 1302 1439 1325 autem
1458 1304 1610 1332 cognomen
1627 1297 1766 1332 accipiunt
1778 1305 1794 1325 a
1806 1297 1849 1325 Ni-

1060 1343 1151 1376 colao,
1165 1351 1220 1371 uno
1237 1351 1270 1372 ex
1286 1349 1389 1378 septem
1414 1343 1587 1371 diaconibus.
1616 1342 1734 1376 Quinam
1759 1347 1849 1370 autem

1062 1391 1164 1418 fuerint
1180 1396 1207 1418 et
1224 1397 1319 1418 corum
1336 1390 1529 1418 obscmnitatcs
1546 1390 1615 1417 liber
1630 1389 1764 1417 Pamm'on
1789 1390 1851 1424 Epi-

1062 1436 1155 1472 phanii
1172 1437 1257 1464 divini
1275 1443 1307 1463 cx
1323 1436 1412 1471 Cypro
1423 1436 1474 1463 viri
1489 1435 1754 1462 manifestat.—Alio
1762 1435 1848 1463 modo.

1062 1482 1162 1510 Motum
1175 1482 1330 1510 candelabri
1360 1481 1530 1516 interpretati
1557 1488 1667 1516 quoque
1693 1485 1758 1508 sunt
1779 1489 1850 1508 non.

1062 1528 1129 1556 nulli
1144 1527 1338 1555 sacerdotalem
1352 1527 1494 1562 Ephcsina:
1509 1526 1638 1554 Ecclesia:
1657 1526 1760 1559 sedem,
1777 1526 1850 1562 quod

219 1569 270 1604 τῆς
293 1570 406 1605 Ἐφέσου
431 1570 525 1606 θρόνον
550 1571 698 1605 ὑπέλαὸον,
724 1570 1010 1598 Κωνσταντινουπόλει

1063 1573 1149 1609 ipsius
1163 1573 1322 1609 dignitatem
1339 1572 1480 1600 tradiderit
1492 1572 1738 1607 Constantinopoli.

220 1615 255 1641 τὰ
272 1615 405 1650 πρεσϐεῖα
420 1615 523 1650 ἑαυτῆς
538 1616 678 1644 ἐπιδοῦσα.

263 1662 292 1688 '0
309 1661 389 1696 ἔχων
405 1660 459 1695 οὖς
472 1662 642 1689 ἀκουσάτω.
668 1662 804 1697 Σειρκικδν
826 1662 873 1695 οὓς
891 1664 943 1695 πᾶς
965 1663 1012 1691 ἆν-

221 1707 330 1744 θρωπος
359 1707 434 1743 ἔχει,
466 1708 651 1743 πνευματικὸν
679 1708 707 1734 δὲ
735 1709 750 1735 ὁ
783 1708 1010 1743 θεοφορούμενος,

220 1755 288 1789 ὅπερ
310 1753 348 1788 τῷ
377 1754 476 1789 Ἡσαΐᾳ,
509 1754 700 1788 προστέθειται
725 1753 772 1780 καὶ
802 1754 841 1788 τῷ
866 1754 1011 1788 θεοπάτορι

221 1799 304 1826 Δαυῒδ
323 1799 437 1835 εὑήκοον
463 1799 608 1834 γενέσθαι.
637 1798 683 1833 ἀφ’
711 1796 742 1826 ob
768 1799 816 1826 καὶ
843 1799 1012 1834 εὐχαρίστως

221 1846 409 1881 διατιθέμενος
440 1846 563 1881 μελῳδεῖ,
587 1855 596 1871 ι
612 1846 659 1877 Εἰς
676 1845 760 1880 ἀκοὴν
776 1845 857 1872 ὠτίου
873 1846 1011 1880 ὑπήκουσέ

223 1900 286 1927 μου,
306 1901 316 1918 ι
328 1892 409 1918 οἱονεὶ
423 1888 464 1923 οἷς
483 1891 552 1926 ἀκοὴ
573 1891 603 1918 τὸ
628 1891 767 1918 ἐπαινετὸν
790 1890 878 1926 φέρει.
901 1890 1012 1922 τούτους

222 1937 312 1972 κάμοῦ
331 1938 376 1964 τὸν
392 1937 473 1964 πόθον
485 1935 695 1971 ἀφωμοιώσατο.
708 1935 745 1962 Τὸ
761 1935 873 1970 Πνεῦμα
883 1936 910 1962 δὲ
926 1936 1011 1962 ταῦτα

222 1982 313 2016 λέγειν
339 1983 436 2018 φησὶν,
456 1982 473 2016 ἢ
500 1982 540 2008 ὅτι
563 1981 758 2016 πνευματικῶς
779 1981 922 2016 ἐνηργεῖτο
941 1988 1011 2016 παρα

224 2029 305 2055 ιστῶν
325 2028 360 2055 τὰ
385 2029 435 2063 τῆς
455 2027 664 2062 Ἀποχαλύψεως
677 2034 684 2043 ⁸
705 2027 722 2062 ἢ
740 2026 853 2061 Πνεῦμα
873 2027 919 2053 τὸν
942 2027 1011 2062 Χρι-

224 2074 286 2101 στόν
299 2083 366 2109 φησι
384 2074 452 2101 καθό
466 2074 525 2100 ἐστι
543 2074 589 2100 καὶ
604 2075 705 2100 νοεῖται
721 2073 798 2104 Θεὸς,
809 2072 904 2108 ὥσπερ
916 2073 1012 2108 ἀμέλει

224 2121 273 2147 καὶ
283 2121 346 2152 Υιὺς
357 2120 503 2156 ἀνθρώπου
516 2120 692 2155 χρηματίζει,
705 2119 774 2147 καθό
783 2121 858 2146 ἐστιν
869 2119 917 2146 ἀνθ
923 2128 1013 2155 ρωπος

223 2166 271 2193 καὶ
284 2167 395 2193 νοεῖται.
412 2166 469 2192 Καὶ
489 2166 530 2192 ότι
545 2166 659 2199 Πνεῦμα
675 2165 787 2200 λέγεται
803 2164 818 2189 ὸ
834 2164 912 2198 Θεὸς,
927 2164 1011 2191 αὑτοῦ

223 2213 270 2240 τοῦ
290 2212 410 2248 Χριστοῦ
434 2212 501 2246 πρὸς
516 2213 566 2247 τὴν
581 2212 746 2247 Σαμαρεῖτιν
760 2211 914 2246 παριστῶσι
926 2210 1010 2244 λόγοι,

227 2269 237 2285 ι
254 2259 375 2294 Πνεῦμα,
394 2268 403 2284 ι
423 2257 611 2293 ἀγορεύοντος,
621 2258 635 2283 ὁ
645 2266 655 2283 ι
669 2257 746 2290 Θεὸς,
758 2257 806 2283 καὶ
817 2256 880 2288 τοὺς
893 2264 1014 2292 προσκυδ

225 2304 337 2336 νοῦντας
359 2304 441 2331 αὑτὸν
463 2305 492 2330 ὲν
515 2303 653 2338 πνεύματι
666 2304 713 2329 καὶ
726 2302 852 2337 ἀληθείᾳ,
873 2311 883 2327 ι
908 2301 956 2329 καὶ
976 2301 1012 2328 τὰ

225 2351 299 2386 ἑξῆς.
314 2350 369 2377 Καὶ
382 2351 409 2377 τί
425 2350 455 2377 τὺ
468 2349 580 2385 Πνεῦμα
595 2349 687 2385 λέγεις

262 2437 305 2470 Τῷ
327 2437 447 2464 νικῶντι
472 2438 558 2465 δώσω
576 2438 681 2473 φαγεῖν
702 2438 737 2466 ἐκ
758 2438 812 2466 τοῦ
839 2439 935 2471 ξύλου
961 2438 1017 2472 τῆς

225 2481 310 2515 ζωῆς.
318 2482 496 2512 -Νικῶντι,
505 2482 551 2509 τὸν
560 2482 626 2518 πρὸς
639 2483 701 2514 τοὺς
710 2483 841 2518 δαίμονας
851 2483 979 2519 πόλεμον,
986 2484 1016 2515 ὃς

223 2526 269 2553 διὰ
279 2527 333 2554 τῶν
344 2527 493 2561 συμφύτων
503 2528 568 2563 ἡμῖν
578 2528 673 2555 παθῶν
688 2528 897 2563 ἀνερεθίζεσθαι
907 2529 1015 2556 εἴωθεν.

226 2572 309 2599 Ξύλον
324 2573 352 2599 δὲ
366 2573 440 2607 ζωῆς
449 2573 488 2607 (8)
496 2573 646 2608 τροπικῶς,
656 2575 687 2600 τὴ
695 2575 724 2601 ἐν
738 2575 813 2610 μέσῳ
823 2574 870 2602 τοῦ
881 2576 1016 2610 Παραδεί-

228 2626 287 2649 σου,
304 2618 351 2645 καὶ
370 2618 537 2653 Παράδεισον
551 2619 601 2653 τὴν
617 2620 756 2655 μακαρίαν
771 2622 817 2647 καὶ
834 2621 1014 2653 αἱωνίζουσαν

227 2661 377 2696 ἑκληπτέον
390 2662 473 2697 ζωὴν,
489 2663 518 2689 ἐν
562 2663 658 2698 σοφίας
671 2665 787 2698 ἄφθονος
800 2665 888 2700 χύσις.
901 2666 966 2700 περὶ
980 2663 1014 2702 ἧς

228 2706 275 2732 καὶ
283 2706 408 2742 Σολομῶν
417 2715 500 2742 φησι·
520 2716 528 2733 ι
540 2707 624 2734 Ξύλον
636 2708 709 2744 ζωῆς
723 2709 782 2735 ἐστι
796 2711 851 2741 τοῖς
864 2710 1014 2746 ἀντεχομέ-

242 2782 376 2846 νδέἴεοι.
391 2793 457 2818 xxx,
476 2785 519 2813 10.
557 2785 578 2802 ⁵⁸
596 2785 669 2813 Psal.
687 2794 740 2819 Liv,
761 2786 788 2814 5.

231 2826 269 2851 ιν,
281 2826 327 2846 αι.

268 2886 307 2921 (7)
326 2887 403 2923 Vulg.
420 2888 471 2915 ὑπὸ
486 2888 540 2916 τῶν
555 2889 603 2923 τῆς
621 2889 753 2924 πονηρίας
767 2889 927 2924 ἀνθρώπων.

843 2789 864 2804 ⁸⁸
890 2788 940 2816 lsa.
966 2796 991 2820 L,
1010 2789 1026 2816 ιι
1040 2795 1116 2823 seqq.

1099 1661 1151 1694 Qui
1164 1661 1241 1688 habet
1265 1669 1357 1688 aurem
1376 1661 1481 1688 audiat.
1499 1660 1623 1695 Quisque
1650 1660 1733 1688 homo
1756 1667 1850 1688 aurem

1063 1708 1145 1735 habet
1155 1707 1480 1741 carnalem,spiritualem
1494 1714 1557 1734 vero
1570 1707 1592 1734 is
1607 1706 1654 1741 qui
1670 1706 1763 1734 divino
1775 1706 1851 1734 allia-

1065 1757 1110 1779 tnr
1130 1751 1247 1787 Spiritu,
1263 1759 1324 1787 qua!
1339 1751 1416 1779 Isaia;
1438 1751 1555 1779 “addita
1569 1755 1611 1779 est
1627 1750 1730 1786 Deique
1755 1759 1852 1786 proge-

1063 1800 1144 1828 nitori
1172 1799 1314 1832 Davidi“,
1345 1805 1375 1827 ut
1400 1799 1530 1827 obediens
1555 1804 1638 1827 esset.
1668 1799 1744 1827 Unde
1770 1800 1852 1827 etiam

1063 1851 1140 1881 grato
1154 1846 1246 1873 animo
1259 1845 1384 1878 allectus,
1405 1846 1521 1874 dulciter
1534 1847 1608 1874 canit
1623 1854 1630 1873 :
1649 1855 1659 1872 ι
1673 1847 1712 1873 Ad
1728 1846 1851 1873 auditum

1064 1891 1140 1917 auris
1153 1892 1299 1918 obsecutus
1310 1895 1352 1918 est
1370 1891 1437 1918 mihi
1451 1891 1474 1906 ⁵³
1488 1899 1496 1917 :
1511 1901 1520 1917 ι
1534 1892 1586 1919 hoc
1613 1895 1655 1919 est
1671 1892 1698 1918 in
1722 1891 1766 1918 his
1783 1891 1854 1918 unde

1062 1935 1173 1964 auditus
1183 1935 1235 1963 fert
1245 1936 1347 1971 aliquid
1359 1934 1503 1968 laudabile.
1522 1937 1555 1964 ad
1572 1944 1661 1964 meum
1677 1937 1791 1964 accessit
1807 1937 1853 1964 tle-

1062 1981 1205 2010 siderium.
1217 1981 1279 2009 Ha2c
1297 1986 1388 2009 autem
1404 1982 1443 2008 ait
1457 1981 1587 2016 Spiritum
1607 1982 1708 2014 dicere,
1721 1985 1767 2008 aut
1781 1981 1854 2016 quod

1064 2026 1244 2062 spiritualiter
1275 2019 1449 2061 operabatur,
1477 2027 1670 2054 demonstrans
1703 2034 1764 2061 quat
1791 2032 1855 2054 sunt

1063 2072 1146 2107 hujus
1162 2072 1343 2104 revelationis,
1362 2072 1444 2107 665
1469 2077 1515 2099 aut
1533 2072 1664 2106 Spiritum
1686 2072 1752 2099 dicit
1772 2072 1854 2100 Chri-

1065 2122 1149 2150 stum,
1166 2122 1302 2152 quatenus
1321 2122 1362 2145 est
1378 2122 1404 2145 ct
1418 2117 1578 2152 intelligitur
1611 2118 1693 2150 Deus,
1723 2119 1855 2152 quemad-

1064 2163 1177 2190 modum
1192 2170 1286 2191 revcra
1303 2170 1412 2198 quoque
1441 2162 1528 2191 Filius
1540 2162 1658 2190 hominis
1689 2162 1853 2198 appellatur,

1065 2212 1203 2243 quatenus
1226 2213 1268 2236 est
1288 2213 1315 2236 et
1343 2208 1505 2244 intelligitur
1532 2208 1625 2235 homo.
1654 2207 1732 2241 Quod
1762 2213 1854 2236 autent

1067 2254 1187 2289 Spiritus
1201 2254 1308 2282 dicatur
1323 2254 1404 2287 Deus,
1421 2254 1508 2289 ipsius
1527 2254 1628 2282 Christi
1654 2254 1688 2281 ad
1704 2253 1856 2281 Samarita-

1067 2304 1129 2327 nam
1158 2300 1239 2327 verba
1265 2300 1465 2332 demonstrant,
1492 2299 1629 2328 dicentis:
1646 2309 1655 2325 ι
1677 2299 1794 2334 Spiritus
1813 2305 1856 2327 cst

1067 2345 1150 2377 Deus,
1165 2349 1192 2372 et
1205 2352 1253 2373 cos
1271 2345 1319 2380 qui
1333 2345 1449 2372 adorant
1465 2353 1540 2378 eum,
1554 2345 1581 2372 in
1593 2345 1690 2380 spiritu
1702 2349 1729 2372 ct
1741 2346 1856 2373 veritate

1067 2394 1177 2424 oportet
1187 2390 1303 2418 adorare
1315 2391 1348 2417 ".
1362 2399 1372 2416 ι
1386 2391 1418 2418 Et
1430 2391 1495 2426 quid
1503 2395 1546 2418 est
1557 2391 1629 2426 quod
1639 2390 1706 2418 dicit
1719 2390 1837 2425 Spiritus
1845 2390 1858 2417 Υ

1110 2435 1227 2464 Vincenti
1252 2437 1320 2464 dabo
1343 2439 1418 2464 edere
1435 2437 1468 2464 de
1484 2437 1553 2472 ligna
1573 2437 1643 2464 vim.
1675 2436 1800 2464 Vincenti
1829 2437 1856 2463 itt

1068 2482 1138 2510 bello
1153 2484 1224 2517 quod
1239 2484 1371 2511 adversus
1386 2483 1523 2511 daemones
1538 2484 1650 2518 geritur,
1667 2483 1739 2518 quod
1754 2489 1802 2517 per
1816 2483 1858 2508 in-

1068 2528 1136 2555 sitos
1149 2527 1227 2554 nobis
1240 2526 1351 2553 allectus
1367 2525 1478 2552 excitari
1495 2526 1574 2553 solet.
1590 2524 1705 2559 Lignum
1719 2531 1782 2551 vero
1795 2524 1857 2550 vita:

1067 2574 1140 2608 quod
1153 2578 1196 2601 est
1215 2573 1243 2600 in
1259 2572 1352 2606 medin
1367 2572 1498 2607 paradisi,
1522 2579 1554 2598 ac
1575 2569 1731 2605 paradisum
1753 2568 1857 2603 tropico

1067 2619 1154 2654 accipi
1172 2622 1278 2652 oportet
1292 2618 1399 2645 beatam
1418 2624 1449 2644 ac
1465 2621 1619 2652 perpetuam
1645 2615 1738 2646 vitam,
1759 2614 1786 2640 in
1802 2621 1857 2648 qua

1066 2668 1109 2692 est
1125 2664 1266 2692 abundans
1283 2663 1422 2698 sapientia:
1441 2662 1549 2690 diii‘usio
1566 2670 1572 2688 :
1588 2660 1622 2688 de
1642 2667 1695 2695 qua
1723 2659 1804 2686 etiam
1820 2658 1859 2686 ait

1068 2710 1199 2738 Solomon
1221 2719 1228 2737 ι
1248 2719 1256 2736 ι
1275 2710 1391 2745 Lignum
1401 2709 1463 2736 vita:
1482 2712 1524 2736 est
1539 2707 1573 2735 iis
1586 2706 1632 2742 qui
1657 2705 1858 2740 amplectuntur

1154 2789 1177 2804 "
1201 2787 1272 2816 Psztl.
1288 2795 1381 2820 xxxix,
1394 2787 1421 2814 4.
1469 2788 1491 2803 ⁸³
1506 2785 1576 2813 Psal.
1595 2792 1660 2816 xvu,
1679 2783 1722 2811 45.
1738 2783 1760 2800 ⁸⁵
1775 2782 1855 2812 Joan.

1103 2889 1140 2923 (ὃ)
1157 2888 1254 2916 Vocem
1271 2888 1342 2924 ζωῆ;
1357 2888 1457 2916 onttttit
1475 2888 1549 2924 vulg.
