2095 3160
211 146 264 178 533

744 148 939 180 COMMENT.
961 149 1003 179 ΙΝ
1023 149 1289 183 APOCALYPSIN.

1795 156 1846 188 543

248 203 303 231 Kal
323 202 382 237 τὴν
400 202 616 238 βλασφημίαν.
645 205 725 231 Κατὰ
750 205 841 232 κοινοῦ
859 205 900 238 τὸ,
933 204 1004 232 οῖδά

1094 207 1128 234 Et
1147 207 1352 242 blasphemiam.
1368 208 1388 235 Α
1405 210 1543 237 communi
1570 217 1652 238 sensu
1670 213 1846 246 rt‘pelendum

208 257 279 280 σου.
295 250 339 277 ῖνα
356 249 519 285 ὲξακούηται
531 250 630 282 οὕτως’
645 249 712 278 Οἷδά
733 260 780 278 σου
797 252 831 278 τὰ
844 252 923 287 ἔργα,
943 250 1002 279 οἶδα

210 296 257 323 καὶ
271 296 321 331 τὴν
346 296 524 331 βλασφημίαν
547 296 602 323 τῶν
628 297 667 332 τῷ
687 297 759 334 λόγῳ
785 298 835 333 μὲν
857 299 1002 331 Ἰουδαίων,

209 342 285 378 ἔργῳ
308 342 338 369 δὲ
362 343 527 377 συναγωγῆς
544 342 591 370 τοῦ
614 344 733 371 Σατανᾶ.
751 345 788 371 υὺ
806 345 861 380 γὰρ
878 346 892 372 ὸ
912 345 942 372 ὲν
965 345 1004 381 τῷ

210 387 322 423 φανερῷ
342 387 483 420 Ἰουδαῖος,
495 387 556 414 ἀλλ’
567 387 581 413 6
601 387 631 413 ἑν
645 387 684 423 τῷ
698 388 827 423 κρυπτῷ,
845 388 893 415 καὶ
907 389 939 423 τῇ
953 396 1003 415 πε-

210 434 309 468 ριτομῇ
323 434 372 468 τῆς
387 433 511 469 καρδίας,
527 435 541 460 ὁ
552 433 597 461 διὰ
618 434 667 469 τῆς
682 433 730 460 τοῦ
745 434 912 469 φαινομένου
927 442 1005 470 περι-

210 478 310 513 ϐλητοῦ
327 478 368 513 τῷ
382 479 539 514 γεννητικῷ
564 480 652 515 μορίῳ
670 480 809 515 δέρματος
831 481 1004 516 ἀφαιρέσεως

209 524 257 551 τοῦ
274 524 368 551 ὑλικοῦ
382 524 461 552 τοῦδε
477 526 578 557 παντὸς
591 525 651 561 βίου
664 525 891 561 ἀλλοτριούμενον
907 527 1004 554 ἑαυτὸν

210 570 411 606 αἰνιττόμενος,
431 571 478 598 καὶ
492 571 561 607 πρὸς
572 572 607 599 τὰ
624 572 684 599 (ista
701 573 733 607 τῇ
748 572 822 608 ψυχῇ
843 573 1003 605 ἐνσκευαζό-

211 624 304 650 μενον.
319 616 351 642 Εἰ
367 616 421 652 γὰρ
439 616 538 648 Ἰούδας
560 617 609 652 μὲν
622 617 841 652 ἐξομολόγησις
853 618 1004 653 ἑρμηνεύε-

210 669 268 692 ται,
287 660 396 696 Ἰσραὴλ
411 662 439 689 δὲ
451 662 526 695 νοῦς
540 661 618 696 ὁρῶν
632 663 717 695 Θεὸν,
728 663 837 695 πάντως
851 664 876 691 οἱ
893 664 1005 699 ἀληθεῖς

217 706 341 734 Ἰουδαῖοι
358 707 407 734 καὶ
425 707 534 744 Ἰσραὴλ
548 704 622 735 οὗτοί
635 709 715 742 εἰσιν,
733 710 757 737 οί
775 709 887 745 Χριστῷ
907 709 1004 745 ἐξομο-

211 751 381 786 λογούμενοι,
405 753 490 788 ἤγουν
505 753 731 788 εὐχαριστοῦντες
760 754 818 781 ἀνθ’
836 751 874 782 ὧν
897 756 1005 790 μεγάλα

211 797 398 833 εὐεργέθημεν
411 799 445 833 τῇ
463 798 507 826 διὰ
523 799 623 834 σαρκὸς
641 799 723 826 αὑτοῦ
744 799 812 835 πρὸς
826 801 899 835 ἡμᾶς
911 800 1004 836 ἐπιδη-

212 844 273 879 μίᾳ.
293 844 379 870 Τοῦτο
412 844 467 880 γὰρ
481 845 498 879 ἡ
527 844 723 880 ἐξομολόγησις
746 845 843 881 δηλοῦν
868 845 1003 881 βούλεται.

218 890 325 925 Ἰσραὴλ
338 890 376 922 δὲ,
392 890 421 922 ὃς
437 890 475 926 νῷ
490 891 557 918 Θεὸν
574 892 639 926 ὸρᾴν
654 892 819 926 ἠξιωμένος,
840 893 934 928 μηδενὶ
948 892 1004 919 τῶν

210 935 335 970 ἀσχολεῖν
344 935 479 962 ειωθότων
489 935 752 972 ὲπιπροσθούμενος.
764 937 869 964 Οὐκοῦν
874 937 936 964 οὐδὲ
943 937 1006 964 Ἰου-

209 981 278 1008 δαῖοι
285 981 346 1007 οὔτε
355 981 463 1017 Ἰσραὴλ
473 983 498 1009 οἱ
506 983 540 1018 τῇ
548 982 662 1018 ἀπιστίᾳ
672 983 841 1018 ἐμμένοντες
848 983 1006 1019 ὰνεπιστρόο

211 1035 279 1060 φως,
288 1027 356 1054 ἀλλὰ
364 1027 591 1063 βλασφημοῦντες
601 1028 762 1064 συναγωγὴν
770 1029 883 1061 ἑαυτοὺς
890 1030 1006 1065 ἀποφαί-

213 1082 288 1100 νουσι
309 1074 357 1100 τοῦ
376 1075 485 1101 Σατανᾶ
504 1074 715 1110 ὲζωγρημένους
741 1075 787 1102 ὑπ’
801 1075 885 1102 αὑτοῦ
913 1077 953 1108 εἰς
975 1077 1006 1103 τὺ

211 1119 317 1146 ἐκείνου
332 1119 448 1155 θέλημα,
460 1121 507 1148 ἆτε
525 1121 571 1148 καὶ
584 1122 841 1157 στρατηγουμένους
853 1123 899 1149 ὑπ’
909 1123 1004 1150 αὑτοῦ.

248 1167 290 1193 Οὐ
299 1166 342 1200 μὴ
362 1166 493 1200 ἀδικηθῇ
513 1167 548 1194 ἐκ
569 1167 623 1194 τοῦ
636 1167 767 1195 θανάτου
782 1168 835 1195 τοῦ
852 1167 1004 1202 δευτέρου.

218 1210 344 1246 ’Ᾱχριὸὲς
355 1211 386 1237 τὸ
403 1212 559 1247 εἰρημένον,
573 1212 613 1239 ὅτι
627 1211 674 1239 δύο
698 1212 823 1240 θανάτων
849 1213 1006 1249 ἀνθρώποις

210 1256 307 1288 ὄντων,
323 1257 433 1292 πρώτου
448 1257 496 1284 τοῦ
518 1259 646 1292 φυσικοῦ,
665 1259 695 1290 ὅς
715 1259 773 1286 ἐστι
799 1259 940 1294 χωρισμὸς
956 1259 1006 1293 τῆς

211 1302 301 1338 ψυχῆς
326 1303 381 1329 ἀπὸ
406 1303 454 1330 τοῦ
482 1303 621 1339 σώματος,
647 1304 719 1331 κατὰ
745 1304 796 1341 τὴν
823 1305 932 1332 δικαίαν
959 1305 1005 1331 καὶ

211 1348 399 1384 ἀπαραίτητον
420 1349 574 1384 ἀπόφανσιν
599 1349 645 1377 τοῦ
676 1351 900 1386 παντοκράτορος
925 1350 1004 1383 Θεοῦ,

211 1394 271 1429 τὴν,
287 1394 328 1421 ὃτι
350 1403 360 1420 ‹
381 1395 420 1429 Γῆ
435 1392 459 1421 εἷ
476 1394 523 1421 καὶ
534 1396 574 1426 εἰς
587 1395 639 1429 γῆν
649 1395 801 1431 ἀπελεύσῃ.
822 1405 831 1421 ι
845 1394 948 1422 Τοῦτον
959 1395 1005 1422 τὸν

212 1440 330 1467 θάνατον
341 1440 545 1476 ἁνυπερθέτως.
562 1441 664 1472 πάντες
678 1441 819 1476 ἄνθρωποι
835 1441 937 1468 δίκαιοι
955 1441 1003 1468 καὶ

211 1487 371 1522 ἁμαρτωλοὶ
387 1486 511 1522 μέτιμεν.
529 1487 662 1521 Δευτὲρου
675 1486 705 1513 δὲ
721 1487 804 1513 πάλιν
818 1486 937 1513 θανάτου
955 1486 1003 1513 καὶ

1054 258 1108 287 est,
1125 253 1195 285 Seio,
1214 259 1244 282 ut-
1261 255 1296 281 sit
1312 262 1410 282 sensus
1425 264 1432 281 :
1453 255 1518 283 Scio
1532 264 1614 291 opera
1630 261 1687 288 tua,
1702 258 1760 285 scio
1771 259 1845 286 blas-

1054 299 1192 334 phemiam
1219 307 1313 327 eorum
1333 300 1378 334 qui
1406 301 1489 327 verbo
1508 300 1595 329 Judaei
1613 307 1688 333 sunt,
1706 310 1736 330 re
1752 309 1843 330 autem

1054 346 1115 380 ipsa
1131 349 1195 373 sunt
1217 353 1354 381 synagoga
1383 345 1500 374 Satanae.
1527 345 1621 382 Neque
1649 348 1722 375 enim
1752 349 1798 383 qui
1820 350 1846 375 iu

1054 389 1200 417 manifesto
1211 390 1321 417 Iudaeus
1338 391 1430 423 fuerit,
1443 391 1466 418 is
1482 399 1544 418 vere
1558 390 1672 419 Iudaeus
1683 393 1785 426 est,sed
1801 394 1847 428 qui

1055 435 1082 463 in
1098 436 1204 464 occulto
1221 441 1247 463 et
1260 437 1468 464 circumcisione
1480 437 1581 471 cordis,
1596 438 1643 473 qui
1665 445 1714 473 per
1728 439 1847 467 ablatio-

1055 491 1118 511 nem
1136 483 1283 510 materialis
1308 484 1386 518 pellis
1410 492 1471 518 qua:
1486 484 1662 513 circumdare
1675 487 1845 522 conspicitur

1057 530 1211 557 membrum
1236 531 1365 565 genitale,
1380 531 1501 566 seipsum
1536 536 1591 559 tota
1611 533 1664 560 vita
1682 534 1842 562 immutasse

1056 577 1226 612 designatur,
1242 582 1268 604 ct
1283 577 1309 603 in
1339 577 1429 604 anima
1449 583 1597 605 exornatus
1615 586 1677 607 esse
1693 581 1726 607 ad
1740 581 1843 610 divina.

1059 621 1127 649 Nam
1150 623 1171 650 si
1189 622 1274 650 Judas
1291 623 1489 657 interpretatur
1500 624 1643 659 confessio,
1659 626 1742 653 Israel
1758 631 1848 654 autent

1057 677 1128 696 mens
1158 677 1217 704 qua:
1245 668 1329 696 Deum
1361 670 1505 697 intuetur:
1522 671 1548 697 hi
1577 673 1690 698 omnino
1707 673 1761 699 veri
1785 676 1850 702 sunt.

1055 714 1139 743 Judati
1181 719 1207 742 et
1224 715 1316 746 Israel,
1346 716 1391 750 qui
1417 715 1554 744 Christum
1586 717 1759 752 conﬁtentur,
1792 719 1850 746 sive

1056 762 1158 798 gratias
1178 766 1259 797 agunt
1291 762 1325 790 ob
1346 769 1442 798 magna
1465 762 1609 795 beneﬁcia,
1638 763 1737 797 quibus
1760 763 1849 791 allecti

1057 816 1153 836 sumus
1173 815 1220 842 per
1243 808 1390 835 adventum
1408 808 1469 843 ejus
1490 809 1516 836 in
1530 817 1613 836 carne
1629 809 1662 836 ad
1688 817 1747 837 nos.
1764 810 1846 845 667

1056 854 1124 882 Nam
1156 854 1210 881 hoc
1235 853 1373 888 signiﬁcat
1408 854 1453 881 illa
1489 854 1638 886 confessio;
1661 854 1745 883 Israel
1783 863 1849 882 vero

1058 902 1104 937 qui
1131 907 1276 930 assecutus
1305 905 1347 928 est
1374 905 1404 928 ut.
1429 900 1513 928 Deum
1549 906 1640 927 mente
1664 901 1771 933 videat,
1802 901 1849 935 qui

1057 948 1130 976 nulla
1146 956 1175 975 re
1190 948 1354 975 obscurat-ur
1370 955 1422 982 qua
1441 947 1517 981 prius
1527 947 1595 974 solet
1605 947 1746 981 occupari.
1758 946 1850 982 Itaque

1057 1002 1146 1030 neque
1158 994 1243 1022 Judaei
1259 999 1324 1021 sunt
1352 1001 1439 1028 neque
1464 993 1558 1024 Israel,
1577 993 1622 1026 qui
1646 1000 1700 1020 non
1722 992 1849 1020 conversi

1057 1045 1219 1076 permanent
1236 1041 1262 1067 in
1283 1039 1487 1071 incredulitate,
1510 1039 1556 1066 sed
1573 1038 1791 1073 blasphemando
1805 1046 1851 1064 os-

1059 1087 1175 1114 tendunt
1191 1094 1221 1114 se
1242 1093 1411 1121 synagogam
1433 1092 1494 1112 esse
1512 1084 1632 1113 Satanae.
1655 1084 1727 1118 capti
1747 1083 1781 1110 ab
1803 1083 1850 1110 illo

1058 1134 1092 1160 ad
1114 1132 1199 1167 ipsius
1216 1132 1395 1162 voluntatem,
1413 1135 1543 1165 tanquam
1558 1130 1591 1157 ab
1608 1129 1667 1164 ipso
1691 1129 1850 1163 expugnati.

1095 1178 1156 1206 Non
1172 1178 1283 1205 lwdetur
1300 1185 1316 1204 a
1330 1182 1415 1204 morte
1441 1176 1569 1204 secrmda.
1592 1175 1693 1202 Exacto
1712 1176 1849 1210 loquendo

1056 1223 1109 1251 hoc
1124 1223 1225 1250 dictum
1238 1227 1289 1250 est.
1307 1222 1376 1251 Cum
1397 1223 1470 1249 enim
1485 1221 1546 1248 dua:
1561 1222 1616 1248 sint
1631 1225 1744 1251 mortes.
1761 1221 1851 1255 prima

1057 1268 1191 1296 naturalis
1203 1274 1366 1303 est,ncmpe
1395 1268 1493 1294 animae
1522 1267 1660 1302 separatio
1679 1275 1694 1294 a
1723 1274 1850 1301 corpore,

1057 1315 1208 1342 secundum
1226 1314 1330 1350 justam
1343 1320 1370 1341 et
1383 1313 1565 1340 inevitabilem
1582 1313 1778 1348 omnipotentis
1803 1311 1851 1338 Dei

1057 1361 1233 1393 sententiam,
1253 1365 1317 1395 puta
1336 1369 1342 1386 :
1363 1358 1461 1387 «Terra
1474 1367 1504 1387 es
1519 1363 1547 1386 ct
1562 1358 1589 1385 in
1613 1362 1712 1386 tetram
1729 1362 1835 1386 reverte
1846 1372 1852 1377 ~

1057 1406 1096 1434 ris
1111 1407 1146 1434 ".
1162 1416 1171 1432 ι
1188 1405 1264 1433 Hauc
1282 1409 1399 1432 mortem
1416 1412 1512 1432 omnes
1528 1404 1653 1431 homines
1670 1404 1773 1438 absque
1788 1403 1844 1429 ulla

1056 1448 1216 1484 exceptione
1239 1449 1306 1483 justi
1322 1455 1354 1475 ac
1381 1452 1539 1482 peccatores
1563 1446 1698 1474 subimus.
1730 1445 1850 1472 Rursum

1056 1501 1122 1520 vero
1137 1492 1257 1521 secunda
1284 1500 1369 1524 mors,
1390 1491 1649 1527 majoremaﬂ‘ercns
1663 1490 1780 1523 cladem,
1801 1498 1853 1525 per

211 1533 419 1569 ὀλεθριωτέρου.
433 1532 480 1560 τοῦ
491 1533 526 1560 δι’
540 1533 681 1568 ἁμαρτίας
692 1533 779 1565 ὄντος,
794 1532 823 1559 ὃν
835 1532 865 1559 τὸ
876 1532 927 1567 τῆς
937 1533 1002 1559 ἀκο-

1057 1544 1199 1575 peccatum
1214 1538 1324 1566 inducta
1341 1543 1392 1570 est,
1405 1545 1487 1572 quam
1503 1537 1637 1564 illecebrae
1650 1536 1712 1563 vitm
1723 1536 1844 1568 lascivm,

212 1579 310 1606 λὰστου
336 1580 382 1606 καὶ
401 1579 539 1614 σαρκικῆς
567 1578 613 1605 καὶ
628 1577 783 1613 ἡδυπαϐοὗς
806 1577 881 1612 ζωῆς
905 1577 1002 1612 δέλεαρ

212 1625 270 1656 τοῖς
285 1624 441 1660 ἀνθρώποις
453 1624 507 1651 οἶδε
524 1624 659 1660 πορίζειν.
673 1624 718 1650 Διὸ
731 1624 778 1651 καὶ
791 1625 805 1650 ὁ
823 1624 927 1659 Κύριος
939 1624 1003 1656 τοὺς

211 1670 315 1705 ταύτην
336 1669 554 1705 μεταδιώκοντας
575 1670 691 1705 νεκροὺς
712 1668 853 1704 ὀνομάζει,
868 1669 934 1696 ὅταν
947 1670 999 1705 φῇ·

214 1725 224 1741 ι
246 1717 345 1750 Ἅφετε
354 1717 416 1748 τοὺς
431 1717 546 1750 νεκροὺς
561 1716 646 1750 θάψαι
655 1717 719 1746 τοὺς
734 1715 839 1742 ἑαυτῶν
850 1715 975 1750 νεκρούς.
991 1724 1001 1741 ι

213 1763 316 1790 Τοῦτον
341 1763 388 1790 τιν
404 1762 519 1790 θάνατον
535 1762 595 1798 (τὴν
609 1762 724 1798 ἐμπαθῆ
743 1762 816 1796 λέγω
832 1761 917 1797 ζωὴν)
932 1763 946 1789 ὁ
962 1771 1003 1789 νι-

213 1808 268 1834 κῶν
287 1809 318 1835 οὐ
331 1809 368 1844 μὴ
384 1808 502 1844 ἀδικηθῇ
514 1810 547 1836 ὲκ
562 1809 611 1836 τοῦ
622 1809 671 1845 τῆς
687 1808 800 1845 γεέννης
821 1810 863 1841 εἰς
889 1809 1005 1841 ἀδιάλει-

213 1861 280 1881 πτον
298 1853 426 1882 θάνατον.

508 1901 634 1929 ΚΕΦΛΛ.
668 1900 706 1929 Ε¹.

215 1957 254 1983 Τὰ
273 1957 468 1992 imparati-ta
499 1958 540 1990 τῷ
567 1958 623 1992 τῆς
650 1958 854 1994 Περγαμηνῶν
876 1959 1005 1994 Ἐκκλη-

502 1994 574 2027 σίας
588 1994 716 2028 ἀγγέλῳ.

250 2050 303 2077 Καὶ
319 2050 358 2083 τῷ
379 2051 497 2085 ἀγγέλῳ
523 2050 578 2085 τῆς
598 2051 633 2077 ἐν
655 2050 798 2085 Περγάμῳ
817 2051 1006 2085 Ἐκκλησίας

1054 1584 1175 1613 carnalis
1191 1591 1222 1612 ac
1243 1584 1412 1618 voluptuosa:
1427 1583 1587 1610 hominibus
1603 1582 1777 1617 suppeditare
1803 1589 1852 1609 so-

1055 1633 1110 1658 lent
1128 1639 1134 1658 :
1154 1630 1215 1658 ideo
1232 1636 1342 1664 quoque
1352 1629 1485 1656 Dominus
1500 1635 1548 1656 eos
1561 1628 1607 1663 qui
1617 1628 1688 1655 hanc
1705 1627 1854 1662 insequun-

1055 1681 1100 1704 tur
1112 1681 1236 1703 mortuos
1261 1675 1389 1710 appellat,
1409 1682 1471 1701 cum
1492 1674 1547 1701 ait:
1562 1683 1571 1700 ι
1590 1674 1679 1702 Sinite
1696 1678 1725 1700 ut
1747 1672 1850 1700 mortui

1056 1723 1189 1758 sepeliant
1200 1725 1325 1749 mortuos
1332 1728 1400 1748 suos
1407 1720 1441 1747 ‘°.
1454 1730 1462 1746 ι
1476 1719 1552 1748 Ilanc
1564 1725 1690 1753 mortem,
1703 1727 1801 1754 nempe
1815 1719 1854 1745 vi-

1058 1773 1111 1796 tam
1125 1767 1267 1795 aﬂ‘ectibus
1297 1766 1429 1799 deditam,
1462 1766 1509 1801 qui
1530 1766 1636 1798 vicerit,
1662 1773 1717 1792 non
1740 1764 1854 1799 recipiet

1056 1814 1186 1842 damnum
1203 1821 1218 1841 a
1234 1817 1323 1841 morte
1335 1812 1476 1847 gehennae,
1493 1813 1660 1840 transeundo
1672 1812 1704 1839 ad
1732 1816 1848 1838 mortem

1058 1861 1301 1890 interminabilem.

1391 1905 1506 1934 CAPUT
1522 1905 1553 1932 V.

1059 1967 1125 2000 Quot
1141 1966 1279 2001 designata
1307 1969 1367 1991 sunt
1387 1963 1481 1998 angelo
1507 1961 1635 1989 Ecclesia:
1651 1960 1853 1996 Pergamorum.

1094 2054 1224 2086 II,I2—l5.
1240 2053 1273 2080 Et
1290 2053 1384 2088 angelo
1400 2052 1526 2080 Ecclesia‘
1541 2051 1730 2085 Pergamorutn
1743 2049 1827 2076 scribe
1846 2057 1853 2075 :

213 2097 332 2131 γράψον
346 2105 353 2112 ·
372 2097 445 2125 Τάδε
467 2098 549 2132 λέγει
564 2099 580 2125 ὀ
606 2098 685 2132 ἔχων
698 2098 757 2133 τὴν
771 2098 924 2133 ῥομφαίαν
949 2098 1004 2131 τὴν

1057 2104 1117 2130 Hac
1132 2101 1197 2128 dicit
1212 2100 1257 2136 qui
1270 2099 1346 2126 habet
1361 2098 1480 2134 gladium
1498 2102 1609 2131 utraque
1632 2100 1708 2130 parte
1723 2099 1831 2121 acutum
1845 2101 1854 2120 :

212 2143 359 2176 δίστομον
369 2143 427 2177 τὴν
441 2143 546 2175 ὀξεῖαν
559 2152 565 2158 ·
581 2142 655 2171 Οἶδα
669 2144 706 2171 τὰ
721 2144 794 2179 ἔργα
808 2152 867 2172 σου
885 2144 933 2171 καὶ
946 2143 1006 2171 ποῦ

213 2188 371 2222 κατοικεῖς,
387 2190 464 2216 ὅπου
481 2191 498 2216 ὀ
516 2190 624 2224 θρόνος
643 2191 696 2217 τοῦ
713 2189 841 2218 Σατανᾶ,
857 2190 910 2218 Καὶ
934 2199 1006 2224 κρα-

213 2235 274 2268 τεῖς
288 2236 321 2262 τὸ
342 2236 437 2270 ὄνομά
461 2246 532 2271 μου,
549 2236 598 2263 καὶ
612 2237 667 2263 οὐκ
680 2237 805 2271 ἠρνήσω
818 2237 876 2271 τὴν
901 2231 1007 2263 allati?

213 2291 271 2316 μου
287 2282 322 2308 ἐν
340 2282 404 2313 ταῖς
432 2282 566 2317 ἡμέραις,
583 2283 618 2309 ἑν
635 2280 684 2316 αῖς
705 2283 840 2315 Ἀντίπας
853 2284 870 2310 ὀ
889 2283 1007 2317 μάρτυς

213 2337 271 2362 μου
283 2330 299 2354 ό
314 2328 422 2362 πιστὸς
448 2328 482 2361 ὂς
504 2329 675 2367 ἀπεκτάνθη
703 2330 770 2364 παρ’
785 2329 866 2363 ὑμῖν,
893 2327 970 2355 ὅπου
990 2329 1007 2355 ό

214 2373 350 2407 Σατανᾶς
367 2375 508 2401 κατοικεῖ.
537 2376 631 2402 Ἀλλὰ
652 2375 711 2410 ἔχω
725 2375 801 2402 κατὰ
824 2375 883 2402 σοῦ
908 2375 1005 2408 ὀλίγα,

214 2419 259 2446 ὅτι
273 2420 352 2453 ἔχεις
366 2420 430 2447 ἐκεῖ
444 2421 629 2454 κρατοῦντας
643 2421 701 2454 τὴν
716 2421 847 2456 διδαχὴν
868 2420 1003 2454 Βαλαὰμ,

215 2465 249 2496 ὃς
264 2464 383 2493 ἐδίδαὲε
411 2467 463 2493 τὸν
490 2468 606 2498 Βαλὰκ,
625 2467 733 2499 ,ϐαλεῖν
762 2468 940 2494 σκάνδαλον
959 2468 1006 2496 ὲν-

215 2509 310 2537 ώπιον
322 2510 381 2537 τῶν
393 2511 465 2538 υἱῶν
485 2511 620 2545 Ἰσραὴλ.
641 2512 689 2538 καὶ
703 2511 811 2546 φαγεῖν
826 2512 1007 2540 εἰδωλόθυτα

216 2556 265 2582 καὶ
281 2557 456 2591 πορνεῦσαι.
471 2558 570 2590 οὕτως
587 2558 666 2592 ἔχεις
691 2558 740 2585 καὶ
756 2558 797 2585 σὺ
822 2559 1009 2594 κρατοῦντας

217 2604 275 2637 τὴν
290 2604 420 2639 διδαχὴν
433 2605 493 2632 τῶν
507 2605 693 2633 Νικολαϊτῶν
714 2607 832 2641 ὁμοίως.

255 2650 388 2686 Δίστομον
403 2652 542 2688 ῥομφαίαν
559 2652 653 2686 φησὶν,
675 2651 691 2687 ἢ
708 2652 757 2687 τὴν
774 2652 845 2679 κατὰ
860 2653 906 2679 τὸν
925 2653 1010 2686 εὐαγ-

222 2696 331 2731 γελικὸν
346 2697 425 2731 λόγον
444 2699 474 2725 τὸ
487 2699 541 2725 πᾶν
557 2698 754 2734 περιαιροῦσαν
769 2698 799 2725 τὸ
820 2699 947 2734 περιττὸν
961 2699 1009 2725 τοῦ

223 2742 357 2777 παρόντος
375 2743 432 2778 βίου
449 2744 495 2771 καὶ
507 2745 537 2771 τὸ
546 2745 601 2772 ἀπὸ
617 2744 751 2778 γενέσεως
762 2745 829 2779 ἡμῖν
845 2744 1010 2771 ἐπισκοτοῦν

260 2801 284 2818 ⁸⁸
296 2802 395 2830 Gencs.
411 2811 451 2837 ιιι,
471 2803 513 2831 I9.
565 2803 588 2819 ⁶⁰
597 2802 693 2831 Matth.
728 2810 786 2835 vtu,
800 2803 845 2830 22.

1061 2147 1129 2175 Νοιιί
1144 2156 1222 2182 opera
1234 2153 1291 2178 tua,
1306 2151 1329 2173 et
1343 2145 1386 2174 ubi
1401 2145 1514 2176 habites,
1527 2151 1617 2177 nempe
1630 2142 1674 2168 ubi
1692 2141 1800 2167 thronus
1816 2144 1856 2168 et!

1061 2195 1170 2222 Salano:
1183 2201 1192 2220 .'
1206 2198 1231 2220 et
1248 2198 1317 2219 tenes
1330 2199 1422 2218 nomen
1437 2197 1534 2221 meum,
1550 2194 1575 2215 et
1592 2196 1643 2214 non
1661 2186 1760 2222 negasti
1777 2186 1855 2220 ﬁdem

1060 2249 1156 2273 nteant,
1173 2241 1199 2266 in
1214 2239 1306 2266 diebus
1321 2238 1416 2273 quibus
1431 2237 1542 2271 Antipas
1568 2235 1641 2263 testis
1672 2243 1744 2262 meus
1768 2234 1856 2269 [idolis

1061 2287 1132 2323 apud
1149 2294 1192 2313 eos
1205 2285 1306 2312 occisus
1325 2289 1375 2317 est,
1392 2284 1438 2310 ubi
1455 2283 1572 2310 Satanas
1585 2282 1697 2310 habitat.
1710 2282 1761 2309 Sed
1774 2281 1856 2307 habeo

1059 2334 1234 2360 adversantia
1250 2339 1345 2366 pauca,
1375 2330 1443 2364 quod
1472 2329 1569 2355 habeas
1597 2328 1634 2355 ibi
1655 2333 1771 2355 tenentes
1796 2328 1860 2354 doc-

1061 2382 1159 2406 trinam
1178 2378 1303 2410 Balaam,
1320 2377 1364 2412 qui
1380 2376 1468 2403 docuit
1487 2375 1581 2406 Balac,
1597 2380 1624 2402 ut
1641 2379 1747 2409 poneret
1775 2375 1859 2408 offen-

1058 2426 1279 2453 dicalmncoram
1291 2424 1355 2458 [iliis
1381 2422 1479 2454 Israel,
1504 2431 1555 2457 quo
1583 2422 1688 2448 ederent
1711 2420 1789 2447 idolis
1806 2421 1858 2446 int—

1061 2472 1159 2499 molata
1170 2476 1193 2498 et
1202 2475 1383 2498 scortarentur
1394 2477 1401 2495 :
1413 2470 1452 2495 ita
1462 2469 1540 2495 habes
1550 2473 1572 2495 et
1585 2473 1612 2495 tu
1626 2472 1744 2495 tenentes
1757 2466 1858 2493 doctri-

1063 2527 1123 2546 nam
1142 2517 1340 2544 Nicolaitarum
1351 2515 1487 2543 similiter.

1102 2652 1186 2687 668
1217 2651 1342 2677 Gladium
1376 2650 1503 2683 utrinque
1533 2646 1695 2673 incidentem
1722 2643 1787 2670 dicit
1814 2647 1860 2669 aut

1065 2707 1127 2726 eum
1150 2698 1208 2732 qui,
1223 2697 1372 2725 secundum
1389 2702 1543 2723 sermonem
1559 2691 1756 2725 evangelicum,
1771 2689 1862 2716 avellit

1066 2744 1138 2779 quod
1169 2744 1336 2779 superﬂuum
1359 2747 1400 2770 cst
1426 2742 1482 2777 (l0)
1512 2741 1539 2767 iu
1569 2737 1697 2774 [ιι-περιιιὶ
1729 2737 1803 2766 vita.
1836 2739 1863 2762 et

255 2863 309 2899 (I0)
326 2863 394 2892 Male
406 2864 542 2900 interpres
560 2864 722 2900 scripserat,
735 2862 819 2896 dicit,
839 2866 884 2889 aut
897 2868 1042 2890 sermonem
1057 2860 1234 2896 evangelicum
1251 2859 1404 2886 avellentem
1421 2855 1490 2892 quod
1505 2855 1679 2891 super/luunt,
1700 2858 1750 2881 εις.
