2095 3160
230 138 284 171 585

642 139 808 170 ARETIUZ
829 140 1020 171 CsESAl‘lEﬂ
1039 139 1284 171 CAPPADOCUE
1298 138 1471 169 EPISCOPI

1818 137 1872 170 59.6

231 193 304 229 quod
322 200 337 221 a
356 192 498 220 nativitate
523 192 603 220 nobis
627 193 756 221 tenebras
779 193 907 226 oﬂundit.
936 202 970 223 ne
988 195 1029 222 di-

1082 196 1134 223 τῶν
1160 195 1240 223 θείων
1262 195 1313 229 τῆς
1336 194 1465 229 εποψίας,
1490 193 1507 229 ἢ
1536 193 1587 230 τὴν
1603 193 1675 222 κατὰ
1691 193 1747 221 τῶν
1764 194 1872 222 ἀσεϐῶν

231 239 295 266 vina
329 239 549 274 prospiciamus,
580 243 628 266 aut
662 247 785 267 severam
817 240 948 269 adversus
975 241 1027 268 im-

232 285 293 319 pios
315 285 490 312 sententiam.
511 284 550 312 Ex
581 292 614 312 eo
638 290 728 312 autem
753 286 826 321 quod
855 286 900 314 hic
919 287 1027 322 gladius

231 335 331 366 praeter
355 331 408 358 hoc
433 331 506 366 quod
538 331 667 367 utrinque
691 331 788 359 incidit
819 333 901 360 etiam
928 337 1027 361 acutus

231 376 344 407 dicitur.
360 377 452 404 adhuc
468 377 553 404 etiam
571 377 798 405 accelerationem
809 377 911 406 indicat
935 379 968 406 ad
981 387 1028 406 eoo

232 430 293 450 rum
313 422 444 450 ultionem
464 423 718 459 quidivinisjuss’s
746 432 800 452 non
822 425 1026 460 obtemperant.

209 487 213 496 ι
233 468 373 496 Thronum
392 477 458 496 vero
470 469 581 498 Satanas
603 475 682 498 vocat
710 470 887 505 Pergamum.
909 476 939 499 ut
966 479 1028 507 quae

206 510 215 541 ἶ
232 512 392 541 idololatria:
401 513 490 541 dedita
498 519 558 542 erat
568 522 650 550 supra
660 522 769 543 onmem
780 516 1026 551 reliquam'Asiam.

231 560 323 594 Itaque
337 567 399 587 cuin
417 561 500 588 etiam
519 561 679 596 huiusmodi
697 562 788 590 locum
810 562 957 596 inhabiles,
987 563 1029 591 iu-

232 606 303 640 quit.
332 607 518 642 incorruptam
541 608 656 636 servasti
683 616 770 635 meam
789 608 880 642 fidem,
893 610 921 636 in
953 610 1029 638 nullo

232 662 327 681 eversa
339 662 371 681 ex
387 655 527 683 vicinitate
543 656 691 689 malorum,
712 664 801 691 neque
823 657 933 692 iniquos
941 665 1027 685 aemu-

231 696 287 725 lata
302 706 342 731 es,
359 699 417 726 visa
430 707 496 734 pace
508 704 535 727 et
547 700 716 728 abundantia
738 700 909 736 iniquorum.

270 742 381 779 Autipas
393 746 468 773 (estis
486 754 569 773 meus.
587 746 705 781 Autipas
724 747 812 779 testis,
824 747 948 783 Pergami
968 748 1029 775 tulit

233 791 433 824 testimonium,
450 791 529 826 cujus
554 792 582 819 in
607 792 681 820 hunc
702 800 789 827 usque
813 794 883 820 diem
903 799 1030 821 servatur

234 837 405 872 martyrium.
420 845 484 865 cum
503 838 588 865 multa
601 838 686 866 libere
699 839 806 867 locutus
824 839 921 867 fuisset
934 840 1029 867 adver-

1080 243 1219 278 ἁπότομον
1234 242 1399 276 ἀπόφανσιν.
1415 241 1487 276 Πρδς
1508 240 1547 276 τῷ
1560 240 1682 276 διστόμῳ
1693 239 1721 267 δὲ
1738 240 1785 267 καὶ
1799 241 1874 272 ὀξεια

1082 288 1164 324 αὕτη,
1178 289 1219 315 ἔτι
1232 288 1279 315 καὶ
1292 287 1400 323 ταχινή,
1412 287 1452 318 είς
1462 286 1602 322 ἐκδίκησιν
1615 286 1672 312 τῶν
1684 286 1873 313 ἀπειθούντων

1081 336 1138 367 τοῖς
1153 334 1238 367 θείοις
1251 333 1431 369 κελεύσμασι.
1449 333 1550 368 θρὸνον
1571 332 1601 359 δὴ
1617 331 1666 358 τοῦ
1687 332 1795 359 Σατανᾶ
1823 332 1873 368 τὴν

1083 381 1228 416 Πέργαμον
1256 381 1347 411 καλεῖ,
1364 380 1403 411 ὡς
1430 378 1598 405 κατείδωλον
1625 375 1709 405 οὖσαν
1739 378 1808 414 ὑπὲρ
1824 378 1875 414 τὴν

1088 424 1182 451 Ἀσίαν
1197 424 1301 451 πᾶσαν.
1318 423 1391 450 Ἀλλ’
1402 421 1449 450 οὖν
1461 423 1509 449 καὶ
1518 422 1641 450 τοιοῦτον
1652 422 1767 450 οίιοῦσα
1778 423 1872 456 τόπον,

1083 472 1181 507 φησὶν,
1198 470 1345 498 ἀνόθευτόν
1367 478 1418 506 μου
1443 469 1493 505 τὴν
1519 468 1611 496 πίστιν
1637 469 1777 505 ἐτήρησας
1793 470 1876 505 μηδὲν

1080 518 1253 554 ὲκτραπεῖσα
1270 516 1324 544 ἀπὸ
1335 517 1385 552 τῆς
1401 516 1458 543 τῶν
1480 514 1576 541 κακῶν
1597 515 1731 549 γειτνίας,
1749 514 1810 542 οὐδὲ
1823 514 1874 550 ζη-

1081 563 1193 591 λώσασα
1210 564 1256 590 ἐπὶ
1278 564 1336 595 τοῖς
1356 563 1482 598 ἀνόμοις,
1499 561 1614 596 εἰρήνην
1633 561 1807 598 ἁμαρτωλῶν
1822 562 1872 589 καὶ

1082 609 1213 645 εὐθηνίαν
1230 608 1382 644 θεωροῦσα.

1125 747 1174 774 Ἐν
1197 744 1245 780 αἷς
1272 747 1412 780 Ἀντίπας
1436 749 1453 774 ό
1471 746 1589 782 μάρτυς
1611 754 1682 782 μου.
1711 746 1842 778 Ἀντίπας
1860 747 1876 773 ὀ

1085 794 1192 830 μάρτυς
1204 794 1234 820 ἐν
1247 793 1388 829 Περγάμῳ
1401 793 1606 829 ἐμαρτύρησεν,
1619 789 1651 820 οὗ
1664 793 1754 820 καὶτὸ
1770 792 1876 827 μαρτύ-

1083 849 1142 875 ριον
1163 841 1203 871 εἰς
1217 841 1258 866 ἔτι
1282 839 1409 872 σώζεται,
1429 838 1516 866 πολλὰ
1533 839 1797 876 παρρησιασάμενος
1817 839 1875 869 τοῖς

234 883 468 911 susiusidiatores
484 893 490 911 :
508 889 536 911 et
549 889 682 918 quantum
701 885 727 912 in
746 885 806 920 ipso
823 885 874 913 fuit
885 893 973 920 usque
993 885 1028 913 ad

1082 886 1284 913 ἐκῦουλεύουσι.
1307 886 1361 913 Καὶ
1377 887 1439 913 ὅσον
1459 887 1500 918 είς
1513 886 1594 913 αὑτὸν
1608 881 1688 921 ἧκεν,
1705 885 1769 921 ἄχρι
1790 884 1875 911 θανά-

234 933 350 956 mortem
370 929 517 964 processit,
534 930 567 957 de
580 930 662 965 cujus
678 930 839 959 fortitudine
859 931 1028 967 evangelista

235 982 310 1002 nunc
327 982 374 1009 per
388 983 419 1003 os
433 975 479 1002 Dei
494 975 559 1003 fecit
575 977 753 1009 mentionem.
772 982 799 1004 ut
814 977 973 1012 productam
1002 977 1028 1004 in

235 1021 356 1048 medium
376 1021 449 1049 illius
467 1021 593 1049 virtutem
602 1022 797 1057 ctpatientiam
817 1023 944 1051 ostendat
963 1023 1030 1050 lide-

233 1066 317 1099 labus,
349 1074 402 1094 una
427 1074 490 1094 cum
510 1067 672 1095 crudelitate
698 1068 860 1100 errantium,
880 1073 910 1096 ut
933 1068 980 1103 qui
997 1069 1030 1096 dc

234 1112 342 1140 Salaria:
359 1117 424 1140 sunt
444 1113 634 1141 contubernio.
650 1113 785 1147 Quoniam
801 1119 892 1141 autem
909 1114 1030 1149 tangitur

235 1166 330 1185 eorum
344 1166 454 1194 quoque
470 1159 658 1194 repreltcnsio-
676 1160 722 1194 qui
743 1160 912 1187 sanctissimi
938 1165 1027 1192 erant,

234 1211 268 1230 eo
281 1204 352 1238 quod
364 1213 372 1229 ι
386 1205 415 1231 lu
432 1204 525 1232 multis
540 1204 706 1232 oll‘endimus
722 1212 818 1232 omnes
831 1205 864 1238 °',
883 1214 892 1231 ι
907 1205 986 1240 juxta
1002 1206 1030 1233 id

236 1249 309 1284 quod
327 1250 459 1284 scriptum
469 1255 531 1278 est:
553 1260 562 1276 ι
581 1250 650 1284 Quis
662 1259 748 1285 purus
762 1256 803 1279 cst
821 1259 835 1279 a
856 1252 939 1280 sorde
953 1252 996 1279 "l
1017 1262 1026 1279 ι

237 1295 298 1322 ideo
319 1295 376 1322 ait:
394 1294 557 1330 Quanquam
575 1295 667 1323 taliter
682 1303 725 1323 me
743 1296 852 1328 colatis,
879 1297 967 1325 habeo
986 1301 1028 1324 la-

236 1348 298 1368 men
312 1342 435 1369 nonnihil
448 1342 474 1369 in
497 1350 552 1377 quo
565 1349 613 1370 ros
638 1350 776 1374 aecusem,
802 1343 866 1370 licet
885 1350 918 1370 ea
943 1351 1030 1378 pauca

236 1387 301 1414 sint.
320 1387 461 1423 Siquidem
474 1388 531 1416 haec
550 1387 747 1424 Pergamorum
758 1389 867 1422 civitas,
884 1390 925 1421 aut
945 1397 1030 1424 appa-

235 1435 287 1462 rot.
304 1432 357 1458 duo
371 1432 485 1460 adversa
500 1437 579 1460 nacta
594 1439 663 1465 erat,
688 1441 785 1468 nempe
809 1434 899 1469 plures
923 1435 1032 1464 Graecos

235 1477 293 1504 sire
310 1477 444 1511 infideles,
464 1484 492 1506 et
509 1479 581 1507 inter
597 1487 644 1507 eos
663 1480 710 1514 qui
737 1480 828 1507 ﬁdeles
859 1480 1030 1514 dicebantur.

236 1524 359 1551 obscoeni
372 1523 524 1557 Nicolaitaa,
536 1530 666 1560 tanquam
684 1534 766 1561 prava
781 1527 885 1555 zizania
899 1528 971 1555 inter
982 1528 1030 1555 tri-
1043 1546 1066 1576 ε

235 1570 331 1603 lii-um,
344 1571 470 1599 semiuati
481 1577 570 1600 erant.
586 1572 672 1600 Porro
685 1573 745 1600 vide
757 1573 895 1608 quomodo
919 1574 971 1601 bos
994 1581 1029 1600 ex

236 1614 326 1644 Veteri
337 1616 512 1646 Testamento
520 1618 684 1653 quihusdam
694 1619 861 1647 assimilatas
873 1619 900 1647 in
911 1620 1029 1647 medium

235 1662 406 1696 produxerit.

274 1707 433 1734 Docti-lnam
447 1708 562 1736 Balaam
576 1710 621 1744 qui
637 1711 727 1737 docuit
740 1711 834 1738 Bulac.
851 1703 961 1737 Balaam
993 1711 1032 1737 ait

235 1753 363 1780 docuisse
377 1753 467 1786 Balac,
481 1754 532 1781 hoc
550 1760 602 1787 est,
623 1755 724 1782 factum
735 1757 820 1784 fuisse
833 1761 1029 1790 praeceptorem

236 1799 324 1832 ipsius
354 1798 447 1826 Baiae.
474 1800 592 1827 Historia
608 1806 649 1828 cst
664 1801 690 1829 in
703 1802 774 1829 libro
789 1802 875 1829 divini
891 1801 958 1829 Mosi
977 1801 1024 1837 qui

236 1844 337 1872 dicitur
351 1844 462 1873 Numeri
478 1847 510 1873 ".
531 1846 667 1882 Iosephus
693 1853 783 1875 autem
796 1847 906 1875 Judzeus
932 1847 1030 1875 scribit

236 1898 327 1923 regem
342 1890 423 1918 Balac
435 1892 551 1919 consilio
570 1891 678 1920 Balaam
691 1893 838 1921 adduxisse
869 1893 971 1928 populo
994 1893 1032 1921 ls-

236 1935 292 1962 rael
326 1935 503 1964 mulierculas
516 1941 546 1963 ut
571 1941 761 1965 scortareutur
778 1947 785 1964 :
819 1937 930 1972 quando
949 1937 1031 1964 etiam

235 1981 355 2009 Pliinees
369 1982 469 2010 celebri
491 1981 627 2011 memoria
642 1984 756 2019 dignum
772 1983 875 2019 peregit
896 1991 965 2018 opus
977 1982 1027 2010 ad-

235 2036 332 2056 versus
343 2028 453 2056 Zambrl
465 2038 472 2056 :
483 2033 511 2056 et
523 2035 620 2065 pneter
635 2030 707 2057 hanc
723 2030 865 2057 lasciviam
881 2029 1032 2057 attraxisse

235 2076 367 2110 populum
385 2076 474 2111 ipsum
489 2075 671 2104 lsraeliticum
704 2076 737 2104 ad
770 2076 905 2112 impuram
927 2083 1033 2104 comes—

235 2123 347 2155 tionem,
365 2124 466 2150 utendo
479 2123 508 2150 iu-
520 2123 610 2150 cibum
624 2123 755 2150 carnibus
779 2131 840 2158 quae
857 2122 1026 2157 Beelpliegor

234 2169 374 2197 iimnolata
384 2169 492 2198 fuerant
508 2177 514 2195 :
530 2170 613 2205 669
625 2169 687 2197 ideo
704 2170 785 2197 etiam
813 2169 963 2204 perierunt.
986 2168 1033 2196 llis

1080 939 1126 957 του
1142 929 1259 966 προῦϐη.
1278 926 1372 966 Οὗπερ
1383 930 1433 964 τῆς
1451 930 1577 965 ἀνδρείας
1587 930 1636 956 νῦν
1652 931 1666 957 ὁ
1678 928 1876 964 εὐαγγελιστὴς

1079 977 1113 1003 ὲκ
1126 976 1175 1011 τῆς
1191 976 1348 1008 θεοκλυτίας
1359 976 1382 1012 (τι
1392 976 1416 1010 1)
1429 977 1569 1011 μέμνηται
1582 976 1650 1011 πρὸς
1660 975 1772 1008 ἔνδειξιν
1781 976 1876 1002 ἑπειο·⁸

1081 1022 1213 1057 ἀχθείσης
1239 1022 1291 1057 τῆς
1314 1022 1422 1048 ἐκείνου
1449 1022 1552 1057 ἀρετῆς
1574 1023 1622 1048 καὶ
1653 1021 1793 1056 ὑπομονῆς
1819 1022 1875 1053 τοῖς

1081 1068 1198 1100 πιστοῖς,
1220 1068 1271 1103 τῆς
1287 1077 1317 1095 τε
1344 1068 1399 1095 τῶν
1431 1068 1650 1103 πεπλανημένων
1665 1068 1810 1103 ὠμότητος
1835 1068 1874 1098 ὡς

1080 1115 1243 1150 ὁμοσκήνων
1261 1115 1300 1151 τῷ
1316 1115 1435 1150 Σατανᾷ.
1462 1115 1572 1150 Ἐπειδὴ
1587 1115 1615 1142 δὲ
1629 1114 1745 1141 ἅπτεται
1761 1114 1874 1141 καὶτῶν

1081 1161 1244 1195 ἁγιωτάτων
1272 1162 1287 1187 ό
1318 1161 1425 1196 μῶμος,
1455 1161 1560 1188 καθ’ὂν
1583 1170 1593 1187 ι
1623 1161 1711 1188 πολλὰ
1738 1160 1874 1195 πταίομεν

1081 1207 1212 1239 ἅπαντες,
1229 1216 1239 1232 ι
1250 1208 1321 1234 κατά
1336 1209 1366 1233 τὸ
1375 1207 1580 1243 γεγραμμένον,
1596 1215 1606 1233 ι
1619 1207 1668 1238 Τίς
1683 1206 1806 1242 καθαρὸς
1818 1207 1875 1233 ἀπὸ

1083 1253 1214 1289 ῥύπουμ
1238 1253 1320 1289 ’Υμῖν
1334 1253 1426 1285 πάλιν,
1450 1253 1529 1289 φησὶ,
1546 1253 1635 1281 καίτοι
1659 1252 1792 1284 τοιούτοις
1814 1250 1875 1279 οὖσι

1082 1300 1117 1327 τὰ
1133 1300 1202 1336 πρδς
1222 1300 1374 1336 θεραπείαν
1389 1301 1472 1336 ἐμὴν,
1489 1300 1543 1336 ἔχω
1555 1309 1582 1327 τι
1603 1300 1741 1335 ἐγκαλεῖν,
1754 1300 1808 1327 κᾶν
1825 1299 1874 1326 ἀπ’

1082 1346 1192 1380 ὀλίγων.
1205 1346 1259 1373 Δύο
1279 1347 1334 1381 γὰρ
1353 1346 1471 1381 χαλεπὰ,
1487 1347 1525 1377 ὡς
1540 1346 1641 1378 ἔοικεν,
1668 1345 1737 1381 αὕτη
1762 1346 1778 1381 ἡ
1796 1345 1875 1377 πόλις

1082 1391 1138 1419 τῶν
1155 1393 1345 1429 Περγαμηνῶν
1359 1393 1505 1427 ἐκέκτητο,
1518 1393 1582 1424 τοὺς
1600 1393 1650 1428 μὲν
1667 1393 1795 1424 πλείονας
1809 1391 1876 1418 Ἕλ-

1083 1438 1179 1473 ληνας,
1200 1438 1230 1471 ἐξ
1249 1439 1341 1465 αὐτῶν
1353 1438 1380 1465 δὲ
1392 1437 1447 1465 τῶν
1462 1438 1672 1473 ὀνομαζομένων
1684 1438 1800 1469 πιστῶν,
1811 1437 1876 1468 τοὺς

1084 1485 1284 1520 αἰσχρουργοὺς
1302 1485 1469 1515 Νικολαῑτας
1488 1484 1694 1519 ὲπισπαρέντας
1709 1484 1748 1519 τῷ
1761 1483 1874 1519 χρηστῷ

1085 1531 1151 1566 σίτῳ
1174 1531 1280 1564 ζιζάνια
1306 1531 1422 1566 πονηρά.
1446 1531 1501 1557 Καὶ
1523 1531 1597 1561 ὅπως
1617 1530 1645 1557 δὲ
1676 1531 1798 1562 τούτους,
1826 1530 1874 1557 καὶ

1082 1579 1154 1606 τίσιν
1168 1577 1372 1613 ὡμοιωμένους,
1382 1577 1426 1604 διὰ
1435 1577 1484 1612 τῆς
1497 1577 1581 1604 πάλαι
1596 1577 1716 1612 ἱστορίας
1729 1576 1874 1613 παρέθετο.

1121 1708 1181 1742 Τὴν
1195 1707 1325 1742 διδαχὴν
1341 1707 1475 1741 Βαλαὰμ,
1498 1707 1531 1740 ὃς
1550 1707 1672 1740 ἐδίδαξε
1687 1709 1743 1735 τὸν
1760 1707 1875 1736 Βαλὰκ.

1083 1754 1137 1781 Τὸν
1154 1754 1270 1788 Βαλαάμ
1284 1762 1352 1789 φησι
1367 1753 1473 1785 διδάξαι
1500 1753 1547 1780 τὸν
1564 1754 1668 1785 Βαλὰκ,
1696 1755 1779 1780 οἱονεὶ
1803 1755 1876 1781 διδά-

1084 1801 1184 1827 σκαλον
1207 1800 1355 1835 γενόμενον
1365 1800 1412 1827 τοῦ
1433 1801 1536 1829 Βαλὰκ.
1560 1801 1590 1827 'H
1608 1801 1637 1827 δὲ
1661 1801 1777 1836 ἱστορία,
1796 1802 1826 1828 ἑν
1841 1802 1876 1836 τῇ

1084 1847 1169 1883 βίϐλῳ
1183 1846 1230 1873 τοῦ
1245 1846 1391 1873 θεσπεσίου
1420 1847 1561 1878 Μωῦσέως
1619 1847 1704 1882 ὄνομα
1737 1847 1875 1882 Ἀριθμοί.

1089 1893 1243 1930 Ἰώσηππος
1257 1893 1284 1920 δὲ
1299 1894 1313 1920 ὸ
1335 1893 1462 1925 Ἰουδαῖος
1477 1893 1616 1929 συμϐουλῇ
1633 1894 1735 1928 γράφει
1757 1893 1805 1920 τοῦ
1821 1893 1876 1920 Βα-

1082 1940 1158 1975 λαάμ
1171 1940 1218 1966 τὸν
1234 1939 1345 1974 βασιλέα
1361 1939 1464 1971 Βαλὰκ,
1483 1940 1518 1966 τὰ
1531 1940 1631 1974 γύναια
1646 1940 1822 1975 παραστῆσαι
1836 1939 1877 1974 τῷ

1083 1985 1140 2019 λαῷ
1167 1984 1206 2020 τῷ
1227 1984 1335 2020 Ἰσραὴλ
1365 1986 1406 2016 εἰς
1432 1985 1564 2019 πορνείαν
1585 1985 1640 2020 (ὅτε
1661 1985 1709 2011 καὶ
1731 1984 1824 2016 Φινεὲς
1846 1984 1877 2010 τὸ

1083 2031 1207 2065 ἀοίδιμον
1221 2031 1302 2066 ἔργον
1315 2031 1465 2066 εἰργάσατο
1479 2030 1508 2057 τὸ
1523 2030 1569 2057 ἐπὶ
1592 2029 1730 2065 Ζαμὸρὴ),
1748 2029 1877 2065 καὶπρὸς

1083 2078 1117 2113 τῇ
1131 2076 1261 2112 ἀσελγείᾳ
1274 2076 1373 2112 ταύτῃ,
1391 2077 1439 2103 καὶ
1450 2077 1495 2102 τὸν
1512 2076 1595 2103 αὐτὸν
1616 2077 1789 2112 Ἰσραηλίτην
1810 2077 1875 2103 λαὸν

1084 2123 1154 2158 πρὸς
1181 2123 1370 2158 μιαροφαγίαν
1396 2122 1573 2157 ἑλκυσθῆναι,
1590 2123 1624 2149 τὰ
1649 2123 1689 2158 τῷ
1714 2123 1876 2158 Βεελφεγὼρ

1085 2169 1250 2196 ἀνατεθέντα
1265 2169 1335 2203 κρέα
1357 2169 1396 2200 εἰς
1420 2168 1523 2204 βρῶσιν
1549 2169 1735 2204 χρησάμενον.
1764 2169 1809 2196 Διὸ
1827 2169 1875 2195 καὶ

234 2222 300 2242 vero
312 2215 416 2243 similes
433 2223 543 2250 quoque
556 2216 621 2243 dicit
632 2214 793 2247 Nicniaitas,
805 2215 867 2242 etin
889 2215 1030 2242 scortatio-

1085 2214 1237 2242 ἀπώλοντο.
1262 2214 1468 2249 Ἐξομοιοῦσθαι
1481 2215 1510 2241 δὲ
1533 2215 1641 2246 τούτοις
1656 2215 1723 2250 φησὶ
1740 2215 1788 2241 καὶ
1812 2214 1877 2246 τοὺς

235 2269 271 2288 ue
282 2266 308 2289 ct
322 2262 348 2288 in
366 2262 472 2296 impura
485 2262 665 2289 comestione.
682 2261 760 2295 Quod
781 2261 803 2289 si
826 2261 889 2296 quis
906 2260 1030 2295 requirat

235 2316 361 2342 quamam
377 2307 424 2335 illa
436 2312 515 2335 erant
529 2307 556 2334 in
574 2307 675 2342 quibus
688 2307 830 2339 errabant,
844 2315 877 2334 ex
911 2307 1028 2342 Epipha-

235 2355 292 2385 nio.
308 2353 389 2381 veluti
405 2353 462 2388 jam
476 2353 609 2385 diximus,
625 2354 720 2381 divino
745 2352 878 2389 Cyprensi
895 2353 1027 2388 episcopo

236 2399 342 2427 discere
355 2398 458 2430 licebit.
478 2399 525 2434 qui
543 2399 575 2426 ad
595 2399 743 2426 multorum
761 2398 905 2426 utilitatem
921 2398 1028 2426 nonin-

237 2444 348 2478 ilignum
367 2445 471 2479 putavit
491 2443 636 2472 manifeste
651 2443 686 2471 ob
699 2444 794 2472 oculos
822 2452 924 2479 ponere
947 2443 1028 2471 Nico-

235 2489 361 2516 Iaitarum
384 2489 497 2516 fetorem
518 2497 550 2517 ac
567 2489 780 2525 turpitudinem,
817 2489 891 2517 omni
907 2489 1029 2524 seposito

234 2540 319 2567 lllt‘lll,
332 2540 388 2562 tum
407 2536 497 2571 quoad
514 2536 687 2563 libidinosam
701 2536 852 2567 lasciviant,
872 2541 927 2562 tum
938 2535 1029 2570 quoad

233 2582 352 2609 maxime
364 2582 577 2609 abominandam
595 2582 731 2617 impuram
749 2583 957 2609 comestionem.

268 2628 348 2662 ll,l(i,
368 2629 410 2656 l7.
421 2628 647 2664 Resipisceilaque
659 2636 668 2654 :
682 2628 782 2662 alioqui
792 2628 893 2655 veniam
907 2628 955 2654 tibi
967 2629 1030 2659 cito,

234 2681 257 2702 et
273 2675 394 2711 pugnabo
410 2684 469 2702 cum
485 2675 538 2702 illis
553 2675 579 2701 in
603 2675 693 2709 gladio
709 2675 761 2701 oris
795 2674 855 2701 mei.
880 2673 932 2706 Qui
952 2674 1031 2700 habet

235 2729 336 2753 aurem,
352 2722 444 2748 audiui
460 2720 523 2755 quid
539 2720 656 2754 Spiritus
677 2720 747 2746 dicat
763 2719 899 2746 Ecclesiis.
916 2719 1035 2746 Vincenti

271 2807 292 2824 "
321 2808 379 2846 Jac.
402 2809 470 2843 121,2
483 2829 490 2836 .

270 2865 327 2901 (ll)
343 2865 442 2898 Verba,
459 2867 490 2894 ἐκ
505 2867 553 2902 τῆς
570 2866 691 2894 Dicul-4:5
705 2877 736 2900 ξς,
755 2867 883 2894 omiserat
902 2866 975 2900 vulg.

536 2810 558 2825 θ’
574 2808 624 2836 Job
639 2817 700 2840 xw.
719 2810 745 2836 .l.
785 2810 806 2824 ⁵³
819 2808 899 2835 Num.
920 2815 993 2838 xxxv.
1019 2807 1064 2835 9.5.

1079 2260 1245 2292 Νικολαττας
1261 2260 1332 2287 κατά
1347 2269 1376 2286 τε
1401 2260 1531 2295 πορνείαν
1555 2261 1602 2287 καὶ
1626 2261 1823 2295 μιαροφαγίαν.
1844 2261 1878 2287 *Δ

1079 2307 1162 2339 εἴτις
1189 2306 1316 2342 ἐπιζητεῖ
1341 2306 1406 2333 ποῖά
1420 2315 1481 2333 τινα.
1503 2304 1548 2341 ἦν,
1572 2307 1610 2337 ὡς
1626 2306 1677 2341 ήδη
1701 2305 1877 2341 παρεθέμην,

1081 2354 1110 2387 ἐξ
1128 2354 1290 2387 Ἑπιφανίου
1305 2351 1352 2380 τοῦ
1369 2353 1494 2388 Κυπρίου
1524 2353 1676 2389 ἀρχιερέως
1693 2352 1761 2380 Θεοῦ
1780 2353 1874 2388 μάθοι,

1079 2399 1109 2432 ὃς
1122 2401 1162 2431 είς
1178 2399 1314 2433 ὠφέλειαν
1331 2398 1447 2432 πολλῶν,
1458 2399 1509 2426 οὐκ
1524 2399 1664 2434 ἀπηξίωσε
1685 2399 1715 2425 τὸ
1733 2399 1875 2434 βορῦορῶ-

1081 2445 1126 2476 δες
1141 2444 1195 2471 τῶν
1212 2443 1395 2476 Νικολαϊτῶν,
1413 2443 1484 2471 κατά
1505 2453 1535 2470 τε
1549 2452 1598 2479 την
1619 2444 1754 2480 πορνικὴν
1775 2444 1877 2471 ἀκολα-

1084 2491 1156 2522 σίαν,
1175 2491 1246 2517 κατά
1262 2499 1292 2516 τε
1305 2489 1354 2525 τὴν
1375 2491 1418 2516 ἐπ’
1433 2490 1502 2524 αὐτῇ
1515 2489 1730 2524 βδελυκτοτοὶτην
1749 2490 1874 2524 ἀκαθαρ-

1082 2537 1217 2572 τοφαγίαν
1232 2536 1364 2572 πρόδηλον
1377 2536 1568 2567 ἀνυποστόλως
1585 2536 1769 2570 καταστῆσαι.

1121 2626 1319 2658 Μετανόησω·
1340 2622 1414 2651 οὖν’
1433 2625 1459 2650 εὶ
1475 2623 1510 2650 δὲ
1521 2623 1575 2658 μὴ.
1592 2624 1716 2658 ἔρχομαί
1728 2631 1778 2651 σοι
1790 2622 1876 2657 ταχὺ,

1087 2670 1136 2698 καί
1153 2670 1316 2705 πολεμήσω
1342 2669 1406 2705 μετ’
1421 2669 1520 2696 αὐτῶν
1549 2669 1583 2696 ἐν
1602 2668 1638 2702 τῇ
1662 2669 1795 2703 ῥομφαίᾳ
1825 2668 1877 2694 τοῦ

1087 2715 1237 2752 στόματός
1267 2725 1337 2751 μου.
1371 2715 1397 2741 Ὀ
1420 2715 1498 2749 ἔχων
1529 2711 1593 2747 οὖς,
1611 2713 1770 2741 ἀκουσάτω
1792 2713 1819 2740 τι
1845 2711 1876 2738 τὸ

1896 2783 1901 2815 l
