2095 3160
253 156 308 189 59.9

664 159 829 190 ΑΒΕΤΗᾸΕ
849 160 1042 192 C/ESAREB
1058 162 1301 194 CAPPADOCIIE
1319 165 1490 196 EPISCOPI

1839 161 1892 202 sto

254 210 517 244 masculusdicitur,
527 212 574 248 qui
587 212 651 240 dum
662 213 798 246 adoletur,
806 215 961 243 odoriferos
969 217 1050 244 emit-

1101 217 1154 245 ὑπὸ
1167 219 1221 246 τῶν
1239 220 1340 255 ἰατρῶν
1366 220 1463 257 ἄρρενι
1489 221 1652 258 καλουμένῳ
1670 223 1783 259 λιϐάνῳ,
1801 223 1830 255 ὃς
1847 226 1894 252 tx-

255 257 286 283 tit
298 264 412 291 vapores
427 266 434 285 :
451 257 672 293 quandoquidem
691 263 718 286 et
739 259 785 293 qui
803 259 914 288 Christo
924 262 1048 290 adlnese-

255 306 328 335 runt,
345 302 414 330 inter
423 302 582 331 aliiictiones
595 304 679 332 veluti
697 305 723 332 in
739 305 801 340 igne
815 313 965 339 versantes.
995 315 1049 335 non

255 353 364 374 ce-sant
378 347 613 382 sniexploratione
630 350 841 379 circumstantes
855 353 933 380 suavi
944 353 1051 381 allicere

255 393 347 421 odore.
365 394 434 421 Hinc
448 395 529 421 etiam
544 394 646 423 Paulus
662 397 712 424 sibi
724 397 878 433 gratulans,
900 407 909 424 ι
935 398 1049 432 Christi.

255 438 353 472 inquit,
365 438 434 466 bona
444 438 594 474 fragrantia
603 449 711 474 sumus,
724 442 750 469 iu
768 443 811 470 Itis
822 443 869 477 qui
885 443 952 470 salvi
969 445 1049 476 tiunt,

254 489 282 511 et
297 484 324 511 in
341 484 384 512 his
396 485 443 520 qui
458 491 572 520 pereunt
583 487 606 502 “
622 496 630 514 :
651 496 660 513 ι
681 487 708 514 in
727 487 770 515 his
784 489 894 523 quidem
910 489 956 524 qui
983 490 1050 517 salvi

254 530 334 562 fiunt,
345 538 395 559 sua
408 531 478 559 inter
486 532 636 560 seditiosos
654 533 789 561 tumultus
804 535 1050 568 tolerantia,veluli

254 577 329 603 suavi
344 577 473 604 unctione
488 586 535 605 eos
555 578 718 613 iuungentes
730 579 761 607 ad
790 579 980 614 perfectiorem
1008 581 1050 608 vi-

254 626 310 649 tam
326 622 386 650 ﬁdei
399 631 460 658 quin
475 624 502 651 iu
517 624 658 651 Christum
675 630 727 658 est,
742 626 806 653 dum
821 627 858 654 illi
874 627 946 654 ΜΠκί
958 632 1050 655 essent

255 670 318 697 vita
336 670 470 704 inprimis
487 670 630 698 elementis
645 671 679 698 ad
697 671 819 698 divinum
840 673 944 699 cultum
971 673 1050 700 insti-

256 719 321 742 tutae
337 723 351 742 a
365 715 423 750 lege
435 715 553 743 Mosaica
570 717 818 750 :quemadmodum
833 726 900 746 salte
916 724 944 746 et
965 720 990 746 in
1005 719 1048 748 his

255 761 303 796 qui
322 766 438 796 perettnt
467 767 591 789 emortua
624 763 689 793 vita.
717 763 782 796 vita,
807 764 930 799 inquam,
955 773 1048 793 revera

256 806 401 835 aﬂ'ectihus
417 807 552 842 exposita,
574 812 602 835 et
614 816 709 836 crasse
726 809 851 836 instituta
873 810 948 844 iuxta
974 819 1048 838 tuor-

257 858 310 880 tem
325 861 386 888 quae
397 857 438 880 est
454 854 480 880 in
498 854 603 881 insania
621 855 695 882 circa
710 855 780 882 idola
799 865 804 882 :
830 864 899 890 quos
913 858 995 883 etiam
1009 858 1048 884 ir-

255 899 480 934 reprehensibilis
492 900 643 928 secundum
657 900 796 928 Christum
812 903 865 929 vita
876 903 952 930 novit
967 903 1044 931 suavi
1064 887 1086 916 Β

256 947 341 973 odore
362 953 507 982 aspergere
523 955 530 973 :
547 947 626 982 671
647 952 677 975 ut
689 953 714 975 et
732 949 783 976 hos
799 957 862 976 cum
879 949 965 978 Paulo
990 951 1051 985 pul-

256 991 322 1018 chre
331 995 467 1018 exornent
493 991 615 1020 dicentes
634 1001 641 1020 :
657 1002 666 1018 ι
691 992 760 1020 Vivo
777 1002 838 1029 ego,
861 1003 915 1022 non
932 997 1050 1030 amplius

255 1043 317 1071 ego,
346 1036 412 1064 vivit
431 1044 496 1064 vero
517 1038 543 1064 in
561 1045 604 1065 me
633 1038 759 1066 Christus
775 1040 808 1066 ⁸⁷.
827 1049 836 1066 ι
870 1040 927 1068 Hoc
956 1041 1049 1076 italue

256 1081 338 1109 modo
352 1089 382 1109 se
396 1081 476 1109 habet
490 1083 630 1110 meditatio
644 1083 677 1111 de
693 1085 816 1112 masculo
838 1085 941 1113 lihano.
954 1085 1050 1114 Potest

255 1136 366 1164 quoque
385 1129 498 1165 intelligi
517 1129 735 1158 chaicoiibanum
757 1131 840 1159 veluti
868 1131 925 1166 jam
947 1133 1050 1160 dictum

254 1179 307 1206 est,
326 1174 477 1202 incarnatio
496 1174 602 1202 Domini
615 1175 673 1203 sive
684 1176 778 1203 aeterni
799 1175 878 1204 Verbi
891 1177 937 1205 Dei
952 1177 979 1204 in
1001 1186 1051 1206 no-

256 1220 378 1248 vissimis
390 1220 572 1255 temporibus,
591 1226 671 1250 utens
689 1223 782 1254 veluti,
803 1223 965 1257 quibusdam
979 1222 1052 1258 pedi-

256 1267 318 1300 bus,
336 1267 506 1295 humanitate
516 1275 577 1302 qua:
587 1268 731 1296 videbatur
746 1277 753 1295 :
772 1269 817 1296 ubi
831 1269 948 1296 duarum
972 1274 1052 1296 natu-

255 1321 361 1345 rarum,
373 1313 525 1341 divinitatis
535 1321 632 1349 ncmpe
640 1319 667 1341 et
675 1314 867 1347 humanitatis,
875 1314 1048 1342 inconfusam

256 1359 385 1386 unionem
400 1367 478 1387 mens
494 1359 612 1386 humatta
630 1359 719 1387 colere
744 1360 830 1393 novit,
847 1365 874 1388 et
894 1360 1050 1395 incompre-

256 1403 368 1432 hensam
383 1405 540 1434 observare.
560 1406 642 1433 veluti
664 1406 860 1434 scrutationem
890 1406 1053 1435 eminentis-

255 1451 332 1478 sima:
347 1451 471 1479 tuortalis
479 1451 644 1488 cognitionis
658 1471 665 1479 .

292 1497 362 1525 Novi
371 1505 450 1532 opera
465 1502 520 1524 tua.
534 1497 623 1532 Opera
636 1518 644 1531 ,
662 1497 785 1533 intelligo
796 1498 855 1525 sola
863 1505 893 1525 ea
905 1505 967 1532 quae
981 1498 1053 1533 apud

1102 265 1287 302 ουμιώμενος,
1300 268 1437 304 μυρώδεις
1453 269 1558 304 ἀτμοὺς
1574 270 1748 306 ἀποπέμπει,
1771 271 1833 297 ἐπεὶ
1845 271 1893 298 καὶ

1101 312 1126 338 oi
1151 313 1263 349 Χριστῷ
1283 315 1559 350 προσκεχωρηκότες,
1581 317 1638 348 τοῖς
1666 318 1830 352 πειρασμοῖς
1848 315 1894 344 οἷα

1101 359 1170 393 πυρὶ
1187 360 1428 395 προσομιλοῦντες,
1455 361 1495 396 τῷ
1515 361 1632 397 δοκιμίῳ
1654 362 1759 389 ἑαυτῶν
1781 363 1894 389 εὐωδιὰ-

1101 405 1158 437 ζειν
1172 406 1236 437 τοὺς
1262 407 1451 442 περιεστῶτας
1471 408 1520 443 οὐχ
1538 407 1709 443 ὑστεροῦσιν.
1732 409 1780 435 Ἐκ
1795 409 1892 436 τούτου

1101 452 1149 478 καὶ
1164 451 1273 483 Παῦλος
1303 452 1484 488 μεγαλαυχῶν
1512 453 1580 488 (ιε),
1609 463 1618 479 ι
1640 454 1772 489 Χριστοῦ,
1796 455 1893 490 φησὶν,

1101 497 1199 524 εὐωδία
1212 498 1298 533 ὲσμὲν
1319 499 1347 524 ὲν
1361 500 1418 531 τοῖς
1449 499 1617 534 σωζομένοις
1633 500 1681 526 καὶ
1702 501 1758 531 τοῖς
1773 500 1894 528 ἀπολλυ,

1103 543 1205 577 μένοις.
1227 552 1237 568 ι
1262 543 1431 579 Σωζομένοις
1449 544 1510 579 μὲν,
1537 546 1593 576 τοῖς
1609 545 1662 572 ἀπὸ
1678 545 1726 571 τοῦ
1743 545 1894 572 Μωσαῖκοῦ

1101 588 1184 621 νόμου
1194 589 1433 626 στοιχειωδεστὲρᾳ
1444 591 1477 626 τῇ
1490 590 1559 625 πρὸς
1571 590 1728 617 θεοσέϐειαν
1740 591 1796 626 ζωῇ
1810 599 1894 626 προσ-

1101 633 1263 670 λιπαροῦσιν
1276 636 1322 661 ὲπὶ
1345 636 1514 671 τελεωτέραν
1529 637 1580 671 τῆς
1601 637 1673 664 κατὰ
1699 638 1818 673 Χριστὸν
1847 637 1894 663 πί-

1102 689 1186 712 στεως
1199 680 1281 716 ζωὴν,
1292 683 1325 717 τῇ
1342 684 1492 718 καρτερικῇ
1506 682 1611 709 ἑαυτῶν
1627 685 1655 709 ἐν
1670 674 1767 710 στάσει
1777 680 1823 709 οἷά
1837 691 1892 709 τινι

1100 727 1201 763 εὐωδίᾳ
1226 727 1420 762 ἐπαλείφοντες
1442 729 1555 760 τούτους
1571 737 1578 744 ·
1606 729 1705 764 ὥσπερ
1731 728 1828 764 ἀμέλει
1848 728 1895 755 καὶ

1100 771 1156 801 τοῖς
1171 771 1369 805 ἀπολλυμένοις
1383 773 1583 808 ἐκτεθνηκυίας
1596 773 1680 809 ζωῆς,
1696 774 1767 801 κατά
1782 774 1828 800 τὸν
1845 774 1894 808 τῆς

1101 816 1296 850 εἱδωλομανίας
1309 818 1381 853 φημὶ
1393 817 1511 846 θάνατον
1529 818 1826 854 μεταστοιχειωοεῐσης
1843 818 1894 853 τῆς

1101 862 1244 896 ἐμπαοοῦς
1258 864 1297 898 τῷ
1316 863 1374 890 ὄντι
1399 864 1482 899 ζωῆς,
1500 863 1547 896 οὓς
1561 865 1578 900 ἠ
1597 865 1669 891 κατὰ
1682 866 1800 900 Χριστὸν
1816 864 1894 900 ἀμώ-

1103 915 1190 942 μητος
1220 908 1378 940 εὐωδιάζειν
1408 907 1464 936 οἵδε
1492 909 1581 945 βιοτή.
1599 910 1681 936 ’Ὥστε
1706 911 1753 937 καὶ
1782 910 1895 942 τούτους

1103 954 1173 989 μετὰ
1200 953 1247 980 τοῦ
1269 955 1352 981 αὐτοῦ
1374 955 1482 982 Παύλου
1501 955 1701 990 ένωραῖζεσθαι
1715 957 1892 991 φάσκοντας·

1105 1009 1113 1026 l
1135 1001 1178 1027 Ζῶ
1193 1000 1259 1035 ἐγὼ,
1276 1001 1325 1028 οὐκ
1350 1001 1390 1028 ἔτι
1408 1001 1474 1035 ἐγὼ,
1490 1001 1522 1038 ζῇ
1547 1002 1576 1028 δὲ
1601 1002 1630 1028 ὲν
1647 1002 1710 1037 ἐμοὶ
1737 1003 1864 1038 Χριστός,
1883 1013 1892 1029 ι

1102 1045 1181 1073 Οὕτω
1198 1045 1247 1081 μὲν
1258 1045 1304 1072 οὖν
1322 1047 1338 1082 ή
1352 1047 1423 1073 κατὰ
1439 1046 1541 1081 ἄρρενα
1557 1047 1668 1075 λίϐανον
1684 1046 1796 1082 θεωρῖα.
1816 1048 1896 1074 Ἐστι

1102 1091 1150 1118 καὶ
1164 1091 1367 1127 χαλκολίῆανον,
1383 1093 1421 1124 ὼς
1433 1092 1484 1127 ἤδη
1495 1091 1677 1128 τεθεώρηται,
1694 1092 1745 1127 τὴν
1758 1092 1893 1127 ἐνανϐριῖμ

1102 1146 1187 1172 πησιν
1204 1137 1250 1163 τοῦ
1267 1138 1370 1173 Κυρίου
1392 1139 1473 1170 νοεῖν,
1498 1138 1582 1172 ἤγουν
1597 1138 1644 1165 τοῦ
1658 1138 1824 1173 προαιωνίου
1842 1137 1894 1164 Λύ-

1101 1191 1151 1216 γου
1167 1182 1234 1209 Θεοῦ
1254 1184 1298 1209 ἐπ’
1322 1183 1445 1217 ἐσχάτων
1459 1183 1513 1209 τῶν
1534 1183 1651 1218 χρόνων,
1673 1181 1719 1210 οἷά
1734 1191 1790 1209 τισι
1817 1184 1893 1216 ποσὶ,

1102 1229 1141 1264 τῷ
1152 1229 1314 1264 τεοεωμένῳ
1329 1229 1477 1264 χρωμένην
1486 1228 1634 1264 ἀνθρώπῳ.
1651 1226 1702 1256 Ὧν
1717 1229 1763 1256 δύο
1773 1229 1892 1263 φύσεων,

1103 1275 1230 1310 θεότητος
1255 1284 1285 1302 τε
1318 1276 1365 1302 καὶ
1383 1275 1604 1310 ἀνθρωπότητος,
1625 1276 1675 1310 τὴν
1694 1275 1847 1310 ἀσὺγχυτον
1865 1276 1895 1302 ι-

1103 1330 1200 1353 νωσιν,
1213 1322 1275 1353 νοῦς
1283 1322 1454 1357 ἀνθρώπινος
1469 1321 1592 1348 εὐσεϐεῖν
1601 1321 1740 1355 ἐγνωκὼς,
1755 1321 1896 1356 ἀνέπαφον

1102 1367 1156 1395 οἶδε
1174 1369 1324 1404 διατηρεῖν,
1348 1369 1386 1401 ὡς
1403 1369 1659 1405 ὑπερανεστηκυίας
1676 1369 1788 1404 θνητῆς,
1811 1376 1895 1395 κατα-

1103 1415 1214 1451 λήψεως
1233 1415 1358 1451 ἔρευναν.

1141 1503 1212 1533 Οἵδὰ
1229 1512 1288 1532 σου
1306 1504 1342 1531 τὰ
1354 1504 1437 1539 ἔργα.
1455 1504 1556 1539 Ἔργα,
1570 1503 1638 1539 μόνα
1655 1504 1689 1530 τὰ
1701 1503 1741 1538 τῷ
1756 1503 1815 1538 Θεῷ
1831 1503 1897 1530 ἀνα-

255 1545 340 1573 De'm‘
358 1545 479 1580 τθβοείίθ
494 1549 569 1573 δυηῑ·
586 1544 673 1573 Νοεεο
689 1548 781 1572 amem
815 1545 867 1572 ί¹⁰ο
893 1545 952 1572 meo
977 1545 1051 1572 δεξί’
1063 1557 1086 1588 C
1102 1552 1217 1586 κείμενα
1224 1551 1357 1586 λάμϐανε.
1370 1551 1407 1578 Τὸ
1415 1550 1514 1577 εἰδέναι
1527 1550 1556 1577 δὲ
1567 1549 1686 1577 ἐνταῦθα
1700 1550 1749 1585 τὴν
1758 1549 1898 1576 οίκείωσιν

255 1595 321 1627 gnat
332 1591 547 1619 familiaritatem
563 1599 594 1619 ac
611 1592 843 1622 benevolentiam.
858 1596 988 1626 tanquam
1008 1591 1050 1618 di-

254 1642 328 1665 ceret
344 1637 413 1665 :Per
426 1637 521 1664 omnia
535 1639 592 1664 hate
606 1636 779 1663 familiariter
801 1636 872 1670 apud
890 1643 932 1662 me
962 1643 1053 1669 perse-

254 1691 344 1710 veras.
361 1682 407 1709 Sic
418 1687 445 1709 et
455 1690 518 1709 eum
534 1683 567 1708 ad
582 1681 674 1709 Mosen
698 1681 763 1709 dicit
784 1690 790 1708 :
807 1690 816 1706 ι
845 1679 913 1707 Novi
930 1684 955 1707 te
969 1687 1052 1714 supra

254 1736 351 1755 milites
365 1728 398 1760 “,
412 1737 421 1754 ι
440 1732 476 1760 et,
489 1736 499 1753 ‹
518 1726 600 1755 Novit
623 1727 756 1755 Dominus
778 1727 824 1761 qui
842 1726 897 1753 sint
923 1726 965 1753 sui
979 1726 1013 1758 θ’,
1041 1735 1050 1752 ι

256 1782 312 1801 non
332 1773 405 1801 aliud
422 1774 573 1808 quidquam
601 1773 790 1801 demonstrare
827 1771 944 1799 intendit
969 1779 1052 1806 quam

257 1820 470 1847 familiaritatem
487 1827 519 1846 ac
539 1819 756 1846 benevolentiam
776 1826 782 1844 :
804 1817 943 1845 Benevolo
953 1817 1051 1844 videli-

255 1870 299 1893 cet
317 1865 410 1892 animo
435 1872 496 1892 sum
518 1864 631 1891 affectus
645 1871 708 1898 erga
735 1871 783 1891 eos
812 1863 860 1898 qui
884 1870 933 1890 sua
962 1863 1052 1890 studia

255 1910 327 1946 apud
339 1917 383 1938 tne
399 1910 597 1944 deposuerunt.
624 1909 792 1936 Charitatem
814 1916 890 1940 vero,
916 1909 1054 1936 conliden-

256 1958 323 1985 tiam
340 1965 405 1993 erga
418 1956 510 1984 divina
525 1956 653 1984 similiter
668 1961 695 1983 ct
709 1956 801 1983 ﬁdem.
820 1955 904 1983 Amor
931 1962 1051 1990 namque

255 2004 382 2032 sincerus
397 2008 491 2030 mutuo
504 2002 661 2030 continetur
673 2002 772 2029 ollicio.
789 2001 969 2028 Ministerium
1002 2009 1052 2028 au-

255 2055 308 2077 tem
324 2048 391 2076 dicit
409 2048 543 2076 auxilium
561 2056 626 2083 erga
635 2055 738 2083 egenos
753 2056 760 2075 :
777 2051 803 2074 et
818 2047 992 2082 patientiam,
1010 2052 1052 2074 ιυ-

254 2095 398 2123 lerantiam
412 2094 440 2122 in
449 2094 644 2122 aﬂlietiouibus
655 2099 682 2121 et
701 2093 909 2121 tentationibus.

291 2152 445 2179 Novissima
462 2152 540 2187 plura
558 2152 702 2187 prioribus.
724 2152 788 2179 Haec
813 2151 909 2179 dicens
928 2151 1051 2178 ostendit

254 2200 327 2235 quod
344 2200 370 2227 in
380 2204 525 2235 augmento
539 2199 744 2234 progredientes
765 2199 799 2226 ad
818 2199 844 2225 id
862 2198 935 2232 quod
951 2197 1049 2224 melius

1105 1598 1242 1632 σημαίνει,
1274 1597 1396 1632 ὡσπερεὶ
1423 1596 1535 1630 ἔλεγεν·
1561 1595 1679 1627 Οίκείως
1706 1596 1778 1622 κατὰ
1806 1595 1896 1621 πάντα

1104 1643 1224 1678 διαγὶνῃ.
1238 1643 1318 1670 Οὕτω
1333 1644 1381 1670 καὶ
1398 1643 1467 1678 πρὸς
1483 1642 1589 1676 Μωῦσῆ
1608 1641 1690 1677 ἡνίκα
1703 1641 1789 1675 λέγει·
1810 1649 1819 1666 ι
1831 1637 1897 1667 Οἷδά

1104 1698 1134 1715 σε
1163 1689 1238 1724 παρὰ
1267 1689 1388 1720 πάντας·
1412 1699 1421 1714 ι
1451 1688 1559 1721 καὶτὸ,
1582 1696 1591 1713 t
1618 1685 1680 1714 Οἵδε
1708 1687 1812 1720 Κύριος
1832 1686 1897 1717 τοὺς

1105 1735 1186 1766 δντας
1214 1735 1309 1766 αὑτοῦ,
1341 1743 1350 1760 ι
1372 1734 1422 1761 οὐκ
1447 1734 1513 1762 ἄλλο
1537 1733 1626 1765 οὐδὲν,
1650 1733 1666 1767 ἦ
1685 1732 1735 1768 τὴν
1759 1732 1897 1759 οἱκείωσιν

1104 1781 1242 1816 παριστᾷν
1267 1780 1403 1815 βούλεται.
1424 1780 1523 1813 Οἱονεὶ,
1544 1779 1660 1811 Οῐκείως
1671 1779 1812 1813 διάκειμαι
1829 1778 1897 1813 πρὺς

1103 1827 1166 1858 τοὺς
1181 1826 1244 1861 ἐμοὶ
1255 1826 1304 1858 τὰς
1316 1825 1421 1852 ἑαυτῶν
1429 1825 1609 1857 ἀνατιθέντας
1623 1824 1749 1855 σπουδάς.
1772 1823 1897 1858 Ἀγάπην

1103 1873 1132 1899 δὲ
1148 1872 1198 1908 τὴν
1214 1872 1282 1906 πρὸς
1298 1872 1331 1898 τὰ
1356 1871 1417 1898 θεῖα
1431 1871 1607 1905 πεποίθησιν,
1627 1870 1758 1901 ὡσαύτως
1780 1869 1828 1896 καὶ
1846 1869 1898 1904 τὴν

1104 1918 1207 1946 πίστιν.
1232 1918 1264 1945 Ἦ
1280 1918 1335 1954 γὰρ
1350 1917 1501 1953 εἰλικρινὴς
1516 1918 1611 1952 ἀγάπη
1626 1916 1666 1952 τῷ
1676 1916 1812 1950 διαλλήλῳ
1826 1923 1892 1950 κρα-

1102 1965 1212 1992 τύνεται
1227 1964 1434 2000 κατορθώματι.
1460 1963 1606 1990 Διακονίαν
1629 1963 1667 1995 δὲ,
1683 1962 1734 1998 τὴν
1751 1961 1818 1997 πρὸς
1833 1961 1897 1991 τοὺς

1103 2010 1248 2045 δεομένους
1281 2011 1446 2045 ἐπικουρίαν
1475 2010 1562 2045 φησι,
1599 2009 1646 2036 καὶ
1675 2008 1817 2043 ὑπομονὴν
1845 2008 1896 2042 τὴν

1103 2057 1250 2092 καρτερίαν
1267 2056 1317 2091 τὴν
1335 2056 1404 2091 πρὸς
1419 2056 1483 2086 τοὺς
1496 2054 1679 2090 πειρασμούς.

1142 2152 1180 2180 Τὰ
1205 2152 1321 2186 ἔσχατα
1350 2151 1478 2178 πλείονα
1498 2150 1556 2177 τῶν
1576 2149 1709 2184 πρώτων.
1729 2150 1770 2176 Τὰ
1793 2149 1896 2184 ἔσχατα

1103 2197 1214 2224 πλείονα
1229 2197 1283 2223 τῶν
1299 2198 1416 2231 πρώτων
1431 2195 1528 2228 εἰπὼν,
1546 2196 1678 2230 ἐνέφηνεν
1694 2196 1733 2221 ὃτι
1753 2195 1895 2229 πρηῐὸντες

254 2249 307 2276 est,
327 2244 464 2272 indefesso
481 2244 575 2271 labore
586 2244 771 2271 laboraverint
788 2252 836 2278 per
860 2243 1046 2278 operationem

1101 2243 1150 2279 τὴν
1167 2243 1215 2270 ἐπὶ
1227 2243 1257 2269 τὺ
1276 2242 1381 2277 βέλτιον
1405 2241 1538 2273 ἐπίδοσιν,
1553 2241 1599 2267 διὰ
1618 2241 1668 2275 τῆς
1690 2241 1823 2275 ἐργασίας
1838 2239 1894 2266 τῶν

254 2290 409 2317 divinorum
420 2294 628 2324 praceptorum.

291 2345 420 2377 “30-25.
438 2345 491 2372 Sed
505 2345 588 2372 habeo
609 2344 748 2371 adversum
761 2349 785 2371 te
800 2351 896 2378 putica,
910 2346 980 2376 quod
989 2354 1048 2380 per-

254 2393 347 2419 mittas
375 2391 512 2418 mulierem
528 2396 601 2418 tuam
620 2390 739 2422 Iezabel,
770 2399 828 2426 quin
851 2399 878 2418 se
895 2391 960 2418 dicit
986 2401 1048 2427 pro-

253 2439 408 2474 phetissam,
423 2437 515 2465 docere
526 2438 682 2465 etseduccre
696 2445 782 2464 servos
800 2446 868 2464 meos
884 2443 911 2464 ut
929 2443 1048 2465 uorten-

254 2491 309 2516 tur,
321 2489 346 2511 et
358 2484 390 2511 de
402 2484 443 2511 liis
459 2484 539 2511 edant
553 2491 612 2519 quae
620 2484 698 2510 idolis
714 2484 853 2511 immolata
875 2490 947 2511 sunt.
969 2484 1048 2511 Dedi-

253 2539 302 2565 que
316 2531 340 2557 ei
353 2535 453 2565 tempus
470 2534 499 2556 ut
515 2529 690 2564 resipisceret,
705 2533 729 2556 et
748 2537 799 2556 non
819 2529 875 2556 vult
893 2530 1047 2564 resipiscere

253 2583 270 2600 ιι
287 2575 448 2601 εειγιαιὶοιιε
462 2582 523 2601 sua.
535 2573 603 2601 Ecce
613 2574 689 2600 mitto
709 2582 768 2601 eam
793 2574 819 2600 in
829 2574 936 2607 lectum,
964 2579 988 2601 et
1004 2582 1046 2601 eos

253 2620 516 2650 auirommiscmtur
540 2627 600 2646 tum
624 2619 698 2646 eain
724 2620 890 2655 afﬂictione":
914 2628 1047 2654 magnam,

254 2666 306 2692 nisi
323 2666 506 2701 paenitentiam
516 2666 615 2701 egerint
628 2666 660 2692 ab
676 2665 798 2701 operibus
812 2667 880 2701 ejus,
892 2671 916 2693 et
928 2666 997 2701 [ilius
1010 2667 1050 2700 ip-

253 2712 310 2739 ιέιιι
322 2711 479 2746 interﬁciant
492 2717 584 2740 morte.
602 2711 635 2738 Et
652 2717 904 2747 cognoscentomnes
924 2712 1051 2740 Ecclesia:

1099 2289 1180 2316 οείων
1196 2288 1314 2314 ἐντολῶν
1326 2288 1436 2322 ἀτρύτῳ
1453 2287 1525 2322 πόνῳ
1540 2286 1683 2312 κοπιῶσιν.

1141 2346 1223 2374 Ἀλλ’
1243 2346 1303 2380 ἔχω
1327 2345 1402 2372 κατὰ
1425 2344 1484 2372 σοῦ
1498 2345 1596 2378 ὀλίγα,
1609 2344 1653 2370 ὅτι
1663 2344 1756 2383 ἀφίης
1765 2343 1822 2376 τὴν
1844 2351 1895 2377 γυ-

1101 2393 1191 2420 ναῖκά
1215 2399 1274 2419 σου
1297 2390 1428 2423 Ἰεᾷίϐελ,
1460 2390 1479 2424 ἢ
1496 2390 1576 2425 λέγει
1598 2390 1712 2424 ἑαυτὴν
1733 2389 1895 2425 προφῆτιν,

1101 2439 1258 2466 διδάσκειν
1269 2437 1318 2464 καὶ
1334 2436 1456 2471 πλανςῖν
1471 2437 1542 2470 τοὺς
1557 2436 1648 2471 ἐμοὺς
1662 2436 1805 2468 δούλους.
1822 2443 1894 2467 πορ-

1101 2485 1210 2512 νεῦσαι
1224 2484 1272 2511 κιιὶ
1295 2483 1403 2518 φαγεῖν·
1418 2482 1612 2510 εἰδωλόθυτα.
1629 2481 1683 2509 Καὶ
1702 2480 1798 2508 ἔδωκα
1815 2479 1894 2513 αὐτῇ

1096 2531 1208 2566 χρόνον
1222 2530 1273 2557 ἵνα
1281 2529 1468 2565 μετανοήσῃ,
1484 2528 1530 2555 καὶ
1551 2529 1587 2555 οὐ
1608 2529 1688 2555 θέλει
1705 2526 1894 2562 μετανοῆσαι

1097 2578 1130 2604 ὲκ
1149 2577 1206 2610 τῆς
1217 2577 1360 2611 πορνείας
1378 2575 1485 2609 αὐτῆς.
1512 2575 1586 2602 Ἰδοὺ
1606 2574 1715 2607 ,βάλλω
1729 2572 1828 2606 αὐτὴν
1851 2573 1894 2604 εις

1098 2623 1218 2656 κλίνην,
1237 2622 1286 2649 καὶ
1315 2622 1385 2655 τοὺς
1410 2622 1610 2657 μοιχεύοντας
1638 2622 1699 2655 μετ’
1725 2619 1820 2652 αὐτῆς
1851 2619 1895 2650 εἰς

1099 2668 1205 2702 θλίψιν
1227 2667 1377 2702 μεγάλην,
1393 2668 1446 2694 ἐὰν
1464 2667 1507 2703 μὴ
1522 2667 1757 2701 μετανοήσωσιν
1775 2665 1811 2691 ἐκ
1833 2663 1894 2689 τῶν

1100 2715 1195 2749 ἔργων
1212 2712 1319 2747 αὐτῆς,
1346 2713 1395 2740 καὶ
1414 2712 1448 2740 τὰ
1470 2711 1560 2740 τέκνα
1579 2711 1678 2746 αὐτῆς
1690 2708 1845 2738 ἀποκτενῶ
1861 2707 1895 2734 ἐν

289 2800 311 2816 '“‘
328 2800 348 2828 ll
365 2801 428 2830 Cor.
445 2811 475 2835 ll,
494 2803 538 2831 15.
577 2802 700 2830 “Galat.
717 2811 747 2836 ιι,
766 2803 811 2831 20.
851 2803 874 2819 ⁵⁸
891 2802 976 2830 Exod.
990 2810 1060 2830 χχχιι

1107 2802 1150 2831 12.
1191 2804 1213 2820 ⁸³
1243 2802 1264 2830 ll
1277 2801 1348 2830 Tim.
1371 2810 1401 2836 tt,
1425 2803 1466 2830 l9.

293 2882 348 2913 (Ω)
363 2882 532 2918 Μεταλαχὼν
548 2883 622 2918 vulg.
