2095 3160
179 160 229 193 5H

715 169 907 201 COMMENT.
929 171 971 202 ΙΝ
989 172 1257 206 APOCALYPSIN.

1759 178 1811 209 542

180 217 306 267 ἐξανά-τω.
332 219 386 247 Kal
414 219 583 266 γνώσονται
607 222 702 250 πᾶσαι
726 226 756 251 al
780 225 966 260 Ἐκκλησίαι.

1020 230 1089 263 quod
1103 239 1149 266 ego
1158 232 1208 258 sim
1239 231 1285 267 qui
1300 236 1404 259 scrutor
1424 239 1496 259 renes
1510 236 1535 259 et
1572 232 1653 259 corda
1669 241 1677 259 :
1694 237 1718 260 et
1744 233 1811 261 dabo

180 263 226 291 ὃτι
246 264 304 299 ἐγώ
330 266 389 300 ειμι
407 264 424 293 ὃ
447 266 578 300 ἐρευνῶν
604 269 736 303 νεφροὺς
753 271 802 297 καί
827 272 969 306 καρδίας·

180 309 229 336 καί
245 309 333 336 δώσω
347 310 418 345 ὑμῖν
429 310 548 346 ἑκάστῳ
565 314 640 341 κατὰ
656 315 691 342 τὰ
705 315 777 350 ἔργα
787 316 881 351 ὑμῶν.

215 356 246 382 Εἰ
263 356 309 382 διὰ
322 356 372 392 τὴν
385 357 488 389 πίστιν,
500 359 580 393 φησι.
594 359 641 386 καὶ
654 360 704 395 τὴν
721 362 785 396 περὶ
800 361 864 394 τοὺς
875 363 972 398 δεομέο

181 409 244 432 νους
266 401 410 437 χορηγίαν,
427 402 458 429 τὸ
477 403 590 436 εὐλαὸὲς
605 404 684 440 ὑμῶν
706 407 753 432 καὶ
768 407 971 443 ὑπομονητικὸν

180 447 361 482 ἀποδέχομαι,
389 448 448 476 ἀλλ’
463 447 511 476 οὖν
533 450 647 483 δικαίως
669 451 735 487 ὑμῖν
760 454 970 490 ἐπιμέμφομαι,

180 493 222 520 ὃτι
238 493 288 529 τὴν
304 495 359 521 τῶν
385 495 555 523 Νικολαϊτῶν
582 498 689 532 αἳρεσιν
700 499 764 526 ἐᾶτε
786 501 925 536 ἀκμάζειν
941 503 971 529 ὲν

182 539 258 574 μέσῳ
275 540 362 575 ὑμῶν.
380 542 462 576 ,λέγει
477 543 506 569 δὲ
522 544 662 578 τροπικῶς
677 545 780 580 ταύτην
799 547 844 574 διὰ
857 547 905 574 τοῦ
920 548 971 584 τῆς

187 586 307 618 Ἰεζάϐελ
331 587 462 622 ὀνόματος
489 589 540 624 τῆς
563 589 603 625 τῷ
631 590 734 626 Ἀχαὰὸ
755 594 970 630 συνοικησάσης,

181 631 267 668 ταύτῃ
281 632 466 668 παραϐάλλων
487 634 535 662 καὶ
550 635 614 667 τοὺς
636 636 691 662 ἀπὺ
701 637 838 665 Νικολάου
860 639 905 666 διὰ
920 640 971 675 τὴν

181 677 328 712 ἀσέλγειαν
351 681 399 707 καὶ
424 682 564 711 ἀσέϐειαν.
591 684 795 721 Ἐπιμέμφεται
821 685 868 714 οὖν
885 688 970 715 ὅτιού

181 722 324 768 διώκουσιν
339 726 435 762 αὐτὴν,
447 729 597 763 τουτέστιν,
613 731 663 757 οὐκ
678 732 854 759 ἀπωθοῦνται
871 734 970 768 αὐτὴν,

181 767 299 800 ἀναιδῶς
321 768 540 806 βλασφημοῦσιν
566 776 814 810 καταισχύνοντες,
839 778 898 805 ἀλλ’
922 767 970 806 αν·

181 814 290 847 ἔχονται
305 818 445 859 κοινωνεῖν
454 819 547 850 αὐτοῖς
562 820 610 847 τοῦ
621 821 755 857 ὀνόματος
767 822 822 849 τῶν
837 824 970 859 Χριστια-

181 858 244 890 νῶν,
275 859 322 894 ὑφ’
349 857 380 887 οὗ
400 861 587 896 λανθανόντως
608 867 664 897 τοῖς
695 857 893 903 ἁπλουστέροις
915 869 970 896 τῶν

180 904 282 932 δούλων
308 915 372 941 μου,
390 908 468 943 φησὶ,
498 910 613 945 παρέχει
641 912 800 946 σκάνδαλον,
821 914 870 949 οὺχ
894 915 968 946 ὅπως
984 911 1006 939 Β

181 951 320 985 πορνείας,
333 952 391 979 ἀλλ’
402 953 453 989 ἠδη
467 954 514 981 καὶ
528 957 715 991 μιαροφαγίας
725 965 732 972 ·
747 959 877 994 πορνείαν
891 960 906 994 ἢ
919 961 969 995 τὴν

179 996 312 1033 αἰσθητὴν
327 997 453 1035 λέγων,ἢ
474 1000 523 1036 τὴν
540 1002 594 1029 ἀπὸ
605 1003 674 1030 Θεοῦ
687 1004 821 1037 ἔκκλισιν,
837 1005 904 1032 καθὸ
922 1007 970 1034 καὶ

179 1042 288 1078 εἴρηται
315 1043 357 1077 τὸ,
379 1054 389 1071 ι
426 1046 611 1082 Ἐπόρνευσαν
635 1050 664 1076 ἐν
680 1051 736 1082 τοῖς
753 1051 969 1087 ἐπιτηδεύμασιν

180 1088 289 1115 αὐτῶν
312 1098 322 1116 ι
341 1091 389 1117 καὶ
402 1091 442 1124 τὸ,
467 1101 476 1118 ι
498 1093 664 1130 Ἐμοιχῶντο
686 1097 716 1123 ἐν
733 1097 772 1131 τῷ
789 1097 870 1132 ξύλῳ.
891 1107 899 1123 ι
921 1098 971 1124 Διὰ

178 1134 208 1161 δὲ
223 1135 273 1170 τῆς
287 1136 342 1162 τῶν
359 1137 543 1166 εἰδωλοθύτων
558 1141 658 1176 ἐδωδῆς
673 1141 746 1168 ἔοικε
761 1143 869 1174 καὶτὰς
885 1143 969 1175 ἄλλας

178 1181 327 1217 διαιρέσεις
348 1184 517 1219 συντάττειν,
534 1186 562 1213 αἳ
579 1187 627 1213 καὶ
644 1188 726 1215 αὑταὶ
739 1190 797 1221 τοῖς
809 1190 970 1216 εὐσεὸοὖσιν

179 1228 352 1262 ἐπιφύονται,
379 1230 409 1256 ὃν
428 1231 459 1265 δή
479 1240 541 1258 τινα
555 1233 655 1267 τρόπον
670 1233 746 1268 ἐνῆν.
762 1235 793 1262 οι
816 1235 870 1270 γὰρ
884 1235 969 1262 Νικο-

179 1270 270 1299 λαῗται
301 1273 466 1302 εἰδωλόθυτα
492 1276 543 1310 μὲν
572 1277 674 1304 ἐσθίειν
699 1278 730 1305 οὐ
757 1279 970 1314 προύϐάλλοντο,

177 1316 262 1352 ἔτερα
278 1317 307 1344 δὲ
332 1319 418 1353 ὅμως,
442 1320 460 1348 ἃ.
474 1321 521 1348 καὶ
538 1322 715 1358 διανοηθῆναι
733 1325 782 1360 τῆς
799 1326 971 1361 τελεωτάτης

179 1363 353 1399 ἀκαθαρσίας
368 1366 415 1392 καὶ
425 1367 540 1401 μιαρίας
556 1368 624 1395 ἔστί.
640 1370 706 1397 Τίνα
721 1370 860 1404 δὲταῦτα,
874 1372 972 1399 πολλά-

180 1417 224 1441 κις
239 1410 304 1445 ἡμῖν
317 1412 424 1447 εἴρηται
435 1412 484 1448 τὴν
494 1413 548 1440 τῶν
562 1415 706 1451 Παναρίων
716 1416 808 1451 βίϐλον
822 1419 968 1453 παριστᾷν.

180 1455 235 1483 Καὶ
249 1456 280 1482 οὐ
293 1456 372 1483 τοῦτο
388 1458 469 1493 μόνον
483 1459 513 1485 τδ
536 1459 664 1495 βδελυρὸν
680 1463 713 1497 τῇ
729 1461 784 1488 τῶν
801 1463 970 1490 Νικολαϊτῶν

179 1501 286 1536 αίρέσει
302 1506 487 1539 παρομαρτεῖ.
502 1505 570 1532 ἀλλὰ
583 1506 631 1533 καὶ
654 1507 792 1543 προφῆτις
818 1506 888 1535 εἷναι
903 1509 970 1535 ὐπο-

180 1547 314 1582 κρινεται,
345 1549 455 1585 πονηρῷ
477 1550 616 1587 πνεύματι
647 1553 844 1590 ἐνεργουμένη,
868 1555 916 1581 καὶ
939 1554 970 1581 τὺ

180 1594 251 1621 θεῖον
269 1594 355 1630 δῶρον
371 1596 412 1627 είς
430 1598 600 1633 ματαιότητα
619 1599 845 1633 παραὸάλλουσα,
859 1601 903 1627 ἵνα
921 1600 969 1627 καὶ

179 1640 317 1672 Μωῦσέως
331 1641 479 1675 ἀφειδοῦσα
492 1643 567 1679 ἁλῷ,
592 1653 601 1670 ι
622 1644 660 1670 0-5
681 1644 768 1681 λήψῃ,
787 1655 796 1672 ι
817 1646 969 1682 διαρρήδην

179 1685 305 1721 βοῶντος,
327 1696 338 1713 ι
353 1688 384 1714 τὺ
398 1687 485 1724 ὄνομα
507 1690 610 1725 Κυρίου
635 1690 683 1717 τοῦ
698 1691 766 1718 Θεοῦ
788 1700 835 1719 σου
850 1694 897 1719 ἐπὶ
914 1701 968 1727 μα·

178 1733 258 1768 ταίῳ,
278 1743 288 1760 ι
302 1735 350 1761 καὶ
362 1734 409 1761 τοῦ
434 1735 612 1771 μακαρισμοῦ
637 1736 684 1763 τοῦ
701 1736 872 1774 Θεοπάτορος
887 1738 967 1765 ἀλλο-

177 1779 325 1814 τριουμένη
340 1780 452 1817 εὑρεθῇ,
466 1781 516 1816 τῆς
536 1781 587 1816 μὲν
608 1782 716 1814 ἐλπίδος
737 1783 785 1809 τοῦ
799 1783 868 1810 Θεοῦ
886 1785 968 1810 ἀστο-

178 1823 275 1859 χοῦσα,
304 1825 352 1853 tu!
383 1827 570 1862 ματαιότητος
599 1827 628 1854 δὲ
652 1827 701 1854 καὶ
734 1829 833 1863 μανίας
860 1829 970 1863 ψευδεῖς

179 1870 418 1906 ἑμφιλοχωροῦσα.

213 1916 269 1944 Kal
282 1917 405 1951 πλανᾶν
416 1918 488 1952 τοὺς
496 1919 588 1954 ἐμοὺς
604 1919 744 1954 δούλους.
758 1921 828 1953 Τοὺς
837 1921 969 1956 ἁπλότητι

179 1963 280 1998 τρόπον
299 1963 476 1998 βεϐιωκότας,
504 1964 593 2001 πλάνῃ
619 1966 752 1993 ἕλκουσαν
778 1967 816 1999 εἰς
839 1967 969 2002 πορνείαν

180 2009 226 2035 καὶ
241 2008 345 2044 βρῶσιν
360 2010 607 2045 ἀπηγορευμένων.

214 2053 269 2081 Kal
284 2053 382 2081 ἔδωκα
409 2054 496 2089 αὐτῇ.
518 2054 600 2089 Ἐγὼ,
626 2056 719 2091 φησὶν,
736 2057 751 2083 ὀ
768 2056 806 2092 μὴ
822 2056 907 2084 θέλων
923 2057 969 2085 τὸν

180 2100 296 2127 θάνατον
310 2100 356 2128 τοῦ
373 2101 548 2137 ἁμαρτωλοῦ,
568 2101 637 2129 ἀλλὰ
659 2102 709 2138 τὴν
732 2104 902 2140 ἐπιστροφὴν
919 2103 968 2139 ζη-

178 2147 245 2179 ¹τῶν,
264 2147 368 2175 δέδωκα
381 2148 451 2183 αὐτῇ
469 2148 615 2183 μετανοίας
628 2149 736 2185 καιρὸν,
751 2150 801 2186 τὴν
829 2150 968 2185 τιμωρίαν

179 2192 250 2224 τέως
266 2192 488 2228 ὑπερτιθέμενος,
523 2194 556 2220 Ἦ
575 2195 602 2221 δὲ
617 2195 650 2231 τῇ
677 2196 761 2231 ἀνοχῇ
779 2197 970 2231 κατεχρήσατο

1023 276 1164 311 unicuique
1182 282 1296 304 vestrum
1309 277 1389 312 juxta
1403 285 1482 312 opera
1499 282 1596 305 uestra.

1054 368 1137 404 672
1146 367 1174 395 Si
1185 373 1293 402 propter
1302 367 1391 400 ﬁdem.
1406 367 1503 402 inquit,
1514 375 1545 395 ac
1554 367 1707 395 subsidium
1715 368 1741 394 in
1749 375 1812 402 ege-

1024 422 1075 442 nos
1090 419 1207 442 vestram
1219 413 1339 449 suscipio
1353 413 1480 449 pietatem
1498 420 1530 440 ac
1543 412 1812 449 tolerantiam,juste

1023 463 1112 487 tamen
1121 459 1199 486 vobis
1215 459 1352 494 indignor,
1365 458 1438 494 quod
1466 457 1661 485 Nicolailarum
1686 458 1810 486 haeresim

1023 505 1114 541 vigere
1122 504 1217 533 sinatis
1229 504 1257 531 in
1278 504 1368 531 medio
1383 503 1477 531 vestri.
1496 503 1572 531 lianc
1588 507 1680 531 autem
1707 503 1826 539 tropice.

1023 551 1160 587 signiﬁcat
1177 559 1225 587 per
1235 558 1334 578 nomen
1350 549 1457 578 Jezabcl
1467 558 1527 585 qum
1540 551 1596 586 regi
1608 551 1702 578 Achab
1713 558 1813 585 nupse-

1023 602 1084 624 rat:
1099 597 1163 624 huie
1184 597 1265 624 etiam
1282 603 1445 630 comparans
1461 594 1564 623 Nicolai
1589 603 1721 630 sequaces
1749 603 1812 630 pro-

1023 649 1083 679 pter
1092 643 1231 671 libidinem
1242 650 1275 671 ac
1284 642 1461 677 impietatem.
1469 633 1628 677 indignatur
1640 642 1730 677 itaque
1738 643 1812 677 quod

1024 698 1078 718 non
1109 694 1310 725 persequantur
1336 689 1435 724 ipsam,
1453 690 1504 716 hoc
1531 693 1572 716 est
1589 696 1643 716 non
1662 689 1809 723 expellant,

1022 736 1221 764 confundentes
1251 736 1337 771 ipsam
1373 735 1547 771 impudenter
1565 735 1811 770 blasplnemanlem,

1021 782 1069 809 sed
1088 781 1242 808 sustineant
1269 786 1298 808 ut
1326 781 1343 808 ii
1373 781 1420 816 qui
1445 780 1505 808 solo
1529 781 1640 808 nomine
1661 779 1812 807 Christiani

1023 832 1089 855 sunt
1103 835 1197 855 secum
1212 827 1376 862 participem.
1388 836 1395 854 :
1409 827 1480 854 unde
1493 826 1706 861 simplicioribus
1724 825 1812 854 servis

1022 874 1101 905 meis,
1113 873 1212 908 inquit,
1224 873 1326 908 praebet
1344 872 1535 900 oll’endiculum
1562 881 1615 900 non
1643 872 1725 899 modo
1735 879 1812 900 scor-

1020 919 1144 951 tationis,
1166 920 1213 946 sed
1236 919 1293 954 jam
1314 919 1452 946 scelerata:
1475 926 1585 953 quoque
1610 919 1809 946 comestionis:

1022 966 1215 994 seortationem
1229 965 1323 993 dicens
1347 968 1394 992 aut
1417 965 1575 992 sensibilem
1601 972 1633 992 ac
1661 965 1810 996 carnalem,

1022 1017 1070 1040 aut
1083 1011 1291 1040 declinationem
1304 1019 1319 1038 a
1336 1010 1402 1042 Deo,
1416 1012 1493 1045 juxta
1504 1011 1530 1037 id
1545 1011 1619 1045 quod
1648 1010 1730 1036 etiam
1754 1009 1812 1036 die-

1022 1065 1079 1087 tmn
1092 1063 1155 1087 est:
1176 1067 1186 1084 ι
1218 1057 1355 1085 Fornieati
1383 1060 1448 1084 sunt
1467 1057 1495 1083 in
1513 1056 1611 1083 studiis
1635 1055 1693 1082 suis
1708 1055 1741 1087 ⁷⁸,
1758 1064 1768 1080 ι
1785 1058 1813 1082 et

1021 1105 1087 1133 illud
1106 1114 1113 1132 :
1131 1115 1141 1131 ι
1155 1104 1324 1131 Adulterium
1343 1102 1536 1138 perpetrabant
1553 1102 1579 1128 in
1609 1102 1694 1136 ligno.
1720 1111 1729 1127 ι
1760 1100 1812 1128 Per

1021 1160 1099 1180 esum
1111 1159 1176 1178 vero
1190 1158 1284 1178 eorum
1301 1157 1362 1184 qua:
1378 1149 1457 1176 idolis
1468 1148 1575 1175 fuerant
1590 1147 1743 1179 immolata,
1768 1146 1811 1172 vi-

1021 1199 1101 1227 detur
1114 1203 1140 1225 et
1158 1197 1225 1224 alias
1242 1202 1352 1231 quoque
1363 1195 1515 1222 divisiones
1541 1198 1731 1232 connectere}:
1749 1199 1812 1227 quae

1021 1249 1048 1271 et
1066 1244 1133 1278 ipsa:
1147 1243 1204 1278 pios
1222 1242 1397 1272 invadebant,
1409 1240 1456 1275 qui
1469 1243 1640 1273 sanetropus
1654 1238 1725 1265 solet
1736 1238 1810 1265 acci-

1020 1291 1095 1319 dere.
1112 1290 1252 1325 Siquidem
1268 1288 1406 1316 Nicolaita:
1425 1295 1479 1314 non
1496 1286 1682 1321 proponebant
1706 1284 1810 1312 edenda

1022 1337 1182 1372 idolothyta,
1205 1336 1250 1363 scd
1261 1335 1313 1362 alia
1324 1339 1412 1362 tamen
1424 1333 1560 1361 habebant
1570 1341 1631 1367 quae
1640 1331 1680 1359 vel
1689 1331 1811 1366 cogitare

1020 1389 1149 1411 extrema:
1174 1381 1305 1409 foeditatis
1329 1384 1372 1408 est
1397 1388 1429 1408 ac
1444 1379 1603 1414 impietatis.
1616 1377 1747 1410 Quaenam
1759 1384 1810 1404 au-

1021 1435 1075 1458 tem
1093 1429 1136 1457 illa
1152 1429 1207 1456 sint
1218 1428 1375 1462 frequenter
1387 1434 1401 1453 a
1416 1425 1495 1453 nobis
1512 1426 1616 1452 dictum
1629 1429 1671 1451 est
1695 1423 1723 1450 in
1741 1423 1812 1451 libro

1020 1475 1157 1503 Panarion
1174 1471 1370 1500 demonstrari.
1399 1470 1454 1498 Nec
1484 1470 1511 1497 id
1527 1473 1630 1496 tantum
1650 1467 1812 1495 abominan-

1021 1522 1085 1550 dum
1101 1527 1163 1548 esse
1175 1523 1292 1547 testatur
1316 1518 1343 1545 in
1359 1516 1456 1544 ἣπτθεί
1483 1515 1693 1546 Nicolailarum,
1721 1513 1768 1541 sed
1784 1517 1813 1540 et

1023 1567 1135 1603 tingitur
1149 1573 1210 1593 esse
1227 1564 1398 1600 prophetissa
1413 1570 1474 1598 qua:
1495 1568 1581 1596 pravo
1607 1560 1728 1595 agitatur
1755 1559 1813 1594 spi-

1023 1613 1087 1644 ritu,
1102 1611 1280 1645 divinumque
1305 1610 1408 1636 donum
1430 1607 1541 1635 vanitati
1563 1605 1765 1638 accommodat,
1782 1608 1813 1632 ut

1020 1657 1104 1684 etiam
1119 1655 1186 1683 Mosi
1201 1662 1255 1682 non
1281 1661 1378 1688 parere
1403 1650 1623 1686 deprehendatur
1653 1649 1700 1685 qui
1720 1652 1813 1684 aperte

1020 1702 1140 1730 clamat:
1156 1710 1165 1727 ι
1179 1700 1239 1728 Non
1250 1706 1375 1726 assumes
1384 1705 1484 1725 nomen
1495 1697 1586 1724 Deitui
1597 1696 1764 1723 invanum"
1777 1704 1784 1728 ;
1799 1704 1810 1722 ι

1019 1754 1047 1776 et
1062 1756 1077 1775 a
1102 1746 1270 1775 beatitudine
1293 1745 1341 1772 Dei
1359 1744 1444 1779 patris
1457 1743 1546 1771 aliena
1560 1742 1725 1774 inveniatur,
1736 1749 1750 1768 a
1764 1748 1813 1774 spe

1020 1793 1068 1821 Dei
1082 1793 1225 1824 aberrans,
1251 1790 1320 1818 etin
1343 1789 1511 1816 vanitatibus
1535 1795 1568 1815 ac
1591 1786 1707 1815 insaniis
1735 1785 1813 1813 falsis

1021 1844 1078 1868 toto
1096 1837 1189 1865 animo
1204 1842 1382 1863 conversans.
1508 1835 1511 1838 ‘

1058 1925 1091 1952 Et
1107 1924 1228 1952 seducere
1240 1929 1327 1950 servos
1343 1929 1425 1948 meos:
1444 1927 1493 1948 eos
1508 1919 1554 1954 qui
1571 1918 1598 1945 in
1614 1925 1722 1945 morum
1747 1918 1814 1946 sim-

1020 1971 1141 2006 plicitate
1156 1969 1257 2004 degunt
1272 1967 1406 1995 trahendo
1427 1974 1474 2001 per
1486 1973 1607 1992 errorem
1619 1965 1652 1992 ad
1666 1965 1814 1992 scortatio«

1020 2024 1095 2048 nem,
1110 2020 1138 2043 et
1152 2014 1348 2042 comeslionem
1365 2019 1460 2039 eorum
1475 2019 1537 2045 qua:
1551 2011 1635 2037 vetita
1648 2015 1723 2037 sunt.

1057 2061 1173 2094 Dedique
1182 2059 1207 2086 ei
1223 2064 1333 2092 tempus.
1347 2057 1413 2092 Ego,
1431 2056 1530 2091 inquit,
1544 2056 1590 2090 qui
1608 2055 1672 2082 nolo
1696 2060 1812 2082 mortem

1021 2106 1183 2143 peccatoris,
1197 2105 1244 2132 sed
1256 2104 1464 2131 conversionem
1477 2109 1582 2136 quaero,
1598 2101 1659 2128 dedi
1687 2101 1712 2127 ei
1741 2105 1811 2127 tem-

1020 2161 1072 2188 pus
1089 2150 1266 2187 ptenitentiae,
1285 2148 1418 2176 ultionem
1441 2146 1551 2174 interim
1576 2145 1728 2172 diﬂ'erendo
1744 2153 1751 2172 :
1766 2145 1811 2171 illa

1021 2206 1086 2227 vero
1103 2197 1247 2226 tolerantia
1265 2203 1324 2223 mea
1348 2194 1433 2221 abusa
1457 2198 1498 2221 est
1512 2193 1545 2220 ad
1567 2192 1810 2227 impwnitentiam.

180 2239 221 2270 ιίς
236 2238 372 2274 ἀμέλειαν
385 2239 583 2276 ὲνευκαιροῦσα
598 2239 637 2275 τῷ
656 2240 771 2276 ὀλεθρίῳ
795 2242 891 2276 αὐτῆς,
909 2242 967 2269 ἀλλ’

1021 2244 1049 2272 in
1070 2244 1113 2272 sui
1138 2241 1291 2278 perditione
1311 2245 1455 2274 occupata,
1479 2246 1529 2267 nec
1557 2238 1673 2266 ﬁrmiter
1705 2237 1813 2265 haerens

179 2283 211 2312 οὺ
226 2284 276 2320 τῆς
287 2285 427 2320 σωτηρίας
444 2285 614 2321 ἐπιστροφῆς
631 2286 716 2321 ἀπρὶξ
730 2287 860 2322 ἐχομένη.

215 2331 270 2358 Καὶ
285 2332 322 2358 οὐ
341 2331 421 2359 θέλει
433 2331 632 2366 μετανοῆσαι.
659 2332 745 2359 Τοῦτο
765 2333 819 2367 γὰρ
836 2333 885 2360 ἆτε
902 2333 969 2365 Θεὸς

181 2378 343 2412 ιπίσταμαι,
362 2377 402 2404 διδ
420 2378 468 2404 καὶ
490 2377 607 2413 εἴρηται,
627 2387 637 2404 ι
661 2378 781 2411 Ἐτάζων
793 2379 908 2414 καρδίας
922 2381 970 2406 καὶ

181 2424 309 2458 νεφροὺς,
326 2424 340 2450 ό
352 2423 429 2455 Θεὸς.
448 2433 457 2449 ι
467 2424 543 2450 Ἐπεὶ
558 2422 604 2451 οὗν
620 2425 654 2460 τῇ
667 2424 798 2461 δεδομένῃ
812 2425 880 2460 αὐτῇ
900 2425 969 2460 πρὸς

182 2469 328 2503 μετάνοιαν
336 2469 428 2496 ἀνέσει
435 2469 485 2496 οὐκ
498 2470 644 2505 ἐχρήσατο,
661 2470 739 2497 Ἰδοὺ
752 2470 859 2503 βάλλω
870 2471 968 2505 αὐτὴν

179 2516 222 2548 είς
233 2515 354 2549 κλίνην·
366 2515 426 2542 ἀντὶ
443 2515 501 2547 τοῦ,
517 2516 556 2547 si;
577 2515 744 2551 ἀρρωστίαν.
771 2514 833 2543 Οἵδε
849 2517 905 2553 γὰρ
917 2517 966 2553 τὴν

179 2562 276 2597 κλίνην
289 2562 306 2597 ἡ
321 2560 416 2596 Γραφὴ
439 2561 494 2588 ἀπὸ
508 2561 556 2595 τῆς
576 2561 733 2596 ἀρρωστίας
749 2562 910 2597 λαμϐάνειν,
929 2562 968 2594 ὡς

180 2608 245 2634 ὅταν
265 2607 332 2642 λέγῃ
349 2615 357 2622 ·
380 2616 389 2633 ι
409 2607 494 2641 Ὅλην
507 2606 556 2642 τὴν
572 2606 666 2642 κλίνην
681 2607 766 2634 αὐτοῦ
787 2608 922 2643 ιστρεψας
937 2610 966 2635 ἐν

172 2653 213 2688 ,τῇ
228 2652 370 2688 ἀρρωστίᾳ
385 2652 479 2684 αὐτοῦ,
501 2661 511 2678 ι
540 2652 635 2687 κλίνην
656 2653 707 2688 τὴν
734 2653 811 2680 νόσον
841 2654 965 2688 φάσκων,

182 2697 400 2733 μεταϐεϐλῆσθαι
419 2698 466 2724 ἐπὶ
492 2697 523 2724 τὸ
545 2697 661 2732 βέλτιον,
678 2698 762 2733 ἤγουν
787 2699 829 2731 είς
846 2699 964 2733 ὑγίειαν.

180 2743 272 2778 Αὐτὴν
287 2743 336 2778 μὲν
352 2740 399 2769 οὖν
413 2743 484 2770 οὕτω
507 2742 637 2771 κακώσω.
653 2743 724 2775 Τοὺς
741 2744 770 2771 δὲ
786 2745 966 2780 μοιχεύοντας

183 2789 242 2824 μετ’
255 2789 351 2825 αὐτῆς,
366 2789 429 2822 τοὺς
441 2791 587 2825 συνεργοὺς
603 2791 651 2817 καὶ
664 2791 882 2826 συγκροτοῦντας
894 2793 963 2828 αὐτῇ

216 2866 241 2886 ⁷⁵
251 2866 324 2900 Psal.
342 2877 385 2901 cv,
397 2870 442 2901 59,
480 2869 500 2886 ⁷¹
521 2878 623 2899 aerem.
642 2879 681 2905 In,
693 2870 720 2898 9.

1019 2288 1232 2318 eonsidcrationi
1253 2294 1310 2315 suae
1327 2287 1437 2314 salutis.

1056 2336 1091 2363 Et
1102 2343 1153 2362 non
1166 2334 1221 2361 vult
1237 2334 1400 2368 resipiscere.
1417 2331 1485 2358 Nam
1502 2331 1554 2358 hoc
1584 2334 1713 2365 tanquam
1740 2329 1812 2358 Deus

1019 2388 1175 2416 cognosco:
1192 2379 1294 2407 idcirco
1307 2379 1389 2406 etiam
1407 2378 1511 2404 dictum
1527 2381 1579 2410 est,
1594 2385 1602 2402 ι
1623 2376 1756 2408 Scrutans
1768 2385 1812 2403 re-

1020 2435 1069 2455 ncs
1082 2433 1108 2454 et
1118 2426 1201 2454 corda
1217 2426 1290 2453 Deus
1305 2425 1337 2451 ⁷³.
1358 2434 1368 2450 ›
1389 2423 1470 2459 673
1493 2422 1628 2456 Quoniam
1651 2422 1733 2457 igitur
1748 2423 1813 2449 dato

1019 2473 1071 2508 ipsi
1087 2473 1175 2507 spatio
1189 2472 1221 2498 ad
1231 2470 1420 2506 paenitentiam
1437 2473 1545 2496 nonest
1559 2476 1619 2501 usa,
1646 2467 1713 2494 Ecce
1730 2468 1809 2494 mitto

1021 2527 1079 2547 eam
1094 2519 1121 2546 in
1136 2518 1241 2550 lectum,
1259 2518 1310 2544 hoc
1325 2521 1376 2549 est,
1392 2517 1419 2543 in
1432 2516 1631 2550 aegritudinem.
1648 2515 1724 2542 Solet
1738 2515 1810 2541 enim

1022 2565 1163 2596 Scriptura
1178 2563 1276 2590 lectum
1290 2562 1325 2590 ah
1339 2561 1526 2590 imbecillitate
1540 2561 1673 2595 accipere,
1695 2565 1725 2586 ut
1748 2568 1812 2587 cum

1019 2609 1130 2642 dixerit,
1153 2617 1163 2635 ι
1184 2608 1345 2635 Universum
1362 2607 1460 2634 lectum
1480 2606 1540 2640 ejus
1558 2605 1662 2632 vertisti
1683 2605 1709 2631 in
1736 2604 1811 2631 inﬁr-

1020 2656 1114 2682 mitate
1128 2654 1187 2689 ejus
1199 2655 1233 2686 ⁷⁵,
1254 2663 1263 2679 ι
1283 2654 1383 2681 lectum
1397 2653 1493 2680 dicens
1507 2650 1644 2682 morbum,
1654 2655 1682 2677 et
1702 2658 1810 2678 versum

1018 2709 1078 2728 esse
1094 2701 1120 2728 in
1137 2701 1233 2728 melius
1245 2700 1302 2728 sive
1315 2700 1348 2727 ad
1369 2699 1524 2726 sanitatem.
1543 2697 1631 2731 ipsam
1646 2696 1738 2730 itaque
1751 2704 1812 2723 ma-

1018 2747 1051 2774 lis
1071 2746 1194 2774 alliciam.
1220 2746 1273 2773 Eos
1294 2753 1358 2772 vero
1381 2744 1428 2779 qui
1444 2750 1505 2771 eum
1533 2750 1564 2769 ea
1582 2741 1808 2774 commiscentur,

1017 2793 1044 2821 id
1061 2797 1114 2824 est,
1137 2792 1184 2828 qui
1202 2797 1386 2827 cooperantur
1397 2795 1424 2818 et
1435 2789 1538 2818 auxilio
1558 2792 1622 2817 sunt
1643 2787 1676 2816 ad
1706 2787 1811 2816 abomi-

773 2872 794 2887 ⁷²
810 2871 894 2899 Exod.
910 2880 955 2904 xx,
970 2873 995 2901 7.
1034 2873 1056 2888 ⁷³
1075 2872 1147 2900 l’sal.
1158 2880 1207 2905 vn,
1222 2872 1263 2900 l0.
1303 2872 1325 2889 "
1341 2871 1412 2899 Psal.
1429 2878 1472 2903 ιιι,
1485 2870 1512 2897 ι.
