2095 3160
171 191 223 224 515

703 186 898 218 COMMENT.
917 187 958 218 IN
980 186 1248 217 APOCALYPSIN.

1759 189 1811 222 546

169 249 273 284 εὐσεόἧ
302 247 352 283 τῆς
385 247 504 279 πίστεως
538 245 778 281 παρακαταθήκην
811 245 966 279 ἀλύμαντον

1017 245 1098 271 vitam
1116 253 1123 272 :
1139 245 1205 272 nihil
1220 244 1295 273 aliud
1312 244 1347 272 ab
1364 244 1431 280 ipsis
1446 249 1576 281 expetens
1593 254 1674 282 quam
1694 251 1723 274 ut
1736 247 1813 282 pium

168 294 360 328 διαφυλάττειν
377 294 442 329 ἄχρι
459 294 508 328 τῆς
527 292 610 319 αὐτοῦ
626 291 790 326 παρουσίας.
807 291 962 326 Παραυαίαν

168 342 196 368 δὲ
221 340 328 376 λέγειῆ
356 339 405 375 τὴν
421 339 579 366 τελευταίαν
603 339 648 365 ὅτε
672 338 723 373 τὴν
741 338 851 364 πάντων
872 336 964 371 κρίσιν

167 388 240 414 κατὰ
253 387 302 422 τὴν
316 387 447 421 δευτέραν
467 385 551 412 αὐτοῦ
566 385 718 420 παρουσίαν
735 384 856 419 ποιήσει,
873 383 888 417 ἢ
913 383 964 418 τὴν

169 435 284 460 ἑκάστου
299 433 451 459 ἀποϐῖωσιν
461 453 468 465 ,
491 432 536 458 ὅτε
559 432 627 466 πρὸς
642 432 723 457 αὐτὸν
738 431 867 457 ἀπιοῦσιν
879 431 962 465 ἡμῖν,

170 479 217 505 {ire
235 478 285 513 τὴν
306 477 489 512 πολυάσχολον
505 477 610 511 ταύτην
634 477 813 503 ἀπολείπουσι
839 475 912 511 ζωὴν
935 477 964 503 ὲν

170 524 287 557 ἀσφαλεῖ
300 523 418 557 ἐσόμεθα
430 523 609 553 καταστάσει,
623 523 674 557 τὴν
688 522 784 549 ἐλπίδα
795 521 850 547 τῶν
867 521 964 555 βεϐιω-

171 570 261 604 μένων
284 569 504 603 ἀπαραλόγιστον
522 568 640 604 ἔχοντες.
667 569 699 594 ⁸0
718 568 764 594 καὶ
778 567 880 602 μᾶλλον
894 575 964 594 στοι-

169 615 227 649 χεῖν
241 615 291 640 οὐκ
306 614 445 649 ἀδόκιμον.

206 660 259 687 Καὶ
273 661 290 687 ὀ
304 659 398 686 νικῶν
413 659 463 686 καὶ
478 661 495 687 ὁ
508 660 615 694 τηρῶν.
633 660 694 686 Τῶν
710 660 760 695 μὲν
775 661 809 687 δι’
824 661 964 696 ἁπλότητα

170 705 323 740 ἀπομάχων
352 707 369 741 η
400 707 516 741 τήρησις
541 706 595 732 τῶν
619 706 734 733 ἐντολῶν
755 707 870 742 ἀρκέσει
896 707 964 742 πρὸς

170 750 352 785 εὐαρέστησιν
376 751 454 786 ἐμοί·
485 751 527 786 τῷ
550 751 578 777 δὲ
594 752 626 777 ἐκ
649 752 740 787 μάχης
760 753 806 778 καὶ
825 752 915 788 πάλης
934 752 964 778 τὸ

170 796 306 831 ἀριστεῖον
321 796 523 832 ἐπιφερομένῳ,
551 797 620 832 πρδς
641 797 777 832 θρίαμσον
797 798 847 833 τῆς
867 798 962 832 νίκης,

171 840 260 872 δώσω,
276 843 370 876 φησὶν,
388 841 514 874 ἐξουσίαν
534 842 580 868 ἐπὶ
602 843 655 869 τῶν
671 842 768 876 ἐθνῶν,
784 843 854 879 ἤτοι,
872 843 965 875 καθὼς

171 886 201 912 ὲν
222 886 400 921 Εὐαγγελίοις
421 887 435 913 ὁ
458 887 561 922 Κύριος
575 887 615 922 τῷ
638 888 729 920 καλῶς
753 889 963 924 οἰκονομήσαντι

171 931 220 964 τὰς
237 933 305 966 μνᾶς
320 933 368 960 καὶ
386 933 421 959 τὰ
433 933 561 966 τάλαντα,
576 934 653 965 Ἕσο,
667 935 761 969 φησὶν,
776 934 822 961 ἐπὶ
833 935 899 961 δέκα
915 935 964 962 πό-

171 977 238 1010 λεις,
256 978 306 1005 καὶ
327 978 428 1014 ἑτέρῳ,
447 979 493 1006 ἐπὶ
508 980 588 1006 πέντε
604 980 706 1012 πόλεις·
724 980 814 1015 ἀρχὴν
827 981 881 1016 γάρ
901 988 963 1007 τινα

172 1024 219 1049 καὶ
243 1024 368 1056 ἑξυυσίαν
388 1024 474 1051 ταῦτα
500 1024 576 1059 δηλοί
595 1025 780 1062 δοθησομένην
797 1028 854 1059 τοῖς
875 1027 964 1060 ἁγίοις

173 1067 244 1094 κατὰ
268 1067 473 1104 ὑποδεεστέρων
498 1068 611 1096 καὶτοῦ
631 1069 821 1096 ὄιευθύνασοαι
845 1070 963 1105 χρῃςόν-

173 1122 237 1140 των.
259 1114 303 1140 Διὸ
317 1115 365 1141 καὶ
381 1115 420 1146 τὸ,
439 1124 448 1140 ι
474 1114 586 1146 Ῥάδδος
599 1115 748 1150 εὐθύτητος
769 1116 786 1150 ή
803 1116 900 1151 ῥάϐδος
916 1116 965 1150 τῆς

172 1158 312 1194 βασιλείας
329 1168 386 1192 σου,
407 1169 416 1186 ι
433 1160 549 1196 ἁρμόσει
567 1161 615 1187 ἐπὶ
631 1161 717 1196 ταύτῃ
736 1163 769 1197 τῇ
783 1162 882 1198 πράξει
896 1161 963 1197 (15).

170 1205 341 1233 Δίνίττεσθαι
364 1206 419 1240 γὰρ
443 1207 516 1233 ἔοικε
543 1207 587 1234 διὰ
602 1209 652 1243 τῆς
665 1208 766 1243 ῥάϐδου
780 1209 829 1243 τῆς
850 1208 965 1243 εὐθύτη-

171 1260 217 1283 τος
230 1252 259 1278 τὸ
272 1253 364 1287 ῥητὸν,
378 1252 415 1283 ὡς
426 1252 456 1279 οὐ
471 1253 635 1288 κολαστικὴν
660 1254 814 1288 εἰσηγεῖται
827 1254 962 1286 παιδείαν,

171 1297 229 1325 ἀλλ’
249 1299 482 1333 ἑπανορθωτικήν.
499 1299 555 1333 Τὴν
577 1299 606 1326 δὲ
627 1300 740 1335 σιδηρᾶν
761 1300 859 1335 ῥάὕδον
876 1300 965 1332 οὐδεὶς

171 1344 205 1370 δι’
220 1342 284 1370 ἄλλο
299 1352 325 1370 τι
335 1344 453 1371 δίδοσθαί
469 1353 563 1380 φησιν,
576 1347 600 1372 εἰ
616 1347 653 1380 μὴ
665 1345 715 1380 τῆς
731 1345 803 1373 κατὰ
815 1346 964 1382 συντριδὴν

171 1390 307 1425 τιμωρίας
334 1390 389 1416 τῶν
414 1391 447 1426 τῇ
477 1391 605 1427 ἀπειθείᾳ
632 1392 888 1427 ἐνεσκευασμένων,
916 1394 965 1419 καὶ

172 1437 240 1471 πρὶς
265 1437 403 1471 κεραμικὰ
427 1436 511 1472 σκεύη
530 1438 772 1472 ἀφωμοιωμένων,
799 1438 894 1474 ὥσπερ
916 1438 965 1465 καὶ

172 1482 189 1516 ἡ
206 1482 254 1516 τῆς
270 1483 411 1516 δυνάμεως
430 1482 527 1518 ῥάϐδος
543 1484 593 1509 οὐκ
609 1483 690 1509 ἄλλου
709 1483 781 1514 τινος
800 1483 963 1516 ἐξαποστελ-

172 1527 272 1563 λομένη
285 1529 317 1554 ἐκ
337 1529 417 1560 Σιὼν,
431 1531 456 1555 εἰ
472 1529 512 1564 μὴ
524 1529 575 1564 τῆς
588 1529 643 1556 τῶν
657 1529 764 1565 ἐχθρῶν
779 1530 964 1565 κατακυριεύ-

1016 291 1078 318 lidei
1093 291 1247 325 depositum
1261 296 1370 319 servem
1380 292 1570 326 incorruptum
1584 301 1671 327 usque
1684 294 1716 321 ad
1731 301 1814 321 suum

1016 337 1174 364 adventum.
1198 336 1353 364 Adventum
1374 342 1466 364 autem
1485 337 1550 364 dicit
1568 341 1616 364 aut.
1631 344 1812 372 postremum,

1016 383 1127 418 quando
1148 391 1245 411 omnes
1260 383 1381 411 secundo
1397 391 1447 411 suo
1464 383 1583 410 adventu
1595 383 1749 418 iudicabit:
1767 389 1814 412 aut

1016 429 1150 463 cujusque
1167 429 1307 456 interitum
1319 449 1327 461 ,
1344 429 1455 464 quando
1473 436 1523 456 nos
1545 429 1578 456 ad
1600 437 1663 456 eum
1684 430 1792 456 abimus
1804 449 1812 461 ,

1016 476 1125 510 quando
1142 476 1234 502 relicta
1253 475 1305 502 hac
1329 475 1484 502 turbulenta
1506 475 1562 502 vita
1580 476 1606 502 In
1623 483 1752 503 securum
1769 483 1814 502 re-

1016 529 1151 557 ponemur
1179 525 1298 552 statum,
1324 520 1494 548 inl'allibilem
1521 520 1654 548 habentes
1679 529 1755 555 spem
1780 522 1814 548 de

1017 570 1059 597 his
1076 578 1137 604 qua:
1150 569 1177 596 in
1196 570 1248 596 vita
1266 569 1433 604 peregimus.
1448 569 1522 604 quod
1538 569 1621 596 etiam
1639 569 1729 604 magis
1747 577 1814 596 con-

1016 623 1115 651 gruere
1131 624 1183 642 non
1201 620 1244 642 est
1259 615 1453 650 improbabile.

1052 660 1086 688 Et
1098 662 1143 696 qui
1158 661 1249 687 vicerit
1269 666 1293 687 et
1323 660 1487 687 custodierit.
1507 659 1556 686 His
1568 660 1616 694 qui
1632 660 1667 688 ob
1681 660 1814 695 simplici-

1017 712 1098 736 tatem
1124 711 1188 735 sunt
1214 712 1339 742 expertes
1361 714 1474 741 pugnum.
1492 707 1560 733 satis
1585 707 1636 733 erit
1659 706 1814 733 observatio

1016 759 1227 789 praeceptorum,
1244 757 1274 779 ut
1289 752 1355 779 mihi
1375 752 1500 786 placeant
1513 760 1521 778 :
1535 751 1559 778 ei
1575 758 1641 778 vero
1652 751 1699 785 qui
1716 758 1747 778 ex
1761 758 1814 786 pu—

1015 807 1068 836 gna
1078 804 1104 827 et
1116 799 1189 827 lucta
1203 799 1345 835 praemium
1364 798 1498 829 retulerit.
1511 797 1582 824 dabo
1595 797 1627 824 ad
1642 797 1812 832 triumphum

1015 846 1138 873 victoria‘
1149 849 1308 880 potestatem
1320 851 1402 878 super
1413 848 1508 878 gentes
1525 851 1532 870 :
1548 843 1618 876 sive,
1632 843 1813 878 quemadmo-

1015 892 1080 919 dum
1101 891 1140 919 ait
1159 890 1293 918 Dominus
1312 891 1338 917 in
1358 890 1530 925 Evangeliis,
1549 890 1586 916 illi
1614 890 1660 923 qui
1679 889 1769 916 minas
1786 893 1814 916 et

1015 939 1117 966 talenta
1134 941 1208 964 recte
1223 937 1430 972 dispensaverat
1447 946 1453 963 :
1472 935 1571 962 Prmsis
1584 936 1679 962 decem
1696 934 1814 962 civitati-

1016 985 1078 1016 bus.
1095 988 1122 1010 et
1137 983 1195 1015 alii,
1209 983 1331 1018 quinque
1345 982 1505 1009 civitatibus
1516 982 1556 1014 ";
1574 981 1721 1016 quemdam
1739 980 1812 1007 enim

1017 1030 1202 1065 principatum
1227 1037 1258 1056 ac
1274 1032 1435 1064 potestatem
1457 1028 1514 1055 haec
1532 1027 1688 1062 significant
1710 1027 1814 1054 sanctis

1016 1076 1108 1103 datam
1125 1083 1208 1110 super
1225 1074 1391 1102 inﬁrmiores
1413 1078 1440 1101 et
1463 1081 1511 1100 eos
1527 1073 1627 1107 quibus
1642 1072 1721 1108 dirigi
1745 1079 1814 1106 opus

1016 1126 1068 1149 est.
1086 1121 1150 1149 ideo
1167 1121 1234 1148 illud
1251 1121 1273 1136 "
1292 1129 1299 1147 :
1317 1130 1326 1145 ι
1347 1119 1430 1154 Virga
1445 1115 1622 1152 directionis,
1636 1118 1712 1153 virga
1737 1117 1814 1151 regni

1016 1166 1069 1199 tui,
1091 1175 1100 1192 ι
1129 1173 1191 1193 cum
1218 1165 1327 1192 actione
1356 1164 1514 1199 quadrabit.
1544 1163 1619 1190 Solet
1645 1164 1718 1190 enim
1742 1163 1814 1198 quod

1015 1213 1116 1241 dictum
1135 1216 1177 1240 est
1191 1219 1239 1247 per
1256 1212 1359 1246 virgam
1378 1210 1536 1238 directionis
1551 1209 1690 1245 designari
1705 1217 1712 1236 τ
1730 1209 1813 1236 veluti

1016 1258 1164 1285 indicando
1177 1257 1250 1291 quod
1269 1256 1420 1292 punitivam
1441 1257 1640 1283 correctionem
1658 1263 1713 1282 non
1732 1255 1814 1282 indu—

1016 1308 1069 1336 cat,
1084 1303 1132 1331 sed
1147 1311 1208 1339 qua:
1222 1303 1359 1330 emendet.
1376 1302 1458 1338 675
1480 1301 1608 1329 Ferream
1630 1309 1695 1328 vero
1708 1301 1813 1335 virgam

1015 1357 1098 1377 nemo
1111 1349 1146 1376 ob
1159 1348 1232 1376 aliud
1251 1348 1401 1383 quidquam
1424 1348 1516 1375 datam
1540 1355 1602 1375 esse
1617 1347 1693 1380 dicit,
1710 1347 1763 1375 nisi
1780 1347 1814 1373 ad

1015 1395 1220 1427 contritionem,
1239 1401 1287 1428 per
1299 1393 1461 1428 supplicium
1476 1400 1573 1420 eorum
1590 1392 1638 1427 qui
1656 1392 1815 1419 inobedieu-

1015 1443 1052 1470 tia
1069 1441 1159 1469 vestiti
1175 1445 1250 1474 sunt,
1260 1449 1292 1468 ac
1307 1441 1380 1468 vasis
1397 1440 1530 1467 lictilibus
1539 1438 1694 1466 assimilati.
1711 1438 1815 1471 Quem-

1016 1487 1163 1515 admodum
1188 1486 1269 1513 ctiam
1293 1487 1370 1521 virga
1404 1485 1533 1520 potentiae.
1567 1491 1621 1511 non
1644 1483 1756 1511 alterius
1775 1482 1814 1510 rei

1017 1534 1102 1570 gratia
1115 1541 1148 1562 ex
1166 1534 1232 1560 Sion
1251 1534 1334 1560 missa
1349 1537 1408 1564 est.
1425 1532 1478 1559 uisi
1496 1532 1530 1558 ad
1551 1531 1762 1559 dominandum.
1781 1531 1815 1557 Et

174 1581 251 1604 asto;.
265 1573 320 1600 Καὶ
336 1575 427 1610 ἐπειδὴ
443 1574 524 1602 παντὶ
535 1575 575 1611 τῷ
592 1576 702 1602 νικῶντι
719 1577 735 1611 ἡ
749 1576 849 1612 σιδηρᾶ
866 1577 963 1612 ῥάϐδος

1017 1580 1082 1615 quia
1094 1579 1168 1607 omni
1187 1579 1306 1606 vincenti
1328 1577 1417 1606 danda
1431 1578 1600 1613 promittitur
1619 1578 1694 1613 virga
1710 1576 1813 1609 ferrea,

173 1620 372 1654 ἐπαγγέλλεται
397 1621 524 1656 δοθῆναι,
544 1620 615 1657 ἦσαν
636 1621 664 1648 δὲ
691 1619 763 1648 οὗτοι
783 1623 807 1648 οἱ
832 1622 886 1649 ἀπὺ
907 1623 963 1649 τῶν

174 1667 259 1693 ἐθνῶν
284 1668 517 1703 προσπορίσαντες
538 1668 651 1700 ἑαυτοὺς
674 1668 708 1695 δι’
721 1668 879 1700 εὐπειθείας
896 1669 965 1704 Χρι-

175 1712 248 1748 στῷ,
265 1710 344 1741 οὗτοι
358 1714 405 1741 καὶ
424 1714 518 1749 κριταὶ
532 1713 639 1741 ἔσονται
657 1713 711 1740 τῶν
731 1714 865 1741 ἀπίστων.
890 1714 967 1740 Ἐπεὶ

175 1760 221 1784 καὶ
244 1760 308 1790 τοὺς
335 1759 480 1790 Νινευῖτας
504 1760 544 1791 εἰς
563 1759 672 1795 κρίσιν,
696 1759 779 1796 ἦγουν
802 1760 965 1796 κατάκρισιν

173 1805 222 1838 τῆς
252 1805 373 1840 πονηρᾶς
396 1813 479 1839 φησιν
506 1805 520 1831 ὁ
543 1804 645 1840 Κύριος
669 1804 830 1831 ἀνίστασθαι
857 1805 964 1837 γενεᾶς.

175 1851 212 1877 Ί¹ὺ
228 1851 257 1877 δὲ
284 1851 424 1886 εἰληφέναι
448 1852 495 1877 καὶ
518 1851 600 1878 αὐτὸν
617 1851 693 1886 παρὰ
712 1851 759 1877 τοῦ
786 1851 892 1886 Ιίατρὸς
916 1850 965 1884 τὴν

177 1897 285 1932 ῥάϐδον,
301 1898 318 1933 ἡ
333 1898 405 1929 δόσις
418 1899 465 1924 καὶ
483 1898 565 1932 λῆψις
577 1898 622 1924 διὰ
637 1898 686 1935 τὴν
700 1898 750 1933 τῆς
762 1898 862 1933 σαρκὸς
881 1897 965 1932 πρόσ-

175 1943 256 1979 ληψιν
287 1944 457 1979 περιεισέδυ,
482 1944 550 1971 ἀλλὰ
567 1945 614 1971 καὶ
635 1945 679 1972 διὰ
702 1944 893 1975 ταπεινώσεως
914 1944 965 1978 ἐμ.-

176 1999 267 2025 φασιν.
286 1990 318 2016 Ei
340 1990 369 2017 δὲ
394 1991 442 2017 καὶ
467 1991 513 2017 ἐπὶ
532 1991 580 2026 τῆς
606 1990 681 2022 θείας
699 1990 807 2025 φύσεως
822 1989 901 2016 τοῦτό
924 1997 965 2020 τις

176 2037 249 2063 θέλει
269 2037 445 2070 λογίσασθαι,
462 2037 538 2063 οὐδὲν
554 2038 682 2072 πρᾶγμα,
704 2038 736 2072 τῇ
754 2037 826 2063 δόσει
847 2036 895 2062 καὶ
915 2036 965 2070 λή-

174 2082 221 2117 ψει
247 2083 277 2109 τὸ
303 2084 358 2109 τὼν
387 2083 564 2110 ὑποστάσεων
592 2083 676 2110 ἰδικὺν
699 2083 804 2118 Πατρὸς
829 2083 876 2108 καὶ
901 2081 966 2108 Υἱοῦ

175 2128 385 2162 ἐμφανίζεσθαι.

214 2175 299 2208 Ἀχρι
313 2174 433 2208 τέλους.
452 2175 532 2209 ’Δχρι
553 2175 645 2207 τέλους
659 2175 708 2210 τῆς
721 2174 817 2202 ἑαυτοῦ
833 2174 904 2209 ζωῆς
918 2181 923 2188 ”
937 2173 966 2206 ἐξ

175 2217 206 2246 οὗ
228 2221 275 2247 καὶ
290 2220 370 2254 δῆλον
392 2221 429 2252 ὼς
444 2222 460 2255 ὴ
482 2222 620 2256 παρουσία
635 2222 717 2248 αὑτοῦ
741 2221 790 2255 οὐχ
805 2222 823 2256 ἠ
844 2221 964 2255 ἐσχάτη,

175 2266 232 2295 ἀλλ’
250 2268 266 2301 ὴ
287 2267 403 2294 ἑκάστου
420 2267 498 2302 ἡμῶν
515 2269 582 2302 πρὸς
599 2268 690 2300 αὐτὸν,
705 2267 773 2299 τέως
791 2267 874 2294 ἐστίν.

218 2358 265 2390 Ὠς
279 2358 316 2386 τὰ
334 2359 431 2392 σκεύη
448 2359 483 2386 τὰ
502 2358 646 2394 κεραμικὰ
665 2357 909 2393 συντριϐήσεται,
930 2359 968 2384 UO

176 2404 335 2439 παραδολῆς
350 2405 467 2432 ἐνταῦθα
479 2405 495 2440 ἣ
509 2405 665 2440 ὁμοιώσεως
676 2405 756 2440 χάριν
769 2405 847 2432 εἴωθε
863 2405 904 2437 τὸ,
916 2405 967 2438 ὡς,

177 2451 376 2486 παρειλῆφθαι,
401 2452 459 2478 ἀλλ’
483 2451 654 2484 αἰτιατικῶς,
681 2452 742 2478 ἀντὶ
759 2451 817 2484 τοῦ,
842 2451 902 2478 ἵνα.
920 2452 971 2479 Διὰ

177 2499 267 2532 τοῦτο,
280 2499 356 2534 φησὶ,
371 2499 468 2533 ράὃδος
479 2498 579 2526 δίδοται
595 2499 704 2534 σιδηρᾶ,
724 2499 767 2525 ἴνα
779 2499 813 2525 τὰ
829 2499 970 2534 κεραμικὰ

179 2545 390 2580 συντριϐήσεται
409 2545 504 2580 σκεύη.
521 2545 552 2572 Εἰ
566 2545 594 2571 δὲ
608 2547 655 2572 καὶ
671 2545 859 2581 ἁνελλήνιστος
876 2548 892 2582 ὴ
908 2547 971 2573 σύν-

175 2592 251 2624 ταξις
279 2591 351 2626 (οὐδέ
379 2601 445 2618 ποτε
462 2593 516 2628 γὰρ
540 2593 677 2627 ὸριστικὸν
700 2593 776 2628 ῥῆμα
797 2594 967 2628 ὑποτακτικῇ

175 2637 247 2669 λέξει
281 2637 496 2673 συντέτακται),
531 2639 607 2665 οὐδὲν
640 2639 754 2674 μελήσει
780 2640 836 2670 τοῖς
864 2638 968 2674 διανοίᾳ

177 2684 256 2720 μόνῃ,
276 2685 335 2711 ἅλλ¹
357 2685 418 2720 οὐχὶ
435 2685 535 2717 λέξεως
550 2685 680 2721 ἀκριϐείᾳ
699 2685 750 2721 τὴν
765 2686 904 2722 σωτηρίαν
919 2695 969 2712 πο-

178 2730 309 2765 ρίζουσιν.

228 2821 250 2837 "
266 2821 333 2849 Luc.
354 2831 412 2855 χιι,
431 2823 474 2851 Π.
529 2824 550 2840 ⁷⁷
572 2823 645 2852 Psal.
663 2833 737 2858 xuv,
756 2826 784 2853 7.

1016 1630 1096 1654 erant
1108 1631 1198 1652 autem
1214 1624 1240 1652 hi
1257 1625 1301 1659 qui
1318 1632 1368 1660 per
1384 1628 1538 1659 promptam
1556 1623 1739 1651 obedientiam
1757 1623 1814 1650 Deo

1017 1671 1145 1706 acquisiti
1174 1674 1272 1703 erant,
1302 1670 1330 1697 hi
1361 1671 1442 1697 etiam
1475 1670 1680 1697 incredulorum
1706 1670 1815 1704 jndices

1017 1722 1098 1748 erunt
1115 1726 1123 1744 :
1140 1717 1270 1752 quoniam
1288 1719 1315 1744 et
1330 1715 1465 1743 Ninivitas
1485 1716 1645 1744 excitandos
1667 1716 1705 1743 ait
1721 1714 1815 1742 Domi-

1017 1771 1069 1790 nus
1084 1762 1118 1790 ad
1133 1762 1267 1797 judicium
1284 1761 1342 1789 sive
1355 1761 1613 1789 condemnationem
1630 1769 1720 1796 pravae
1734 1768 1816 1797 gene-

1017 1807 1144 1835 rationis.
1164 1807 1242 1840 ρυοά
1260 1813 1350 1834 autem
1369 1812 1396 1835 et
1413 1807 1471 1842 ipse
1487 1815 1502 1834 a
1518 1806 1600 1834 Patre
1617 1808 1721 1842 virgam
1738 1814 1816 1834 accc-

1017 1853 1091 1889 pisse
1104 1852 1214 1883 dicitur.
1231 1852 1352 1881 dationis
1369 1856 1396 1880 et
1416 1852 1586 1887 acceptionis
1607 1860 1689 1879 voces
1706 1857 1816 1888 propter

1017 1899 1110 1929 carnis
1137 1899 1354 1933 assumptionem
1382 1899 1626 1929 subiutroicrunt.
1652 1899 1708 1925 imo
1732 1899 1815 1926 ctiam

1018 1948 1130 1979 propter
1145 1951 1202 1972 sua:
1223 1944 1401 1972 demissionis
1418 1949 1444 1971 et
1461 1944 1627 1972 humilitatis
1649 1944 1815 1979 emphasim.

1017 1990 1095 2023 Quod
1108 1990 1131 2017 si
1146 1990 1172 2017 in
1188 1990 1278 2018 divina
1294 1998 1404 2024 quoque
1421 1995 1518 2018 natura
1532 1991 1668 2025 quispiam
1683 1990 1735 2017 hoc
1750 1998 1818 2017 con-

1018 2037 1139 2063 siderare
1158 2035 1268 2068 nititur,
1289 2036 1357 2062 nihil
1372 2036 1425 2062 erit
1445 2036 1566 2071 negotii.
1582 2037 1616 2062 ad
1638 2036 1818 2062 manifestan-

1017 2082 1082 2108 dum
1094 2089 1143 2116 per
1154 2081 1290 2108 (lationem
1303 2086 1330 2108 et
1344 2081 1531 2115 acceptionem
1545 2082 1570 2109 id
1585 2082 1657 2116 quod
1674 2082 1816 2116 proprium

1018 2133 1059 2155 est
1079 2135 1257 2162 personarum
1273 2126 1362 2154 Patris
1374 2134 1405 2155 ac
1421 2127 1494 2154 Filii.

1055 2173 1140 2208 Usque
1153 2173 1179 2200 in
1194 2174 1284 2207 ﬁnem.
1301 2172 1393 2208 Usque
1409 2173 1442 2199 ad
1454 2174 1535 2199 linem
1550 2171 1613 2199 vitae
1625 2179 1682 2199 sum
1695 2181 1701 2199 :
1716 2180 1748 2199 ex
1762 2181 1817 2207 quo

1018 2221 1100 2248 etiam
1119 2219 1294 2248 manifestum
1318 2224 1360 2246 est
1379 2219 1451 2254 quod
1468 2219 1601 2247 adventus
1615 2218 1674 2252 ejus
1693 2227 1746 2246 non
1768 2227 1817 2246 no-

983 2259 1005 2289 Ι)
1019 2265 1149 2294 vissimus
1160 2265 1313 2298 dicebatur,
1325 2265 1373 2293 sed
1391 2264 1526 2300 cujusque
1539 2269 1663 2292 nostrum
1678 2266 1711 2291 ad
1727 2265 1814 2299 ipsum

1023 2319 1160 2339 'JCCt‘SSlIS-

1061 2368 1094 2395 Ut
1119 2377 1181 2395 vasa
1198 2368 1292 2403 ﬁctilia
1312 2373 1488 2396 conterentur.
1508 2367 1596 2396 Dictio
1626 2368 1663 2399 ὡς
1685 2368 1736 2395 hoc
1757 2369 1818 2396 loco

1022 2414 1109 2448 accipi
1132 2415 1200 2442 solet
1225 2423 1279 2442 non
1306 2415 1521 2450 comparationis
1549 2418 1596 2441 aut
1629 2415 1818 2442 similitudinis

1027 2461 1124 2495 gratia,
1139 2461 1187 2488 sed
1198 2461 1345 2488 causaliter
1359 2469 1407 2496 pro
1422 2461 1476 2493 ἳνα,
1492 2462 1517 2488 id
1533 2466 1587 2493 est,
1604 2466 1643 2488 ut.
1660 2460 1816 2496 Propterea,

1026 2507 1125 2541 inquit,
1140 2507 1215 2541 virga
1235 2508 1315 2534 datur
1332 2507 1420 2535 ferrea
1438 2513 1467 2534 ut
1485 2507 1575 2535 ﬁctilia
1592 2515 1658 2534 vasa
1674 2512 1819 2534 conteran-

1025 2556 1081 2580 tur.
1100 2551 1178 2585 Quod
1198 2553 1221 2580 si
1246 2560 1301 2580 non
1326 2553 1361 2581 sit
1380 2558 1442 2589 apta
1461 2553 1626 2588 compositio
1651 2562 1657 2579 :
1676 2560 1818 2587 nunquam

1023 2597 1095 2625 enim
1113 2599 1227 2625 verbum
1250 2599 1428 2626 indicativum
1447 2599 1539 2634 (sicut
1555 2599 1580 2625 in
1596 2597 1737 2632 proposito
1752 2605 1818 2623 συνη

1022 2644 1193 2679 τριδήσεται,
1206 2644 1233 2672 id
1249 2649 1290 2672 est
1305 2645 1493 2680 conterentur)
1507 2644 1688 2679 subjunctiva:
1702 2643 1819 2670 dictioni

1022 2691 1220 2726 coniungitur:
1249 2691 1318 2718 nihil
1340 2698 1415 2719 cum
1437 2691 1490 2718 erit
1512 2690 1555 2717 bis
1572 2689 1620 2725 qui
1636 2689 1695 2716 sola
1716 2689 1816 2716 intelli-

1021 2737 1124 2771 gentia,
1139 2741 1166 2765 et
1185 2745 1240 2764 non
1256 2743 1351 2766 exacta
1367 2738 1518 2766 dictionum
1536 2735 1755 2764 consideratione
1771 2743 1816 2763 sa-

1021 2782 1105 2810 lutem
1121 2784 1298 2819 conquirunt.
1312 2782 1314 2786 ’

212 2884 268 2916 (i3)
289 2885 377 2912 Verba
399 2885 468 2920 ἀρμ.
492 2884 540 2912 ἐπὶ
567 2884 655 2921 ταύτῃ
675 2887 708 2921 τῆ
735 2886 833 2922 πράξει
863 2887 966 2915 omittit
981 2887 1053 2922 vulg.
