2095 3160
265 185 317 217 517

671 178 834 210 ARETHE
853 177 1043 208 CtESARE/E
1062 177 1303 207 CAPPADOCUE
1322 175 1491 206 EPISCOPI

1848 172 1901 205 548

308 238 414 268 Stellam
427 237 595 265 matutinum.
612 234 722 262 Stellam
739 233 902 260 matutinam
914 232 980 259 dicit
995 239 1057 266 prn-
1073 252 1078 263 Α

1147 231 1204 259 Τὸν
1228 231 1369 265 πρωτνόν.
1400 229 1517 264 ’Δατέρα
1534 228 1652 264 πρωῖνόν
1670 235 1753 263 φησιν
1765 227 1779 254 ό
1794 229 1900 262 προφήι

268 287 349 323 pheta
363 286 447 313 lsaias
462 284 484 300 τ’
498 285 530 311 de
546 282 658 317 Assyrio
673 281 730 308 sive
745 280 857 311 Sataua,
875 286 956 314 quem
976 278 1059 305 etiam

269 332 395 360 Christus
412 331 499 358 visum
525 335 587 356 esse
613 332 743 361 tanquam
761 326 852 359 fulgur
873 325 906 352 dc
925 324 996 351 caalo
1016 332 1062 350 ca-

267 379 374 405 dentem
389 376 421 407 ",
438 379 464 402 et
479 374 581 402 sanctis
595 373 689 399 datum
706 379 768 398 esse
785 371 811 398 in
827 370 1061 398 conculcationem

268 421 441 450 denuntiavit
458 429 465 448 :
484 421 517 446 de
533 427 588 454 quo
603 418 669 446 dicit
683 423 709 445 et
725 417 825 444 Paulus
840 417 864 432 ⁸⁰
878 417 951 451 quod
971 415 1063 442 veniat

268 468 339 494 Deus
366 471 395 493 ut
420 470 544 493 conterat
563 472 626 491 eum
651 464 703 491 sub
729 463 844 498 pedibus
863 461 1061 496 discipulorum

267 521 391 544 suorum,
403 519 429 539 et
447 512 531 538 David
546 511 568 526 ⁸⁸
585 510 750 537 conﬁrmans
762 516 824 535 eum
841 508 887 543 qui
902 507 1061 535 accessitad

268 558 352 584 Deum
366 556 505 584 excelsum
523 564 530 582 :
547 565 556 580 ι
574 554 804 590 Super-aspidem,
818 552 917 587 inquit,
928 557 955 579 et
971 551 1063 578 basili-

268 611 344 630 scum
371 601 519 632 asoendes,
545 605 572 627 et
595 598 773 626 conculcabis
797 598 903 624 leonem
924 599 951 623 et
965 596 1064 622 draco-

270 656 343 675 nem.
362 657 372 673 ι
389 647 442 673 Aut
457 646 541 682 igitur
562 645 669 672 stellam
688 646 759 671 hanc
778 643 844 670 dare
865 641 998 677 promittit
1017 640 1062 668 Dei

269 703 301 722 os
317 703 324 721 :
341 700 389 721 aut
406 694 477 720 illam
493 692 666 727 qumaPetro
678 691 779 719 dicitur
792 691 815 706 "
831 689 940 716 Lucifer
958 689 984 715 in
1000 695 1065 715 eor-

270 742 350 767 dibus
365 739 485 766 tidelium
497 738 636 769 exoriens,
652 737 698 763 lux
710 736 836 763 videlicet
849 734 961 762 Christi.
978 734 1065 761 Porro

270 787 348 814 stella
373 791 437 812 ante
456 783 559 811 Christi
586 783 733 810 adventum
757 785 863 813 exorta,
889 784 931 808 est
946 779 1065 807 Joannes

269 830 409 865 Baptista,
428 835 476 857 aut
496 829 569 858 Elias
592 828 737 855 Tliesbiles
764 826 934 863 praenuntius
952 825 1064 853 secundi

270 878 403 905 adventus
417 875 535 907 Christi;
551 874 635 909 676
646 881 708 901 cum
725 873 825 908 quibus
839 876 943 907 partem
957 871 1065 898 habitu-

269 931 316 951 ros
336 929 478 958 speramus
493 921 554 948 illos
566 921 613 955 qui
634 919 750 948 vicerint
767 919 919 946 diabolum.
939 917 1000 945 Non
1023 922 1066 945 est
1079 915 1103 945 B

269 974 361 998 autem
387 969 579 998 admirandum
591 988 600 1002 ,
621 969 643 996 si
669 967 818 1003 plurimum
837 966 999 994 dissidentia
1016 973 1065 1000 per

270 1016 340 1043 idem
357 1016 543 1043 intelleximus
551 1015 575 1030 ⁸⁸
588 1023 595 1043 :
610 1013 831 1049 quandoquidem
845 1017 872 1039 et
887 1013 929 1039 leo
938 1012 1065 1039 Christus

269 1063 404 1089 excitatus
430 1061 532 1089 dicitur
555 1061 590 1088 de
615 1060 689 1088 tribu
705 1059 790 1092 Iuda,
810 1063 836 1086 et
861 1058 902 1085 leo
917 1057 951 1085 de
977 1057 1064 1084 Busan

269 1109 457 1142 proliciscens,
464 1108 542 1143 juxta
553 1107 674 1135 divinam
687 1106 870 1141 Scripturam,
879 1104 979 1138 dicitur
987 1103 1065 1130 Anti-

270 1154 402 1186 christus,
422 1153 542 1188 aptanda
559 1151 775 1187 unumquodque
787 1151 820 1178 ad
839 1150 865 1177 id
880 1151 952 1185 quod
965 1155 1065 1184 propo-

270 1200 356 1226 nitur.
382 1198 546 1233 lntelligitur
571 1203 662 1225 autem
683 1203 711 1224 et
731 1196 830 1224 Oriens
846 1195 931 1223 l'uturi
954 1194 1066 1226 saeculi,

269 1244 406 1279 siquidem
432 1244 551 1271 tenebrae
571 1243 715 1279 praesentis
734 1243 795 1269 vitae
811 1242 875 1269 licet
894 1241 941 1268 lus
956 1240 1069 1267 videan-

269 1295 332 1320 tur.
359 1290 549 1317 obscurabunt
577 1299 584 1316 :
611 1296 673 1316 cum
705 1288 809 1316 sanctis
837 1286 996 1322 apparuerit
1017 1285 1067 1312 Sol

268 1334 382 1370 iustitia:
405 1341 432 1362 et
454 1335 599 1370 caliginem
616 1335 686 1362 hanc
704 1335 866 1370 disperserit
882 1343 889 1361 :
906 1337 934 1362 et
950 1333 1065 1368 angelus

270 1385 313 1408 cst
323 1381 371 1416 qui
390 1381 464 1409 hunc
482 1382 615 1409 orientem
629 1381 777 1408 annuntiat
791 1389 799 1408 '.
813 1380 892 1415 praeit
905 1379 979 1407 enim
1003 1382 1067 1406 ante

270 1434 373 1462 ipsum.

569 1528 685 1557 CAPUT
708 1528 765 1556 νιι.

1112 285 1160 311 της
1180 276 1295 307 ⁹ιίσαῒας
1310 275 1374 310 περὶ
1389 274 1437 301 τοῦ
1460 274 1618 309 Ἀσσυρίου,
1635 273 1695 308 ἢτοι
1715 272 1762 299 τοῦ
1782 273 1900 305 Σατανᾶ,

1112 323 1141 349 ὃν
1158 322 1205 349 καὶ
1220 323 1234 347 ὁ
1254 321 1371 357 Χριστὸς
1387 321 1419 348 ὲκ
1433 320 1482 346 τοῦ
1497 320 1614 355 οὐρανοῦ
1631 319 1774 346 τεθεᾶσθαι
1797 319 1836 350 ὡς
1868 318 1902 345 ἅ-

1114 368 1237 404 στραπὴν
1246 368 1375 401 πεσόντα,
1391 367 1438 394 καὶ
1454 366 1576 393 δεδόσθαι
1591 366 1630 397 εις
1641 363 1829 399 καταπὰτημα
1845 365 1902 396 τοῖς

1113 415 1202 449 ἁγίοις
1221 414 1402 449 ἀπήγγελται.
1420 414 1468 440 ’ον
1481 413 1528 439 καὶ
1541 411 1647 443 Παῦλός
1667 418 1765 446 φησιν,
1779 410 1819 436 ὅτι
1839 418 1902 435 συν-

1113 461 1216 497 τρίϐειν
1238 462 1253 488 ό
1267 461 1333 493 Θεὸς
1348 461 1401 487 ὑπὸ
1421 460 1485 491 τοὺς
1500 459 1583 490 πόδας
1597 459 1652 485 τῶν
1668 456 1798 492 μαθητῶν
1818 455 1902 483 αὐτοῦ

1114 507 1234 542 ἔρχεται.
1259 507 1315 534 Καὶ
1336 505 1418 533 Δαυῒδ
1442 503 1637 541 ὲπιρῥωννύων
1664 503 1710 529 τὸν
1732 501 1804 529 κατὰ
1832 501 1899 528 Θεὸν

1114 553 1160 580 τὸν
1201 553 1314 588 ὕψιστον
1345 552 1498 588 παριόντα,
1529 559 1538 576 ‹
1576 551 1638 577 Ἐπὶ
1667 548 1789 581 ἀσπίδα,
1825 548 1903 583 φησὶ,

1115 602 1162 627 καὶ
1177 600 1336 636 βασιλίσχον
1361 599 1492 634 ὲπιὸήσῃ,
1518 597 1565 624 καὶ
1587 595 1795 631 καταπατήσεις
1809 595 1905 622 λέοντα.

1115 647 1163 674 καὶ
1189 647 1337 682 δράκοντα.
1370 655 1380 672 ›
1410 645 1446 672 Ἦ
1462 643 1509 671 οὖν
1534 643 1639 678 ἀστέρα
1658 641 1753 668 τοῦτον
1772 640 1904 675 διδόναιὴ

1116 693 1259 719 Θεοκλυτία.
1274 692 1330 727 (IL)
1348 690 1555 725 ἐπαγγέλλεται,
1571 689 1588 723 ἢ
1602 689 1648 714 τὸν
1668 687 1721 713 ὑπὸ
1735 685 1783 712 τοῦ
1800 686 1904 719 Πέτρου

1115 738 1248 772 λεχθέντα
1270 738 1414 772 φωσφόρον
1439 737 1468 762 ὲν
1489 736 1549 765 ταῖς
1573 733 1696 768 καρδίαις
1720 731 1775 758 τῶν
1800 730 1905 756 πιστῶν

1116 783 1306 814 ἀνατέλλοντα,
1324 783 1355 808 τδ
1370 782 1417 808 τοῦ
1433 779 1552 815 Χριστοῦ
1562 777 1662 813 δηλαδὴ
1676 777 1744 811 φῶς.
1766 773 1864 809 Ἀστὴρ
1877 773 1906 798 δὲ

1116 829 1163 856 τοῦ
1198 830 1273 865 ἡλίου
1303 827 1423 863 Χριστοῦ
1452 826 1502 861 τῆς
1532 823 1683 860 παρουσίας
1710 819 1906 857 προανατείλας

1117 877 1164 904 καὶ
1187 877 1201 902 ὁ
1218 875 1374 910 Βαπτιστὴς
1395 874 1533 908 Ἰωάννης,
1555 871 1602 898 καὶ
1615 871 1629 897 ό
1650 869 1783 902 Θεσόίτης
1813 865 1907 896 Ἠλίας

1118 922 1167 957 τῆς
1191 914 1322 956 δευτέρας
1343 919 1495 956 παρουσίας
1510 916 1631 953 Χριστοῦ
1647 913 1827 951 προάγγελος,
1847 911 1907 957 {150‘-

1115 955 1152 995 ὧν
1176 967 1248 1000 ἕξειν
1270 955 1301 994 τὸ
1327 966 1409 1002 μέρος
1430 966 1493 997 τοὺς
1514 963 1628 1000 νικητὰς
1644 961 1692 989 τοῦ
1712 959 1837 987 διαϐόλου
1863 955 1907 984 πιὲ

1117 1014 1260 1049 στεύομεν.
1278 1014 1316 1040 υὺ
1336 1011 1493 1048 θαυμαστὸν
1516 1010 1544 1038 δὲ
1567 1011 1591 1036 εἰ
1614 1008 1660 1035 ἐπὶ
1677 1007 1731 1034 τῶν
1744 1006 1814 1040 ἄγαν
1834 1004 1909 1031 ἀντι-

1116 1060 1252 1095 κειμένων
1273 1059 1303 1086 τὸ
1319 1059 1385 1086 αὐτὸ
1400 1058 1584 1093 ὲξειλήφαμεν
1595 1075 1603 1088 ,
1616 1054 1678 1081 ἐπεὶ
1692 1053 1740 1080 καὶ
1756 1052 1824 1078 λέων
1838 1051 1908 1084 Χρι-

1117 1107 1178 1139 στὸς
1194 1107 1227 1133 ὲκ
1248 1106 1363 1142 βλαστοῦ
1379 1105 1426 1133 τοῦ
1444 1104 1530 1131 Ἰούδα
1544 1100 1696 1136 ἀναθορὼν,
1713 1099 1761 1126 καὶ
1775 1099 1807 1124 ὲκ
1817 1096 1907 1142 Βασαν

1116 1152 1145 1179 δὲ
1172 1141 1280 1179 λέωννό
1314 1151 1501 1185 Ἀντίχριστος
1527 1148 1598 1175 κατὰ
1622 1145 1671 1181 τὴν
1698 1144 1775 1171 θείαν
1795 1141 1909 1177 Γραφὴν

1117 1199 1330 1234 ἁφορμώμενος,
1346 1196 1479 1231 ἐκατέρου
1493 1195 1561 1230 πρὸς
1576 1193 1607 1220 τὸ
1621 1190 1802 1225 ὑποκείμενον
1823 1188 1909 1234 ἁρμο-

1117 1233 1244 1279 ζομένου.
1274 1243 1385 1270 Νοεῖται
1410 1241 1438 1268 δὲ
1465 1240 1544 1275 καὶὴ
1569 1237 1617 1265 τοῦ
1641 1236 1784 1273 pilumno;
1809 1233 1908 1279 αἰῶνες

1117 1277 1236 1325 ἀνατολὴ
1261 1288 1302 1324 (τδ
1319 1287 1374 1324 γὰρ
1394 1286 1489 1317 σκότος
1508 1284 1556 1311 τοῦ
1573 1283 1707 1319 παρόντος
1730 1281 1789 1316 βίου
1812 1279 1858 1325 καλ
1883 1277 1908 1303 εί

1117 1336 1175 1372 φῶς
1188 1335 1364 1372 γνωρίζεται,
1379 1332 1596 1368 καλυφθήσεται,
1611 1328 1658 1356 τοῦ
1670 1328 1719 1363 τῆς
1733 1324 1908 1358 δικαιοσύνης

1124 1371 1216 1411 Ἦλίου
1233 1371 1446 1417 ὲττιφαινομένου
1472 1380 1527 1410 τοῖς
1552 1377 1639 1412 ἁγίοις
1652 1396 1660 1409 ,
1677 1375 1726 1402 καὶ
1752 1373 1801 1408 τὴν
1823 1371 1908 1406 ἀχλὺν

1117 1429 1220 1463 ταύτης
1240 1426 1496 1460 διασκεδὰζοντος),
1519 1424 1566 1451 καὶ
1581 1423 1595 1449 ὁ
1615 1422 1719 1456 ταύτην
1733 1417 1908 1453 εὐαγγελιζό-

1120 1484 1201 1513 μενος
1215 1474 1342 1509 ἄγγελος·
1358 1471 1559 1508 προπορεύεται
1575 1469 1630 1504 γὰρ
1643 1467 1741 1502 αὐτῆς.

1418 1516 1544 1544 ΚΕΦΔΛ.
1565 1514 1602 1542 Ζ¹.

289 1589 357 1622 Qut:
373 1588 473 1623 scripta
488 1592 549 1615 sunt
563 1586 656 1622 angelo
672 1585 800 1612 Ecclesia:
811 1592 870 1620 qua:
883 1590 922 1612 est
936 1584 1044 1612 Sardis.

1121 1578 1158 1606 Τὰ
1183 1574 1398 1611 ἀπεσταλμένα
1625 1569 1682 1604 τῆς
1703 1569 1739 1596 ἐν
1762 1567 1911 1602 Σάρδεσιν

307 1676 351 1709 Ill,
365 1677 425 1704 1-5.
444 1675 478 1702 Et
492 1674 585 1710 angelo
597 1673 723 1701 Ecclesia:
734 1681 792 1708 qut:
802 1678 839 1699 est
852 1672 946 1700 Sardis
961 1673 1046 1701 scribe
1056 1681 1066 1700 :

273 1723 338 1750 llcec
356 1722 422 1749 dicit
442 1722 487 1757 qui
512 1721 588 1748 habet
609 1726 707 1755 septem
725 1720 834 1754 spiritus
858 1719 907 1746 Dei
928 1724 953 1746 et
971 1725 1067 1754 septem

272 1768 384 1795 stellas:
398 1767 458 1794 Scio
471 1775 549 1802 opera
563 1772 609 1793 tua
622 1766 685 1800 quia
701 1774 793 1792 nomen
810 1765 888 1792 habes
899 1765 967 1799 quod
983 1766 1067 1796 vivas,

271 1817 296 1838 et
308 1816 426 1837 mortuus
441 1818 478 1837 es.
495 1810 561 1837 Esto
575 1810 697 1845 uigilans,
714 1814 739 1837 et
755 1809 884 1843 conﬁrma
898 1815 994 1837 uetera
1008 1817 1068 1844 qua:

272 1857 403 1883 moritura
415 1861 492 1882 erant
506 1862 516 1881 .'
532 1864 582 1882 non
597 1856 665 1882 enim
679 1855 766 1882 inveni
781 1863 860 1889 opera
874 1861 920 1881 tua
934 1856 1011 1889 plena
1022 1863 1068 1881 co-

271 1909 331 1928 ram
354 1901 406 1927 Ι)εο
431 1909 496 1928 meo.
516 1900 646 1927 Memento
669 1902 801 1934 quomodo
825 1901 955 1934 acceperis
971 1904 996 1926 et
1017 1908 1067 1926 au-

272 1948 364 1980 dieris,
379 1953 404 1974 ct
422 1955 496 1974 servm
512 1955 543 1973 ac
557 1947 691 1981 resipisces.
707 1946 785 1979 Quod
798 1946 822 1972 si
838 1954 889 1973 non
901 1946 1048 1981 vigilaveris
1058 1967 1066 1980 ,

272 1994 376 2022 veniam
387 1993 422 2020 ad
440 1998 463 2020 te
480 1997 607 2027 tanquam
621 1992 675 2026 fur,
689 1997 714 2020 et
727 2000 778 2020 non
793 1993 859 2020 scies
874 2000 926 2028 qua
945 1991 1010 2019 liora
1026 2001 1068 2020 ve—

273 2042 346 2067 niant
360 2041 394 2067 ad
411 2045 445 2066 te.

309 2131 419 2166 Septem
437 2129 540 2161 stellas,
565 2129 591 2156 id
607 2133 649 2156 est
669 2128 778 2155 divinos
797 2127 926 2162 angelos,
947 2133 977 2154 ut
1000 2135 1069 2162 prm

273 2178 394 2205 diximus
416 2185 422 2203 :
443 2180 545 2210 septem
570 2182 680 2209 quoque
705 2173 820 2208 spiritus
835 2173 945 2200 eosdem
969 2174 1068 2201 intelli-

273 2224 383 2260 gimus,
397 2222 475 2256 juxta
498 2221 524 2247 id
546 2220 618 2255 quod
640 2220 743 2247 dictum
758 2223 812 2249 est,
834 2228 842 2244 ι
864 2219 915 2251 Qui
937 2218 1001 2246 facit
1016 2227 1066 2246 an-

223 2289 226 2291 .
273 2270 350 2303 gelos
363 2276 427 2294 suos
446 2267 561 2301 spiritus
576 2265 598 2281 ⁸⁵
616 2274 625 2291 ι
646 2270 693 2292 aut
715 2264 888 2299 operatioues
905 2265 1066 2293 viviﬁcantis
1080 2260 1106 2289 D

1417 1607 1616 1641 Ἑκκλησίας.

1154 1671 1209 1698 Kal
1232 1669 1272 1702 τῷ
1292 1667 1409 1703 ἀγγέλῳ
1424 1665 1478 1700 τῆς
1497 1665 1533 1692 ἐν
1551 1662 1698 1697 Σάρδεσιν
1725 1659 1911 1694 Ἐκκλησίας

1118 1718 1253 1754 τράψονο
1276 1715 1348 1742 Τάδε
1364 1714 1445 1748 λέγει
1467 1713 1484 1739 ό
1497 1712 1576 1745 ἔχων
1599 1709 1636 1736 τὰ
1659 1707 1734 1735 ἑπτὰ
1755 1707 1910 1741 πνεύματα

1118 1752 1172 1791 τσῦ
1194 1762 1268 1790 Θεοῦ
1287 1761 1337 1788 καί
1359 1759 1429 1792 τοὺς
1448 1758 1522 1785 ἑπτὰ
1542 1756 1687 1790 ἀστέρας·
1707 1752 1779 1780 Οἶδιὶ
1798 1760 1857 1780 σου
1874 1752 1910 1778 τὰ

1118 1809 1200 1843 ἔργα,
1212 1807 1256 1834 ὅτι
1269 1807 1363 1841 ὄνομα
1375 1805 1456 1840 ἔχεις
1467 1802 1514 1830 καὶ
1528 1801 1578 1835 ζῇς
1591 1801 1639 1827 καί
1650 1799 1757 1834 νεκρὸς
1767 1796 1803 1825 εἷ.
1816 1797 1910 1825 ι’ίνου

1117 1853 1272 1890 γρηγορῶν
1284 1853 1332 1881 καί
1346 1851 1415 1884 Uni;
1427 1851 1493 1883 ιξον
1504 1850 1539 1876 τὰ
1552 1847 1644 1875 λοιπὰ
1659 1846 1678 1873 ἅ
1692 1846 1820 1881 ἔμελλεν
1833 1843 1909 1870 ἀπο-

1119 1901 1239 1929 θανεῖν*
1261 1900 1297 1927 οὐ
1314 1899 1370 1934 γὰρ
1390 1896 1504 1932 εὕρηκά
1526 1903 1584 1922 σου
1603 1895 1638 1921 τὰ
1657 1893 1729 1928 ἔργα
1753 1893 1910 1924 πεπληρω-

1115 1947 1194 1982 μένα
1219 1946 1350 1973 ἐνώπιον
1378 1943 1431 1971 τοῦ
1456 1941 1530 1969 Θεοῦ
1550 1949 1621 1975 μου.
1646 1938 1823 1973 Μνημόνευε
1847 1935 1910 1968 πῶς

1118 1993 1259 2027 εῖληφας,
1269 1990 1318 2018 καὶ
1330 1990 1478 2024 ἤκουσας,
1493 1987 1542 2014 καὶ
1555 1986 1637 2020 τήρει
1647 1985 1696 2012 καὶ
1706 1983 1909 2019 μετανόησον.

1126 2039 1196 2067 Ἐὰν
1205 2035 1263 2065 οὖν
1273 2037 1316 2072 μὴ
1324 2034 1526 2071 γρηγορήσῃς,
1536 2033 1599 2066 ἥξω
1611 2031 1659 2058 ἐπὶ
1669 2031 1706 2057 σὲ
1718 2031 1758 2063 ὡς
1766 2030 1908 2061 κλέπτης.

1119 2086 1173 2113 Καὶ
1191 2086 1226 2113 οὐ
1236 2085 1279 2118 μὴ
1295 2082 1373 2118 γνῷς
1388 2083 1479 2109 ποίαν
1495 2080 1575 2114 ὥραν
1589 2079 1651 2112 ἥξω
1666 2077 1715 2104 ἐπὶ
1731 2076 1778 2103 σέ.

1160 2131 1246 2159 Ἑπτὰ
1259 2130 1389 2165 ἀστέρας,
1405 2127 1494 2158 θείους
1512 2126 1657 2160 ἀγγέλους,
1673 2124 1710 2155 ὡς
1736 2122 1909 2158 προέφημεν,

1118 2179 1166 2205 καὶ
1179 2178 1249 2204 ἑπτὰ
1263 2176 1291 2203 δὲ
1309 2175 1452 2210 πνεύματα
1465 2174 1528 2204 τοὺς
1541 2172 1638 2202 αὐτοὺς
1653 2170 1777 2205 νοοῦμεν,
1795 2168 1866 2195 κατὰ
1879 2167 1910 2193 τὸ

1120 2223 1275 2259 εἰρημένον,
1304 2231 1313 2247 ι
1337 2221 1368 2247 '0
1393 2220 1477 2247 ποιῶν
1494 2219 1558 2249 τοὺς
1574 2217 1705 2251 ἀγγέλους
1723 2215 1806 2242 αὑτοῦ
1828 2213 1908 2240 πνεύ-

1122 2280 1206 2306 ματα,
1227 2281 1236 2296 ι
1254 2270 1270 2305 ἢ
1293 2270 1342 2300 τὰς
1359 2267 1500 2302 ἐνεργείας
1516 2265 1563 2291 τοῦ
1581 2261 1715 2295 ζωοποιοῦ
1738 2260 1906 2295 Πνεῦματος,

274 2315 403 2350 Spiritus,
413 2321 474 2348 quae
484 2318 600 2346 utraque
614 2317 678 2338 sunt
690 2312 716 2338 in
731 2319 813 2338 manu
830 2311 887 2338 sive
898 2312 924 2337 in
934 2317 1067 2346 potestate

1120 2305 1192 2351 linep
1207 2316 1350 2350 ἀμφότερα
1365 2315 1394 2340 ἐν
1408 2314 1441 2348 τῇ
1455 2312 1539 2347 χειρὶ,
1566 2311 1625 2345 ἦτοι
1644 2310 1673 2335 ἐν
1690 2309 1723 2344 τῇ
1739 2307 1848 2342 ἐξουσίᾳ
1861 2305 1908 2332 τοῦ

273 2360 376 2387 Cbristi
400 2368 406 2386 :
425 2359 478 2385 illis
492 2364 612 2391 namque
632 2361 761 2391 tanquam
779 2356 909 2383 Dominus
928 2357 1065 2391 praesidet,

1120 2362 1240 2399 Χριστοῦ
1256 2364 1324 2388 ἐστι.
1341 2359 1394 2386 Τοῦ
1409 2359 1458 2394 μὲν
1472 2358 1528 2393 γὰρ
1542 2355 1716 2387 Δεσποτικῶς
1732 2354 1843 2390 κρατεῖ,
1861 2352 1907 2379 τοῦ

274 2406 348 2433 hunc
375 2409 466 2432 autem
496 2403 592 2430 tribuit
620 2407 749 2436 tanquam
775 2401 900 2436 ejusdem
923 2403 1065 2435 essentia,

1120 2409 1149 2436 δέ
1171 2409 1230 2434 ἐστι
1258 2405 1375 2442 χορηγὸς
1400 2405 1437 2436 ὡς
1457 2403 1608 2438 όμοοὺσιος,
1633 2400 1699 2428 καθὸ
1724 2400 1770 2426 καὶ
1794 2399 1907 2434 εἴρηκε,

270 2451 347 2486 juxta
369 2451 395 2478 id
412 2450 485 2485 quod
501 2449 634 2484 scriptum
662 2453 704 2476 est
722 2458 728 2476 :
750 2457 760 2474 ι
777 2448 868 2475 Alium
891 2448 1061 2476 l‘araclctum

1120 2464 1128 2480 ι
1140 2453 1237 2481 Ἅλλον
1245 2451 1424 2487 Harpax):qu
1436 2449 1537 2483 πέμψω
1545 2448 1610 2482 ὑμῖν
1624 2446 1698 2482 napi
1708 2446 1754 2472 τοῦ
1767 2445 1883 2479 Πατρός.
1894 2453 1903 2470 ι

273 2500 380 2526 mittam
396 2498 474 2525 vobis
488 2505 504 2524 a
527 2497 606 2523 Patre
623 2495 658 2523 ".
674 2505 683 2522 ›
699 2495 772 2522 Niliil
800 2495 874 2522 enim
893 2495 920 2522 in
941 2495 1018 2522 beata
1037 2500 1066 2522 et

1118 2500 1200 2527 Οὐδὲν
1217 2498 1272 2532 γὰρ
1290 2498 1337 2524 ἐπὶ
1351 2497 1401 2531 τῆς
1423 2496 1562 2530 μακαρίας
1584 2494 1629 2520 καὶ
1648 2491 1811 2527 ὺπερουσίου
1827 2490 1910 2525 Τριά-

272 2543 527 2580 supersubstantiali
544 2542 678 2569 Trinitate
699 2542 903 2577 appropriatuin
928 2541 1066 2576 conspici-

1117 2545 1162 2576 δος
1178 2543 1376 2577 ὲξιδιαζόμενον
1394 2542 1501 2576 ὁρᾶται,
1521 2540 1592 2574 πλὴν
1611 2539 1660 2574 τῆς
1681 2536 1863 2571 ίδιοποιούσης
1879 2537 1908 2562 ὲν

273 2597 328 2622 tur,
349 2595 445 2626 praeter
465 2591 539 2624 ipsas
563 2588 744 2624 proprietates
764 2594 940 2622 personarum
960 2586 1065 2614 consti-

1119 2592 1188 2626 αὐτῇ
1204 2591 1350 2625 πρόσω-πον
1365 2587 1518 2623 ὑπάρξεως.

273 2638 384 2664 Iutivas.

308 2683 368 2710 Scio
383 2690 460 2716 opera
479 2688 535 2709 tua.
555 2680 632 2714 Quod
647 2681 699 2709 hoc
715 2680 776 2707 loco
791 2679 892 2706 dicitur
906 2679 969 2707 Scio
979 2700 986 2711 ,
1001 2679 1066 2706 sim-

1157 2677 1229 2707 οἶδά
1241 2686 1299 2706 σου
1312 2677 1347 2704 τὰ
1361 2677 1443 2712 ἔργα.
1466 2675 1599 2703 Ἐνταῦοα
1612 2675 1651 2707 τὸ,
1666 2672 1743 2706 οἶδα,
1755 2673 1805 2707 τὴν
1816 2671 1909 2702 ἁπλῶς

272 2729 369 2764 plieem
384 2729 510 2763 designat
526 2726 664 2760 notitiam,
681 2734 735 2753 non
752 2725 974 2753 familiaritatem.
990 2725 1067 2754 Unde

1120 2726 1238 2761 γνῶσιν,
1254 2725 1285 2751 οὐ
1310 2725 1357 2759 τὴν
1387 2723 1577 2751 κατυικείωσιν
1601 2720 1745 2756 σημαίνειν
1771 2718 1908 2754 βούλεται.

578 2796 601 2831 ’ξ
614 2795 680 2821 Luc.
693 2802 723 2825 κ.
744 2793 788 2820 18.
836 2793 859 2810 ⁸ο
875 2793 955 2821 Rom.
969 2801 1025 2825 xvi,
1042 2793 1076 2821 ΞΟ

1137 2792 1244 2820 "Psal.
1273 2799 1316 2825 xc,
1332 2791 1388 2831 (l3.
1440 2790 1463 2806 ⁸¹
1477 2789 1582 2818 "PL-tr.
1599 2796 1619 2820 ι,
1642 2787 1684 2814 l9.
1739 2786 1763 2802 "
1784 2784 1856 2812 lul'za
1878 2783 1905 2811 5.

552 2831 575 2847 ⁸⁸
590 2830 670 2857 Joan.
690 2837 744 2862 xiv,
760 2831 787 2855 ϋ.

307 2796 528 2829 "lsa.stv,12.

273 2834 296 2850 ⁸⁵
313 2833 385 2860 Psal.
403 2841 460 2864 ctu.
476 2833 502 2859 ί.

313 2893 366 2930 (ll)
381 2893 542 2928 Θεοκλητία,
558 2890 698 2924 invocatio,
715 2889 788 2924 vulg.
