2095 3160
179 195 232 228 549

715 196 821 226 COMM
828 196 911 226 E.\'T.
935 197 974 227 IN
997 195 1264 226 APOCALYPSIN-

1767 195 1822 227 550

181 255 227 282 Διὸ
243 254 292 281 καὶ
315 253 478 288 ἐπιπλήττει
499 255 532 289 τῇ
554 254 715 290 Ὲκκλησῑᾳ,
735 254 773 286 ὼς
794 253 872 289 ψιλὸν
895 254 980 289 ὄνομα

1035 252 1114 280 etiam
1131 251 1281 278 Ecclesium
1298 249 1436 284 objurgat,
1448 248 1531 285 677
1547 252 1576 276 ut
1597 256 1658 284 qua:
1675 249 1763 277 solum
1779 257 1828 277 no-

182 300 255 335 ζωῆς
271 300 370 335 ἐχούσῃ
394 299 445 334 τῆς
462 300 593 332 πίστεως,
610 301 804 337 νενεκρωμένῃ
818 300 846 326 δὲ
867 300 897 333 ἐξ
912 302 977 334 ἀγα-

183 346 237 372 θῶν
249 346 388 381 πράξεων.
413 346 456 378 Ὠς
471 346 525 381 γὰρ
540 345 613 381 ζωὴν
626 343 680 372 οἶδε
697 346 792 372 καλεῖν
805 347 821 381 ἡ
838 346 933 382 Γραφὴ
948 346 977 372 τὸ

183 393 320 428 ἐνάρετον,
335 393 384 428 τὴν
396 394 467 419 κατὰ
478 392 545 419 Θεὸν
555 391 628 426 λέγω
638 392 722 427 ζωὴν,
737 392 799 419 καθ’
810 392 825 418 ὅ
838 393 885 419 καὶ
901 392 978 428 εἴρη-

183 447 239 469 ται,
267 439 307 465 ὅτι
337 449 346 464 ‹
368 439 404 465 Τὸ
428 438 518 472 λόγιδν
540 447 586 464 σου
611 438 694 474 ἔζησέ
719 447 768 474 με’
791 448 800 464 ι
825 439 978 472 τουτέστιν,

185 484 320 520 ἐπέστησέ
342 493 375 516 με
391 483 496 519 τρίϐοις
519 484 557 518 τῷ
579 484 637 511 ὄντι
665 484 759 519 ζωῆς·
774 485 845 511 οὕτω
869 485 917 511 καὶ
932 485 980 512 θά-

183 539 262 557 νοιτον
282 530 327 556 τὸν
345 530 496 564 πλημμελῆ
513 529 579 564 βίον,
605 530 642 561 ὡς
664 530 739 565 δηλοῖ
758 530 865 562 Παῦλος
881 531 895 557 ὁ
909 530 980 562 θεῖος

185 575 250 610 περὶ
266 576 321 602 τῶν
340 575 369 608 ἐξ
386 576 515 607 ἀπιστίας
530 577 570 608 εἰς
588 575 637 611 τὴν
653 576 772 612 Χριστοῦ
789 577 881 603 πίστιν
897 585 979 612 μετα-

185 622 361 657 ϐεὸηκότων,
382 621 454 648 οὕτω
479 624 593 657 γράφων
620 622 712 654 αὐτοῖς
726 630 732 638 ·
763 632 771 648 ι
794 623 849 649 Καὶ
866 623 980 658 νεκροὺς

185 669 266 699 ὂντας
283 669 355 703 ὑμᾶς
378 669 436 698 τοῖς
456 668 666 704 παρα-πτώμασι
686 669 726 703 τῷ
751 669 871 704 Χριστῷ.
898 679 907 695 ι
926 669 981 696 Καὶ

185 716 215 741 ἑν
228 714 268 750 τῷ
282 715 329 742 τοῦ
346 714 478 750 Ποιμὲνος
494 714 589 750 plano
606 714 692 746 οὓτως
707 714 896 750 διαγορεὺεται
909 735 915 745 .
931 724 981 742 κα-

185 761 369 796 ταϐεϐηκέναι
395 761 472 793 τινὰς
496 763 535 793 είς
559 761 589 788 τὸ
609 761 683 796 ὕδωρ
707 761 756 796 τῆς
774 761 979 797 κολυμϐήθρας,

185 808 306 842 δηλονότι
321 808 448 843 νεκροὺς,
466 809 513 833 καὶ
527 807 729 842 ἀναῦεϐηκέναι
744 807 860 839 ζῶντας.

221 854 316 880 Γινου
334 853 497 888 γερηγυρῶν,
518 853 567 880 καὶ
589 852 737 886 στήριξον
752 853 789 880 τὰ
808 851 911 880 λοιπά.
929 852 982 880 Τὸν

188 899 272 926 ὕπνον
295 900 345 934 τῆς
369 899 507 935 ῥᾳθυμίας
525 899 771 934 ἁποτιναξάμενος,
793 900 840 927 καὶ
857 901 891 925 τα
913 898 980 934 μέλη

1031 307 1092 326 men
1102 298 1163 325 vita:
1176 297 1238 324 ﬁdei
1253 296 1362 328 habeat.
1376 301 1484 323 mortua
1494 303 1560 323 vero
1574 296 1635 323 sita
1649 296 1730 323 bonis
1742 296 1827 324 actio-

1030 344 1121 371 nibus.
1143 341 1381 376 Quemadmodum
1403 341 1477 368 enim
1493 340 1578 368 vitam
1603 341 1741 376 appellare
1760 341 1829 368 solet

1030 389 1172 424 Scriptura
1203 387 1383 423 probitatem,
1402 387 1497 419 vitam,
1516 387 1642 422 inquam,
1675 388 1827 415 secundum

1031 435 1126 466 Deum,
1139 434 1216 469 juxta
1233 433 1258 460 id
1274 433 1347 468 quod
1363 433 1466 460 dictum
1485 437 1547 460 est:
1565 442 1574 458 ι
1593 433 1738 468 Eloquium
1754 438 1829 462 tuum

1030 481 1176 509 viviﬁcavit
1191 487 1233 507 me
1246 480 1280 514 ",
1296 490 1305 505 ι
1324 480 1376 507 hoc
1389 485 1440 512 est,
1460 480 1487 506 iu
1503 479 1607 508 semitis
1621 480 1681 514 ejus
1692 488 1753 515 qua:
1767 489 1830 508 vere

1031 527 1085 554 vita
1108 532 1151 554 est
1167 526 1313 554 collocarit
1334 534 1341 552 :
1367 526 1404 553 ita
1420 531 1446 554 ct
1466 530 1582 553 mortem
1607 527 1723 562 appellat
1746 527 1828 554 vitam

1031 573 1169 604 vitiosam,
1193 572 1278 599 veluti
1297 571 1433 608 signiﬁcat
1448 572 1528 599 divus
1543 573 1645 601 Paulus
1668 573 1758 600 dehis
1782 574 1830 608 qui

1031 619 1067 647 ab
1081 619 1275 647 incredulitate
1294 619 1327 645 ad
1343 618 1446 646 Christi
1469 618 1548 646 ﬁdem
1568 619 1752 652 transierant,
1767 627 1830 647 cum

1032 666 1069 694 ita
1085 665 1181 694 scribit
1193 665 1226 692 ad
1241 665 1303 692 illos
1319 673 1326 691 :
1344 673 1353 690 ι
1373 663 1406 691 Ει
1420 672 1483 691 cum
1496 664 1596 691 mortui
1610 664 1708 692 essetis
1719 664 1832 692 Christo

1031 721 1080 748 per
1099 712 1197 739 delicta
1211 712 1245 739 ³⁷.
1275 721 1284 738 ι
1305 710 1338 738 Ει
1366 711 1393 737 in
1421 711 1493 737 libro
1521 709 1644 737 Pastoris
1671 710 1772 737 dicitur
1794 711 1832 738 ita

1032 759 1165 794 quosdam
1193 759 1220 786 in
1246 766 1345 793 aquam
1374 757 1477 785 lavacri
1511 756 1705 791 descendisse,
1734 763 1832 791 nempe

1032 808 1168 836 mortuos,
1187 807 1214 830 cl.
1231 803 1390 831 ascendisse
1407 803 1541 830 viventes.

1068 849 1134 877 Esto
1154 849 1267 885 uigilans
1279 855 1303 876 et
1322 849 1450 884 conﬁrma
1470 854 1578 876 caetera.
1595 849 1719 877 Excusso
1735 856 1833 877 somno

1034 896 1183 929 sccordim,
1196 896 1319 923 membra
1335 900 1380 922 tua
1399 903 1460 929 qua:
1481 895 1517 921 ob
1533 895 1751 922 incredulitatem
1770 903 1832 930 per-

188 953 236 972 σου
257 945 292 972 τὰ
313 945 500 979 ἀποθνήσκειν
519 945 617 977 τελέως
637 945 768 981 μέλλοντα
782 945 816 971 δι’
840 946 981 977 ἀπιστίαν,

1035 942 1105 970 lecte
1121 942 1254 969 moritura
1270 945 1362 974 erant,
1382 942 1526 968 conﬁrma.
1544 940 1637 975 Neque
1653 940 1727 968 enim
1746 941 1833 967 hono-

189 991 330 1026 Στήριξον,
355 991 393 1017 Οὐ
419 990 473 1026 γὰρ
495 991 511 1025 ὴ
530 991 602 1026 ἀρχὴ
627 991 681 1018 τῶν
701 991 811 1025 ἀγαθῶν
827 991 916 1026 ἔργων
936 991 983 1017 τδν

187 1036 307 1071 ἐργάτην
330 1037 470 1070 στεφανοῖ,
490 1036 549 1063 ἀλλ’
564 1037 580 1071 ὴ
596 1036 716 1072 ἐπιμονὴ
731 1036 795 1072 ἄχρι
819 1036 924 1067 τέλους.
946 1036 983 1062 Τὸ

188 1082 336 1116 στιὶριξον
354 1082 394 1114 δὲ,
422 1082 471 1117 οὐχ
499 1082 593 1114 ἁπλῶς
609 1082 733 1117 εἴρηται,
757 1082 825 1109 ἀλλὰ
849 1081 880 1108 τὸ
901 1082 984 1109 οἱονεὶ

189 1128 403 1164 στεῤῥοποίησον
417 1129 464 1155 καὶ
477 1128 670 1163 ὲνδυνάμωσον
687 1128 795 1164 χαλαρὰ
811 1137 840 1154 τε
855 1128 920 1154 ὂντα
936 1128 984 1154 καὶ

188 1175 257 1210 πρὸς
275 1174 378 1200 πτῶσιν
396 1175 570 1210 ἑτοιμότατα.
595 1173 656 1209 Ἐφ’
676 1174 738 1201 ὅσον
751 1173 798 1200 οὖν
821 1173 983 1209 περιλείπε-

188 1220 233 1247 ται
251 1229 293 1247 σοι
316 1220 421 1256 βραχέα
440 1219 659 1255 ἐπιτηδεύματα,
690 1220 770 1255 φησὶ,
793 1219 922 1255 πρόσθες,
940 1220 984 1246 ἵνα

190 1267 228 1302 μὴ
243 1266 335 1294 τέλεον
357 1266 523 1302 ἀποσπάσῃς
548 1266 675 1293 θάνατον.
698 1265 792 1293 Ταῦτα
811 1266 878 1300 γοῦν
895 1266 984 1300 φύλα-

190 1313 236 1347 ξον
259 1313 293 1340 τὰ
315 1313 367 1348 ἥδη
383 1312 483 1345 ζῶντα,
507 1314 599 1339 ἐκεῖνα
616 1312 644 1338 δὲ
660 1313 786 1349 στήριξον
802 1313 836 1339 τὰ
853 1312 922 1348 πρὸς
936 1313 985 1340 0d-

189 1368 270 1387 νατον
285 1359 336 1394 ήδη
353 1359 482 1395 ῥέποντα.
499 1358 583 1385 Οὐδὲν
600 1358 654 1394 γάρ
671 1367 718 1385 σου
736 1358 791 1385 τῶν
807 1358 984 1393 σπουδασμά-

189 1413 243 1431 των
262 1404 366 1440 πλῆρές
391 1405 476 1430 ἐστιν.
497 1402 580 1430 Ἀλλὰ
597 1403 632 1429 τὰ
647 1403 697 1439 μὲν
716 1402 848 1438 τέθνηκεν
868 1403 930 1438 ήδη,
950 1403 985 1430 τὰ

190 1451 219 1477 δὲ
249 1451 351 1486 μέλλει.
381 1450 419 1476 Τὸ
441 1449 483 1482 δὲ,
512 1448 642 1476 ἐνώπιον
669 1448 723 1475 τοῦ
754 1448 830 1475 Θεοῦ
848 1457 926 1483 μου,
947 1448 1000 1482 ὡς,

191 1497 321 1528 πολλάκις
337 1496 461 1532 εἴρηται,
479 1495 517 1527 ὡς
538 1495 593 1522 ἀπὸ
609 1495 660 1530 τῆς
674 1494 850 1529 ἀνθρωπίνης
865 1494 986 1529 προσλή-

190 1542 263 1574 ψεως
279 1541 318 1577 τῷ
334 1541 390 1577 Υἱῴ
413 1541 460 1568 τοῦ
481 1541 550 1568 Θεοῦ
572 1539 889 1575 συγκαταὸατικώτερον
912 1547 984 1573 προ-

192 1588 319 1624 ήνεκται.

1035 996 1096 1016 rum
1113 988 1220 1015 initium
1233 995 1406 1023 operatorem
1423 990 1549 1019 coronat,
1564 986 1612 1014 sed
1626 987 1832 1022 perseverantia

1036 1045 1123 1073 usque
1148 1037 1175 1064 in
1194 1036 1287 1064 ﬁnem.
1303 1036 1364 1063 Non
1387 1040 1481 1063 autem
1507 1040 1648 1070 utcunque
1669 1035 1772 1063 dictum
1791 1039 1834 1062 est

1035 1084 1183 1119 Con/imm,
1201 1084 1248 1111 sed
1266 1083 1345 1119 quasi
1370 1083 1486 1111 dixisset
1504 1092 1511 1110 :
1530 1083 1624 1110 Solida
1639 1082 1724 1110 facito
1739 1090 1772 1110 ac
1787 1089 1834 1109 ro—

1035 1130 1101 1157 hora
1111 1150 1119 1162 ,
1133 1137 1195 1164 ιιιιιο
1216 1134 1244 1157 et
1261 1130 1351 1156 mollia
1368 1134 1433 1157 sunt
1448 1134 1476 1157 et
1488 1129 1521 1157 ad
1537 1137 1632 1164 casum
1647 1129 1833 1164 paratissima.

1034 1162 1176 1208 Quatenus
1201 1175 1283 1210 igitur
1305 1175 1412 1202 modica
1429 1175 1477 1202 tibi
1494 1175 1599 1210 reliqua
1607 1162 1687 1202 ‘sdut
1702 1175 1833 1202 virtutum

1034 1221 1176 1253 exercitia,
1192 1220 1313 1252 attende,
1330 1221 1430 1256 inquit,
1447 1229 1481 1248 ne
1497 1222 1606 1255 penitus
1621 1221 1750 1248 intereas.
1769 1220 1834 1248 Ilaec

1034 1268 1128 1303 itaque
1145 1275 1278 1295 conserva
1294 1275 1356 1303 qua:
1377 1267 1468 1294 adhuc
1483 1266 1596 1301 vivunt,
1618 1267 1664 1294 illa
1680 1274 1746 1294 vero
1766 1274 1834 1294 cott-

1037 1313 1116 1341 ﬁrma
1140 1322 1203 1349 qua:
1222 1314 1280 1349 jam
1304 1314 1337 1341 ad
1363 1318 1479 1341 mortem
1500 1318 1617 1349 vergunt
1641 1323 1648 1341 :
1668 1313 1736 1341 nihil
1759 1314 1834 1342 enim

1036 1362 1146 1386 tuorum
1162 1359 1316 1386 studiorum
1329 1359 1439 1394 plenum
1455 1363 1508 1392 est,
1519 1359 1567 1387 sed
1581 1359 1638 1386 haec
1651 1358 1762 1394 quidem
1776 1359 1834 1394 jam

1035 1411 1143 1433 mortua
1159 1410 1234 1438 sunt,
1252 1405 1298 1433 illa
1327 1413 1392 1433 vero
1414 1407 1560 1433 moritura.
1578 1405 1656 1438 Quod
1673 1410 1763 1433 autem
1786 1406 1835 1438 ait,

1038 1458 1128 1477 coram
1140 1451 1196 1478 Deo
1211 1459 1280 1483 meo,
1299 1451 1382 1479 veluti
1398 1451 1499 1486 saepius
1515 1451 1619 1479 dictum
1635 1456 1687 1484 est,
1704 1457 1834 1486 tanquam

1035 1504 1070 1525 ex
1084 1497 1265 1525 humanitatis
1277 1498 1468 1533 assumptione
1482 1498 1570 1533 magis
1585 1497 1837 1526 condcseendendo

1036 1543 1175 1578 prolatum
1187 1548 1229 1571 est
1239 1544 1272 1571 de
1286 1543 1356 1571 Filio
1371 1543 1429 1571 Dei.

227 1613 405 1668 ᾒπηῂὀνευε
418 1633 480 1666 πῶς
489 1633 630 1667 εἴληφας.
644 1632 700 1668 Τὴν
715 1631 877 1666 παράδοσιν,
891 1631 984 1666 φησὶν,

1074 1633 1203 1660 Memento
1226 1633 1359 1668 quomodo
1388 1633 1532 1668 acceperis.
1560 1633 1763 1667 Traditionem,
1793 1633 1837 1661 in-

192 1680 226 1715 ἣν
240 1681 271 1706 ὲκ
287 1680 341 1706 τῶν
364 1679 520 1706 ἀποστόλων
536 1679 661 1714 εῦαηφας,
677 1679 812 1713 τήρησον,
829 1677 876 1704 καὶ
893 1677 939 1704 ἐπὶ
951 1678 985 1713 τῇ

195 1723 315 1760 ῥᾳθυμίῃ.
335 1725 512 1759 μετανόησον.
543 1724 598 1750 Καὶ
622 1723 657 1749 τὰ
683 1723 732 1758 μὲν
753 1722 795 1749 ἐτι
823 1731 869 1749 σου
897 1722 987 1755 ζῶντα

192 1771 262 1806 ἔργα
278 1771 397 1805 τήρησον
416 1771 445 1796 ὲν
462 1771 495 1805 τῇ
513 1770 570 1805 ζωῇ
581 1777 588 1784 ·
605 1769 652 1796 ἐπὶ
667 1769 696 1796 δὲ
713 1769 768 1800 τοῖς
782 1768 923 1801 τεθνεῶσι,
942 1769 986 1796 διᾶ

194 1817 338 1853 μετανοίας
353 1817 402 1852 τὴν
423 1816 591 1847 πιλινζωῖαν
609 1815 702 1847 αὐτοῖς
721 1815 911 1850 περιποίησον.
930 1816 986 1842 Με-

192 1863 302 1890 τάνοιαν
315 1863 364 1898 τὴν
380 1862 525 1898 μετάθεσίν
541 1870 624 1897 φησιν
639 1861 694 1888 ἀπὸ
709 1861 765 1888 τῶν
782 1861 926 1897 χειρόνων,
941 1861 988 1888 καὶ

194 1908 346 1944 μεταϐολὴν
361 1909 408 1934 ἐπὶ
422 1907 454 1934 τὸ
471 1907 588 1942 βέλτιον.

228 1955 284 1982 Kal
305 1956 340 1982 οὺ
360 1954 402 1989 μὴ
419 1953 497 1990 γνῷς
513 1954 605 1980 ποίαν
622 1952 713 1987 ὥραν.
736 1952 890 1986 Ἀγνωστος
905 1951 959 1986 γὰρ
973 1952 987 1978 ὀ

193 2002 298 2037 καιρός.
316 2002 370 2028 Καὶ
384 2001 480 2036 ὥσπερ
494 2000 573 2035 ἡμῶν
584 1999 691 2034 ἑκάστῳ
703 1999 717 2024 ὁ
727 1998 775 2024 τοῦ
788 1997 905 2024 θανάτου
920 1997 987 2023 ὲιά-

195 2057 259 2074 στου
273 2049 364 2083 ήμῶν,
379 2047 452 2074 οὓτω
461 2046 552 2082 πολλῷ
562 2046 663 2081 μᾶλλον
673 2046 687 2072 ὁ
701 2045 750 2080 τῆς
767 2044 899 2079 δευτέρας
916 2052 987 2079 παρ-

193 2094 288 2126 ουσίας
303 2094 350 2120 τοῦ
366 2094 482 2130 Κυρίου.

235 2141 313 2168 Ἀλλ’
325 2141 412 2175 ὀλίγα
427 2141 507 2175 ἔχεις
522 2139 654 2174 ὀνόματα
664 2138 699 2165 ἐν
713 2138 872 2172 Σάρδεσιν,
886 2137 915 2165 οἲ
931 2138 987 2165 οὐκ

193 2188 347 2223 ἐμόλυναν
371 2187 408 2214 τὰ
427 2186 528 2221 ἱμάτια
549 2184 666 2218 αὐτῶν,
680 2185 729 2211 καὶ
743 2185 987 2219 περιπατήσουσι

191 2233 256 2268 μετ’
268 2232 342 2267 ἐμοῦ
357 2232 392 2259 ἐν
412 2230 545 2265 λευκοῖς,
559 2231 603 2258 ὅτι
623 2231 704 2262 ἄξιοί
724 2232 813 2257 εἰσιν.
837 2231 868 2257 '0
883 2230 985 2263 νικῶν,

1038 1680 1116 1715 quit,
1147 1687 1227 1707 serva
1252 1687 1335 1715 quam
1359 1679 1395 1707 ab
1422 1680 1556 1715 apostolis
1592 1680 1735 1715 accepisti,
1753 1687 1785 1707 ac
1801 1679 1837 1707 de

1038 1725 1154 1759 segnitie
1185 1726 1342 1760 resipiscito
1371 1735 1378 1753 :
1405 1731 1434 1753 et
1459 1733 1491 1753 ea
1520 1727 1631 1761 quidem
1661 1734 1744 1761 opera
1774 1734 1837 1762 quac

1038 1772 1130 1799 adhuc
1150 1771 1251 1799 vivunt
1265 1779 1345 1799 serva
1361 1771 1389 1799 in
1407 1772 1461 1799 vita
1481 1781 1488 1800 :
1507 1772 1549 1800 his
1573 1777 1665 1800 autem
1682 1780 1744 1807 qua:
1763 1779 1838 1799 mor-

1039 1823 1085 1846 tua
1118 1823 1183 1846 sunt
1203 1826 1252 1853 per
1275 1818 1467 1853 penitentiam
1503 1819 1636 1853 conquiro
1668 1818 1838 1846 reviviscen-

1040 1865 1116 1892 tiam.
1146 1863 1233 1892 Porro
1261 1864 1484 1899 resipiscentiam
1516 1866 1583 1893 dicit
1618 1866 1798 1894 mutationem
1819 1874 1833 1894 a

1039 1910 1119 1938 malis
1135 1910 1169 1937 ad
1188 1910 1213 1937 id
1228 1910 1301 1945 quod
1319 1909 1417 1937 melius
1431 1916 1483 1938 est.

1073 1955 1110 1982 Et
1126 1963 1178 1982 non
1192 1956 1259 1982 acies
1271 1963 1322 1991 qua
1333 1955 1410 1982 hora.
1427 1955 1551 1991 Ignotum
1565 1960 1608 1983 est
1624 1956 1698 1984 enim
1715 1961 1835 1992 tempus.

1038 2002 1071 2030 Et
1096 2001 1330 2037 quemadmodum
1359 2002 1460 2036 cuique
1488 2006 1614 2029 nostrum
1644 2003 1768 2037 ignotum
1795 2008 1838 2030 est

1038 2052 1147 2081 tempus
1173 2047 1271 2074 mortis
1297 2046 1433 2082 cujusque
1457 2051 1602 2079 nostrum,
1634 2047 1671 2074 ita
1698 2052 1726 2074 et
1752 2047 1838 2075 multo

1039 2093 1125 2129 magis
1141 2098 1248 2128 tempus
1262 2093 1373 2121 secundi
1388 2092 1521 2120 adventus
1539 2092 1657 2120 Domini.

1075 2140 1117 2174 Ill,
1131 2140 1186 2168 4-6.
1202 2140 1256 2168 Sed
1269 2141 1347 2168 habes
1354 2147 1443 2175 pauca
1457 2139 1565 2166 nomina
1579 2139 1606 2165 iu
1621 2138 1716 2166 Sardi:
1726 2138 1772 2173 qui
1785 2147 1837 2165 nou

1038 2188 1243 2223 inquinaveruut
1258 2187 1413 2214 vestimenta
1428 2194 1487 2217 sua,
1506 2191 1530 2213 et
1547 2184 1720 2212 ambulabunt
1736 2193 1837 2211 mecum

1039 2235 1067 2261 in
1082 2234 1151 2261 albis
1162 2254 1169 2267 ,
1195 2234 1259 2268 quia
1281 2233 1356 2267 digni
1369 2237 1442 2259 sunt.
1458 2231 1510 2264 Qui
1531 2231 1637 2262 vicerit,
1651 2231 1693 2256 hic
1714 2231 1839 2257 vestietur

195 2277 286 2312 οὗτος
307 2277 509 2313 περιϐαλεῖται
530 2278 564 2304 ἐν
591 2277 718 2312 ἱματίοις
732 2277 865 2310 λευκοῖς,
881 2277 928 2304 καὶ
950 2278 984 2304 οὐ

1040 2281 1201 2308 vestiuwntis
1217 2281 1296 2313 albis,
1313 2286 1337 2308 et
1352 2289 1404 2307 mm
1418 2279 1508 2307 delebo
1524 2286 1617 2306 nomen
1638 2278 1694 2312 eius
1707 2278 1791 2313 678
1807 2277 1839 2304 de

192 2326 236 2360 μὴ
252 2325 404 2359 ἐξαλείψω
416 2324 449 2350 τὸ
464 2324 558 2358 ὄνομα
575 2323 669 2350 αὐτοῦ
684 2323 719 2350 ἐκ
734 2322 790 2357 τῆς
801 2324 913 2355 βίϐλου
931 2322 986 2357 τῆς

195 2369 281 2405 ζωῆς,
304 2369 355 2397 καί
372 2369 550 2405 ὁμολογήσω
572 2370 604 2396 τὸ
632 2369 726 2404 ὄνομα
747 2369 840 2396 αὑτοῦ
858 2369 987 2397 ἐνώπιον

194 2415 250 2443 τοῦ
265 2417 380 2450 Πατρός
392 2426 467 2452 μου¹
485 2417 535 2444 καὶ
553 2416 684 2443 ἐνώπιον
705 2415 765 2442 τῶν
780 2416 917 2451 ἀγγέλων
933 2417 988 2444 αὺ-

195 2462 260 2490 τοῦ.
282 2463 313 2489 '0
329 2463 410 2497 ἔχων
428 2461 495 2496 οὖς,
510 2463 669 2491 ἀκουσάτω
681 2463 716 2490 τῖ’
724 2462 757 2489 τὸ
773 2463 895 2497 Πνεῦμα
908 2463 989 2498 λέγει

195 2508 259 2542 ταῖς
283 2510 488 2543 Ἐκκλησίαις.

238 2554 457 2589 Ἑπισημαντέον
496 2554 545 2590 τὴν
579 2555 677 2590 χρῆσιν
706 2554 754 2581 τοῦ
780 2555 920 2589 ὀνόματα,
950 2554 988 2585 ὡς

196 2599 390 2635 ἁνελλήνιστον
409 2601 457 2628 καὶ
472 2602 521 2636 τῆς
542 2601 673 2637 ἀδοκίμου
694 2602 818 2637 χρήσεως
833 2603 880 2628 καὶ
895 2601 990 2635 κιϐδη-

195 2647 256 2683 λης.
280 2648 380 2683 Ἤρκει
405 2647 459 2682 γὰρ
486 2648 592 2679 εἰπεῖν,
621 2647 742 2682 Ὀλίγους
767 2648 850 2683 ἔχεις,
867 2647 925 2674 ἀλλ’
940 2648 990 2674 οὐκ

195 2694 275 2728 ὀλίγα
290 2693 422 2728 ὀνόματα.
443 2693 501 2720 Κᾶν
519 2693 573 2728 γὰρ
591 2694 607 2729 ἡ
627 2693 726 2729 ἰδιότης
744 2693 794 2728 τῆς
813 2693 989 2725 ὑποστάσεως

197 2741 314 2767 ἑκάστου
331 2740 498 2776 ἁφορίζηται
513 2740 557 2766 διὰ
578 2739 625 2766 τοῦ
640 2740 751 2774 Κυρίου
766 2739 913 2774 ὀνᾶματος,
929 2739 987 2766 ἀλλ’

196 2786 245 2813 οὖν
308 2787 436 2822 ἕγκριτος
451 2786 563 2820 γλῶσσα
587 2786 636 2821 τῆς
667 2785 792 2818 Ἑλλάδος
820 2785 931 2820 φωνῆς,
947 2785 988 2818 εἰς

196 2832 315 2867 ἀριθμὸν
330 2833 380 2859 οὐκ
406 2830 461 2859 οἶδε
482 2832 710 2868 παραλαμσάνειν
731 2832 765 2859 τὰ
785 2831 846 2859 καθ’
872 2831 988 2860 ἕκαστον

233 2921 256 2938 ³⁸
268 2920 340 2949 Psal.
355 2929 451 2956 crvtu,
468 2921 512 2950 50.
550 2921 572 2938 "
597 2920 698 2956 Ephes.
711 2927 742 2954 ιι,
756 2919 782 2948 ι.

1035 2327 1101 2354 libro
1117 2328 1187 2360 vitaz,
1201 2332 1226 2354 et
1237 2327 1381 2362 conﬁtebor
1396 2333 1490 2353 nomen
1503 2325 1560 2358 ejus
1576 2333 1665 2351 eorum
1679 2325 1759 2351 l’atrc
1769 2333 1838 2355 meo.

1035 2379 1060 2402 et
1075 2382 1165 2400 coram
1185 2373 1284 2408 angeLs
1298 2373 1364 2400 suis.
1381 2372 1434 2406 Qui
1445 2372 1523 2399 habet
1538 2379 1642 2403 aurem,
1666 2371 1759 2398 audiat
1773 2372 1838 2406 quid

1037 2420 1152 2455 Spiritus
1165 2421 1235 2447 dicat
1253 2419 1390 2447 Eaclesiir.

1075 2555 1357 2583 Animadvertendum
1369 2558 1411 2582 est
1427 2561 1506 2581 usum
1520 2551 1673 2587 accipiendi
1688 2551 1740 2578 hoc
1752 2550 1834 2577 modo

1039 2603 1167 2634 nomina,
1187 2602 1306 2629 alienum
1333 2608 1394 2628 esse
1417 2609 1431 2627 a
1449 2600 1543 2628 Graeca
1569 2598 1672 2633 phrasi,
1699 2604 1748 2623 nec
1767 2595 1836 2623 satis

1039 2649 1182 2683 prohatqu
1207 2655 1280 2679 esse,
1308 2648 1355 2674 sed
1377 2647 1514 2681 abjectum
1533 2653 1540 2672 :
1558 2644 1625 2672 satis
1648 2642 1721 2670 enim
1738 2641 1835 2669 fuiSSt-t

1039 2693 1143 2722 dixisse
1154 2702 1161 2720 :
1172 2691 1279 2720 Paucos
1292 2693 1388 2725 habes,
1402 2697 1430 2720 et
1442 2699 1496 2719 non
1510 2697 1594 2726 pauca
1606 2689 1728 2716 nomina.
1744 2687 1837 2720 Quan-

1041 2747 1123 2775 quam
1137 2739 1211 2767 enim
1227 2739 1380 2774 proprietas
1398 2739 1532 2773 cujusque
1548 2743 1674 2772 personae
1694 2740 1837 2770 separetur

1041 2792 1090 2820 per
1105 2792 1203 2812 nomen
1223 2784 1349 2817 Domini,
1370 2788 1490 2811 attamen
1515 2782 1602 2810 electa
1619 2780 1721 2809 Graecae
1738 2781 1837 2815 linguae

1042 2838 1094 2860 vox
1111 2838 1166 2860 non
1190 2831 1267 2859 novit
1285 2831 1312 2859 in
1334 2837 1480 2859 numerum
1501 2835 1644 2858 assumere
1662 2835 1723 2864 quae
1738 2828 1838 2863 cuique
