2095 3160
192 141 245 174 553

719 140 912 178 COMMENT.
933 141 971 172 IN
994 141 1259 176 APOCALYPSIS.

1755 142 1814 175 -554

190 207 231 226 σει
252 197 488 234 ἐνθεωρουμένων,
504 198 558 224 τινὶ
571 197 626 224 τῶν
654 198 738 233 τριῶν
754 198 840 232 αὐτῆς
857 198 976 225 ὑποστά-

1033 199 1109 225 alicui
1131 199 1212 226 trium
1237 199 1322 233 ipsius
1346 206 1535 234 personarum,
1560 204 1658 235 praeter
1677 199 1703 227 id
1729 208 1813 241 unum

188 252 260 271 σεων
288 243 364 279 εὖροι
387 251 430 275 τις
451 242 484 269 ἂν
510 243 724 278 ἐξιδιαξόμενον,
751 244 820 279 πλὴν
839 244 899 276 ἐνὸς
928 244 976 270 τοῦ

188 289 379 321 ὕποστατικῶς
395 289 472 324 αὐτῷ
486 290 646 325 προσόντος.

483 345 609 372 ΚΕΦΑΛ.
627 344 668 372 H'.

189 400 227 427 Τὰ
241 400 393 436 γραφέντα
411 401 486 434 πρὸς
512 400 566 427 τὸν
590 400 647 436 ῑῆς
673 402 885 436 Φιλαδελφέων
911 401 975 429 Ἐκ-

431 436 560 469 κλησίας
582 434 722 469 ἄγγελον.

164 487 166 491 ’
220 490 275 518 Καὶ
293 490 334 522 τῷ
358 491 474 524 ἀγγέλῳ
499 490 556 525 τῆς
578 491 613 517 ἐν
631 492 831 526 Φι.ίαδελφείᾳ
851 493 976 526 Ἐκκλη‹

184 536 255 569 σίας
277 536 414 571 ﬁnit/raw
444 535 518 562 Τάδε
544 536 626 571 λέγει
648 538 665 563 ὁ
680 536 765 571 ἅγιος
785 539 801 564 ό
820 537 975 571 ἀληθινὸς,

184 583 202 608 ὸ
215 582 293 615 ἔχων
303 580 361 616 τὴν
376 581 482 608 κλεῖδα
492 581 545 608 τοῦ
559 582 650 608 Δαυΐδ
662 589 668 596 ·
686 582 793 615 οὐδεὶς
811 583 937 614 κλείσει,
950 583 977 610 εί

182 627 225 662 μὴ
237 628 253 653 ό
267 627 406 661 ἀνοίγων,
417 627 466 653 καί
479 626 579 659 οὐδεὶς
592 627 717 660 ἀνοίξει,
733 626 808 662 είμὴ
822 629 838 654 d
847 628 957 655 κλείων
967 636 973 642 ·

184 670 252 700 οἶδά
271 679 330 699 σου
349 671 386 698 τὰ
417 672 499 705 ἔργα.
523 671 601 698 Ἰδοὺ
621 671 738 698 δέδωκα
766 671 894 699 ἐνώπιόν
917 680 976 699 σου

184 719 280 750 θύραν
304 717 507 751 ἀνεῳγμένην,
526 717 576 743 καὶ
593 716 694 750 οὐδεὶς
707 718 832 744 δύναται
855 717 975 744 κλεῖσαι

183 762 292 796 αὐτὴν,
305 762 350 788 ὅτι
363 762 476 795 μικρὰν
504 762 585 796 ἔχεις
599 761 740 796 δύναμιν,
756 762 806 789 καὶ
824 762 976 796 ἐτήρησάς

183 817 242 843 μου
256 807 311 834 τὸν
336 808 441 842 λόγον,
459 806 510 833 καί
525 808 582 834 οὐκ
605 807 731 840 ἠρνήσω
746 808 780 834 τὸ
793 807 886 842 ὄνομά
902 818 973 844 μου.

1028 244 1100 279 quod
1117 244 1286 280 hypostalice
1301 244 1353 280 ipsi
1370 245 1507 272 convenit.

1319 341 1434 370 CAPUT
1456 341 1522 369 Vill.

1028 398 1094 431 Qum
1112 399 1213 432 scripta
1234 403 1296 426 sunt
1318 399 1352 426 ad
1377 399 1502 458 fugelum
1528 398 1655 426 Ecclesiae
1681 399 1816 426 Philadel-

1360 441 1481 458 uterum.

1359 441 1481 467 pnorum.

1062 489 1109 523 Ill,
1138 489 1163 521 7,
1186 489 1213 517 8.
1241 489 1275 516 Et
1307 489 1400 525 angelo
1427 489 1664 524 Philadelpliorum
1692 489 1817 518 Ecclesim

1026 535 1111 563 scribe
1135 542 1144 562 :
1173 534 1237 562 Haec
1262 534 1328 562 dicit
1352 539 1460 562 sanctus
1482 535 1528 562 ille
1551 542 1643 566 verus,
1669 535 1714 569 qui
1740 535 1816 561 habet

1026 580 1126 608 clavem
1144 580 1243 613 Dauid,
1263 579 1349 607 Nemo
1365 580 1470 607 claudet
1485 580 1570 614 ipsum
1589 580 1645 607 nisi
1657 580 1680 606 is
1697 580 1742 614 qui
1757 587 1818 613 ape.

1026 625 1063 651 rit
1087 632 1097 652 :
1121 628 1146 651 et
1169 632 1244 652 nemo
1272 625 1391 658 aperiet,
1421 624 1473 651 nisi
1499 625 1521 651 is
1546 624 1591 659 qui
1615 625 1744 651 claudit:
1763 625 1817 651 scio

1026 677 1106 704 opera
1128 674 1185 697 tua.
1201 670 1269 696 Ecce
1294 669 1356 697 dedi
1379 678 1469 696 coram
1495 675 1519 697 te
1544 670 1642 696 ostium
1666 674 1786 703 apertum
1807 676 1818 696 :

1026 715 1165 750 nullusque
1178 720 1262 751 potest
1280 715 1348 742 illud
1365 715 1497 747 claudere,
1516 716 1580 750 quia
1594 715 1723 742 modicam
1739 714 1818 742 habes

1026 763 1149 789 virtutem
1170 767 1194 789 et
1207 762 1319 789 servasti
1333 770 1480 791 sermonem
1497 770 1594 794 meum,
1609 765 1634 788 et
1649 768 1701 788 non
1717 762 1819 796 negasti

1029 815 1124 834 nomen
1141 815 1238 835 meum.

220 853 316 886 ’Ἄγιος
334 852 386 886 μὲν
413 853 486 878 ἐστιν
504 852 518 877 ὁ
534 852 662 885 ἀληθινὸς
684 852 772 886 ἅγιος,
785 852 814 884 ὃς
829 853 877 879 καὶ
912 854 975 886 Υἱός

1064 851 1182 879 Sanctus
1209 851 1319 886 quidem
1343 855 1386 879 cst
1404 858 1484 879 verus
1510 850 1556 878 ille
1578 857 1702 883 sanctus,
1722 851 1769 885 qui
1792 854 1820 877 et

185 898 244 924 ἐστι
264 897 311 924 τοῦ
341 896 422 928 Θεοῦ,
438 897 486 922 καὶ
501 897 540 930 τῷ
553 896 655 931 τρισσῷ
677 897 731 924 τῶν
757 897 882 932 Σεραφὶμ
902 898 980 932 ἁγια-

187 942 273 978 στικῷ
290 942 368 978 ὕμνῳ
392 942 423 969 τὺ
441 941 542 976 ἀληθὲς
567 942 748 977 ἀποφέρεται,
767 944 804 975 ὡς
819 944 867 976 καὶ
892 946 920 970 εν
941 945 981 979 τῷ

185 987 322 1023 Θεαστικῷ
345 988 446 1022 Ἦσατᾳ
459 987 692 1025 κεχρημάτισται,
706 987 754 1014 τοῦ
778 988 886 1023 τριττοῦ
901 989 982 1023 ἁγια-

186 1033 257 1068 σμοῦ
270 1034 309 1065 εἰς
325 1033 390 1068 μίαν
414 1032 627 1068 συγκλειομένου
644 1033 807 1069 κυριότητα,
826 1034 870 1061 ἵνα
885 1036 933 1061 καὶ
950 1035 980 1062 τὺ

186 1079 296 1113 τριττὸν
323 1077 418 1114 δειχθῇ
455 1078 511 1105 τῶν
540 1078 717 1106 ὑποστάσεων
742 1079 792 1114 τῆς
817 1079 980 1115 ὑπερουσίου

187 1124 314 1159 Τριάδος,
335 1124 383 1151 καὶ
398 1123 429 1150 τὸ
442 1123 629 1151 ἀδιάσπαστον
643 1124 747 1151 τούτων
760 1124 799 1159 τῷ
817 1125 915 1159 ἐνιαίῳ
931 1124 981 1159 τῆς

188 1168 361 1203 κυριότητος.
379 1167 465 1194 Τοῦτο
485 1168 512 1194 δὲ
525 1169 579 1194 τῶν
599 1167 669 1203 πεζῇ
685 1168 732 1195 καὶ
749 1168 855 1204 θνητῶν
872 1168 981 1202 φύσεων

187 1213 219 1240 τδ
227 1213 450 1248 ὑπερανεστηκδς
462 1214 534 1246 ὅσον,
544 1214 586 1245 τίς
603 1214 636 1240 ἂν
648 1214 693 1240 διὰ
709 1214 796 1249 λόγων
816 1214 980 1250 παρεμφαί-

188 1265 279 1290 vet-to;
303 1257 404 1284 Κλεῖδα
429 1257 457 1284 δὲ
484 1257 531 1284 τοῦ
557 1258 639 1284 Δαυῖδ
652 1259 701 1294 τὴν
724 1259 982 1295 παντοκρατορικὴν

188 1302 314 1335 ἐξουσίαν
336 1303 404 1338 φησὶ
427 1303 579 1338 παριστῶν,
597 1301 677 1331 διὀὗ
703 1305 728 1330 οί
751 1304 885 1340 Θησαυροὶ
905 1305 982 1340 μόνοι

189 1347 240 1381 τῆς
269 1347 412 1381 θεοσοφίας
435 1347 600 1382 ἀνοίγονται.
630 1348 686 1384 Τὴν
713 1348 763 1383 μὲν
790 1348 837 1376 οὖν
865 1349 979 1385 πρώτην

190 1393 316 1425 ἐξουσίαν
339 1393 412 1420 κατὰ
437 1392 613 1429 ἀνθρωπίνην
629 1394 736 1429 δέχεται
758 1394 851 1430 φύσιν,
867 1396 905 1426 ὡς
929 1395 977 1422 καὶ

191 1438 275 1464 αὐτοῦ
287 1438 366 1464 τοῦτο
382 1437 456 1465 ἔστιν
473 1438 599 1466 ἀκοῦσαι·
617 1448 627 1465 ι
653 1440 746 1475 Ἐδόθη
760 1449 806 1475 μοι
817 1441 892 1467 πᾶσα
906 1441 982 1473 ἐξου-

192 1483 237 1510 σία
257 1484 286 1510 ἀν
306 1482 413 1518 οὐρανῷ
439 1484 486 1510 καὶ
504 1483 551 1510 ἐπὶ
579 1486 641 1520 γῆς,
666 1485 859 1522 [φάσκοντος.
877 1486 934 1521 Τὴν
954 1486 983 1513 δὲ

1031 897 1117 925 Filius
1132 897 1180 925 Dei
1207 901 1265 930 est,
1281 901 1308 924 et.
1324 897 1423 932 triplici
1448 896 1651 931 seraphicorum
1674 896 1818 930 spirituum

1031 943 1134 978 hymno
1160 947 1286 970 sanctum
1312 942 1477 977 praedicante
1491 942 1596 969 veritas
1613 941 1793 969 denuntiatur
1810 949 1818 968 :

1030 987 1263 1022 quemadmodum
1288 988 1369 1015 etiam
1392 988 1420 1014 in
1439 987 1652 1022 contemplativo
1681 987 1752 1014 Isaia
1771 994 1820 1021 ap-

1030 1033 1147 1068 pellatus
1164 1038 1223 1066 est,
1249 1033 1348 1067 triplici
1372 1032 1589 1060 sanctiﬁcatione
1609 1032 1636 1059 in
1656 1040 1738 1060 unam
1755 1040 1821 1059 con-

1031 1079 1109 1105 clusa
1129 1077 1358 1108 dominationem.
1377 1082 1408 1104 ut
1424 1081 1452 1104 et
1465 1077 1605 1105 ternarius
1619 1076 1821 1103 demonstretur

1032 1131 1210 1159 personarum
1227 1122 1500 1157 supersubstantialis
1512 1122 1665 1154 Trinitatis,
1680 1127 1708 1149 et
1724 1122 1820 1149 harum

1031 1169 1253 1204 inseparabilitas
1280 1169 1382 1196 unione
1408 1167 1613 1195 dominationis.
1648 1167 1706 1195 Hoc
1730 1172 1820 1195 autem

1032 1219 1166 1250 quantum
1190 1213 1394 1248 superemineat
1407 1212 1583 1240 inferioribus
1599 1220 1631 1240 ac
1646 1213 1730 1248 680
1748 1220 1822 1240 mor-

1033 1260 1131 1288 talibus
1155 1259 1279 1292 naturis,
1313 1260 1376 1294 quis
1411 1265 1505 1294 posset
1532 1260 1624 1287 verbis
1648 1259 1822 1294 exprimere?

1032 1305 1142 1333 Clavem
1171 1311 1237 1332 vero
1259 1304 1343 1332 David
1369 1305 1451 1338 dicit,
1469 1305 1684 1340 omnipotentem
1708 1306 1822 1334 demon-

1024 1350 1145 1385 strando
1160 1350 1321 1385 potentiam,
1335 1358 1384 1385 per
1400 1358 1481 1385 quem
1498 1351 1586 1378 solum
1597 1350 1698 1378 divina:
1711 1352 1822 1386 sapien-

1034 1395 1078 1422 tiae
1093 1395 1215 1422 thesauri
1229 1396 1403 1429 aperiuntur.
1422 1394 1543 1423 Primam
1566 1397 1659 1430 itaque
1673 1396 1822 1430 potentiam

1032 1441 1110 1476 juxta
1129 1441 1278 1468 humanam
1293 1441 1409 1476 suscipit
1428 1446 1564 1477 naturam,
1583 1442 1665 1469 veluti
1684 1442 1767 1469 etiam
1789 1443 1824 1470 ab

1035 1487 1082 1515 illo
1103 1487 1155 1514 hoc
1169 1486 1264 1514 audire
1278 1487 1411 1522 contigit,
1427 1487 1491 1514 dum
1507 1487 1546 1514 ait
1563 1496 1570 1515 :
1593 1497 1602 1513 ‹
1621 1487 1688 1515 Data
1703 1492 1745 1515 est
1757 1488 1822 1515 mihi

189 1529 320 1564 δευτέραν
342 1530 398 1565 ἔχει
412 1531 483 1557 κατὰ
499 1530 530 1557 τὸ
542 1531 659 1566 ἄναρχον
671 1531 720 1567 τῆς
748 1532 886 1567 θεότητος.
903 1532 981 1559 Ἔστι

1033 1531 1123 1559 omnis
1143 1534 1263 1564 potestas
1277 1530 1303 1557 in
1323 1531 1394 1557 ccelo
1409 1535 1437 1558 et
1457 1530 1484 1557 in
1501 1534 1574 1558 terra
1585 1530 1618 1557 ⁸³.
1640 1539 1650 1556 ι
1667 1530 1822 1558 Secundam

191 1573 247 1610 γὰρ
260 1575 436 1610 Ἐμμανουήλ
443 1575 509 1607 Θεὸς
523 1576 638 1611 ἀληθὴς,
652 1576 704 1604 κᾶν
720 1577 750 1603 οὐ
765 1577 890 1612 βούλεται
901 1577 981 1606 τοῦτο

191 1620 350 1655 Νεστόριος,
365 1622 390 1647 εί
407 1621 453 1647 καὶ
469 1621 579 1655 γέγονεν
595 1622 747 1657 ἄνθρωπος.
763 1624 818 1650 Καὶ
835 1623 866 1658 δή
881 1631 913 1657 γε
933 1624 981 1651 καὶ

191 1664 334 1700 ἄνθρωπος
344 1665 463 1700 ἀληοῶς,
475 1666 505 1692 οὐ
519 1666 662 1700 φαντάζων
676 1667 722 1693 τὸν
733 1667 887 1702 ἄνθρωπον,
897 1668 921 1695 εί
936 1668 983 1695 καὶ

191 1711 363 1746 δυσχεραίνει
383 1713 397 1738 6
412 1712 560 1748 θεοστυγὴς
573 1713 707 1748 Εὑτυχής.
729 1713 799 1741 Ἀλλ’
811 1714 879 1748 ὅπερ
897 1715 983 1746 ἐστὶν,

191 1757 301 1792 ἀληθῶς
315 1757 381 1789 Θεός
403 1758 488 1789 ἔστιν,
505 1759 536 1784 οὺ
559 1758 630 1785 κατὰ
657 1759 806 1794 ἀναφορὰν,
825 1759 863 1790 ὡς
883 1759 984 1786 Νεστο-

195 1803 284 1837 ριανοὶ
311 1803 457 1838 ληροῦσιν,
489 1803 536 1830 καὶ
561 1803 704 1839 ἄνθρωπος
729 1804 843 1839 ἀληθὴς,
861 1804 891 1831 οὺ
914 1804 984 1839 κατὰ

192 1845 306 1880 δόκησιν
327 1847 375 1874 καὶ
391 1847 554 1881 φαντασίαν,
570 1847 608 1878 ὡς
623 1848 648 1874 οί
660 1848 840 1884 ὲμὸρόντητοι
853 1848 985 1883 Εὑτυχια-

193 1892 293 1924 totout,
306 1893 389 1918 καὶτὸ
405 1892 671 1928 βδελυρώτατονῌδ)
689 1894 743 1920 τῶν
755 1894 914 1929 Μανιχαίων
926 1894 985 1929 βού-

193 1938 270 1964 λεται
282 1938 376 1972 φῦλον.
392 1938 502 1974 Ἐπειδὴ
518 1939 546 1965 δέ
557 1948 619 1966 τινα
633 1939 689 1966 τῶν
701 1939 876 1975 ἀντιγράφων
892 1940 923 1966 οὑ
935 1940 985 1976 τὴν

197 1982 281 2009 Δαυῒδ
301 1983 358 2018 ἔχει
381 1983 484 2017 κλεῖδα,
504 1984 572 2010 ἀλλὰ
602 1985 650 2011 τοῦ
672 1984 748 2020 ᾆδον,
762 1985 838 2012 οὐδὲν
858 1985 985 2020 διάφορον

194 2029 256 2055 οὐδὲ
271 2030 300 2056 ὲν
311 2029 407 2064 τούτῳ.
425 2030 567 2057 Δείκνυται
593 2030 647 2065 γὰρ
675 2032 708 2057 ὲκ
729 2030 836 2063 τούτου,
855 2031 893 2063 ὡς
913 2031 987 2068 ζωῆς

194 2072 244 2098 καὶ
260 2072 376 2099 θανάτου
388 2074 438 2109 τὴν
452 2074 552 2109 κυρίαν
566 2074 614 2101 ἅτε
628 2074 694 2107 Θεὺς
710 2076 724 2102 6
739 2075 855 2110 Χριστὸς
867 2076 987 2111 ἀναμφι-

196 2117 281 2150 ϐόλως
303 2118 370 2153 ἔχει.

1033 1583 1099 1603 vero
1114 1575 1197 1602 habet
1217 1575 1294 1609 juxta
1308 1576 1489 1602 aeternitatem
1510 1575 1672 1603 divinitatis.
1688 1576 1735 1603 Est
1750 1576 1823 1603 enim

1033 1619 1193 1647 Emmanue'
1215 1620 1287 1648 Deus
1312 1627 1404 1653 verus,
1424 1621 1506 1648 etiam
1530 1626 1701 1656 repugnante
1725 1619 1823 1649 Nesto-

1034 1665 1094 1699 rio,
1123 1672 1281 1700 quanquam
1302 1665 1383 1693 homo
1410 1665 1500 1693 tactus
1526 1666 1572 1694 sit.
1594 1666 1626 1693 Et
1653 1674 1719 1694 sane
1741 1667 1823 1694 etiam

1033 1718 1098 1739 vere
1122 1711 1215 1742 homo,
1238 1718 1293 1738 non
1318 1711 1491 1745 phantastice
1514 1711 1649 1739 exhibens
1675 1712 1823 1746 hominem,

1034 1764 1191 1792 quanquam
1208 1757 1233 1783 id
1251 1757 1370 1791 graviter
1392 1756 1460 1784 ferat
1474 1756 1584 1784 odihilis
1603 1757 1660 1785 Deo
1678 1757 1824 1793 Eutyches.

1035 1802 1088 1830 Sed
1108 1802 1181 1837 quod
1203 1806 1255 1834 est,
1274 1809 1338 1829 vere
1353 1802 1424 1830 Deus
1436 1807 1489 1833 est,
1511 1810 1565 1830 non
1586 1811 1619 1830 ex
1635 1804 1780 1837 relatione,
1795 1809 1825 1831 ut

1027 1846 1189 1875 .Nestoriani
1205 1852 1342 1882 nugantur
1362 1856 1370 1874 :
1392 1851 1420 1874 et
1446 1855 1528 1875 verus
1553 1848 1648 1882 homo,
1671 1856 1725 1876 non
1746 1849 1825 1884 juxta

1035 1892 1222 1928 apparentiam
1244 1897 1273 1919 et
1288 1893 1461 1927 phantasiam
1479 1893 1711 1926 quemadmodum
1731 1894 1825 1921 volunt

1035 1938 1136 1973 stupidi
1164 1937 1378 1973 Eutychianista:
1416 1942 1444 1965 et
1482 1939 1703 1973 impurissimum
1738 1939 1826 1967 Mani-

1035 1982 1171 2010 chaeorum
1188 1989 1284 2016 genus.
1305 1981 1404 2009 Verum
1422 1983 1495 2016 quod
1514 1983 1645 2010 nonnulla
1661 1984 1825 2018 exemplaria

1036 2035 1089 2054 non
1108 2027 1227 2054 habeant
1248 2027 1351 2054 clavem
1366 2027 1462 2060 David,
1484 2027 1531 2055 sed
1550 2027 1660 2060 inferni,
1682 2036 1716 2056 ne
1732 2029 1759 2055 in
1776 2028 1827 2056 hoc

1037 2072 1147 2107 quidem
1162 2072 1267 2099 accedit
1279 2072 1382 2106 aliquid
1393 2072 1570 2100 diversitatis.
1583 2071 1741 2100 Ostenditur
1753 2074 1826 2100 enim

1036 2124 1071 2144 ex
1084 2117 1147 2149 hoc,
1162 2117 1234 2151 quod
1251 2117 1377 2144 Christus
1392 2121 1487 2152 utpote
1498 2117 1583 2151 Deus,
1597 2118 1659 2145 vitae
1675 2125 1708 2146 ac
1729 2119 1826 2145 mortis

1038 2162 1137 2189 habeat
1152 2162 1314 2189 dominium.

239 2217 266 2243 '0
293 2217 373 2252 ἔχων
399 2218 458 2252 τὴν
484 2218 589 2245 κλεῖδα
609 2219 663 2246 τοῦ
688 2219 788 2247 Δαυΐδ.
809 2220 909 2247 Κλεῖδα
937 2221 981 2256 sip

1076 2218 1129 2251 Qui
1144 2217 1220 2244 liabet
1240 2217 1339 2244 clavem
1363 2217 1459 2245 Dauid.
1479 2218 1588 2246 Clavem
1605 2223 1684 2245 vocat
1706 2223 1826 2253 potesta-

197 2261 323 2294 ἐξουσίαν
343 2263 430 2290 καλεῖ.
452 2264 480 2290 '0
502 2263 557 2299 γὰρ
580 2263 650 2299 ἔχων
675 2265 800 2297 ἐξουσίαν
812 2266 859 2293 τοῦ
882 2266 988 2293 κλεῖσαι

198 2307 246 2334 καὶ
259 2308 363 2339 ἀνοῖξαι
377 2309 423 2335 τὸν
436 2307 521 2341 οἷκον,
535 2306 612 2342 οὗτος
626 2311 674 2336 καὶ
689 2311 736 2336 τὸν
751 2309 825 2337 οἷκον
839 2312 987 2338 πεπίστευ-

196 2362 256 2380 ται.
279 2354 332 2380 Καὶ
350 2353 431 2380 τοῦτο
443 2355 612 2390 σαφέστερον
626 2356 655 2381 ὲν
666 2356 843 2390 Εὐαγγελίοις
859 2356 917 2383 ἐστι
934 2366 988 2391 μαι

198 2399 266 2430 θεῖν,
280 2399 327 2434 ἀφ’
342 2396 381 2426 ὦν
398 2399 517 2434 πρδςτδν
534 2400 638 2436 Πέτρον
648 2401 730 2436 φησὶν
743 2402 757 2427 6
767 2402 892 2437 Χριστός·
909 2411 919 2428 ‹
935 2402 989 2429 Καὶ

196 2443 278 2470 δώσω
294 2452 336 2470 σοι
350 2443 399 2475 τὰς
426 2444 500 2475 κλεῖς
521 2445 571 2480 τῆς
589 2445 729 2480 βασιλείας
753 2446 807 2473 τῶν
825 2446 958 2481 οὐρανῶν.
977 2457 986 2473 ι

235 2487 292 2515 Kal
303 2487 402 2521 οὐδεὶς
410 2489 533 2520 ἀνοίξει.
554 2490 693 2525 Ἐπειδὴὴ
708 2490 784 2522 κλεὶς
801 2490 850 2526 τὴν
865 2491 988 2523 ἐξουσίαν

199 2533 362 2567 αἰνίττεται,
377 2534 487 2568 όλέγων
497 2534 593 2561 ἑαυτὸν
608 2535 679 2570 ἔχειν
694 2536 743 2571 τὴν
758 2536 833 2563 κλεῖν
845 2536 892 2563 τοῦ
908 2537 989 2564 Δαυῒδ

197 2579 227 2605 τί
239 2579 304 2606 ἄλλο
319 2579 403 2613 λέγει,
413 2580 437 2606 εί
451 2579 489 2615 μὴ
500 2580 541 2606 ὅτι
558 2581 664 2616 ’Ὠσπερ
682 2581 696 2607 6
707 2581 788 2608 Δαυῒδ
801 2582 848 2609 τοῦ
859 2583 989 2618 αίσοητοῡ

205 2624 316 2660 Ἰσραὴλ
340 2625 527 2658 ἑΰασίλευσεν,
557 2625 629 2653 οὕτω
652 2627 698 2653 καὶ
723 2626 779 2661 ἐγὼ
806 2628 875 2662 πρὸς
891 2628 929 2663 τῷ
947 2630 990 2655 αἰ-

200 2668 293 2704 σοητῷ
320 2669 431 2697 καὶτοῦ
455 2670 569 2706 νοητοῦ;
600 2672 624 2698 εί
644 2671 692 2698 καὶ
720 2673 828 2704 ἐξουσία
857 2673 991 2709 ἀσύγκρι-

237 2749 261 2766 ’³
289 2748 384 2777 Matth.
409 2757 506 2783 xxvnt,
533 2750 576 2778 18.
616 2749 639 2766 ’⁸
655 2749 750 2778 Matth.
765 2758 820 2783 xw,
838 2750 881 2778 l9.

239 2827 295 2864 (l6)
317 2827 515 2863 Ἐμὸρόντητον
530 2829 602 2863 vulg.

365 2876 501 2906 PATItOL.
521 2877 580 2906 Gn.
599 2876 673 2906 CVI.

1040 2269 1107 2292 tem.
1123 2264 1176 2298 Qui
1191 2266 1264 2293 enim
1281 2266 1363 2293 habet
1384 2269 1547 2300 potestatem
1563 2265 1707 2292 claudendi
1721 2270 1749 2292 et
1764 2271 1828 2299 ape-

1040 2310 1126 2337 riendi
1142 2310 1273 2343 domum,
1292 2311 1357 2339 huic
1381 2312 1463 2339 etiam
1481 2311 1581 2339 domus
1605 2312 1753 2339 commissa
1774 2317 1826 2340 est.

1040 2357 1073 2384 Et
1094 2357 1146 2385 hoc
1163 2358 1335 2386 manifestius
1354 2363 1394 2386 est
1410 2359 1516 2386 discere
1537 2358 1564 2386 in
1579 2357 1727 2394 Evangelia
1740 2366 1772 2386 ex
1796 2367 1828 2386 eo

1039 2402 1112 2436 quod
1135 2402 1170 2429 ad
1196 2402 1306 2430 Petrum
1330 2404 1396 2431 dicit
1411 2403 1540 2431 Christus
1559 2411 1568 2431 :
1593 2413 1603 2429 ι
1630 2403 1664 2431 Ει
1687 2403 1736 2430 tibi
1758 2403 1829 2431 dabo

1041 2447 1132 2474 claves
1146 2449 1222 2483 regni
1234 2449 1365 2476 cotlorum
1376 2449 1410 2475 °‘.
1428 2457 1438 2473 ι

1078 2492 1114 2520 Et
1136 2501 1211 2520 nemo
1225 2494 1334 2528 aperiet.
1357 2494 1584 2528 Quandoquidem
1605 2494 1691 2521 clavis
1712 2498 1831 2528 potesta—

1042 2541 1096 2565 tem
1113 2538 1260 2574 designat:
1279 2539 1326 2574 qui
1340 2541 1461 2574 seipsum
1478 2539 1545 2567 dicit
1559 2539 1663 2567 clavem
1680 2538 1762 2565 David
1782 2539 1829 2564 h'a—

1041 2585 1115 2616 bere,
1133 2585 1198 2619 quid
1221 2586 1294 2613 aliud
1312 2586 1390 2619 dicit.
1417 2588 1469 2614 nisi
1494 2586 1579 2621 quod,
1593 2584 1827 2618 Quemadmodum

1041 2629 1126 2657 David
1155 2632 1258 2659 carnali
1295 2632 1386 2660 lsraeli
1416 2632 1621 2663 dominabatur,
1648 2631 1684 2658 ita
1710 2634 1738 2657 ct
1767 2636 1828 2664 ego.

1042 2676 1143 2712 inquit,
1168 2678 1271 2706 carnali
1291 2686 1323 2707 ac
1338 2679 1497 2714 spirituali?
1511 2685 1668 2714 quanquam
1692 2676 1772 2711 longe
1789 2680 1830 2704 est

1669 2879 1706 2910 18
