2095 3160
291 169 343 201 555

695 163 859 196 ARETH/E
878 164 1066 194 CKESAREEE
1085 164 1327 197 CAPPADOCI/E
1347 165 1519 197 EPISCOPI

1867 166 1920 197 556

290 226 343 253 alia
358 228 477 260 potestas
494 222 613 251 hominis
633 228 648 248 a
668 221 715 248 Dei
732 225 878 256 potestate.
895 220 957 248 Ideo
972 228 1081 255 quoque

1137 231 1179 254 τος
1206 223 1350 258 ἀνθρώπου
1368 223 1436 258 πρὸς
1453 223 1531 250 Θεόν.
1552 221 1599 249 Διδ
1626 222 1674 248 καλ⁸
1706 221 1828 257 Γαϐριὴλ
1854 223 1921 257 προς

289 270 399 298 Gabriel
409 270 477 296 dixit
492 269 526 295 ad
540 267 691 302 Virginem,
706 266 835 294 thronum
851 266 932 293 David
948 272 1076 302 tanquam

289 315 446 351 temporarii
470 313 589 341 dandum
619 320 680 339 esse
708 312 779 338 Filio
806 320 820 338 a
848 316 925 346 patre
947 316 999 338 :at
1016 312 1077 346 ipsi,

290 366 417 394 tanquam
433 363 535 385 aeterno
552 362 579 384 et
606 357 689 383 linem
714 364 768 383 non
783 356 912 383 habituro
928 364 935 382 :
957 361 985 382 et
1004 357 1080 382 simi-

290 406 350 432 liter
365 412 477 439 regnum
502 410 534 430 ac
560 406 732 437 potestatem.
754 402 891 436 Quoniam
909 401 989 436 igitur
1002 401 1080 428 simi-

289 449 433 477 litudinem
455 448 530 482 regni
546 447 630 474 David
645 447 749 474 ferebat
767 447 904 479 Christus,
923 448 1020 475 merito
1040 447 1081 475 di-

289 495 326 522 cit
348 504 356 522 :
381 495 434 527 Qui
457 493 535 520 habet
560 493 660 520 clavem
687 492 772 519 Dauid
801 492 834 519 ad
856 492 1035 527 aperiendum
1054 497 1081 520 et

289 540 472 568 claudendum
491 548 497 566 :
520 539 628 574 aperire
650 538 760 572 quidem
781 545 884 565 vocans
912 538 1080 572 justilieare,

289 586 416 614 claudere
444 592 509 612 vero
532 591 633 612 vocans
658 583 852 612 condemnare.
881 584 936 611 Sua
965 591 1081 618 namque

289 636 371 659 utens
385 632 505 666 potentia
522 635 549 658 et
563 629 698 664 justiﬁeat
713 633 741 656 et
753 630 929 657 condemnat.

325 677 394 704 Ecce
423 677 482 703 dedi
511 683 600 703 eorum
631 681 654 701 te
684 675 782 701 ostium
816 680 945 709 apertum.
974 674 1080 701 Ostium

290 724 426 751 bonorum
446 723 527 749 datur
552 726 675 756 apertum
702 725 833 756 tanquam
857 721 1080 756 paratissimum,

291 776 322 798 ut
337 779 385 806 per
400 771 489 804 ipsum
502 776 612 804 quoque
627 768 759 796 auxilium
775 767 808 795 ad
825 767 949 800 meliora,
965 767 1083 802 pra'bcat

292 817 433 844 introitum
454 816 487 842 ad
507 815 677 842 lruitionem.
693 814 774 850 681
801 814 864 841 Ideo
877 813 959 841 etiam
986 813 1080 840 Domi-

290 869 345 890 nus
360 869 422 890 cum
450 861 511 888 ait:
540 869 549 886 ι
573 859 697 894 Regnum
722 859 769 886 Dei
792 859 863 886 intra
879 865 928 885 vos
949 862 991 886 est
1012 858 1047 890 ”,
1069 866 1077 883 ι

291 915 389 943 nempe
409 906 548 942 proposito
564 905 682 933 volentis
696 904 752 939 jam
770 903 918 935 traditum,
937 903 1083 930 ostendere

291 953 398 980 videtur
411 951 565 986 ingressum
587 957 602 976 a
619 949 696 976 nullo
709 948 833 984 impediri
850 955 941 983 posse.
954 947 988 975 Et
1000 948 1083 982 hujus

289 1006 363 1026 nunc
380 997 538 1033 promissio,
551 995 625 1031 quod
639 1003 687 1023 eos
701 995 749 1030 qui
765 994 978 1022 introducantur
989 993 1083 1021 avidos

290 1044 380 1073 reddit
399 1043 432 1070 ad
455 1041 682 1078 aggrediendum,
698 1041 833 1068 rationem
851 1040 954 1068 habens
969 1039 1083 1067 dilIicul-

287 1090 353 1118 tatis
369 1089 506 1121 laborum,
519 1093 547 1115 et
559 1093 788 1115 eommensurans
806 1086 849 1112 his
865 1085 913 1120 qui
928 1092 1013 1120 parva
1026 1086 1082 1112 vir-

290 1141 348 1164 tute
365 1135 470 1170 ingredi
488 1138 623 1165 statuunt.
642 1133 687 1160 ubi
703 1140 751 1167 per
764 1136 888 1166 apertum
904 1130 1006 1158 ostium
1026 1137 1084 1157 ma—

290 1181 431 1210 nifestavit
454 1182 622 1208 cumulatam
652 1179 787 1206 bonorum
815 1176 1017 1204 multitudinem
1042 1177 1084 1203 his

291 1229 337 1264 qui
352 1227 556 1263 ingrediuntur,
573 1233 628 1252 non
641 1225 699 1260 jam
720 1224 831 1252 anxium
846 1230 908 1250 esse
925 1223 991 1250 sinit
1010 1222 1084 1250 solli-

291 1272 415 1299 citudine
441 1269 694 1298 eontrahendorum
723 1268 868 1301 laborum,
892 1267 940 1302 qui
970 1267 1026 1302 jam
1049 1267 1085 1294 ob

291 1318 411 1345 divinam
438 1315 598 1343 l'ruitionem
624 1314 835 1349 despiciuntur,
864 1313 930 1345 sed,
950 1321 984 1339 ne
1012 1316 1085 1340 retro

292 1364 402 1398 quidem
435 1361 612 1397 aspiciendo.
643 1360 768 1387 hortatur
797 1358 923 1394 amplecti
950 1358 1082 1391 labores.

291 1407 444 1444 reputando
461 1407 616 1434 suaviorem
634 1413 696 1433 esse
717 1409 874 1439 susceptum
901 1409 1011 1439 propter
1032 1403 1084 1431 ista

289 1455 413 1483 laborem
427 1454 523 1489 quavis
536 1452 715 1479 relaxatione.
728 1451 814 1477 Porro
827 1449 900 1485 quod
915 1457 963 1484 per
977 1449 1084 1476 labores

293 1499 404 1535 assequi
436 1503 563 1534 oporteat
586 1503 753 1523 aeternorum
777 1496 912 1524 bonorum
944 1494 1085 1522 haeredita-

291 1550 358 1578 tem,
376 1545 442 1573 satis
467 1543 589 1571 ostendit
614 1542 640 1569 in
666 1541 823 1577 Evangelils
839 1541 963 1568 divinum
986 1547 1086 1567 oracu-

294 1594 362 1624 lum,
378 1599 434 1628 quo
456 1591 557 1618 dicitur
571 1589 624 1616 vim
641 1589 696 1623 pati
716 1595 830 1623 regnum
850 1587 994 1614 caelorum.
1015 1586 1087 1613 Rur-

294 1646 355 1665 sum
372 1637 455 1664 etiam
473 1635 545 1669 quod
564 1634 588 1661 is
611 1634 658 1668 qui
682 1632 778 1667 incipit
794 1632 940 1666 degustare
963 1631 1087 1658 dulcedi-

292 1690 356 1710 nem
383 1679 490 1708 noverit
511 1682 691 1706 contemnere
715 1677 840 1709 labores,
864 1676 975 1703 divinus
1000 1675 1088 1709 ipsius

293 1727 379 1755 David
397 1726 516 1760 Spiritus
537 1724 618 1751 docet
633 1730 695 1749 eum
714 1722 775 1748 ait:
795 1731 805 1747 ι
824 1721 938 1748 Gustate
952 1725 980 1747 et
1000 1721 1089 1747 videte

296 1773 368 1808 quod
387 1771 478 1799 suavis
499 1771 535 1797 sit
555 1768 689 1796 Dominus
702 1768 735 1794 θ’.
761 1778 770 1793 1
789 1767 843 1795 Aut
858 1767 940 1794 etiam
963 1770 1087 1801 apertum

296 1819 398 1847 ostium
419 1816 580 1850 intelligitur
601 1815 741 1849 ingressus
761 1813 886 1840 docentis
910 1820 962 1840 nos
992 1813 1089 1848 praadi-

296 1865 430 1897 cationis,
458 1863 505 1898 qui
526 1861 609 1889 semel
634 1865 757 1895 opertus,
784 1860 867 1887 nullis
887 1858 977 1886 claudi
999 1863 1090 1893 potest

296 1909 501 1940 alllictionibus,
516 1908 640 1934 vincente
652 1906 736 1933 animi
750 1905 860 1932 illorum
875 1904 1089 1939 promptitudine

295 1956 342 1992 qui
372 1953 476 1989 ingredi
497 1953 650 1987 elegerunt,
677 1951 714 1978 ob
735 1949 968 1986 pulchritudinem
993 1956 1088 1976 eorum

294 2008 357 2036 quae
383 2000 502 2035 reposita
527 2002 603 2028 sunt,
621 2004 682 2031 qua:
704 1996 826 2023 laborem
846 2002 878 2022 ac
902 1993 1087 2022 dillicultatem

296 2047 475 2074 aﬂlictionum
497 2043 653 2071 demulcent
674 2046 702 2069 et
722 2041 925 2076 quodannnodo
948 2039 1088 2068 fraudant.

296 2093 325 2120 In
350 2092 404 2124 his,
421 2091 520 2126 inquit,
540 2089 602 2116 licet
623 2087 675 2114 tibi
705 2087 812 2114 modica
827 2087 862 2114 sit
886 2086 984 2116 virtus.
1001 2085 1050 2112 sed
1073 2093 1088 2112 a

296 2146 341 2166 me
358 2138 439 2165 datur
453 2140 577 2171 apertum
588 2134 634 2161 tibi
647 2134 747 2161 ostium
761 2141 768 2165 ;
782 2138 809 2160 tn
830 2139 896 2159 vero
909 2131 991 2159 etiam
1005 2139 1089 2166 supra

296 2185 424 2211 virtutem
440 2190 501 2217 qum
517 2182 543 2207 in
562 2186 587 2207 te
602 2184 644 2207 est
661 2179 793 2210 tolerasti,
811 2185 911 2206 nomen
927 2184 1017 2204 meum
1035 2184 1088 2203 non

1131 268 1180 302 τὴν
1199 269 1339 302 Παρθένον
1353 267 1424 301 εἷπε,
1442 269 1488 295 τὸν
1509 268 1604 304 θρόνον
1619 267 1699 294 Δαυῖδ
1722 268 1798 303 παρὰ
1820 269 1922 303 πατρὸς

1130 313 1170 348 τῷ
1196 314 1253 349 Υίῴ
1272 314 1310 346 ὡς
1333 314 1516 350 προσκαίρου,
1530 315 1632 349 καίπερ
1654 314 1758 349 αἰωνίῳ
1776 313 1851 348 αὐτῷ
1876 315 1924 340 καὶ

1131 358 1306 394 ἀτελευτήτῳ
1335 359 1457 394 δοθῆναι,
1486 359 1621 390 ὡσαύτως
1646 359 1674 386 δὲ
1707 359 1754 385 καὶ
1784 358 1925 393 βασιλείαν

1131 403 1178 429 καὶ
1207 403 1343 435 ἐξουσίαν.
1380 405 1457 431 Ἐπεὶ
1482 403 1529 431 οὖν
1554 405 1680 440 ὁμοίωμα
1707 404 1757 438 τῆς
1786 404 1925 439 βασιλείας

1131 448 1213 475 Δαυῒδ
1225 449 1323 484 ἔφερεν
1339 451 1353 476 ὁ
1363 450 1494 485 Χριστὸς,
1511 450 1625 482 εἰκότως
1639 450 1723 484 λέγει’
1733 450 1764 476 'O
1775 450 1852 484 ἔχων
1866 450 1925 483 τὴν

1132 493 1217 520 κλεῖν
1237 495 1291 521 τοῦ
1321 495 1424 528 Δαυῒδ,
1443 496 1513 532 πρὸς
1532 496 1562 522 τὸ
1586 496 1691 529 ἀνοῖξαι
1720 496 1768 522 καὶ
1796 496 1924 522 κλεῖσαι·

1132 539 1236 572 ἀνοῖξαι
1255 541 1304 576 μὲν
1318 541 1348 568 τὸ
1365 541 1512 568 δικαιῶσαι
1528 541 1626 575 λέγων,
1644 541 1693 567 καὶ
1707 541 1813 568 κλεῖσαι
1828 541 1859 568 τὸ
1875 549 1927 568 κα-

1131 587 1269 621 τακρῖναι.
1284 587 1323 621 Τῇ
1342 588 1397 622 γὰρ
1428 586 1488 622 θείᾳ
1510 587 1594 614 αὑτοῦ
1614 587 1663 614 καὶ
1679 587 1757 622 ἀϊδίῳ
1777 587 1918 622 χρώμενος

1132 631 1252 665 ἐξουσία,
1268 631 1314 657 καὶ
1328 630 1428 658 δικαιοῖ
1456 633 1502 657 καὶ
1523 631 1695 666 κατακρίνει.

1174 676 1251 702 Ἰδοὺ
1265 675 1381 702 δέδωκα
1393 676 1522 703 ἐνώπιόν
1531 684 1598 703 σου.
1611 677 1673 703 Τῶν
1690 676 1800 711 ἀγαθῶν
1813 677 1830 712 ἡ
1855 676 1926 711 θύρα

1131 721 1292 756 ἀνεῳγμένη
1312 721 1424 753 δίδοται,
1449 722 1488 753 ὡς
1514 722 1678 757 ἐτοιμοτάτη
1695 721 1744 748 καὶ
1769 721 1817 749 ἀπ’
1843 722 1928 757 αὐτῆς

1131 767 1181 802 τῆς
1204 766 1273 800 πρὸς
1289 766 1325 793 τὰ
1349 766 1471 802 κρείττω
1486 767 1586 801 ῥοπῆς,
1607 767 1741 802 παρέχειν
1761 766 1810 802 τὴν
1826 767 1929 794 εῐσοδον

1132 812 1200 848 πρὸς
1215 812 1373 840 ἀπόλαυσιν.
1388 812 1435 839 Διὸ
1445 813 1491 839 καὶ
1507 813 1521 840 ὁ
1537 813 1640 848 Κύριος
1656 814 1779 846 φάσκων,
1795 813 1836 840 ὅτι
1855 823 1865 839 l
1893 813 1927 840 Ἦ

1134 857 1258 893 βασιλεία
1273 857 1328 884 τῶν
1340 858 1465 893 οὐρανῶν
1485 858 1561 889 ἐντὸς
1577 858 1654 893 ὑμῶν
1665 859 1751 891 ἐστιν,
1769 868 1778 884 ν
1801 857 1883 884 οῑονεὶ
1893 859 1928 894 τῇ

1134 903 1263 939 προθέσει
1288 904 1463 939 παρεχομένη
1486 903 1534 930 τοῦ
1560 903 1736 939 βουλομένου,
1759 904 1805 930 ὑπ’
1822 903 1929 935 οὐδενὸς

1135 949 1346 985 ἑμποδοστατεῐν
1369 949 1455 976 οίεται
1474 950 1525 984 τὴν
1548 950 1663 976 εἴσοδον.
1684 949 1741 976 Καὶ
1767 949 1862 975 τούτου
1882 948 1929 975 νῦν

1134 996 1152 1030 ἠ
1178 995 1331 1030 ἐπαγγελία
1355 995 1525 1030 λιχνεύοντος
1546 996 1610 1026 τοὺς
1637 994 1845 1030 εἰσαγομένους,
1861 994 1930 1029 πρδς

1135 1039 1184 1075 τὴν
1197 1040 1375 1075 ;ὲγχείρησιν,
1391 1039 1446 1066 τῶν
1463 1040 1554 1067 πόνων
1579 1039 1799 1076 ὑπολογιζομένη
1810 1040 1847 1066 ’τὸ
1866 1040 1929 1066 δυσ-

1134 1086 1227 1121 χερὲς,
1246 1087 1293 1112 καὶ
1312 1086 1363 1120 τὴν
1380 1086 1484 1112 είσοδον
1511 1086 1746 1122 συμμετρουμένη
1765 1087 1822 1117 τοῖς
1843 1086 1930 1120 μικρᾷ

1135 1131 1249 1166 δυνάμει
1277 1131 1307 1158 τὸ
1336 1132 1448 1158 εἰσιέναι
1481 1132 1723 1168 προαιρουμένοις,
1749 1132 1860 1159 ἐπειδὰν
1883 1131 1931 1158 τὸν

1135 1177 1364 1212 ἁποσωρευθέντα
1386 1178 1443 1208 τοῖς
1462 1177 1577 1204 εἰσιοῦσι
1593 1178 1649 1204 τῶν
1662 1177 1774 1212 ἀγαθῶν
1793 1176 1879 1212 ὲσμὺν
1896 1178 1929 1212 τῇ

1136 1223 1297 1259 ἀνεῳγμένη
1316 1222 1386 1258 θύρᾳ
1401 1223 1551 1260 ἐμφανίσῃ,
1567 1225 1666 1259 μηκέτι
1690 1225 1723 1259 τῇ
1743 1224 1865 1258 φροντίδι
1883 1223 1932 1249 λυο

1136 1270 1244 1295 πεϊσθαι
1261 1269 1294 1304 ἑᾷ
1308 1268 1355 1295 τοῦ
1369 1269 1422 1295 ὑπὸ
1438 1270 1493 1296 τῶν
1511 1270 1664 1296 ἀπόλαυσιν
1677 1269 1930 1305 καταὸαλλομένων

1137 1315 1280 1342 ὲλκύεσθαι
1298 1315 1398 1348 πόνων,
1416 1316 1623 1351 ἀμεταστρεπτὶ
1640 1316 1668 1342 δὲ
1684 1316 1738 1342 τῶν
1756 1315 1846 1342 πόνων
1867 1315 1931 1342 ἀντι

1135 1360 1248 1395 έχεσθαι
1271 1361 1402 1394 παραινεῖ
1425 1360 1516 1394 πάσης
1532 1360 1653 1391 ἀνέσεως
1669 1359 1724 1394 (l7)
1739 1359 1806 1394 ἡδίω
1822 1359 1868 1385 τὸν
1886 1359 1932 1385 διὰ

1136 1404 1223 1432 ταῦτα
1234 1405 1357 1439 κάματον
1369 1404 1567 1440 λογιζομένοις.
1583 1406 1638 1431 Καὶ
1657 1406 1698 1432 ὅτι
1713 1405 1830 1439 ἐγκοπος
1844 1407 1861 1441 ἡ
1876 1406 1931 1433 τῶν

1138 1450 1258 1478 αἰωνίων
1292 1450 1403 1484 ἀγαθῶν
1429 1450 1608 1485 κληρονομία,
1637 1450 1668 1477 τὺ
1696 1451 1725 1477 ὲν
1755 1451 1931 1485 Εὐαγγελίοις

1138 1496 1230 1524 ἱκανὸν
1244 1496 1317 1523 θεῖον
1331 1497 1424 1531 λόγιον
1450 1497 1637 1531 παραστῆσαι,
1656 1506 1665 1522 ι
1685 1496 1797 1531 litasti},
1814 1496 1930 1530 φάσκον,

1138 1543 1212 1569 ὲστὶν
1228 1542 1245 1577 ἡ
1263 1541 1386 1577 βασιλεία
1402 1542 1456 1569 τῶν
1469 1543 1602 1577 οὐρανῶν.
1623 1552 1632 1568 ι
1658 1543 1720 1569 ὀτι
1743 1542 1772 1568 δὲ
1785 1545 1832 1569 καὶ
1851 1543 1864 1568 ὁ
1886 1542 1932 1568 διά

1138 1588 1186 1614 τοῦ
1202 1587 1391 1622 κατάρξασθαι
1404 1587 1593 1622 ὲγγλυκαίνὼν
1608 1587 1657 1622 τὴν
1671 1588 1799 1622 αἴσθησιν
1813 1587 1932 1621 ἀφειδεῖν

1138 1634 1195 1660 οἶδε
1219 1634 1272 1660 τῶν
1295 1634 1395 1667 πόνων,
1413 1634 1445 1661 τὸ
1466 1634 1548 1661 Δαυῖδ
1569 1635 1641 1661 θεῖον
1657 1634 1770 1668 Πνεῦμα
1799 1633 1931 1667 διδάσκει,

1142 1689 1151 1704 ι
1165 1679 1423 1714 Γεύσασθε,λέγων,
1433 1680 1480 1706 καὶ
1495 1680 1563 1706 ἴδετε
1575 1681 1615 1706 ὅτι
1631 1679 1748 1715 χρηστὸς
1763 1680 1778 1706 ὁ
1792 1679 1903 1715 Κύριος.
1918 1689 1929 1706 ι

1140 1725 1175 1751 Ἦ
1191 1725 1239 1751 καὶ
1256 1724 1326 1759 θύρα
1343 1725 1503 1760 ἀνεῳγμένη
1518 1727 1619 1752 νοεῖται
1646 1728 1663 1759 ή
1676 1725 1724 1752 τοῦ
1740 1725 1932 1752 διδασκαλικοῦ

1140 1770 1318 1805 κηρύγματος
1345 1771 1458 1804 εἴσοδος,
1479 1772 1540 1806 ἥτις
1565 1771 1719 1807 ἀνοιχθεῖσα
1761 1771 1792 1798 οὐ
1820 1771 1933 1798 δύναται

1139 1815 1183 1842 διὰ
1199 1817 1363 1851 πειρασμῶν
1386 1817 1558 1852 κλεισθῆναι,
1571 1817 1693 1853 νικώσης
1709 1818 1756 1852 τῆς
1779 1817 1934 1853 προθυμίας

1139 1861 1194 1888 τῶν
1210 1862 1323 1889 είσιέναι
1334 1862 1481 1896 ἑλομένων,
1492 1863 1531 1898 τῷ
1542 1862 1637 1889 κάλλει
1649 1863 1704 1889 τῶν
1715 1862 1773 1898 (18)
1790 1863 1933 1889 ἐναποκει-

1142 1907 1232 1941 μένων
1248 1906 1431 1942 θελχθέντων,
1444 1907 1475 1934 τὸ
1492 1908 1546 1934 τῶν
1559 1908 1720 1944 πειρασμῶν
1732 1909 1871 1935 ἐπίπονον.
1889 1908 1934 1934 Ἐν

1139 1949 1180 1982 οἷς
1194 1952 1218 1977 εἰ
1234 1952 1280 1978 καὶ
1298 1953 1332 1987 τῇ
1344 1952 1460 1987 δυνάμει
1481 1960 1528 1978 σου
1543 1952 1712 1988 σύμμετρος,
1724 1952 1782 1978 ἀλλ’
1802 1950 1850 1979 οὖν
1867 1950 1934 1987 παρ’

1140 1997 1219 2032 ἐμοῦ,
1241 1997 1334 2033 φησὶν,
1350 1998 1367 2033 ἡ
1388 1997 1550 2033 ἀνεῳγμένη
1565 1997 1668 2024 δίδοται
1686 2006 1727 2024 σοι
1755 1997 1836 2032 Θύρα.
1848 1996 1934 2028 Δὺτὸς

1141 2042 1169 2069 δὲ
1181 2043 1229 2069 καὶ
1239 2043 1310 2078 ὑπὲρ
1326 2043 1441 2078 δύναμιν
1457 2043 1507 2077 τὴν
1530 2043 1652 2070 ὺποῦσάν
1668 2052 1709 2069 σοι
1732 2043 1933 2078 ὲκαρτέρησας.

1143 2087 1180 2123 μὴ
1194 2088 1382 2124 ἀρνησάμενος
1394 2088 1423 2115 τὸ
1434 2088 1520 2124 ὄνομά
1533 2097 1583 2124 μου
1597 2089 1665 2124 (l9).
1681 2087 1787 2115 Οὐκουν
1799 2090 1832 2123 τῇ
1848 2087 1936 2123 μικρᾷ

1142 2134 1256 2169 δυνάμει
1272 2143 1320 2161 σου
1348 2135 1556 2170 παραμετρήσω
1576 2136 1626 2169 τὴν
1648 2134 1777 2170 ἀμοιϐὴν,
1795 2134 1864 2160 ἀλλά
1890 2141 1936 2168 με·

1143 2178 1309 2214 γαλοδωρίᾳ,
1318 2179 1356 2211 ὡς
1366 2179 1427 2211 ἔθος
1440 2179 1514 2215 ἐμοὶ,
1523 2179 1720 2215 μετελεύσομαι
1729 2180 1778 2215 τὴν
1787 2179 1934 2206 ἀντίδοσιν.

297 2231 452 2263 abnegans.
476 2227 534 2253 Non
566 2233 632 2260 ergo
649 2224 682 2251 ad
705 2223 840 2250 modicam
862 2227 936 2249 tuam
964 2222 1091 2249 virtutem
1113 2225 1345 2251 commcnsurabo
1364 2225 1572 2253 retributionem
1590 2234 1596 2252 :
1613 2226 1661 2253 sed
1681 2233 1712 2253 ex
1736 2225 1936 2260 muniﬁcentia,

297 2278 330 2301 ut
345 2273 411 2300 mihi
430 2272 515 2299 moris
528 2275 581 2302 est,
597 2269 738 2304 prtemium
755 2266 912 2302 rependam.

335 2319 380 2351 Ill.
398 2318 475 2346 9-15.
488 2316 556 2343 Ecce
566 2315 602 2342 do
617 2315 648 2341 de
663 2321 798 2348 synagoga
814 2311 923 2339 Satanae
937 2312 982 2346 qui
998 2312 1090 2337 dicunt
1108 2313 1130 2340 ι)

299 2375 327 2393 κ
342 2364 450 2392 ,Ιιιάωοε
473 2370 527 2389 esse
549 2366 573 2387 et
592 2368 643 2387 mm
668 2365 741 2391 sunt,
768 2358 812 2384 sed
830 2357 1001 2384 mentiuntur.
1025 2356 1092 2383 Ecce

301 2412 408 2446 adigam
422 2409 483 2436 illos
510 2411 537 2434 ut
561 2407 666 2433 veniant
686 2410 709 2431 ιιι
729 2404 838 2430 adorent
856 2408 916 2429 ante
930 2402 1006 2437 pedes
1022 2407 1089 2433 tuos,

300 2463 325 2485 et
347 2459 505 2490 cognoaranl
530 2452 599 2487 quod
624 2450 762 2477 dilexerim
787 2454 810 2476 le
835 2448 962 2483 quoniam
981 2447 1092 2474 servasti

299 2509 445 2530 sermonem
459 2499 596 2534 patientia:
616 2505 689 2524 mete.
707 2495 741 2522 Et
758 2503 804 2530 ego
822 2495 928 2522 servabo
938 2499 965 2521 te
981 2495 1012 2521 ab
1027 2494 1093 2521 hora

300 2547 462 2584 aﬂliclionis,
484 2553 543 2581 qua:
559 2549 669 2571 ventura
685 2548 722 2569 est
743 2543 770 2569 iu
787 2542 939 2568 universum
955 2541 1043 2567 orbem
1063 2545 1092 2567 ut

302 2595 400 2631 afﬂigat
421 2592 571 2620 habitantes
591 2591 619 2617 in
643 2594 723 2616 terra.
754 2587 834 2615 Venio
859 2587 928 2619 cito,
953 2591 1010 2613 lene
1024 2586 1093 2620 quod

303 2641 381 2668 habe:
401 2645 430 2666 ut
457 2647 531 2666 nemo
548 2637 663 2671 accipiat
678 2643 803 2662 coronam
818 2638 903 2662 luant.
919 2632 971 2666 Qui
991 2633 1094 2665 vicerit,

303 2687 401 2722 faciam
417 2685 495 2712 illum
518 2684 672 2711 columnam
692 2681 718 2708 in
734 2679 830 2714 templo
849 2679 896 2706 Dei
912 2679 974 2712 mei,
996 2682 1021 2705 et
1035 2686 1095 2705 am-

338 2766 363 2783 "
380 2765 445 2792 Luc.
465 2772 532 2796 xvn,
548 2764 594 2791 ‘21.
632 2762 656 2778 “
672 2762 741 2789 Psul.
759 2766 856 2791 xxxttt,
876 2759 905 2786 9.

340 2843 397 2878 (17)
414 2843 552 2878 Δίρέσεως
566 2841 639 2878 vnlg.
661 2875 666 2878 Δ
816 2872 828 2878 _

342 2871 398 2913 (18}
418 2871 511 2913 Ἐλομ.
533 2871 576 2904 διὰ
589 2871 625 2902 τὸν
636 2875 780 2903 κάλλιστον
795 2872 850 2899 τῶν
865 2871 938 2906 vulg.

1187 2311 1265 2338 Ἰδοὺ
1279 2312 1382 2346 δίδωμι
1394 2311 1428 2338 ἐκ
1443 2311 1500 2345 τῆς
1519 2312 1700 2346 συναγωγῆς
1727 2312 1780 2339 τοῦ
1804 2313 1936 2345 Σατανᾶ,

1145 2358 1204 2384 τῶν
1220 2359 1371 2392 λεγόντων
1386 2358 1514 2391 ἑαυτοὺς
1535 2359 1696 2391 Ἰουδαίους
1710 2357 1798 2390 εἶναι,
1814 2359 1863 2385 καί
1879 2361 1936 2386 οὐκ

1144 2403 1233 2434 εἰσὶν,
1266 2404 1347 2430 ἀλλὰ
1377 2403 1552 2438 ψεύδονται.
1583 2404 1661 2431 Ἰδοὺ
1685 2404 1803 2438 ποιήσω
1824 2404 1938 2437 αὐτοὺς

1146 2450 1197 2475 ἵνα
1212 2449 1306 2482 ἦξωσι
1322 2449 1371 2475 καὶ
1390 2449 1651 2484 προσκυνήσωσιν
1663 2450 1793 2476 ἐνώπιον
1802 2449 1862 2476 τῶν
1885 2458 1938 2477 πο-

1146 2494 1208 2520 δῶν
1236 2503 1306 2526 σου,
1338 2496 1387 2521 καὶ
1410 2494 1533 2529 γνῶσιν,
1572 2495 1616 2521 ὅτι
1644 2495 1789 2529 ἠγάπησά
1818 2503 1866 2529 σε,
1892 2495 1938 2522 ὃτι

1145 2540 1297 2574 ἐτήρησας
1319 2540 1372 2568 τὸν
1396 2543 1489 2575 λόγον
1506 2542 1562 2575 τῆς
1587 2541 1744 2575 ὑπομονῆς
1762 2549 1838 2576 μου.
1852 2542 1939 2576 Κάγὼ

1145 2594 1184 2612 σε
1208 2585 1331 2620 τηρήσω
1362 2587 1396 2613 ἐκ
1415 2586 1470 2620 τῆς
1493 2586 1571 2621 ὧρας
1601 2587 1654 2614 τοῦ
1679 2587 1846 2621 πειρασμοῦ
1882 2587 1939 2621 τῆς

1143 2632 1319 2666 μελλούσης
1337 2632 1542 2667 ἔρχεσθαιρῇ
1577 2632 1632 2666 τῆς
1657 2632 1839 2667 οἰκουμένης
1863 2631 1940 2665 ὅλης

1147 2677 1288 2712 πειρᾶσαι
1312 2677 1384 2710 τοὺς
1412 2678 1628 2711 κατοικοῦντας
1643 2678 1693 2704 ἐπὶ
1715 2677 1771 2712 τῆς
1783 2677 1850 2712 γῆς.
1870 2678 1940 2712 Ἕρ-

1185 2836 1242 2870 (l9)
1259 2835 1309 2863 Διὰ
1323 2836 1355 2863 τὸ
1368 2835 1454 2871 δνομά
1471 2844 1522 2870 μου
1541 2836 1614 2871 vulg.
