2095 3160
284 143 338 175 559

694 144 859 175 ARETIl/E
879 144 1069 176 C/ESARE/E
1091 146 1333 177 CAPPADOCIE
1360 146 1533 177 EPISCOPI

1873 147 1925 178 ῑιθο

282 201 345 228 liter
365 200 520 236 proﬁciant.
546 200 580 227 In
599 200 694 236 templo
712 206 802 228 autem
822 200 868 227 Dei
881 221 888 233 ,
911 205 940 228 ut
964 209 1073 236 semper

1126 202 1305 237 a05véc-tapav
1324 202 1523 237 διακειμένους.
1540 203 1583 237 ἐφ’
1607 201 1693 237 ὁμοίῳ
1710 201 1847 238 προκόψαι
1876 207 1925 230 καὶ

281 247 398 275 laetetur.
414 245 481 274 Nam
501 248 551 274 hoc
564 251 606 274 est
622 247 750 274 columna
767 247 794 273 in
816 246 918 281 templo
935 246 981 274 Dei
999 247 1070 275 lieri.

281 293 421 328 Siquidem
445 293 492 328 qui
521 292 617 320 vicerit
639 293 813 320 adversarias
839 297 1002 328 potestates,
1024 300 1073 321 co-

282 339 374 367 lumna
401 344 427 366 et
447 340 648 366 ﬁrmamentum
673 339 798 367 veritatis
826 339 1015 373 constituitur,
1046 344 1074 367 et

282 385 341 419 ipse
366 384 480 411 ﬁrmiter
505 388 532 411 ct
563 384 772 412 immutabiliter
797 385 930 419 gaudens,
955 390 982 412 et
1006 385 1074 412 alios

281 430 397 458 fulciens
412 438 445 457 ne
461 431 487 457 in
504 430 576 457 bono
589 430 716 458 excidant
730 439 744 457 ο
761 438 811 458 sua
828 432 902 459 sede.

1126 248 1226 279 αὐτοὺς
1241 247 1424 283 διδασκαλικῷ
1443 248 1595 283 χαρίσματι
1614 248 1849 284 προτρεπόμενος.
1872 249 1924 275 Ἐν

1127 291 1167 325 τῷ
1186 292 1248 326 ναῷ
1258 293 1293 320 ’δὲ
1315 293 1369 320 τοῦ
1384 293 1470 327 Θεοῦ,
1483 293 1531 320 τοῦ
1550 293 1595 320 διὰ
1611 293 1712 325 παντὸς
1726 293 1922 329 εὐφραίνεσθαι

1128 340 1219 374 χάριν.
1238 338 1325 366 Τοῦτο
1344 339 1399 375 γὰρ
1414 339 1446 365 τὸ
1467 339 1563 366 στύλον
1588 339 1717 373 γενέσθαι
1738 339 1777 374 τῷ
1798 339 1856 373 ναῷ
1875 338 1923 365 τοῦ

1129 385 1208 412 Θεοῦ.
1250 386 1279 412 '0
1307 386 1362 420 γὰρ
1392 386 1508 420 νικητὴς
1538 385 1593 412 τῶν
1621 385 1750 411 ἐναντίων
1773 385 1924 420 δυνάμεων,

1130 432 1226 464 στύλος
1247 432 1294 459 καὶ
1305 432 1446 468 ἑδραίωμα
1466 431 1630 458 καθίσταται
1651 430 1858 466 τῆςὰληϐείας,
1871 430 1924 457 αὐ-

279 477 327 509 τός
366 485 396 504 τε
429 477 644 512 εὐφραινόμενος
672 477 907 512 ἀμετατρέπτως,
936 478 983 504 καὶ
1008 478 1071 510 τοὺς
1091 478 1188 511 ἄλλους
1219 478 1332 514 ἐρείδων
1347 478 1394 505 τοῦ
1415 478 1454 515 μὴ
1469 478 1513 505 ἐπ’
1545 477 1654 513 ἀγαθῷ.
1669 477 1721 513 τῆς
1742 477 1847 509 οίκείας
1876 477 1924 503 ὲκ-

280 523 377 558 στῆναι
395 522 488 557 ἕδρας.

315 569 350 597 Ει
375 570 491 596 scribant
519 576 597 603 super
620 578 680 596 eum
707 578 801 597 nomen
823 569 872 597 Dei
893 571 953 597 mei.
983 570 1073 604 Super

279 616 437 643 columnam
466 615 655 650 spiritualem,
684 623 747 642 eum
778 623 877 650 nempe
905 616 952 651 qui
972 616 1073 644 divinis

279 661 364 696 jussis
381 661 415 688 ad
431 661 641 688 imbecilliorum
658 661 849 688 fulcimentum
868 662 1003 696 perfectus
1020 666 1072 696 est,

280 707 366 735 scribi
391 706 458 734 dicit
479 714 576 734 nomen
606 706 652 734 Dei
674 712 700 733 et
724 714 823 734 nomen
837 707 957 734 civitatis
977 707 1075 740 ,Jeru-

281 754 366 780 salem
383 761 460 780 nova:
481 762 488 780 :
510 760 610 780 novam
624 752 778 780 Jerusalem
795 753 910 788 ejusque
926 761 1024 781 nomen
1044 761 1077 780 ac

281 799 329 826 Dei
347 806 447 826 nomen
475 806 530 825 non
544 798 618 825 aliud
643 798 783 833 quippiam
803 799 898 826 dicens
917 806 999 833 quam
1016 799 1075 833 glo-

281 846 351 872 riam
373 845 430 871 sive
448 844 643 879 cognitionem.
672 844 744 871 sicut
759 849 787 872 et
801 844 885 871 David
915 853 922 872 :
951 853 961 870 ‹
988 844 1075 877 Quam

1161 566 1330 602 Καὶγράψω
1340 566 1388 593 ἐπ’
1405 566 1500 594 αὑτὸν
1519 566 1552 593 τὸ
1582 567 1677 601 ὄνομα
1691 566 1744 593 τοῦ
1759 567 1836 594 Θεοῦ
1848 577 1924 602 μου.

1132 613 1194 640 Ἐπὶ
1208 613 1254 640 τὸν
1266 612 1362 647 νοητὸν
1376 612 1481 645 στύλον,
1493 613 1523 643 ὃς
1556 612 1630 639 ἐστιν
1644 613 1658 638 ὁ
1676 614 1732 644 τοῖς
1749 613 1831 645 Θείοις
1843 623 1927 649 προσ-

1125 659 1266 693 τάγμασιν
1298 659 1339 691 είς
1363 658 1480 693 ἔρεισμα
1493 658 1548 685 τῶν
1571 658 1775 694 ἀσθενεστέρων
1790 666 1922 696 κατηρτι-

1128 706 1239 740 σμένος,
1257 705 1399 741 γραφῆναί
1419 712 1487 740 φησι
1511 705 1541 732 τδ
1563 704 1648 740 ὖνομα
1664 705 1711 732 τοῦ
1733 706 1814 737 Θεοῦ,
1831 707 1878 734 καὶ
1895 709 1926 734 τὸ

1127 751 1213 786 ὄνομα
1226 751 1276 787 τῆς
1305 751 1410 783 πόλεως
1421 752 1467 778 τοῦ
1484 751 1553 778 Θεοῦ
1571 751 1642 787 (17⁸)
1666 751 1847 787 Ἰερουσαλὴμ
1876 755 1926 789 τῆς

1128 798 1235 833 καινῆς·
1266 797 1366 834 καινὴν
1390 798 1581 834 Ἰερουσαλὴμ,
1599 799 1647 824 καὶ
1668 798 1699 824 τὺ
1725 798 1811 832 ὖνομα
1827 799 1924 834 αὐτῆς,

1127 843 1175 870 καὶ
1189 843 1236 870 τοῦ
1252 843 1320 871 Θεοῦ
1335 844 1366 870 τὺ
1377 844 1463 880 ὄνομα
1476 845 1528 871 οὐκ
1545 844 1609 871 ἄλλο
1621 851 1648 870 τι
1662 843 1762 878 λέγων,
1776 843 1792 878 ἦ
1805 845 1854 879 τὴν
1877 845 1924 872 δό-

282 889 444 917 admirabile
467 894 509 917 est
525 897 624 916 nomen
645 893 722 916 tuum
738 890 765 916 in
782 890 905 917 universa
922 895 995 917 terra
1008 890 1042 923 ’°,
1060 900 1069 916 ι

1125 887 1185 920 ξαν,
1200 889 1261 924 ἤτοι
1280 888 1332 924 τὴν
1361 889 1474 923 γνῶσιν,
1491 888 1584 920 καθὼς
1609 889 1657 916 καὶ
1684 890 1699 915 ὁ
1726 889 1810 915 Δαυΐδ
1824 896 1832 905 ·
1853 897 1863 915 ‹
1881 889 1926 921 Ὧς

281 936 335 962 hoc
361 940 404 961 est
424 936 511 961 honor
535 941 562 961 et
590 935 628 961 tui
651 934 781 970 cognitio.
803 934 832 962 ln
857 935 956 963 tabulis
983 936 1075 970 itaque

281 980 372 1007 mrdis
401 979 554 1014 spiritualis
578 980 714 1007 columna:
739 981 871 1015 scriptum
904 985 947 1008 est
974 989 1074 1009 nomen

281 1025 341 1057 Dei,
358 1026 415 1052 sive
430 1026 595 1060 cognitionis
616 1026 674 1054 sive
693 1026 797 1061 gloriae,
814 1027 941 1055 similiter
961 1032 988 1055 et
1005 1028 1074 1055 civi-

280 1072 345 1100 tatis
358 1071 511 1100 Jerusalem
529 1081 535 1099 :
554 1071 601 1099 Dei
615 1071 736 1106 quidem,
752 1080 851 1107 nempe
865 1073 941 1107 quod
960 1077 1073 1101 sanctus

280 1118 326 1151 sit,
340 1118 413 1153 quod
429 1118 531 1153 justus,
548 1125 580 1145 ac
595 1118 712 1146 reddens
729 1117 877 1153 unicuique
890 1117 967 1153 juxta
980 1126 1072 1153 opera,

279 1165 354 1200 quod
382 1165 456 1191 omni
487 1163 611 1191 bonitate
633 1164 749 1198 plenus,
777 1163 931 1198 talibusque
951 1164 1074 1199 gaudens

280 1209 432 1237 cultoribus
453 1218 459 1236 :
479 1209 566 1244 ipsius
594 1213 685 1236 autem
705 1208 855 1236 Jerusalem
869 1228 877 1241 ,
907 1209 982 1244 quod
1005 1209 1073 1236 dile-

280 1259 353 1282 ctum
372 1255 406 1282 sit
422 1254 469 1281 Dei
488 1254 696 1282 tabernaculum
712 1258 740 1282 et
761 1262 826 1282 suos
841 1255 914 1283 cives
928 1255 962 1282 ad
977 1262 1073 1289 super-

279 1309 345 1328 nam
359 1301 526 1328 transmittat
538 1301 713 1335 metropolinr
727 1309 734 1328 :
755 1308 817 1336 quae
830 1300 946 1328 inferior
958 1300 1073 1328 Jerusa-

280 1348 333 1375 lem
347 1352 477 1381 tanquam
489 1346 598 1374 colonia
609 1353 736 1382 supernae
748 1346 937 1379 constituitur,
951 1346 1073 1374 retinens

279 1400 326 1420 eos
341 1393 388 1428 qui
407 1393 516 1419 interim
532 1392 561 1419 in
581 1392 642 1426 ipsa
661 1395 807 1419 versantur
821 1396 954 1426 tanquam
974 1391 1073 1418 litteris

279 1443 388 1467 utentes
401 1446 433 1466 ac
448 1446 575 1473 superna:
588 1438 651 1465 vitae
668 1437 828 1465 inferiorem
852 1441 987 1471 aptantes.
1017 1435 1073 1463 Eos

280 1485 364 1520 igitur
380 1485 427 1520 qui
448 1488 543 1511 mutua
561 1484 612 1511 hac
629 1483 765 1518 scriptura
788 1487 916 1517 tanquam
934 1481 1072 1510 indelebili

279 1531 412 1558 memoria
434 1530 604 1565 (ltujusmodi
627 1530 701 1557 enim
728 1534 771 1556 est
795 1529 946 1563 scriptura,
975 1536 1072 1563 nempe

278 1585 340 1612 quae
357 1577 500 1605 stabiliora
517 1576 617 1604 eﬂiciat
632 1582 665 1603 ea
684 1582 746 1610 quae
763 1575 835 1602 facta
848 1575 924 1610 sunt)
940 1579 967 1602 et
984 1574 1031 1602 Dei
1047 1579 1074 1602 et

279 1631 406 1659 supernae
421 1622 575 1650 Jerusalem
591 1621 686 1656 gloria:
702 1624 812 1655 gestant
833 1621 950 1655 insigne,
965 1628 999 1648 an
1019 1627 1072 1647 non

275 1669 358 1696 divos
373 1668 506 1703 quosdam
519 1668 631 1703 dignum
642 1672 684 1695 est
699 1667 857 1703 appellare?
871 1666 958 1694 Porro
973 1674 1073 1694 nomen

279 1721 380 1741 novum
396 1713 576 1747 intelligimus
594 1713 698 1740 sanctis
713 1712 885 1747 impositum,
903 1711 977 1747 quod
990 1711 1075 1747 684

277 1759 374 1791 etiam,
392 1763 491 1794 praeter
505 1758 714 1786 delectationem
729 1758 814 1785 divini
829 1759 952 1786 muneris
965 1762 993 1785 et
1005 1758 1074 1785 frui-

277 1805 383 1831 tionem
399 1804 506 1832 decoris
526 1804 777 1839 incorruptibilium
798 1805 945 1835 bonorum.
963 1804 1030 1839 ipsis
1045 1804 1072 1831 in

279 1850 373 1878 futuro
390 1850 491 1878 saeculo
506 1855 636 1885 tanquam
653 1850 761 1885 insigne
772 1851 882 1877 additur
899 1854 1073 1885 :etprmter-

279 1902 311 1923 ea
336 1895 379 1924 liis
407 1896 454 1931 qui
483 1903 556 1922 nunc
581 1895 756 1923 invenientur
791 1895 892 1923 Christi
919 1895 1019 1922 fratres
1045 1900 1074 1923 et

278 1942 360 1970 amici
381 1949 414 1970 ac
431 1942 560 1969 cultores.

583 2041 700 2070 CAPUT
719 2042 764 2070 IX.

280 2099 346 2132 Qua:
362 2099 514 2136 signiﬁcata
529 2107 591 2129 sunt
604 2102 701 2138 angelo
713 2102 840 2130 Ecclesia:
855 2102 1070 2131 Laodicensium.

316 2185 365 2220 Ill,
396 2187 490 2215 M-I'l.
522 2188 557 2215 Et
589 2189 682 2224 αηρείο
710 2190 839 2219 Ecclesia:
867 2191 1069 2218 Laodicensium

279 2233 366 2260 scribe
387 2241 397 2260 :
427 2233 492 2261 llazc
512 2235 577 2262 diri!
600 2237 682 2263 Amen
705 2238 751 2272 qui
774 2243 812 2264 est
839 2239 912 2265 leuis
931 2239 1018 2273 ﬁdelis
1046 2244 1071 2265 ει

279 2287 370 2311 uerus,
395 2281 554 2315 principium
577 2288 707 2309 creatura:
730 2283 803 2310 Dei:
822 2283 893 2310 Νοιιί
914 2293 994 2319 opera
1010 2291 1068 2316 tua.

278 2324 350 2359 quod
374 2333 455 2360 neque
480 2326 595 2361 frigidus
618 2328 654 2354 sis
684 2336 765 2361 neque
789 2329 905 2363 fer'vidus
932 2337 941 2356 :
968 2330 1070 2357 utinam

279 2371 395 2406 frigidus
410 2379 478 2399 esset
498 2377 546 2399 aut
561 2373 687 2408 feruidus.
705 2373 803 2409 Itaque
818 2376 944 2410 quoniam
967 2377 1070 2411 tepidus

278 2426 306 2445 es
325 2422 351 2445 et
364 2426 444 2453 neque
459 2419 575 2453 fervidus
596 2428 677 2455 neque
689 2420 815 2456 frigidus,
831 2421 956 2456 incipiant
974 2427 998 2450 Ie
1013 2431 1072 2450 evo-

279 2471 349 2491 mere
358 2472 391 2491 ea;
403 2473 447 2491 ore
457 2473 525 2493 ηιεο.
542 2466 676 2499 Quoniam
692 2467 758 2495 dici:
773 2476 782 2494 :
798 2467 874 2495 Diues
891 2477 950 2495 tum
961 2473 987 2496 et
999 2469 1071 2496 dila-

279 2513 322 2537 tus
333 2518 402 2544 sum,
418 2515 441 2537 et
455 2511 555 2538 nullius
575 2520 654 2547 egeo:
667 2518 694 2540 et
714 2514 799 2541 nescis
810 2514 880 2549 quod
895 2519 923 2541 tu
938 2515 976 2542 ait
991 2515 1071 2543 miser

277 2560 305 2582 ιι
323 2556 481 2585 miserabilis
492 2577 500 2590 ,
520 2562 545 2584 et
565 2566 665 2594 pauper
675 2564 701 2587 et
716 2567 801 2587 caecus
816 2568 848 2588 ac
864 2561 962 2588 nudus.

314 2691 401 2718 Amen
435 2698 478 2719 est
511 2693 654 2728 profecto,
684 2700 770 2723 certe.
802 2696 882 2727 Certe
913 2697 998 2734 igitur
1029 2703 1072 2728 cst

315 2768 341 2787 "
351 2770 421 2798 l‘sal.
434 2779 494 2806 vui,
505 2772 534 2807 2,
551 2772 583 2800 l0

316 2847 384 2884 (l7‘)
401 2848 454 2875 Τοῦ
471 2848 538 2876 Θεοῦ
554 2849 696 2877 omittebat
710 2851 782 2885 vulg.

1125 933 1285 969 θαυμαστδν
1308 933 1339 961 τὸ
1359 933 1447 969 ὄνομά
1471 942 1517 960 σου
1541 934 1571 960 ἐν
1586 934 1661 970 πάσῃ
1679 934 1712 968 τῇ
1730 933 1788 969 γῇί
1830 942 1840 960 ι
1865 935 1926 961 ἀντὶ

1125 979 1183 1011 τοῦ,
1205 980 1238 1006 'H
1253 980 1333 1016 τιμὴ,
1346 980 1364 1015 ἠ
1386 980 1451 1015 περὶ
1467 980 1518 1007 σοῦ
1546 979 1658 1014 γνῶσις,
1685 978 1730 1006 Ἐν
1750 979 1813 1011 ταῖς
1841 979 1925 1012 πλαξὶ

1125 1026 1273 1062 τοιγαροῦν
1298 1025 1350 1060 τῆς
1366 1026 1480 1060 καρδίας
1494 1027 1543 1052 τοῦ
1563 1024 1661 1061 νοητοῦ
1682 1025 1780 1052 στῦλου
1803 1026 1925 1061 γραφέν-

1124 1081 1170 1104 τος
1187 1072 1235 1099 τοῦ
1247 1073 1381 1108 ὀνόματος
1396 1072 1444 1099 τοῦ
1457 1071 1544 1103 Θεοῦ,
1553 1072 1637 1106 ἤγουν
1651 1071 1702 1107 τῆς
1716 1072 1858 1106 γνώσεως,
1871 1072 1922 1106 τῆς

1124 1118 1214 1154 δόξης,
1234 1118 1367 1151 ὡσαύτως
1380 1119 1427 1146 καὶ
1441 1119 1490 1154 τῆς
1511 1118 1711 1154 Ίερουσαλήμο
1727 1118 1775 1145 τοῦ
1800 1118 1851 1153 μὲν
1876 1117 1924 1144 τοῦ

1124 1167 1203 1200 Θεοῦ,
1216 1168 1254 1197 ὼς
1271 1168 1360 1202 ἅγιος,
1384 1168 1422 1200 ὡς
1444 1167 1550 1199 δίκαιος
1570 1168 1618 1194 καὶ
1639 1167 1783 1199 ἀποδιδοὺς
1813 1167 1923 1202 ἑκάστῳ

1126 1214 1199 1240 κατὰ
1216 1214 1250 1240 τὰ
1268 1214 1349 1249 ἔργα,
1361 1213 1399 1245 ὡς
1419 1214 1510 1248 πάσης
1532 1213 1704 1248 ἅγαοότητος
1735 1213 1855 1248 πλήρης,
1874 1213 1923 1239 καὶ

1125 1259 1259 1290 τοιούτοις
1279 1259 1383 1295 χαίρων
1410 1259 1579 1294 οεράπουσι·
1602 1258 1654 1293 τῆς
1684 1257 1864 1293 Ἰερουσαλὴμ
1883 1256 1923 1287 δὲ,

1124 1303 1162 1334 ὥς
1172 1303 1240 1330 Θεοῦ
1257 1304 1392 1338 σκήνωμα
1404 1303 1546 1338 ἀγαπητόν
1561 1304 1620 1330 ὲστι
1633 1303 1681 1329 καὶ
1695 1302 1761 1334 τοὺς
1774 1302 1861 1336 αὐτῆς
1873 1310 1924 1327 πο-

1124 1348 1202 1380 λίτας
1225 1349 1294 1384 πρὸς
1320 1349 1370 1384 τὴν
1401 1349 1457 1376 ἄνω
1480 1348 1708 1383 παραπέμπουσα
1740 1346 1922 1383 μητρόπολιν,

1123 1394 1185 1430 ἥτις
1207 1394 1283 1421 κάτω
1309 1394 1504 1430 Ἰερουσαλὴμ,
1518 1393 1613 1428 ὥσπερ
1632 1393 1770 1428 μετοίκιον
1797 1392 1848 1427 τῆς
1866 1391 1924 1418 ἄνω

1126 1440 1301 1473 καθίσταται,
1317 1441 1381 1472 τοὺς
1396 1440 1466 1472 τέως
1485 1439 1710 1473 ὲνδιαιτωμένους
1719 1440 1748 1466 ὲν
1757 1438 1837 1474 αὐτῇ,
1854 1438 1924 1464 οίον-

1124 1488 1149 1514 εὶ
1180 1488 1327 1523 γράμμασι
1355 1486 1531 1521 χρωμένους,
1571 1486 1605 1521 τῇ
1629 1485 1686 1512 ἄνω
1711 1484 1844 1519 ὲμϐιώσει
1874 1484 1924 1519 τὴν

1124 1534 1200 1561 κάτω
1222 1531 1406 1568 ρυθμίζοντας
1428 1531 1596 1566 κατέχουσα.
1609 1531 1649 1566 Τῇ
1674 1529 1838 1565 καταλλήλῳ
1867 1529 1922 1565 γὰρ

1125 1577 1172 1606 οὖν
1186 1578 1274 1614 ταύτῃ
1287 1580 1390 1614 γραφῇ,
1411 1578 1549 1610 τουτέστι,
1565 1578 1599 1613 τῇ
1623 1576 1797 1611 ἀνεπιλήστῳ
1827 1576 1922 1612 μνήμῃ

1126 1626 1258 1662 (τοιοῦτον
1276 1626 1331 1661 γὰρ
1346 1627 1363 1662 ἡ
1383 1625 1477 1661 γραφὴ
1503 1625 1542 1656 ὡς
1563 1624 1753 1660 μονιμώτερον
1769 1625 1825 1652 τῶν
1846 1633 1924 1659 γενο-

1128 1671 1218 1706 μένων
1241 1671 1448 1706 ὲκτελουμένη),
1464 1671 1514 1705 τῆς
1537 1677 1567 1695 τε
1586 1669 1633 1695 τοῦ
1657 1668 1725 1695 Θεοῦ
1743 1668 1852 1702 καὶτῆς
1865 1667 1922 1694 ἅνω

1131 1715 1310 1752 Ἰερουσαλὴμ
1330 1716 1380 1750 τῆς
1396 1716 1475 1751 δόξης
1486 1715 1516 1742 τὺ
1532 1715 1699 1750 παράσημον
1729 1713 1920 1750 κομιζόμενοι,

1125 1762 1185 1793 πῶς
1210 1762 1242 1788 οὐ
1271 1761 1339 1788 θεῖοί
1364 1770 1438 1793 τινες
1461 1760 1681 1797 χρηματίζοιεν,
1710 1760 1747 1787 Τὸ
1774 1760 1802 1786 δὲ
1830 1760 1922 1787 καινὸν

1124 1807 1210 1842 ὄνομα
1234 1806 1360 1842 νοοῦμεν,
1372 1807 1402 1833 τδ
1423 1807 1614 1841 ἐπιτιθέμενον
1634 1807 1692 1837 τοῖς
1712 1806 1811 1839 ἁγίοις,
1825 1805 1839 1832 δ
1870 1806 1919 1832 καὶ

1124 1853 1192 1889 πρὸς
1202 1854 1235 1888 τῇ
1252 1852 1408 1889 εὐφροσύνῃ
1420 1853 1470 1888 τῆς
1485 1852 1686 1888 Θείαςδωρεᾶς
1702 1852 1750 1879 καὶ
1771 1851 1921 1878 ἀπολαύσει

1124 1898 1171 1925 τοῦ
1190 1899 1307 1930 κάλλους
1321 1899 1376 1925 τῶν
1392 1897 1540 1934 ἀκηράτων
1557 1897 1668 1932 ἀγαθῶν
1691 1898 1720 1924 ἐν
1737 1897 1776 1932 τῷ
1797 1896 1920 1932 μέλλοντι

1124 1942 1204 1970 αἰῶνι
1216 1943 1309 1974 αὐτοῖς
1319 1943 1353 1970 ἃν
1362 1942 1502 1978 γνώριμον
1511 1942 1560 1969 καὶ
1568 1944 1624 1975 τοῖς
1632 1942 1797 1978 ληψομένοις
1809 1943 1865 1973 τοῖς
1873 1941 1921 1968 νῦν

1123 1988 1248 2023 ἀδελφοῖς
1258 1988 1378 2024 Χριστοῦ
1391 1988 1534 2024 καὶφίλοις
1546 1989 1592 2016 καὶ
1603 1988 1764 2024 θεράπουσι,
1776 1988 1919 2024 πρόσεστι.

1420 2046 1546 2073 ΚΕΦΑΔ.
1575 2045 1614 2072 θ’.

1126 2101 1164 2129 Τὰ
1178 2101 1350 2136 δηλωθέντα
1359 2101 1437 2136 δρὸς
1449 2101 1503 2128 τὸν
1523 2100 1580 2135 τῆς
1600 2099 1772 2128 Λαοδικέων
1795 2100 1920 2134 Ἐκκλη-

1405 2137 1477 2169 σίας
1488 2136 1630 2171 ἄγγελον.

1160 2192 1214 2220 Καὶ
1227 2192 1267 2225 τῷ
1279 2191 1397 2228 ἀγγέλῳ
1411 2191 1467 2226 τῆς
1482 2191 1517 2218 ἐν·
1539 2190 1701 2224 Λαοδικείᾳ
1733 2190 1920 2224 Ἑκκλησίας

1088 2219 1109 2246 D
1125 2219 1267 2273 wayoﬂ
1284 2219 1359 2264 ίάὶςε
1369 2219 1482 2272 λέγείιῤ
1498 2237 1600 2271 Ἀμὴν,
1612 2238 1629 2263 o'
1640 2219 1758 2270 μάρτυς
1773 2238 1791 2263 ό
1807 2219 1918 2270 nicto;-

1125 2284 1174 2311 καὶ
1198 2284 1355 2323 ἀληθινὸς,
1371 2284 1390 2317 ἡ
1416 2282 1496 2318 ἀρχὴ
1518 2282 1574 2316 τῆς
1602 2282 1728 2315 κτίσεως
1749 2282 1803 2308 τοῦ
1825 2281 1918 2308 Θεοῦ·

1126 2328 1200 2357 οῖδα
1227 2336 1286 2356 σου
1309 2330 1347 2356 τὰ
1363 2329 1450 2363 ἔργα,
1476 2328 1521 2355 ὅτι
1550 2327 1621 2354 οὔτε
1647 2327 1767 2361 ψυχρὸς
1792 2324 1830 2359 εἴ,
1848 2327 1919 2353 οὔτε

1125 2375 1238 2409 ζεστός.
1270 2376 1402 2410 Ὄφελον
1428 2374 1548 2409 ψυχρὸς
1588 2373 1644 2408 ἧς,
1670 2373 1689 2406 ἣ
1712 2371 1826 2405 ζεστός.
1861 2372 1918 2399 Οὔ-

1125 2430 1182 2455 τως
1202 2422 1248 2448 ὅτι
1260 2421 1386 2456 χλιαρὸς
1401 2418 1431 2448 εἴ
1448 2420 1497 2447 καὶ
1519 2419 1555 2446 οὺ
1573 2417 1676 2451 ζεστὸς
1693 2418 1764 2446 οὔτε
1787 2418 1916 2452 ψυχρὸς,

1121 2466 1226 2502 μέλλω
1250 2474 1288 2493 σε
1327 2466 1432 2500 ἐμέσαι
1457 2465 1492 2492 ὲκ
1515 2464 1568 2491 τοῦ
1596 2464 1750 2498 στόματός
1772 2472 1834 2498 μου
1851 2463 1918 2490 ’ὅτι

1124 2511 1236 2546 λέγεις,
1252 2511 1297 2538 ὅτι
1322 2511 1476 2544 Πλούσιός
1497 2511 1556 2545 εἰμι
1579 2510 1629 2537 καὶ
1644 2510 1852 2543 πεπλούτηκα,
1868 2509 1918 2536 καί

1126 2559 1251 2593 οὐδενὸς
1274 2559 1379 2594 χρείαν
1407 2559 1477 2594 ἔχω.
1494 2558 1551 2585 Καὶ
1564 2559 1621 2585 οὐκ
1641 2556 1726 2590 οἶδας
1741 2557 1785 2584 ὅτι
1803 2557 1844 2584 σὺ
1855 2555 1884 2584 εἶ
1901 2559 1918 2585 ό

1126 2605 1316 2640 ταλαίπωρος
1335 2605 1384 2632 καὶ
1398 2607 1423 2640 ό,
1435 2605 1580 2639 ἐλεεινὸς,
1599 2605 1648 2632 καὶ
1663 2603 1784 2639 πτωχὸς
1804 2604 1852 2632 καὶ
1865 2613 1917 2632 w-

1126 2652 1207 2688 φλὸς
1218 2651 1268 2679 καὶ
1295 2653 1421 2687 γυμνός.

1168 2699 1255 2734 ’Δμήν
1278 2699 1338 2726 ἐστι
1361 2698 1393 2726 τὸ
1404 2698 1460 2726 ναί.
1486 2698 1540 2725 Ναὶ
1555 2695 1603 2725 οὖν
1620 2697 1694 2724 ἐστιν
1715 2696 1744 2724 ἐν
1761 2696 1829 2724 πᾶσι
1860 2696 1917 2728 τοῖς
