2095 3160
203 219 252 253 561

733 218 929 249 COMMENT.
951 217 993 247 IN
1013 217 1279 248 APOCALYPSIN.

1782 217 1836 249 562

202 274 266 309 περὶ
277 271 359 300 αὑτοῦ
369 271 536 307 λεγομένοις,
549 273 610 308 ἦτοι
621 272 736 308 ἀλήθεια
747 273 794 299 καὶ
806 272 883 299 οὐδὲν
895 271 992 306 ψεῦδος

1046 270 1073 296 in
1103 270 1230 298 omnibus
1253 277 1315 305 quae
1329 270 1363 297 de
1380 270 1440 305 ipso
1450 271 1523 299 dicta
1544 275 1618 304 sunt,
1638 271 1697 300 sive
1715 272 1816 300 veritas
1828 291 1839 306 ,

202 321 232 346 ἐν
245 319 351 350 αὐτοῖς.

244 365 279 392 Ἦ
300 363 379 399 ἀρχὴ
401 363 457 398 τῆς
484 363 608 398 κτίσεως
635 364 690 392 τοῦ
720 363 806 396 Θεοῦ,
820 364 881 391 ἀντὶ
901 363 960 396 τοῦ,
976 364 994 399 ἡ

202 410 327 446 βασιλεία
350 410 396 436 καὶ
412 410 429 444 ἡ
442 409 514 445 ἀρχὴ
536 409 646 436 πάντων
660 409 698 441 ὡς
711 409 870 445 κτισμάτων
896 408 996 435 δεσπό-

202 457 297 489 ζουσα.
318 455 404 490 Ἀρχὴ
429 455 483 491 γὰρ
506 455 554 490 τῆς
572 456 698 487 κτίσεως,
720 456 737 490 ἡ
764 455 994 490 προκαταρκτικὴ

200 503 276 529 αίτία
288 503 337 538 τῆς
346 501 473 532 κτίσεως.
495 501 649 536 Ἐπηρέασε
659 501 681 528 δ’
698 502 731 528 ἂν
744 502 811 533 ίσως
827 501 866 536 τῷ
879 501 954 537 ρητῷ
964 501 996 528 τὸ

201 548 336 584 θεομάχον
349 548 404 574 τῶν
425 547 571 583 Ἀρειανῶν
582 547 775 583 ἐργαστήριον,
784 548 822 580 ὡς
832 547 879 575 τοῦ
891 548 995 584 Κυρίου

206 591 295 626 Ἰησοῦ
309 591 460 626 κτίσματος
475 591 520 618 διὰ
531 591 635 618 τούτων
649 591 865 627 γνωριζομένου.
881 592 919 619 Οὐ
940 591 994 628 χρὴ

200 637 228 663 δὲ
239 638 299 668 ταῖς
311 637 413 663 τούτων
428 637 603 673 παράγεσθαι
618 637 811 673 κακουργίαις,
825 637 994 670 σκοποῦντας

201 683 252 712 εἴτι
263 682 370 710 τοιοῦτο
385 685 432 711 καὶ
444 684 473 710 ἐν
487 685 568 719 ἑτέρᾳ
582 685 670 711 κεῖται
687 685 787 720 Γραφῇ
808 686 871 719 περὶ
884 684 994 718 τούτου,

201 729 235 756 ἶν’
248 728 298 766 ἔχῃ
313 737 353 760 τις
370 729 402 756 ἐκ
417 729 472 756 τῶν
494 730 596 765 ὁμοίων
611 730 764 763 κανονίζειν
779 731 814 756 τὰ
826 730 924 765 inputa.
939 732 993 766 Φη-

202 776 244 802 σὶν
261 773 307 802 οὖν
322 775 429 807 Παῦλος
444 776 632 803 Κολοσσαεῦσι
644 776 760 812 γράφων
779 777 844 813 περὶ
865 777 912 804 τοῦ
925 778 995 815 Χρι-

201 821 266 848 στοῦ
281 830 288 837 ·
302 831 312 848 ι
331 822 381 854 ’ος
396 823 471 849 ἐστιν
493 822 605 859 ἀπαρχὴ
629 823 802 858 πρωτότοκος
825 825 917 859 πάσης
934 825 994 851 κτί-

201 876 280 899 σεως.
298 876 308 893 ι
328 867 454 899 Κτίσεως
468 869 654 904 πρωτότοκος,
666 870 696 896 οὐ
712 869 765 905 μὴν
779 871 993 905 πρωτόκτιστος.

200 912 256 938 Καὶ
269 911 354 939 Δαυῑδ
366 920 374 928 ο
392 922 401 938 ι
429 913 476 940 Ἐκ
499 914 619 949 γαστρὸς
631 914 684 949 πρὸ
698 915 838 950 ἑωσφόρον
860 916 995 952 ἐγέννησᾶ

201 967 242 991 σε,
263 969 273 986 ι
288 960 346 987 ἀλλ’
361 961 411 987 οὐκ
421 968 428 976 ·
446 961 563 988 Ἕκτισά
578 970 617 988 σε.
633 962 689 988 Καὶ
701 961 828 997 Σολομὼν
839 971 846 979 ·
866 972 876 989 ι
893 964 950 999 Πρὸ
964 964 994 991 δὲ

200 1005 311 1032 πάντων
326 1005 430 1041 βουνῶν
444 1008 528 1042 γεννᾷ
547 1015 593 1042 με.
616 1016 625 1033 ι
644 1007 680 1034 Τὸ
694 1008 733 1035 δέ-
757 1018 766 1034 ι
784 1008 885 1044 Κύριος
901 1009 993 1037 ἐκτισέ

200 1059 234 1086 με
247 1051 334 1087 ἀρχὴν
345 1051 413 1079 ὁδῶν
424 1052 518 1084 αὑτοῦ,
531 1062 541 1078 ι
557 1053 597 1086 τὸ,
609 1062 618 1078 ι
633 1052 748 1085 ἔκτισεν,
763 1064 771 1080 ι
783 1055 842 1081 ἀντὶ
857 1055 916 1088 τοῦ,
928 1064 995 1083 κατ-

199 1096 306 1129 έταξεν,
333 1097 473 1132 εἴληπται,
491 1097 529 1129 ὡς
557 1099 605 1124 καὶ
626 1099 673 1124 ἐπὶ
693 1099 752 1131 τοῦ,
773 1108 782 1125 ι
825 1099 884 1127 Ἵνα
913 1101 995 1137 κτίσῃ

198 1143 262 1174 τοὺς
276 1142 323 1169 δύο
334 1143 374 1174 είς
387 1142 437 1170 ἒνα
454 1143 548 1170 καινὴν
560 1143 715 1179 ἄνθρωπον·
730 1154 739 1171 ι
756 1145 804 1172 καὶ
818 1146 878 1173 τοῦ·
894 1156 902 1172 ι
918 1148 994 1183 Καρ-

197 1187 258 1213 δίαν
281 1187 407 1223 καθαρὰν
431 1188 525 1215 κτίσον
549 1189 578 1215 ἐν
605 1190 678 1224 ἐμοὶ,
692 1191 706 1216 ὁ
726 1190 803 1222 Θεός.
821 1201 831 1218 ι
855 1191 885 1218 '0
905 1193 934 1219 δέ
961 1202 994 1227 γε

199 1234 271 1266 θεῖος
287 1234 342 1261 τῶν
361 1235 450 1269 λόγων
475 1235 626 1271 Γρηγόριος
649 1237 678 1262 ἐν
703 1236 743 1272 τῷ
769 1237 836 1272 Περὶ
853 1236 900 1264 τοῦ
927 1238 993 1265 Υίοῦ

197 1279 282 1315 λόγῳ,
295 1281 326 1307 τὸ
344 1281 404 1316 μὲν,
421 1281 552 1313 ἔκτισεν,
568 1281 615 1308 ἐπὶ
634 1281 681 1308 τοῦ
698 1282 801 1317 νοερῶς
824 1282 994 1318 ἐμψυχωμι-

199 1331 246 1349 νου
260 1323 308 1350 τοῦ
335 1325 476 1360 Κυριακυῦ
499 1326 625 1359 σώματος
637 1326 754 1352 ἀκούει·
785 1327 811 1353 εδ
821 1327 863 1359 δὲ,
888 1328 991 1364 γεννᾷ,

199 1369 247 1395 ἐπὶ
271 1371 321 1404 τῆς
343 1371 481 1406 θεότητος.
502 1371 647 1404 Τοσούτοις
672 1371 720 1400 οὖν
747 1375 921 1409 μαρτυρίοις,
943 1377 993 1411 τῆς

199 1415 316 1447 κτίσεως
340 1417 580 1453 συγκροτουμένης
599 1437 607 1451 ,
631 1419 647 1454 ή
680 1419 753 1454 ἀρχὴ
779 1421 830 1455 τῆς
851 1421 967 1454 κτίσεως
983 1443 991 1454 ,

199 1462 239 1492 ὡς
266 1462 389 1497 ἑφθημεν
415 1464 558 1499 εἰρηκότες
574 1485 582 1497 ,
614 1465 664 1491 οὐκ
685 1464 772 1498 ἄλλο,
795 1465 812 1501 ἢ
837 1467 868 1493 τὸ
906 1468 993 1504 ἄρχον

199 1507 252 1542 τῆς
275 1508 391 1540 κτίσεως
406 1509 455 1536 τοῦ
477 1509 546 1536 Θεοῦ
563 1509 662 1546 δηλοῦν
677 1511 816 1546 βούλεται,
828 1513 923 1540 καθότι
945 1515 993 1541 καὶ

203 1561 213 1577 ι
224 1552 316 1579 Πάντα
329 1553 364 1580 δι’
377 1553 460 1581 αὑτοῦ
474 1555 592 1589 ἐγένετο.
600 1555 708 1591 »Τούτῳ
719 1557 763 1583 καὶ
777 1557 872 1593 ἄρχειν
881 1558 935 1586 τῶν
946 1560 993 1586 ὑπ’

200 1597 284 1646 αῦτοῦ
297 1599 579 1646 δίϐοταιῗκτισμάτων,
598 1602 692 1637 ἤγουν,
714 1603 845 1638 κατέστη,
859 1604 906 1631 τοῦ
921 1605 994 1641 είλη-
1007 1617 1028 1646 c

201 1642 283 1677 φέναι
295 1645 343 1670 καὶ
367 1645 415 1671 τοῦ
430 1647 601 1681 καταστῆναι
628 1648 673 1674 nix
695 1646 845 1675 ἐλάττωσιν
870 1650 993 1685 εἰσηγου-

202 1688 296 1722 μένων
308 1690 404 1723 οὐσίας
416 1692 464 1718 καὶ
485 1691 575 1727 δόξης.

239 1818 303 1845 Ὀτι
328 1819 399 1846 οὔτε
420 1820 541 1855 ψυχρὸς
558 1822 594 1853 εἷ,
619 1823 687 1850 οὔτε
712 1823 825 1858 ζεστός.
850 1826 961 1862 Ψυχρος
979 1828 994 1853 ὁ

200 1864 384 1900 ἐστερημένος
408 1866 460 1901 τῆς
483 1866 532 1894 τοῦ
560 1868 639 1902 ἁγίου
667 1869 826 1905 Πνεῦματος
853 1873 994 1908 ἐνεργείας

201 1910 250 1936 καὶ
266 1912 475 1947 ἐπιφοιτήσεως.
489 1913 589 1945 Ζεστὺς
604 1914 633 1940 δὲ
656 1916 670 1942 ό
685 1914 755 1947 ζέων
779 1917 819 1952 τῷ
843 1918 994 1954 Πνεύματι,

201 1956 240 1987 ὡς
261 1958 309 1983 καὶ
336 1958 442 1990 Παῦλος
466 1968 544 1995 φησι.
574 1961 692 1997 Χλιαρδς
718 1962 756 1995 δὲ,
789 1965 803 1989 ό
837 1965 867 1991 ἐν
892 1966 995 2000 ἀμφοῖν

201 2002 328 2035 ἀϐέϐαιος
341 2005 388 2031 καὶ
400 2006 639 2042 ὲπαμφοτερίζων,
652 2008 681 2039 ὃς
694 2009 838 2042 μετουσίας
851 2011 900 2045 μὲν
914 2011 994 2040 ἔλαϐε

201 2049 361 2084 Πνιύματος
378 2051 458 2085 ἁγίου
470 2052 515 2079 διὰ
532 2052 579 2079 τοῦ
596 2053 797 2089 βαπτίσματος,
814 2055 909 2084 ἔσϐεσε
922 2058 950 2085 δέ
965 2059 996 2086 τὺ

201 2095 325 2130 χάρισμα
337 2096 391 2123 τῶν
404 2097 609 2129 ζωοποιοῦντων
624 2099 672 2135 τὴν
687 2101 786 2136 ψυχὴν,
803 2103 835 2137 τῇ
852 2103 906 2130 τῶν
921 2113 994 2140 παρ-

298 2143 419 2177 φροντίδι
448 2145 787 2183 καταρῤᾳθυμήσας(ί8⁸).
801 2149 847 2175 Διὸ
865 2151 913 2177 καὶ
930 2152 995 2187 ’περὶ

200 2186 249 2212 τοῦ
265 2186 339 2214 θείου
351 2189 509 2224 Πνεύματος
530 2191 635 2224 Παῦλος
652 2201 730 2228 φησι·
745 2203 755 2220 ι
774 2195 811 2221 Τὸ
825 2195 937 2231 Πνεῦμα
958 2198 995 2232 μὴ

202 2232 340 2260 σϐέννυτε.
359 2243 369 2260 ι
394 2234 470 2262 Ἐπεὶ
489 2233 538 2263 οὖν
553 2237 585 2264 σὺ
604 2237 742 2271 τοιοῦτος,
774 2241 821 2267 καὶ
845 2241 929 2274 ζέσας
957 2242 995 2278 τῷ

1047 315 1208 351 nullumque
1225 317 1250 343 in
1266 316 1333 351 ipsis
1347 321 1390 344 est
1409 317 1594 345 mendacium.

1081 361 1248 397 Principium
1258 367 1388 389 creatura:
1405 363 1462 390 Dei.
1475 363 1534 390 Hoc
1544 368 1586 391 est
1597 370 1712 398 regnum
1725 367 1753 390 et
1765 363 1840 398 prin-

1047 408 1153 442 cipatus
1174 408 1310 439 omnium,
1326 411 1456 442 tanquam
1479 408 1631 436 dominium
1648 409 1752 436 habens
1764 409 1791 436 itt
1807 415 1840 436 ea

1046 459 1108 489 quae
1123 459 1215 481 creata
1231 457 1306 481 sunt.
1322 453 1488 488 Principium
1505 456 1576 482 enim
1593 460 1726 482 creaturae
1739 455 1840 482 dicitur

1046 499 1159 527 evidens
1173 507 1255 527 causa
1271 504 1415 527 creaturae.
1439 499 1577 528 Fortassis
1591 505 1682 528 autem
1699 501 1751 528 hoc
1765 501 1840 528 dicto

1046 545 1213 573 calumniam
1230 550 1347 573 strueret
1360 545 1415 573 Deo
1431 546 1542 573 inimica
1555 546 1719 574 Arianorum
1735 547 1840 574 machi-

1047 591 1133 624 natio,
1154 595 1284 626 tanquam
1311 590 1444 619 Dominus
1457 591 1539 619 Jesus
1560 599 1608 626 per
1624 592 1681 620 haec
1699 592 1839 627 signiﬁca-

1048 642 1123 665 retur
1137 646 1197 666 esse.
1221 642 1358 666 creatura.
1382 637 1442 666 Non
1467 643 1575 674 oportet
1591 645 1682 666 autem
1710 640 1840 675 malignis

1047 684 1144 711 horqu
1166 684 1265 711 abduci
1293 684 1457 715 conatibus,
1486 684 1694 712 considerantes
1715 685 1839 719 nunquid

1047 730 1101 757 tale
1121 730 1148 757 in
1169 729 1222 757 alia
1244 730 1388 765 Scriptura
1405 730 1439 758 de
1458 731 1509 757 hoc
1534 731 1679 762 habeatur,
1696 734 1726 757 ut
1754 731 1841 765 possit

1046 776 1108 811 quis
1128 783 1162 803 ex
1193 775 1331 803 similibus
1359 775 1393 803 ad
1420 777 1541 811 regulam
1570 777 1670 804 similia
1697 776 1838 804 reducere.

1047 823 1117 850 Dicit
1147 823 1238 858 itaque
1265 822 1367 851 Paulus
1396 823 1429 850 ad
1456 823 1634 851 Colossenses
1658 823 1781 850 scribens
1806 824 1842 850 de

1045 869 1157 897 Christo
1175 878 1182 897 :
1201 878 1210 895 ι
1238 869 1290 902 Qui
1315 874 1357 897 est
1380 869 1510 905 primitiae
1526 870 1727 904 printogenitus
1749 870 1840 897 omnis

1046 920 1180 946 creaturae
1192 917 1226 933 ³⁸⁸
1244 924 1251 943 :
1276 926 1286 943 ι
1304 916 1502 951 primogenitus
1517 921 1660 948 creaturae,
1679 924 1732 943 non
1750 915 1840 950 primo

1047 967 1167 991 creatus.
1195 963 1229 990 Et
1253 962 1338 990 David
1360 971 1367 990 :
1393 971 1403 989 ‹
1430 962 1470 989 Ex
1496 967 1576 990 utero
1599 966 1663 990 ante
1693 962 1838 990 luciferum

1047 1008 1130 1044 genui
1153 1009 1227 1042 te”,
1256 1018 1266 1035 ›
1283 1013 1311 1036 at
1334 1016 1388 1036 non
1407 1017 1414 1035 :
1430 1008 1527 1036 Crcavi
1552 1013 1589 1036 te.
1613 1007 1647 1036 Et
1673 1007 1803 1036 Solomon
1829 1016 1838 1034 :

1051 1064 1060 1080 ι
1081 1054 1151 1081 Ante
1175 1061 1271 1081 omnes
1293 1054 1377 1082 Colles
1394 1058 1507 1088 generat
1530 1061 1573 1081 me
1586 1053 1606 1079 ¹.
1627 1062 1637 1079 ι
1663 1053 1749 1080 Porro
1764 1053 1838 1088 quod

1048 1100 1086 1128 ait
1104 1108 1110 1127 :
1131 1109 1140 1125 ι
1165 1099 1298 1127 Dominus
1318 1099 1421 1127 creavit
1444 1107 1487 1126 me
1511 1099 1620 1126 initium
1641 1099 1749 1126 viarum
1774 1107 1840 1127 sua-

1047 1153 1108 1174 rum
1126 1146 1146 1178 ',
1169 1155 1178 1172 ι
1201 1145 1314 1172 verbum
1339 1153 1349 1171 ι
1371 1145 1473 1172 crearit
1501 1154 1510 1170 ι
1531 1149 1672 1179 acceptum
1712 1149 1755 1172 est
1780 1152 1838 1179 pro.

1048 1191 1192 1219 constituit
1206 1199 1213 1217 :
1228 1190 1461 1226 quemadmodum
1476 1190 1558 1217 etiam
1574 1189 1619 1217 ubi
1632 1189 1733 1217 dieitur
1747 1198 1755 1216 :
1775 1199 1784 1215 ι
1804 1189 1841 1216 Ut

1047 1242 1155 1266 crearet
1181 1238 1251 1265 duos
1273 1237 1301 1264 itt
1331 1245 1416 1264 linunt
1446 1244 1548 1264 norum
1574 1232 1753 1268 hominem’;
1784 1244 1793 1260 ι
1813 1238 1840 1261 et

1047 1284 1113 1312 illud
1128 1292 1135 1311 :
1154 1293 1163 1309 ‹
1187 1284 1241 1311 Cor
1255 1283 1387 1310 mundum
1415 1290 1477 1310 crca
1496 1281 1522 1309 in
1540 1289 1593 1314 me,
1607 1282 1679 1308 Deus
1689 1282 1710 1308 ⁵.
1729 1290 1739 1307 ι
1756 1280 1840 1316 685

1049 1330 1162 1358 Divinus
1185 1333 1276 1357 autem
1301 1328 1328 1355 in
1344 1328 1519 1356 sermonibus
1537 1327 1686 1362 Gregorius
1712 1333 1841 1354 sermone

1047 1377 1086 1404 De
1099 1376 1167 1407 ﬁlio.
1178 1375 1275 1402 creavit
1287 1374 1407 1408 quidem,
1420 1366 1609 1400 debominico
1622 1379 1735 1407 corpore
1748 1371 1840 1398 anima

1047 1420 1174 1449 rationali
1199 1420 1320 1447 animato
1337 1419 1474 1453 intelligit,
1499 1422 1608 1452 generat
1627 1424 1692 1444 vero
1717 1416 1751 1443 de
1768 1415 1839 1442 divi-

1046 1468 1141 1494 nitate.
1159 1465 1228 1493 Cum
1253 1465 1337 1500 igitur
1354 1469 1409 1491 tam
1437 1463 1532 1490 multis
1557 1462 1720 1490 testimoniis
1735 1461 1840 1496 princi-

1046 1512 1121 1548 pium
1148 1516 1293 1542 creaturae,
1319 1509 1391 1537 sicut
1406 1509 1487 1536 etiam
1512 1508 1643 1540 diximus,
1673 1507 1741 1535 nihil
1765 1506 1839 1534 aliud

1046 1559 1203 1594 signiﬁcare
1217 1557 1301 1589 velit,
1315 1563 1396 1590 quam
1410 1555 1484 1590 quod
1500 1559 1596 1582 auctor
1611 1558 1653 1582 est
1668 1558 1696 1581 et
1711 1554 1840 1581 conditor

1046 1611 1179 1632 creatum
1204 1603 1269 1634 Dei.
1288 1603 1367 1638 juxta
1393 1601 1460 1630 illud
1487 1608 1609 1636 quoque,
1640 1610 1649 1626 ι
1669 1599 1767 1627 Omnia
1792 1607 1840 1634 per

1045 1651 1135 1685 ipsum
1152 1649 1225 1677 facta
1249 1652 1314 1675 sunt
1335 1647 1346 1663 ⁵
1363 1656 1371 1674 ς
1393 1656 1402 1673 ›
1420 1654 1469 1682 per
1482 1647 1536 1674 hoc
1549 1645 1632 1674 etiam
1645 1645 1727 1672 datur
1740 1649 1771 1671 ut
1786 1644 1838 1671 do-

1046 1697 1167 1724 minetur
1185 1693 1321 1723 creaturis
1338 1700 1400 1728 quce
1415 1692 1467 1720 sub
1484 1691 1544 1727 ipso
1555 1695 1622 1719 sunt
1645 1699 1652 1718 :
1667 1690 1725 1718 sive
1738 1689 1839 1717 conﬁr-

1046 1749 1137 1770 matur
1151 1740 1225 1776 quod
1242 1738 1431 1775 apprehendat
1447 1745 1480 1766 ac
1495 1737 1651 1765 moderetur
1666 1746 1673 1764 :
1689 1744 1743 1764 non
1764 1735 1837 1770 quod

1047 1789 1104 1816 lucc
1127 1786 1337 1814 diminutionem
1359 1784 1489 1811 inducant
1509 1782 1670 1810 substantiae
1689 1790 1721 1809 ac
1736 1781 1837 1817 gloria.

1082 1833 1159 1866 Quod
1174 1841 1255 1868 neque
1277 1832 1390 1868 frigidus
1410 1832 1447 1858 sis
1468 1837 1548 1864 neque
1561 1828 1689 1863 fervidus.
1711 1827 1839 1861 Frigidus

1045 1879 1147 1914 estqui
1170 1884 1246 1907 caret
1271 1878 1430 1912 operatione
1457 1884 1490 1904 ac
1511 1874 1723 1910 superventione
1749 1873 1838 1901 sancti

1047 1925 1165 1960 Spiritus
1180 1934 1187 1952 :
1205 1925 1325 1952 fervidus
1337 1929 1428 1951 autern
1443 1923 1490 1957 qui
1508 1922 1611 1956 Spiritu
1629 1920 1725 1951 fervet,
1741 1927 1838 1953 quem-

1045 1972 1192 1999 admodum
1219 1970 1301 1998 ctiam
1326 1969 1429 1996 Paulus
1459 1968 1525 1995 dicit
1554 1968 1566 1983 °
1590 1975 1598 1993 :
1632 1965 1741 2000 tepidus
1773 1971 1839 1991 vero

1046 2018 1093 2053 qui
1114 2017 1249 2045 instabilis
1273 2020 1314 2044 est
1329 2021 1356 2042 et
1369 2015 1395 2041 in
1418 2019 1535 2047 utroque
1549 2011 1702 2046 ambiguus,
1714 2010 1759 2044 qui
1776 2016 1839 2043 par-

1047 2065 1134 2099 ticeps
1156 2062 1267 2098 quidem
1289 2060 1410 2096 Spiritus
1437 2059 1526 2087 sancti
1549 2058 1637 2085 factus
1661 2061 1702 2084 est
1727 2063 1774 2090 per
1790 2056 1839 2082 ba-

1046 2111 1154 2145 ptisma,
1169 2107 1300 2136 exstinxit
1318 2111 1407 2134 tamen
1434 2105 1536 2132 donum
1559 2103 1633 2138 quod
1660 2102 1780 2129 animam
1796 2100 1838 2127 vi-

1046 2154 1197 2187 viﬂcabat,
1224 2153 1291 2180 illud
1310 2150 1495 2180 sollicitudine
1525 2148 1702 2184 praesentium
1731 2147 1837 2173 exstin-

1047 2208 1145 2236 guens.
1157 2199 1221 2227 ideo
1239 2206 1349 2234 quoque
1366 2198 1400 2225 de
1421 2196 1514 2224 divino
1530 2195 1634 2230 Spiritu
1666 2193 1705 2220 ait
1718 2192 1837 2219 Paulus:

1051 2257 1061 2272 ι
1082 2243 1309 2283 Spiritumnolite
1332 2242 1507 2277 exstinguere
1522 2242 1543 2267 ".
1564 2250 1574 2266 ι
1598 2239 1732 2273 Quoniam
1756 2238 1839 2273 igitur

201 2277 342 2326 Πνεῦματι
366 2280 411 2307 διὰ
432 2281 640 2317 βαπτίσματος,
658 2284 820 2321 ἁπεψύχϐης
842 2287 885 2314 διὰ
910 2277 996 2324 ρᾳϐυέ

1050 2298 1078 2320 ιιι
1097 2277 1160 2320 talis
1175 2299 1205 2319 cs
1221 2291 1267 2326 qui
1283 2297 1345 2317 cum
1362 2288 1464 2323 Spiritu
1481 2286 1601 2314 fervidus
1618 2285 1703 2312 fueris
1722 2292 1770 2318 per
1790 2283 1839 2311 ba-

203 2323 278 2357 μίας,
295 2325 344 2356 τὰς
359 2327 399 2357 εἰς
414 2326 527 2361 ὕστερον
541 2328 591 2362 τῆς
607 2330 742 2365 σωτηρίας
753 2331 864 2364 ἐλπίδας
878 2323 993 2361 σεαυτοῦ

200 2368 344 2405 ἐξέκοψας,
358 2374 508 2407 καταγνοὺς
519 2375 567 2410 τῆς
579 2375 733 2412 αἱρεθείσης
747 2386 788 2404 σοι
801 2378 929 2411 πίστεως.
949 2379 994 2407 Ἐν

199 2414 293 2448 ἔργοις
313 2416 364 2450 μὲν
387 2417 440 2453 γὰρ
461 2418 512 2445 οὐκ
531 2419 710 2454 ἀπογνωστέα
728 2423 743 2458 ἠ
768 2424 900 2459 μεσότης,
924 2425 962 2457 ὡς
981 2427 996 2452 ὸ

201 2459 317 2506 νομιμος
337 2462 443 2497 γάμος,
471 2465 554 2498 μέσος
568 2465 607 2492 ὢν
622 2467 773 2503 παρθενίας
796 2470 843 2496 καὶ
866 2471 995 2506 πορνείας

199 2505 252 2532 οὐκ
264 2506 427 2542 ἀπόϐλητος.
446 2509 492 2535 Ἐν
503 2510 532 2537 δὲ
545 2512 578 2546 τῇ
595 2511 697 2545 πίστει,
713 2513 742 2540 τὸ
758 2514 840 2549 μέσον
855 2516 904 2542 καὶ
917 2516 995 2551 χλια-

202 2551 250 2598 ρὸν
264 2551 395 2587 ἀδόκιμον
410 2555 457 2581 καὶ
470 2556 632 2585 ἀσύστατον.
647 2559 688 2585 Δι’
701 2560 771 2596 ὅπερ
782 2561 878 2594 ὄφελον
892 2561 996 2598 ψυχρὸς

200 2594 247 2644 ἧς,
261 2600 411 2634 τουτέστιν,
429 2603 564 2638 ἀμέτοχος
582 2606 709 2639 καθάπαξ
727 2594 800 2634 θείου
809 2594 997 2644 βαπτίσματος

202 2643 312 2677 χάριτος
326 2646 373 2673 καὶ
388 2647 566 2682 ἀϐάπτιστος,
580 2651 629 2677 καὶ
644 2651 682 2687 μὴ
694 2652 815 2688 χλιαρός.
831 2654 860 2680 '0
877 2643 928 2689 μὲν
941 2655 996 2690 γὰρ

203 2690 287 2724 μήπω
298 2692 445 2728 δεξάμενος
457 2696 507 2731 τὴν
519 2696 566 2722 τοῦ
580 2697 738 2732 Πνεύματος
749 2699 792 2726 διὰ
806 2700 996 2735 βαπτίσματος

201 2735 294 2770 χάριν,
308 2738 338 2764 ὲν
354 2739 460 2767 ἐλπίσιν
475 2740 653 2785 ἐνστρέφεται
666 2743 715 2770 τοῦ
734 2753 798 2771 ποτε
816 2745 945 2777 δέξασθαι
961 2747 996 2773 τὰ

238 2812 272 2829 ³⁸⁸
283 2813 390 2852 ροιοεδ.
408 2824 427 2848 ι,
444 2817 490 2844 15.
528 2818 550 2834 ”
564 2819 635 2847 Ρειιι.
651 2828 707 2852 eux,
724 2820 751 2847 5.

202 2847 246 2875 1‘2.
281 2850 295 2894 ,⁸
312 2849 392 2878 Joan.
413 2859 432 2885 ι,
459 2853 485 2880 5.

240 2916 521 2956 (18⁵)καταρυτμίσας
535 2924 606 2959 vulg.

524 2822 635 2869 ."nlisul.
651 2828 707 2852 δικ,
724 2822 768 2869 5;.
807 2822 912 2869 ’,Ρ-νον.
929 2832 1006 2858 xvut,
1018 2825 1063 2869 2_5.
1104 2826 1113 2841 ’
1129 2825 1208 2853 Prov.
1242 2834 1303 2859 vui,
1319 2824 1365 2852 2'2.

551 2853 628 2882 Hom.
649 2864 724 2890 xvut,
742 2858 782 2884 Η.
821 2858 830 2874 ⁷
847 2857 963 2887 lTltcss.
982 2853 1008 2893 ν,
1030 2861 1070 2888 l9.

1045 2338 1186 2374 ptismnm.
1198 2340 1341 2364 emortuus
1352 2342 1381 2362 es
1393 2342 1441 2369 per
1452 2333 1605 2368 segnitiem.
1621 2331 1718 2359 salutis
1740 2331 1767 2358 in
1789 2338 1839 2366 po-

1046 2388 1151 2412 sterum
1167 2390 1242 2417 spem
1254 2389 1270 2409 a
1286 2382 1374 2416 teipso
1387 2379 1547 2414 amputasti,
1561 2377 1743 2405 condemnata
1756 2383 1839 2411 quam

1047 2428 1166 2463 primum
1181 2427 1304 2462 elegeras
1320 2426 1382 2453 ﬁde.
1403 2425 1432 2453 lu
1450 2423 1579 2460 operibus
1602 2423 1694 2458 itaque
1719 2429 1772 2448 non
1797 2426 1838 2448 est

1047 2473 1286 2501 condemnandum
1311 2473 1383 2507 quod
1399 2472 1519 2499 medium
1535 2476 1587 2503 est,
1606 2467 1837 2505 quemadmodum

1048 2519 1175 2555 legitimae
1190 2519 1291 2554 nuptiae
1306 2526 1368 2546 cum
1385 2518 1481 2546 media:
1496 2517 1551 2545 sint
1565 2517 1637 2543 inter
1653 2514 1836 2548 virginitatem

1048 2569 1076 2592 ct
1088 2565 1294 2596 scortationcm.
1312 2572 1365 2591 non
1391 2568 1456 2591 sunt
1471 2561 1638 2597 rejiciendae.
1655 2559 1683 2586 In
1702 2559 1754 2585 ﬁde
1774 2565 1838 2584 vero

1048 2611 1121 2645 quod
1140 2610 1258 2637 medium
1277 2615 1319 2637 cst
1338 2617 1371 2636 ac
1397 2614 1474 2644 tepor
1501 2607 1674 2642 reprobatur,
1688 2611 1738 2631 nec
1768 2602 1837 2629 valet

1048 2664 1141 2683 secum
1158 2657 1319 2683 consistere.
1336 2654 1482 2690 Propterea
1506 2654 1621 2682 utinam.
1639 2649 1739 2685 inquit,
1759 2647 1837 2683 frigi-

1048 2702 1099 2728 dus
1124 2709 1223 2729 esses:
1247 2701 1298 2729 hoc
1321 2705 1373 2733 est,
1396 2708 1430 2727 nc
1454 2698 1536 2727 simul
1568 2696 1678 2732 quidem
1703 2693 1838 2728 particeps

1047 2748 1148 2775 fuisses
1164 2747 1257 2783 gratire
1269 2746 1355 2774 divini
1367 2744 1549 2780 baptismatis,
1560 2744 1606 2771 sed
1620 2742 1769 2770 mansisses
1782 2746 1838 2766 non

1422 2824 1432 2839 ³
1447 2823 1545 2858 Ephes.
1564 2829 1594 2854 ιι,
1616 2820 1656 2847 l5.
1694 2819 1704 2834 ⁸
1719 2818 1791 2846 Psal.
1809 2825 1836 2850 ι..
