2095 3160
279 243 332 274 5¹ἲ3

686 244 850 275 ΛΒΕΤΗᾸΞ
870 245 1060 279 C/ESARE/E
1078 248 1320 279 (ΣΛΡΡΛΒΟΟΙᾸΞ
1340 248 1513 279 EPISCOPI

1860 245 1913 278 564

280 300 434 334 baptizatus
461 304 487 326 ct
503 307 556 325 non
575 299 691 333 tepidus.
712 299 853 335 Siquidem
881 302 904 330 is
924 303 972 338 qui
999 311 1070 331 non-

1123 306 1247 341 σωτήρια
1262 307 1361 342 ἐαυτῷ.
1382 306 1413 334 '0
1427 307 1455 333 δὲ
1468 305 1590 340 χλιαρὸς,
1603 305 1640 337 ὡς
1657 305 1707 341 ἤδη
1724 304 1913 340 παρεθέμεθα,

279 347 344 373 dum
364 345 484 380 Spiritus
510 345 626 379 gratiam
649 347 754 381 accepit
774 355 822 381 per
847 348 1023 382 baptismum,
1041 350 1068 377 in

278 400 326 426 spe
338 395 461 418 versatur
475 391 548 426 quod
562 391 711 426 aliquando
726 400 757 419 ca
783 401 844 428 qua:
869 394 921 421 sibi
936 395 1068 423 salutaria

1123 351 1222 386 μικρὸν
1253 352 1322 387 πρὸς
1345 353 1379 388 τῇ
1405 351 1481 383 ζέσει
1511 351 1558 377 καὶ
1582 351 1613 378 τό
1637 360 1703 377 ποτε
1733 351 1915 386 βαπτισθῆναι

1121 397 1272 432 ἀφῄρηται.

276 443 342 466 sunt
355 439 489 474 accipiet:
512 440 669 474 attepidus,
686 441 771 468 veluti
787 441 843 476 jam
856 443 1066 477 declaravimus,
1087 452 1184 480 parum
1204 445 1287 472 habet
1320 446 1354 473 ad
1369 445 1517 477 fervorem,
1533 449 1559 472 et
1591 452 1624 472 eo
1646 444 1719 472 bono
1737 444 1858 478 privatus
1874 446 1917 470 est

276 485 349 520 quod
361 486 527 520 quandoque
546 486 727 520 baptizandus
743 487 789 514 sit.

312 533 445 567 Incipiam
472 538 496 560 to
519 542 645 561 evomere.
667 534 824 570 Metaplmra
854 536 934 570 tepidi
961 537 1069 565 decenti

275 580 358 607 modo
374 588 440 607 usus
452 584 504 610 est,
522 580 594 614 quod
608 580 705 607 medici
720 581 752 607 ad
765 581 895 607 vomitum
918 589 1068 616 procuran-

275 627 338 652 dum
355 631 511 654 assumunt.
526 625 603 653 Unde
619 634 680 654 cum
692 627 776 661 aliqui
791 626 933 654 difﬁculter
943 634 1066 660 vomunt,

276 673 374 707 tepidae
400 680 477 706 aquae
490 672 602 706 potione
627 673 761 699 vomitum
791 681 901 700 sursum
930 673 1064 701 educunt.

276 717 335 745 lloc
351 726 460 753 quoque
472 718 538 746 dicit
555 728 560 745 :
577 718 707 753 Incipiam
720 723 745 745 te
760 719 835 746 velut
851 719 1064 747 abominandum

275 764 367 791 cibum
385 772 523 798 evomere,
553 765 605 791 hoc
630 769 681 797 est,
699 772 746 799 per
765 771 919 792 sermonem
938 765 994 793 oris
1013 766 1065 792 mei

274 811 404 843 reiectum
423 819 437 838 a
466 818 524 838 mea
554 810 741 837 familiaritate
772 811 927 838 ostendere.
948 811 983 838 Et
1004 819 1066 846 qua:

275 856 374 883 horum
391 860 432 884 est
442 857 543 884 causa?
555 856 623 889 Quia
641 856 667 883 in
685 856 797 884 incertis
812 856 916 884 divitiis
929 864 1005 890 spem
1018 865 1066 892 po-

274 903 366 933 Suisli,
383 907 409 930 ct
423 904 528 930 semine
548 902 623 930 verbi
643 902 687 930 Dei
718 903 788 930 inter
807 902 901 937 spinas
921 903 1064 936 sutfocato,

272 945 357 981 636
376 946 426 974 hoc
441 952 483 974 est
501 947 572 974 inter
597 947 762 974 tentationes
781 947 863 982 hujus
883 947 945 975 vitze
962 956 994 976 ac
1016 957 1064 977 ειε-

272 991 408 1018 cularium
434 992 602 1022 divitiarum.
622 993 792 1027 spiritualem
825 996 900 1020 tuam
923 998 949 1021 ct
970 1002 1065 1029 perpe-

271 1041 346 1064 tuam
366 1043 553 1073 paupertatem
581 1039 712 1074 ignorasti
731 1039 770 1066 η.

308 1095 439 1128 Quoniam
455 1096 521 1123 dicis
538 1104 546 1122 :
564 1096 640 1124 Dives
655 1105 724 1124 sum.
748 1097 862 1126 Divitias
880 1104 958 1127 vocat
979 1105 1065 1128 terre-

272 1149 322 1170 nas
337 1141 457 1169 divitias.
480 1142 589 1176 Ignoras
605 1144 679 1178 quod
703 1148 732 1171 lu
750 1149 776 1171 te
804 1146 935 1173 miserum
966 1146 1065 1173 reddas

271 1185 343 1214 inter
353 1194 401 1214 eos
411 1188 457 1221 qui
475 1191 591 1221 pereunt
605 1196 611 1214 :
626 1187 687 1214 ideo
701 1196 810 1223 quoque
823 1191 1065 1219 commiseratione

270 1232 370 1267 dignus
386 1241 427 1263 es.
445 1238 473 1260 ut
492 1233 565 1268 quia
584 1234 753 1262 sublimitate
768 1236 900 1263 virtutum
917 1237 1063 1270 excideris,

270 1279 500 1306 obtencbratione
518 1287 550 1306 ac
566 1280 691 1307 caecitate
708 1285 806 1315 captus
825 1281 851 1308 in
876 1282 918 1309 his
931 1291 992 1317 qua:
1008 1291 1064 1310 me-

270 1325 339 1352 liora
352 1330 417 1352 snnt
439 1326 584 1360 eligendis,
599 1331 626 1354 et
645 1327 801 1355 denudatus
817 1336 849 1355 ea
867 1337 929 1364 qua:
942 1334 967 1356 te
981 1330 1064 1364 paulo

271 1378 335 1399 ante
355 1373 489 1400 vestiebat
507 1373 598 1400 divina
614 1373 712 1408 gloria.

307 1417 351 1450 III,
367 1418 457 1445 [fi-‘22.
469 1418 573 1445 Suadeo
591 1420 676 1446 [ibiut
694 1428 710 1446 α
724 1427 763 1446 me
774 1428 846 1447 emas
864 1423 1064 1455 aurumproba-

271 1471 328 1491 tum
340 1472 372 1491 e1:
381 1465 435 1499 igni
451 1470 479 1491 ut
493 1465 618 1494 ditescas.
634 1470 658 1492 et
672 1467 826 1493 vestimenta
841 1467 904 1493 alba
924 1472 953 1493 ut
966 1469 1064 1495 indita-

269 1510 319 1541 τῖε,
337 1515 361 1536 et
379 1519 432 1537 non
448 1516 574 1544 appareat
591 1511 702 1538 (ludimus
723 1512 854 1538 nni/ituris
883 1518 945 1544 tute,
964 1519 987 1540 ot
1008 1513 1065 1540 col-

271 1557 368 1592 lyrium
381 1565 432 1591 quo
446 1557 559 1592 inungas
578 1558 667 1584 oculos
682 1564 740 1584 tuos
756 1563 783 1584 ut
797 1559 895 1585 videas.
914 1558 970 1593 Ego
983 1568 1064 1594 quos—

269 1609 370 1636 cunque
388 1609 458 1631 (uno.
472 1609 554 1635 arguo
568 1606 593 1628 et
611 1602 715 1629 erudio.
732 1602 874 1629 {Emulare
895 1611 956 1638 ergo
971 1612 1002 1630 ac
1024 1612 1065 1631 re-

1154 536 1262 563 Μέλλω
1289 543 1327 562 σε
1350 536 1465 570 ἐμέσαι.
1493 535 1533 570 Τῇ
1559 536 1700 570 μεταφορᾷ
1726 534 1773 561 τοῦ
1801 534 1914 571 χλιαροῦ

1117 582 1233 613 δεόντως
1251 582 1388 616 ἐχρήσατο
1400 601 1406 612 ,
1427 581 1441 607 ὃ
1458 582 1505 608 καὶ
1523 580 1624 615 ἰατρῶν
1646 580 1741 611 παῖδες
1758 580 1798 611 εἰς
1817 580 1916 614 ἔμετον

1118 628 1250 664 ἐρεθίζειν
1269 628 1542 662 παραλαμϐάνουσιν.
1561 627 1642 653 Ὅθεν
1663 626 1711 653 καὶ
1727 627 1783 657 τοῖς
1798 626 1914 661 δυσεμε-

1116 674 1219 705 τοῦσιν,
1236 673 1333 705 ὕδατος
1348 673 1459 708 χλιαροῦ
1475 673 1657 708 ἀποροφήσει,
1674 672 1720 698 τὸν
1734 671 1831 706 ἔμετον
1849 672 1915 698 ἀνα-

1119 718 1240 744 σοὸοὖσι.
1256 718 1342 745 Τοῦτο
1355 720 1402 745 καὶ
1419 718 1467 745 νῦν
1481 727 1576 753 φησιν,
1591 718 1633 744 ὅτι
1647 717 1745 744 Μέλλω
1760 725 1789 743 σε
1802 717 1840 748 ὡς
1854 717 1915 752 βδε-

1118 765 1218 792 λυκτὸν
1234 765 1332 800 βρῶμα
1347 765 1461 799 ἐμέσαι,
1476 765 1613 797 τουτέστι,
1629 764 1673 790 διὰ
1683 763 1764 797 λόγου
1781 763 1914 798 στόματός

1120 820 1171 846 μου
1196 810 1351 846 ἀπόϐλητον
1376 812 1426 846 τῆς
1449 810 1520 845 ἐμῆς
1537 810 1704 845 οἰκειότητος
1730 809 1913 844 καταστῆσαι.

1119 857 1175 883 Καὶ
1191 856 1231 888 τίς
1248 857 1264 891 ἠ
1283 856 1379 883 τούτου
1403 856 1492 889 αἰτίας
1522 856 1582 883 Ὂτι
1609 856 1655 882 ἐπὶ
1677 854 1792 881 πλούτου
1816 854 1914 889 ἀδηλίᾳ

1119 903 1232 934 ἐλπίσας
1243 923 1250 935 ,
1267 903 1314 930 καὶ
1328 903 1374 929 τὸν
1389 902 1489 938 σπόρον
1508 902 1555 929 τοῦ
1570 901 1642 928 θείου
1658 901 1738 935 λόγου
1761 900 1913 934 ἀποπνίξας

1119 950 1179 980 ταῖς
1195 949 1344 981 ἀκάνθαις,
1362 948 1446 975 οἱονεὶ
1462 950 1518 980 τοῖς
1532 949 1698 983 πειρασμοῖς
1714 947 1761 973 τοῦ
1779 946 1913 982 προσκαί-

1121 1004 1168 1031 ρου
1183 995 1277 1022 τούτου
1293 995 1410 1022 πλούτου
1426 995 1473 1022 καὶ
1489 995 1558 1030 βίου,
1579 994 1627 1030 τὴν
1643 994 1833 1029 πνευματικὴν
1849 993 1913 1028 (19⁸)

1120 1042 1218 1068 ἑαυτοῦ
1235 1043 1283 1069 καὶ
1297 1042 1506 1074 διαιωνίζουσαν
1522 1041 1659 1077 ἠγνόησας
1676 1040 1825 1076 πτωχείαν.

1155 1099 1220 1125 ’Ὅτι
1240 1099 1389 1131 πλούσιός
1412 1098 1470 1132 ειμι
1492 1097 1541 1124 καὶ
1565 1097 1772 1129 πεπλούτηκα.
1795 1095 1915 1122 Πλοῦτόν

1120 1155 1187 1181 φησι
1195 1146 1241 1173 τὸν
1249 1146 1344 1180 γήϊνον
1355 1145 1479 1172 πλοῦτον.
1498 1145 1618 1178 ’Λγνοεῖς
1628 1143 1669 1170 ὅτι
1681 1143 1713 1169 σὺ
1723 1141 1747 1168 εἴ
1755 1143 1769 1168 ὁ
1777 1142 1916 1168 ταλαιπω-

1121 1192 1175 1227 ρῶν
1193 1193 1221 1217 ὲν
1238 1192 1294 1222 τοῖς
1310 1190 1519 1225 ἀπολλυμένοις.
1541 1189 1587 1216 Διὺ
1607 1189 1653 1215 καὶ
1668 1189 1760 1219 ἐλέους
1782 1187 1856 1219 ἄξιος
1877 1185 1912 1216 εἰ,

1111 1231 1156 1269 ’ὡς
1173 1237 1201 1270 ἐξ
1219 1237 1303 1272 ὕψους
1319 1237 1373 1263 τῶν
1390 1236 1498 1271 ἀρετῶν
1517 1235 1641 1262 ἐκπεσὼν
1652 1255 1659 1267 ,
1676 1233 1828 1268 σκοτοδινίᾳ
1850 1232 1914 1268 περὶ

1118 1284 1168 1319 τὴν
1187 1283 1303 1319 ἐκλογὴν
1320 1283 1374 1309 τῶν
1398 1283 1561 1317 κρειττόνων
1577 1281 1669 1313 ἁλοὺς,
1692 1280 1740 1307 καὶ
1758 1279 1912 1315 γυμνωθεὶς

1118 1331 1168 1364 τῆς
1182 1331 1250 1360 τέως
1264 1328 1495 1364 περιστελλούσης
1509 1329 1584 1360 θείας
1599 1327 1689 1362 δόξης.

1153 1419 1377 1454 Συμόουλεύσω
1385 1427 1435 1445 σοι
1450 1417 1596 1453 ἀγοράσαι
1613 1417 1742 1452 χρυσίον
1755 1414 1824 1449 παρ’
1838 1413 1912 1449 ἐμοῦ

1119 1465 1336 1500 πεπυρωμένον
1366 1466 1401 1492 ὲκ
1429 1465 1534 1499 πυρὸς,
1564 1464 1614 1490 ἵνα
1642 1461 1832 1495 πλουτήσῃς,
1863 1459 1913 1486 καλ

1119 1512 1219 1547 ἱμάτια
1232 1511 1327 1539 λευκὰ
1342 1512 1393 1538 ἵνα
1405 1510 1580 1544 περιϐάλλῃ,
1597 1509 1646 1536 καὶ
1661 1509 1704 1544 μὴ
1720 1505 1878 1542 φανερωθῇ
1893 1505 1912 1539 ἠ

1119 1558 1251 1593 αἰσχύνη
1277 1557 1332 1592 τῆς
1358 1557 1544 1592 γυμνότητός
1561 1564 1636 1588 σου,
1654 1554 1704 1582 καὶ
1732 1553 1911 1587 κολλύριον,

1119 1604 1170 1630 ἵνα
1184 1604 1313 1638 ἐγχρίσῃ
1331 1603 1402 1636 τοὺς
1424 1603 1599 1637 ὀφθαλμούς
1620 1609 1697 1633 σου,
1711 1601 1762 1627 ἵνα
1780 1598 1911 1632 βλέπῃς.

269 1647 375 1681 δίμὶδειτ.
397 1646 463 1673 Ecce
478 1651 518 1673 sto
531 1647 566 1673 ad
585 1648 682 1674 ostium
694 1652 718 1674 et
734 1648 820 1682 pulso.
835 1647 864 1675 Si
878 1649 935 1683 quis
950 1650 1065 1676 audierit

1119 1650 1173 1677 Καὶ
1194 1649 1288 1682 ὅσους
1302 1649 1357 1676 ἐὰν
1373 1649 1461 1684 φιλῶ,
1485 1648 1600 1682 ἐλέγχω
1622 1647 1672 1674 καὶ
1687 1645 1827 1673 παιδεύω.
1854 1643 1912 1677 Ζή-

270 1697 496 1724 υοτειιιιιιιαηι,ιι
508 1693 779 1726 uperueriljanuam,
797 1693 903 1720 intrabo
925 1694 959 1720 ad
976 1695 1063 1729 ipsum

269 1742 295 1764 et
315 1737 421 1764 cmunbo
437 1746 495 1764 cum
509 1745 538 1764 eo
554 1742 578 1764 et
599 1738 654 1772 ipse
669 1746 779 1765 mecum.
810 1739 863 1771 Qui
880 1740 971 1767 vicerit
995 1740 1064 1767 dabo

269 1784 294 1810 ei
312 1789 339 1811 ιιι
353 1783 441 1810 sedeat
465 1792 566 1810 mecum
582 1784 609 1810 in
626 1784 721 1811 throno
742 1793 808 1816 meo,
823 1785 891 1812 sicut
901 1792 926 1812 et
939 1794 986 1821 ego
1001 1786 1064 1820 vici,

270 1832 296 1855 et
311 1827 368 1854 δειίί
384 1836 443 1853 runt
461 1827 542 1854 Patre
557 1836 613 1855 meo
629 1829 657 1855 in
687 1829 780 1855 throno
798 1830 891 1864 ipsius.
919 1830 972 1863 Qui
990 1831 1066 1858 habet

271 1881 362 1904 aurem
379 1873 471 1900 audiat
487 1873 548 1908 quid
565 1872 682 1908 Spiritus
698 1875 768 1901 dira!
784 1874 923 1904 Ecclesiis.

1113 1697 1185 1722 λειιε
1198 1693 1256 1723 οὖν
1275 1695 1324 1722 καί
1337 1696 1542 1730 μετανόησον.
1564 1693 1643 1721 Ἰδοὺ
1663 1693 1778 1727 ἕστηκα
1793 1691 1842 1718 ἐπὶ
1855 1689 1914 1723 τὴν

1115 1742 1210 1775 θύραν
1230 1741 1280 1768 καὶ
1298 1742 1406 1776 κρούω.
1437 1741 1509 1768 Ἐάν
1528 1749 1574 1772 τις
1590 1740 1709 1773 ἀκούσῃ
1729 1738 1785 1772 τῆς
1809 1734 1913 1771 φωνῆς

1112 1796 1172 1822 μου
1183 1807 1190 1819 ,
1207 1788 1258 1815 καὶ
1272 1788 1382 1821 ἀνοίξῃ
1406 1787 1463 1821 τὴν
1482 1787 1591 1821 θύραν,
1608 1785 1821 1819 εἰσελεύσομαι
1836 1781 1912 1816 πρὸς

1116 1834 1219 1866 αὑτὸν,
1236 1834 1285 1861 καὶ
1304 1834 1459 1867 δειπνήσω
1471 1833 1535 1868 μετ’
1549 1832 1659 1864 αὑτοῦ,
1678 1832 1726 1858 καὶ
1743 1830 1836 1862 αὐτὸς
1847 1827 1912 1863 μετ’

1117 1879 1191 1914 ἐμοῦ
1205 1880 1241 1907 ἐν
1261 1879 1302 1913 τῷ
1318 1881 1415 1913 θρόνῳ
1430 1888 1490 1914 μου
1501 1899 1509 1912 ,
1536 1880 1576 1912 ὡς
1598 1879 1678 1913 κάγὼ
1701 1878 1845 1910 ἐνίκησα,
1862 1874 1911 1902 καὶ

270 1917 399 1945 ἐκάθισα
418 1919 492 1951 μετά
507 1917 561 1945 τοῦ
576 1920 693 1953 Πατρός
705 1928 766 1954 μου
791 1920 827 1946 ἐν
849 1919 889 1953 τῷ
925 1921 1022 1956 θρόνῳ
1042 1924 1147 1952 αὑτοῦ.
1172 1925 1203 1951 '0
1216 1925 1297 1960 ἔχων
1316 1924 1383 1959 οὖς,
1403 1925 1564 1953 ἀκουσάτω
1577 1925 1606 1951 τι
1624 1924 1659 1952 τὸ
1691 1923 1813 1958 Πνεῦμα
1830 1921 1913 1956 λέγει

269 1967 336 1999 ταῖς
355 1966 560 2000 Ἐκκληο-ίαις.

307 2012 336 2040 Si
353 2013 405 2045 vis,
422 2013 520 2048 inquit,
533 2014 654 2048 locuples
683 2014 752 2046 fieri,
773 2022 851 2042 veras
864 2015 913 2043 tibi
934 2023 1064 2051 compara

269 2058 380 2086 dixitias
395 2066 410 2085 a
426 2066 469 2085 me
491 2059 537 2094 qui
559 2067 670 2094 possum
687 2061 864 2089 manentibus
886 2062 993 2090 divitiis
1023 2063 1064 2089 lo—

269 2106 420 2140 cupletare.
440 2104 575 2140 Compara
591 2110 683 2133 autem
697 2106 802 2134 ardenti
817 2107 958 2135 desiderio
970 2114 1063 2136 sancta

269 2150 318 2178 Dei
343 2150 455 2178 oracula
481 2152 695 2186 septempliciter
714 2152 775 2187 igne
790 2153 914 2188 probata.
930 2153 1062 2186 Quaenam

268 2202 360 2225 autem
381 2202 445 2225 sunt
463 2197 528 2225 illa?
542 2197 706 2225 Doctrinalis
726 2206 759 2226 ac
779 2199 889 2227 divinus
903 2207 995 2228 sermo
1016 2200 1063 2236 qui

268 2251 324 2271 non
339 2244 441 2271 frustra
457 2252 545 2279 neque
556 2244 674 2271 inaniter
686 2245 810 2279 procedit
828 2245 862 2273 ad
877 2253 924 2273 eos
940 2246 988 2281 qui
1014 2247 1065 2274 d0-

1157 2018 1187 2044 Εἰ
1205 2016 1356 2052 πλουτῆσαι
1371 2035 1378 2046 .
1400 2017 1478 2051 φησί,
1506 2015 1615 2050 βούλει,
1631 2015 1676 2041 τὸν
1698 2014 1782 2047 ὅντως
1797 2015 1912 2043 πλοῦτον

1119 2064 1219 2099 κτῆσαι
1232 2063 1298 2097 παρ’
1311 2062 1379 2096 ἐμοῦ
1391 2061 1437 2089 τοῦ
1453 2061 1607 2094 πλουτίζειν
1621 2060 1722 2092 εἰδότος
1733 2059 1769 2087 τὰ
1784 2060 1910 2096 μένοντα.

1118 2109 1217 2144 Κτήσῃ
1241 2108 1269 2135 δὲ
1291 2107 1416 2143 διαπύρῳ
1438 2107 1567 2142 προθέσει
1591 2106 1627 2133 τὰ
1648 2105 1727 2140 λόγια
1752 2105 1855 2141 Κυρίου
1876 2107 1912 2132 τὰ

1118 2155 1199 2188 ἁγνὰ,
1214 2154 1248 2180 τά
1261 2153 1449 2188 πεπυρωμένα
1463 2151 1666 2183 ἑπταπλασίως.
1683 2151 1751 2178 Τίνα
1765 2151 1793 2178 δὲ
1807 2151 1910 2185 ταῦ-τας

1123 2199 1154 2226 '0
1170 2198 1361 2229 διδασκαλικὸς
1380 2200 1428 2225 καὶ
1445 2198 1516 2230 θεῖος
1537 2199 1626 2232 λόγος,
1644 2197 1673 2228 ὃς
1689 2197 1719 2223 οὐ
1744 2196 1833 2232 μάτην
1850 2196 1912 2222 οὐδὲ

1118 2244 1249 2275 διακένως
1271 2244 1393 2278 πρόεισιν
1412 2244 1452 2275 εἰς
1475 2244 1538 2275 τοὺς
1563 2243 1782 2278 διδασκομένους,
1800 2241 1858 2269 ἀλλ’
1878 2242 1911 2268 ὲκ

268 2294 378 2322 centur,
393 2290 439 2316 Sed
454 2297 488 2316 ex
515 2297 548 2317 eo
563 2290 636 2324 quod
655 2296 736 2317 antea
755 2291 778 2318 is
793 2291 840 2326 qui
861 2291 939 2319 docet
954 2293 1061 2319 ardenti

1117 2290 1163 2317 τοῦ
1181 2290 1314 2325 πρότερον
1327 2289 1451 2325 διαπύρῳ
1469 2289 1571 2324 σπουδῇ
1589 2288 1636 2315 τὸν
1650 2288 1812 2314 διδάσκοντα
1827 2287 1910 2314 εὐπο-

269 2335 363 2363 studio
380 2336 485 2363 ditatus
511 2336 558 2363 sit.
591 2336 809 2364 Demonstratam
835 2345 953 2372 namque
983 2338 1063 2365 ﬁdem

269 2381 415 2409 annuntiat
440 2381 554 2416 justus:
573 2385 600 2408 et
627 2381 715 2408 bonus
739 2382 891 2417 negotiator
921 2383 954 2410 de
990 2383 1064 2412 bono

269 2427 403 2456 thesauro
414 2427 506 2455 cordis
521 2427 623 2462 profert
637 2433 728 2455 vetera
740 2432 766 2455 et
784 2436 854 2455 nova
869 2429 879 2444 ⁸
893 2436 909 2456 a
927 2429 1066 2457 veteribus

269 2474 380 2509 quidem
396 2474 463 2501 viris
475 2475 580 2510 majora
595 2474 685 2502 ferens
713 2474 838 2509 exempla
851 2474 986 2502 bonorum
1002 2483 1066 2510 ope-

268 2528 342 2553 rum,
359 2528 374 2547 a
390 2521 590 2549 recentioribus
604 2525 694 2548 autem
722 2525 749 2548 et
763 2521 810 2555 qui
827 2520 942 2549 ferventi
963 2522 1063 2549 ardore

267 2567 442 2600 laborarunt,
463 2567 571 2602 egregia
589 2567 720 2594 facinora.
744 2566 796 2594 Sed
812 2568 944 2602 quoniam
961 2568 1062 2595 talibus

268 2614 405 2641 ditescere
422 2621 477 2641 non
497 2613 633 2647 contingit
649 2613 731 2640 alicui
753 2613 859 2648 absque
873 2613 968 2642 divino
982 2614 1061 2641 auxi-

268 2660 317 2692 lio,
332 2660 394 2687 ideo
420 2659 488 2687 dicit
506 2660 530 2687 is
551 2659 598 2694 qui
632 2659 715 2686 tradit
738 2659 861 2692 oracula,
880 2668 897 2686 a
917 2668 967 2687 me.
988 2659 1062 2686 Divi-

267 2706 313 2734 tiae
343 2713 408 2734 vero
428 2709 492 2734 sunt
515 2706 742 2733 vestimentorum
763 2706 892 2737 amictus,
913 2706 960 2740 qui
976 2705 1062 2740 possit

268 2752 440 2780 indecentem
455 2752 586 2779 virtutum
601 2751 751 2779 nuditatem
769 2755 869 2786 tegere,
885 2755 912 2779 et
927 2759 980 2778 non
1000 2752 1061 2778 vul-

268 2799 326 2834 gari
347 2799 430 2826 modo
443 2798 567 2829 amicire,
582 2797 630 2825 sed
646 2805 708 2824 cum
726 2797 846 2833 pompali
861 2797 948 2833 gloria
963 2797 1060 2826 trium—

303 2888 322 2902 τ’
339 2885 347 2912 l
364 2887 435 2914 Tim.
451 2895 489 2918 νι,
508 2886 550 2913 l7.
583 2885 593 2902 '
612 2885 780 2919 Mattb.xtn,
797 2885 831 2912 5'2

305 2966 327 3002 (l
335 2967 359 3002 υ)
373 2964 507 3002 πατρικὴν
523 2964 594 3000 vulg.

1117 2338 1220 2373 ρῆσαι·
1242 2336 1470 2370 ἐπιδεικνυμένην
1496 2335 1551 2371 γὰρ
1573 2334 1665 2361 πίστιν
1692 2333 1847 2367 ἀπαγγελεῖ
1870 2333 1911 2360 δί-

1116 2391 1204 2413 καιος.
1221 2382 1276 2408 Καὶ
1292 2382 1306 2408 ό
1322 2381 1424 2416 ἀγαθὸς
1438 2381 1558 2416 ἔμπορος
1575 2381 1608 2406 lx
1625 2379 1673 2406 τοῦ
1688 2379 1793 2414 ἀγαθοῦ
1810 2378 1910 2414 θησαυ-

1116 2427 1164 2464 ροῦ
1180 2428 1229 2463 τῆς
1243 2427 1358 2462 καρδίας
1369 2427 1482 2462 ἐκφέρει
1495 2426 1601 2453 παλαιὰ
1617 2426 1665 2453 καὶ
1679 2425 1738 2459 νέα,
1750 2426 1782 2452 ἐκ
1798 2425 1848 2460 μὲν
1857 2424 1911 2451 τῶν

1116 2475 1242 2502 παλαιῶν
1268 2474 1374 2508 ἀνδρῶν
1399 2474 1454 2500 τῶν
1479 2472 1702 2508 κατορθωμάτων
1731 2470 1853 2505 κομίζων
1877 2469 1911 2496 τὰ

1119 2520 1230 2556 μείζονα
1252 2519 1441 2554 ὑποδείγματα
1452 2539 1460 2551 ,
1476 2520 1509 2546 ὲκ
1521 2519 1550 2545 δὲ
1566 2519 1622 2546 τῶν
1635 2518 1704 2544 νέων
1721 2517 1769 2544 καὶ
1787 2516 1843 2543 τῶν
1858 2515 1911 2543 αὺ-

1116 2566 1156 2601 τῷ
1175 2565 1372 2600 πεπονημένων
1387 2565 1512 2601 διαπύρῳ
1531 2565 1616 2597 ζέσει,
1640 2564 1676 2590 τὰ
1697 2562 1909 2598 κατορθώματα.

1123 2612 1193 2638 Ἀλλ’
1219 2611 1313 2647 ἐπειδὴ
1340 2611 1375 2638 τὰ
1403 2612 1517 2639 τοιαῦτα
1543 2611 1668 2638 πλουτεῖν
1695 2610 1747 2636 οὐκ
1770 2609 1835 2637 ἄνευ
1860 2609 1911 2644 τῆς

1117 2658 1221 2686 ἄνωθέν
1244 2666 1298 2684 τινι
1315 2658 1485 2693 περιγίνεται
1509 2657 1611 2693 ῥοπῆς,
1632 2656 1676 2683 διὰ
1691 2655 1772 2683 τοῦτό
1789 2663 1872 2690 φησιν
1895 2655 1911 2680 ό

1117 2704 1313 2740 χρηματίζων,
1337 2704 1504 2740 παρ’ἐμοῦ.
1537 2704 1566 2730 '0
1589 2703 1706 2734 πλοῦτος
1730 2703 1771 2734 δὲ,
1794 2701 1910 2737 ίματίων

1117 2751 1249 2786 περιϐολὴ
1277 2751 1464 2787 περιστέλλειν
1488 2750 1587 2786 ἔχουσα
1611 2751 1661 2786 τὴν
1687 2751 1832 2785 ἀσχήμονα
1854 2748 1910 2775 τῶν

1116 2797 1223 2832 ἀρετῶν
1247 2796 1388 2832 γύμνωσιν
1399 2816 1406 2830 ,
1427 2796 1474 2824 καὶ
1491 2796 1540 2832 οὐχ
1557 2795 1651 2828 ἁπλῶς
1674 2795 1887 2832 περιστέλλουσα
1900 2812 1908 2826 ,
