2095 3160
214 209 266 240 5G5

744 213 936 246 COMMENT.
956 217 998 247 IN
1017 218 1282 249 APOCALYPSIN.

1795 221 1848 252 566

214 265 283 293 ἀλλὰ
297 266 367 301 μετά
379 266 457 303 δόξης
472 266 615 304 πομίίὶἰίὶῆς
631 269 675 296 τὸν
690 270 736 296 ἐπὶ
750 273 783 307 τῇ
799 272 863 308 νίκῃ
886 274 919 308 τῇ
936 274 1006 301 κατὰ

1064 275 1142 309 phum
1162 275 1292 309 eﬂiciens,
1307 276 1342 303 ob
1360 275 1504 303 victoriam
1515 276 1549 304 de
1564 277 1731 305 adversariis
1742 277 1847 305 daemo-

214 312 269 338 11iv
283 312 438 339 ἀντιπάλων
453 313 588 349 δαιμόνων
603 315 738 351 θρίαμϐον
754 318 916 350 ἐξανύουσα.

249 357 304 384 Kal
319 359 492 393 κολλύριον.
517 360 589 395 Πρὸς
613 361 647 387 τὰ
662 362 874 398 ἀμᾶλυώττοντα
893 365 959 400 περὶ
977 365 1008 392 τδ

214 401 262 428 τοῦ
279 403 381 436 Κυρίου
399 403 492 438 νοητὸν
509 405 566 438 φῶς
576 405 640 437 τοὺς
656 407 841 442 καταλλήλους
852 409 1008 444 ὀφθαλμοὺς

217 448 377 481 περιχρῖσαι
402 447 434 473 τὸ
459 449 637 484 πρόσταγμα.
667 452 743 478 Ἔστι
763 452 792 479 δὲ
818 452 897 479 τοῦτο
923 454 941 487 ἡ
964 453 1008 481 διὰ

217 494 362 527 μετανοίας
374 494 486 529 πρόοδος
505 496 755 533 συμϐουλευομένη.
773 499 807 525 ’Ἡ
822 499 853 525 τὸ
867 499 1009 534 κολλύριον

214 537 264 571 τὴν
281 538 475 573 ἀκτημοσύνην
490 540 666 575 παρίστησιν.
683 542 714 568 Εί
729 542 782 578 γὰρ
793 543 827 569 τὰ
841 543 916 578 δῶρα
932 544 1010 570 ὲκτυ-

216 584 278 618 φλοί
293 585 450 620 ὀφθαλμοὺς
468 586 634 622 βλεπόντων,
652 588 764 621 τούτους
781 591 889 622 πάντως
909 591 1009 624 ἀνοίξει

214 629 245 656 τὸ
260 630 474 666 ἀδωροδόκητον.

251 675 306 702 Kal
324 676 418 710 ὅσους
434 677 489 704 ἐὰν
503 679 590 713 φιλῶ,
607 680 720 716 ἐλέγχω
735 681 783 708 καί
798 681 938 709 παιδεύω.
956 683 1010 709 Kal

216 721 340 754 εεκότως.
366 722 395 749 Ὀ
410 724 463 759 γὰρ
482 725 615 758 ἀγαπῶν,
634 727 771 762 ἐπιμελῶς
786 727 920 762 παιδεύει,
934 728 948 755 ὃ
964 729 1012 756 καὶ

216 767 266 802 τῆς
288 767 515 805 ύπερῦαλλούσης
545 773 729 808 χρηστότητος
748 773 796 800 τοῦ
819 774 923 809 Κυρίου
947 776 1011 810 περὶ

216 813 279 844 τοὺς
291 813 413 846 ἀπειθεῖς
425 818 584 851 τεκμήριον.
599 818 719 845 Πλούτου
730 819 758 845 δὲ
769 819 871 854 ταύτης
883 820 1011 855 ἐνέχυρον

216 859 234 893 ἠ
257 859 351 894 ἀγάπη
372 860 420 886 τοῦ
438 862 579 896 μετιόντος
596 864 659 896 τοὺς
678 866 814 900 τιμωρίας
832 865 934 898 ἀξίους.
957 865 1013 891 Kal.

217 904 258 935 τίς
274 905 291 940 ὴ
312 906 439 938 παιδεία;
455 908 559 942 Ζηλοῦν
581 910 614 936 τὰ
630 910 775 945 κρείττονα
796 910 851 937 τῶν
868 910 1012 946 ἐπιτηδευ-

219 951 324 984 μάτων,
335 953 382 978 καὶ
398 955 528 990 μετανοίᾳ
542 955 589 981 καὶ
603 955 774 990 μεταγνώσει
788 956 843 982 τῶν
858 955 1013 992 ἔμπροσθεν
1030 954 1049 981 Β

217 995 300 1022 οἱονεὶ
323 998 467 1032 μεταθέσει
488 1001 697 1035 ἁμαρτημάτων
714 1001 761 1027 τὸν
782 1000 864 1036 ζῆλον
879 1001 940 1037 ήτοι
961 1001 1012 1035 τὴν

220 1041 334 1076 μίμησιν
356 1043 634 1078 ὲπαναλαμῦάνεσθαι
651 1047 715 1078 τοὺς
739 1047 809 1082 πρὸς
834 1047 961 1075 παιδείαν
982 1049 1012 1081 ἐξ

218 1087 339 1120 ἀμαθίας
353 1089 565 1122 ἀποκλίναντας.
593 1092 649 1118 Kal.
663 1092 705 1122 τίς
726 1093 742 1127 ὴ
760 1093 792 1118 ὲκ
807 1093 1012 1128 φιλανθρωπίας

218 1132 370 1167 ἀντίδοσις;
390 1134 422 1160 Ἡ
444 1135 490 1161 ἐπὶ
507 1135 557 1170 τὴν
580 1136 666 1171 θύραν
679 1137 909 1172 ἁπραγμάτευτος
925 1147 1011 1173 προσ-

217 1178 319 1212 εδρεία.
345 1179 436 1214 Θύραν
469 1180 496 1207 δὲ
519 1181 620 1217 ἑφεξῆς
645 1182 695 1218 τὴν
719 1183 832 1218 καρδίαν
857 1184 932 1217 λέγει
955 1184 1010 1210 τῶν

219 1223 288 1258 πρὸς
312 1225 457 1258 μετάνοιαν
479 1227 740 1263 προσκαλουμένων.
763 1227 811 1260 Οἷς
833 1229 954 1261 ἀνοίξασι
974 1229 1013 1263 τῷ

220 1270 362 1305 σωτηρίως
391 1273 477 1308 αὐτῷ
504 1273 643 1307 κρούοντι,
671 1275 720 1301 καὶ
744 1275 779 1301 τὰ.
805 1276 937 1311 ἑπόμενα,
964 1275 1012 1302 τοῦ

219 1316 308 1350 πράου
325 1317 372 1344 καὶ
385 1318 487 1352 ἀγαθοῦ
506 1319 665 1355 δαιτυμόνος
680 1321 786 1355 εἰσόδῳ,
802 1321 1012 1356 ἐπιδαψιλευθή-

221 1368 308 1386 σεται.

260 1405 338 1432 Ἰδοὺ
368 1406 482 1441 ἕστηκα
522 1408 572 1435 ἐπί
604 1409 663 1443 τὴν
697 1410 792 1444 θύραν
824 1411 874 1438 καὶ
904 1411 1012 1445 κρούω.

227 1450 378 1484 Ἀδίαστος,
398 1454 489 1488 φησὶν,
518 1455 534 1488 ἠ
552 1455 605 1491 ἐμὴ
627 1457 775 1490 παρουσία.
792 1457 847 1491 Τὴν
862 1456 947 1492 θύραν
963 1459 1012 1492 τῆς

220 1495 334 1530 καρδίας
356 1497 457 1532 κρούω,
474 1499 522 1524 καὶ
538 1501 594 1531 τοῖς
612 1500 767 1534 ἀνοίγουσιν
787 1502 834 1528 ἐπὶ
857 1503 890 1536 τῇ
908 1501 1012 1527 ἑαυτῶν

221 1541 344 1576 σωτηρίᾳ
363 1544 604 1579 συνευφραίνομαι.
623 1545 736 1580 Τρυφὴν
753 1546 807 1580 γὰρ
836 1547 883 1573 καὶ
905 1546 1012 1573 δεῖπνον

220 1586 270 1621 τὴν
286 1588 424 1622 σωτηρίαν
437 1589 492 1615 τῶν
508 1589 661 1624 ἀνθρώπων
683 1591 793 1626 ἥγημαι
808 1592 851 1626 ἐφ’
873 1590 913 1623 οἷς
934 1593 1012 1619 αὐτοὶ

220 1631 376 1666 τρέφονται,
393 1633 439 1659 καὶ
452 1634 498 1660 τὸν
513 1633 592 1668 λιμὸν
607 1635 654 1661 τοῦ
671 1636 785 1662 ἀκοῦσαι
801 1636 879 1670 λόγον
896 1637 1011 1672 Κυρίου,

221 1677 270 1704 καὶ
286 1677 332 1704 τὸν
350 1679 445 1705 σκότον
459 1680 508 1713 τῆς
525 1680 628 1716 πλάνης
644 1681 856 1716 ἀποφεύγουσιν.

274 1723 305 1749 '0
318 1724 418 1756 νικῶν,
431 1725 517 1752 δώσω
530 1725 621 1759 αὐτῷ.
636 1727 749 1762 Εἴρηται
762 1728 813 1763 ἤδη
825 1728 866 1756 ὅτι
881 1730 897 1764 ἠ
920 1728 1011 1764 Ἐλλη-

222 1769 284 1805 νικὴ
297 1771 415 1803 παιδεία,
425 1771 474 1807 τὴν
482 1773 609 1808 τοιαύτην
621 1773 747 1806 σύνταξιν
758 1774 806 1801 τοῦ
817 1775 898 1809 λόγου
908 1775 955 1802 καὶ
968 1775 1014 1802 τὸν

222 1814 342 1842 τοιοῦτον
356 1816 452 1851 εἱρμὸν
471 1816 521 1851 τῆς
537 1817 663 1852 φράσεως
684 1819 858 1855 σολοικισμὸν
879 1820 968 1853 καλεῖ,
983 1817 1014 1848 οὗ

224 1860 268 1886 ἐπ’
281 1860 392 1888 ἔλαττον
404 1864 437 1898 τῇ
454 1863 604 1900 Ἐκκλησία
618 1865 739 1900 φροντίς.

530 1930 656 1957 ΚΕΦΔΛ.
673 1930 702 1958 I'.

223 1996 376 2033 Περί-τῆς
391 1997 549 2031 ὁραθείσης
565 1997 645 2030 αὐτῷ
665 1998 756 2031 θύρας
776 1999 811 2025 ἐν
831 1999 870 2031 τῷ
886 1999 1013 2033 οὐρανῷ,

259 2031 309 2068 καί
323 2031 383 2068 ζοῆ
391 2033 514 2068 θρόνου,
529 2033 579 2059 καὶ
594 2033 654 2059 τῶν
670 2033 714 2060 κδ’
728 2031 948 2068 πρεσϐυτέρων,
964 2031 1015 2061 καί

258 2066 319 2093 τῶν
328 2066 403 2100 ἑξῆς
412 2066 602 2100 δειχθέντων.

258 2133 339 2161 Μετὰ
353 2134 446 2161 ταῦτα
458 2133 549 2166 εἶδον,
566 2134 615 2161 καὶ
626 2134 692 2162 ίόοὺ
708 2135 784 2170 θύρα
797 2135 968 2171 drawn/im
980 2136 1015 2162 ἐν

223 2179 265 2212 τῷ
273 2180 402 2214 οὐρανῷ,
420 2181 471 2207 καὶ
487 2181 506 2214 ἠ
523 2180 608 2215 φωνὴ
623 2181 643 2215 ἡ
661 2181 760 2215 πρώτη
775 2181 815 2215 ἣν
829 2180 959 2216 ἤκουσα,
976 2182 1016 2215 ὡς

224 2225 392 2260 σάλπιγγος
402 2227 560 2260 λαλούσης
570 2227 635 2260 μετ’
648 2227 731 2261 ἐμοῦ,
743 2227 887 2262 λέγουσα·
907 2228 1016 2256 Ἀνάϐα

1059 319 1139 347 nibus
1152 325 1328 354 reportatam.

1094 365 1129 392 Et
1153 367 1304 401 collyrium.
1330 368 1498 403 Prmceptum
1519 373 1562 396 est
1580 368 1605 396 ei
1627 369 1675 403 qui
1692 368 1802 396 executit
1814 367 1848 394 ad

1059 411 1201 446 spirituale
1219 412 1325 439 Domini
1356 414 1439 449 687
1470 415 1574 446 iumen,
1592 418 1622 441 ut
1646 418 1724 448 aptos
1753 413 1850 441 oculos

1059 458 1290 493 circuminungat.
1308 459 1359 486 [‘er
1374 460 1425 487 hoc
1437 464 1526 487 autem
1542 460 1673 488 suadetur
1689 467 1850 494 progressus

1059 504 1092 531 ad
1123 504 1323 539 paenitentiam.
1339 505 1395 532 Aut
1422 506 1564 542 collyrium
1590 507 1762 533 demonstrat
1791 505 1851 532 ino«

1059 550 1143 585 piam.
1158 550 1185 576 Si
1209 550 1283 577 enim
1308 551 1380 578 dona
1408 556 1546 578 excaecant
1568 551 1663 579 oculos
1688 551 1850 584 videntium,

1060 597 1112 625 hos
1129 597 1224 632 utique
1240 597 1489 632 aperietdonorum
1507 597 1642 625 carentia.

1097 696 1153 732 Ego
1162 706 1329 733 quoscunque
1344 707 1415 731 omo,
1431 707 1514 734 arguo
1525 704 1550 726 et
1562 699 1667 726 erudia.
1686 699 1720 726 Et
1742 697 1852 725 merito.

1061 742 1130 770 Nam
1146 744 1192 778 qui
1209 749 1293 777 amat,
1310 745 1434 772 studiose
1445 745 1537 773 erudit
1555 753 1562 772 :
1587 744 1659 779 quod
1673 743 1755 771 etiam
1772 750 1855 777 argu-

1063 793 1184 817 mentum
1197 793 1240 817 est
1253 789 1394 818 immensae
1415 790 1593 825 benignitatis
1603 789 1709 817 Domini
1722 796 1785 823 erga
1801 788 1854 815 im-

1064 835 1226 869 morigeros.
1248 836 1351 863 Harum
1377 840 1468 863 autem
1498 835 1657 863 divitiarum
1683 833 1784 862 arrabo
1814 837 1855 861 est

1063 879 1173 908 dilectio
1187 889 1242 916 qua
1267 881 1331 908 illos
1343 881 1519 916 prosequitur
1532 881 1578 914 qui
1596 880 1670 915 digni
1696 884 1762 908 sunt
1788 886 1855 913 sup-

1065 925 1157 960 plicio.
1172 925 1206 952 Et
1217 934 1279 961 qua:
1293 932 1336 953 est
1353 927 1397 954 illa
1413 927 1554 954 eruditio?
1570 926 1605 954 Ut
1618 925 1781 953 aemulentur
1806 931 1856 958 po-

1065 972 1136 999 tiora
1151 972 1240 1000 studia
1252 977 1278 999 et
1295 981 1343 1007 per
1360 973 1550 1007 paenitentiam
1567 979 1600 1000 ac
1624 970 1854 1006 resipiscentiam,

1064 1024 1161 1050 nempe
1172 1017 1294 1052 priorum
1304 1018 1464 1045 delictorum
1484 1018 1677 1050 mutationem,
1694 1017 1783 1044 zelum
1797 1017 1856 1043 sive

1064 1061 1244 1090 imitationem
1261 1067 1405 1090 assumant
1419 1063 1445 1090 hi
1466 1064 1513 1098 qui
1530 1071 1564 1090 ex
1576 1063 1696 1090 ruditate
1713 1062 1756 1089 vel
1781 1061 1857 1089 inso-

1066 1108 1148 1135 lentia
1163 1109 1195 1135 ad
1211 1108 1382 1143 disciplinam
1396 1109 1579 1136 declinarunt.
1595 1107 1628 1135 Et
1639 1115 1701 1142 qua:
1712 1107 1856 1134 retributio

1064 1154 1259 1188 benignitatem
1287 1155 1490 1188 consequitur?
1514 1154 1668 1182 Assiduitas
1691 1153 1726 1180 ad
1754 1153 1856 1180 ostium

1064 1207 1118 1226 non
1135 1200 1260 1227 molesta.
1276 1199 1362 1227 Porro
1381 1200 1481 1227 ostium
1500 1199 1527 1226 in
1545 1197 1857 1233 sequentibusdicitcor

1063 1253 1158 1273 eorum
1179 1247 1225 1280 qui
1247 1251 1380 1273 vocantur
1394 1246 1428 1273 ad
1444 1245 1662 1280 resipiscentiam
1680 1253 1687 1271 :
1708 1244 1780 1279 quod
1810 1243 1856 1270 ubi

1065 1291 1222 1325 aperuerint
1236 1291 1481 1326 salubrlteripsum
1494 1290 1627 1325 pulsanti,
1645 1294 1800 1323 czeteraque
1816 1288 1855 1314 fe-

1064 1335 1152 1362 cerint
1166 1342 1227 1369 qua:
1250 1339 1415 1369 sequuntur.
1428 1334 1565 1362 mansueti
1591 1334 1712 1368 bonique
1728 1333 1853 1361 conviva:

1064 1378 1189 1413 ingressu
1208 1379 1351 1414 magniﬁce
1364 1387 1396 1406 ac
1407 1379 1557 1407 liberaliter
1570 1379 1738 1406 relieieulur.

1102 1423 1169 1450 Ecce
1183 1429 1224 1450 sto
1238 1425 1272 1450 ad
1287 1425 1386 1451 ostium
1403 1429 1427 1451 et
1443 1424 1531 1459 pulso.
1554 1424 1732 1458 Violentiam,
1756 1424 1855 1458 inquit,

1066 1475 1120 1494 non
1139 1467 1219 1495 habet
1239 1476 1317 1495 meus
1343 1469 1501 1495 adventus:
1524 1468 1625 1496 ostium
1649 1467 1739 1498 cordis
1767 1467 1856 1500 pulso.

1064 1518 1091 1540 et
1103 1521 1156 1540 una
1176 1521 1239 1540 cum
1255 1514 1298 1541 his
1309 1514 1355 1548 qui
1369 1514 1508 1548 aperiunt,
1523 1521 1606 1548 super
1623 1515 1745 1548 ipsorum
1769 1513 1858 1540 salute

1065 1557 1149 1585 Ite-tor.
1167 1558 1283 1586 Delicias
1305 1559 1378 1586 enim
1391 1566 1428 1595 ac
1449 1566 1556 1586 coenam
1576 1559 1648 1586 duco
1662 1558 1779 1586 salutem
1806 1558 1857 1585 lio-

1065 1604 1169 1630 minum
1198 1611 1252 1638 qua
1283 1603 1334 1638 ipsi
1360 1609 1522 1639 pascuntur.
1543 1604 1699 1638 fainemque
1728 1603 1856 1631 audiendi

1067 1650 1178 1676 verbum
1196 1649 1241 1677 Dei
1257 1657 1290 1677 ae
1306 1650 1433 1678 tenebras
1451 1651 1553 1679 erroris
1568 1650 1713 1685 eﬂugiunl.

1102 1738 1155 1771 Qui
1170 1738 1271 1770 uicerit,
1287 1738 1355 1765 dabo
1369 1739 1402 1766 ei.
1418 1738 1476 1766 Jam
1494 1739 1597 1766 dictum
1622 1743 1664 1765 est
1679 1738 1752 1773 quod
1781 1738 1857 1765 ϐιω-

1065 1783 1161 1811 canica
1180 1784 1324 1818 disciplina
1342 1783 1502 1819 hujusmodi
1521 1783 1659 1811 sermonis
1682 1783 1858 1818 compositio-

1065 1837 1128 1857 nem
1143 1829 1281 1864 talemque
1296 1830 1405 1864 phrasis
1435 1829 1535 1857 seriem
1554 1829 1742 1857 solmcismum
1767 1832 1857 1860 vocet,

1066 1875 1099 1902 de
1112 1882 1167 1910 quo
1184 1875 1296 1902 minima
1309 1879 1348 1902 est
1360 1875 1488 1902 Ecclesia:
1503 1882 1582 1902 cura.

1378 1941 1494 1968 CAPUT
1508 1941 1542 1969 X.

1065 2006 1104 2033 De
1112 2007 1166 2033 viso
1182 2006 1215 2033 ab
1230 2007 1286 2040 ipso
1302 2007 1368 2034 ostio
1382 2008 1408 2034 in
1426 2008 1500 2038 cozlo.
1510 2013 1533 2034 et
1548 2008 1641 2034 throno
1648 2008 1779 2042 acviginti
1792 2017 1860 2042 qua-

1103 2046 1163 2067 tuor
1188 2042 1346 2074 senioribus,
1360 2047 1384 2068 et
1400 2042 1440 2069 Itis
1458 2050 1517 2077 qua:
1545 2048 1732 2077 consequenter
1752 2048 1858 2070 ostensa

1101 2081 1174 2103 sunt.

1103 2140 1147 2174 IV,
1164 2142 1176 2168 -i
1183 2142 1226 2177 .12.
1241 2141 1306 2169 Post
1321 2141 1375 2170 hwc
1387 2143 1451 2175 vidi,
1467 2148 1492 2170 et
1508 2151 1566 2170 ecce
1581 2144 1679 2170 ostium
1692 2148 1811 2177 apertum
1832 2144 1860 2170 in

1067 2187 1142 2214 calo.
1156 2187 1190 2214 Et
1203 2189 1343 2222 comprime
1352 2197 1430 2222 quam
1437 2189 1522 2224 688
1533 2189 1623 2216 audiui
1650 2195 1777 2223 tanquam
1788 2189 1859 2217 tuba:

1067 2232 1196 2268 loquentis
1211 2241 1309 2260 mecum
1327 2233 1434 2260 dicens:
1450 2234 1569 2261 Ascendo
1596 2235 1646 2261 huc
1668 2239 1693 2262 et
1718 2235 1858 2262 ostendam

224 2267 296 2302 ὧδε,
313 2271 362 2298 καὶ
386 2271 474 2303 δείξω
491 2279 540 2298 σοι
556 2271 575 2298 ἂ
588 2271 635 2298 δεῖ
655 2272 794 2306 γενέσθαι
811 2272 888 2307 μετὰ
910 2274 1013 2301 ταῦτα.

1067 2267 1115 2304 ιὶοὶ
1142 2286 1200 2313 qua:
1215 2283 1325 2313 ἱανον-ιρι
1336 2279 1394 2312 ﬁeri
1416 2285 1474 2313 post
1491 2282 1556 2307 luco.
1576 2279 1727 2315 Statimque
1761 2281 1802 2314 fui
1829 2281 1856 2307 in

224 2317 277 2343 Kal
292 2316 401 2349 εὐθέως
416 2317 563 2353 ἐγενόμην
577 2317 612 2344 ἐν
626 2318 785 2352 Πνεύματι.

261 2363 318 2388 Οὐκ
334 2362 428 2398 ἐπειδὴ
452 2363 585 2398 αίσθητὴν
601 2363 686 2398 θύραν
707 2363 830 2399 ἑώρακεν
854 2364 882 2389 ἐν
908 2364 1015 2399 οὐρανῷ

226 2406 404 2440 ἀνεῳγμένην
433 2407 504 2434 κατᾶ
536 2408 632 2443 καιρὸν
664 2409 711 2435 καὶ
741 2409 902 2444 κλειομένην
929 2409 1016 2437 ταῦτα

226 2452 337 2485 ἔξεισιν,
365 2453 425 2479 ἀλλ’
441 2453 527 2485 οὕτως
550 2454 628 2489 ὤφθη
650 2455 688 2490 τῷ
711 2455 901 2491 εὐαγγελιςτῇ,
925 2455 963 2487 ὡς
982 2457 1015 2483 ἂν

225 2498 269 2524 διὰ
292 2498 377 2533 θύρας
404 2499 581 2534 ἀνεῳγμένης
605 2500 640 2526 τὰ
663 2499 737 2526 ἔνδον
764 2501 921 2535 ἐπάναγκες
946 2501 1016 2528 καθ-

225 2544 352 2578 ορᾶσθαι.
362 2545 416 2571 Καὶ
425 2545 526 2580 φωνὴν,
536 2547 629 2580 φησὶν,
640 2546 755 2581 ἥκουσα,
769 2547 828 2581 ἥτις
844 2547 882 2578 ὼς
897 2547 1016 2581 σάλπιγξ

224 2591 368 2625 ἠχήσασα,
399 2591 524 2624 Ἀνάϐα,
550 2591 642 2626 φησὶν,
668 2589 745 2624 ὧδε,
776 2593 806 2618 οὐ
836 2593 910 2627 τόπῳ
937 2593 1017 2620 τοῦτο

226 2635 369 2669 φάσκουσα
389 2637 420 2662 τὺ
442 2636 580 2669 ἀνελθεῖν,
606 2637 674 2663 ἀλλὰ
699 2637 819 2664 διάνοιαν
851 2638 1017 2673 μετεωρίσαι

225 2680 280 2707 ἀπὸ
309 2681 364 2707 τῶν
397 2682 566 2716 περιπεζίων
595 2682 643 2708 καὶ
670 2683 858 2718 ἀνθρωπίνων.
891 2684 960 2710 Ἀλλ’
990 2685 1016 2711 οί

227 2726 346 2760 μάλιστα
360 2727 390 2754 τὸ
405 2728 568 2762 ἡγεμονικὸν
590 2727 756 2762 τυπούμενοι
775 2729 820 2755 διὰ
841 2729 1017 2765 καθαρότητα

227 2771 281 2797 τῶν
292 2772 346 2798 ἀπὸ
356 2773 402 2799 τοῦ
415 2773 509 2799 ὲνύλου
525 2773 582 2807 βίου
599 2772 724 2808 κηλίδων,
742 2774 795 2799 τῶν
808 2773 882 2805 ἀξιοθ
888 2777 939 2801 ἑων
954 2774 1017 2800 τού-

228 2826 281 2844 των
298 2819 345 2844 καὶ
359 2818 414 2845 τῶν
430 2819 558 2846 τοιούτων
574 2820 738 2854 τυγχάνουσι
755 2820 909 2854 θεαμάτων.

263 2863 317 2890 Kal
338 2865 357 2898 ἡ
376 2865 461 2899 φωνὴ
483 2866 503 2899 ἡ
523 2866 622 2899 πρώτη
645 2865 684 2900 ἢν
707 2866 837 2900 ἥκουσα.
861 2866 916 2892 Kal
938 2866 1017 2893 τοῦτο

229 2909 302 2944 παρὰ
315 2909 364 2944 τὴν
376 2911 423 2938 τοῦ
436 2911 515 2946 λόγου
533 2911 667 2946 σύνταξιν,
683 2913 729 2939 καὶ
740 2912 820 2944 διατί,
834 2911 940 2947 εἴρηται
954 2912 1015 2948 ἤδη.

1067 2323 1181 2358 Spiritu.

1103 2368 1161 2396 Non
1173 2370 1245 2404 quod
1255 2370 1385 2397 sensibile
1396 2371 1497 2398 ostium
1516 2371 1543 2397 in
1564 2371 1635 2398 melo
1660 2371 1758 2398 viderit
1787 2375 1856 2398 tem-

1066 2422 1133 2450 pore
1161 2416 1280 2450 quodam
1297 2416 1420 2443 clausum
1443 2421 1470 2444 et
1490 2417 1544 2444 alio
1559 2421 1697 2451 apertum.
1715 2417 1772 2444 limc
1799 2418 1857 2444 dis-

1067 2461 1145 2493 serit,
1162 2461 1209 2488 sed
1227 2462 1263 2488 ita
1279 2463 1405 2496 apparuit
1416 2463 1600 2497 evangelislw,
1619 2467 1649 2490 ut
1668 2471 1715 2497 per
1732 2467 1857 2497 apertum

1067 2507 1168 2534 ostium
1191 2508 1321 2535 interiora
1351 2516 1464 2536 necesse
1486 2513 1559 2536 esset
1581 2510 1678 2536 videri.
1702 2509 1735 2536 Et
1751 2516 1859 2538 vocem.

1067 2552 1168 2587 inquit,
1193 2553 1282 2581 audivi
1297 2561 1358 2589 qua!
1374 2559 1504 2589 tanquam
1520 2555 1583 2582 tuba
1602 2555 1722 2581 insonuit
1737 2555 1831 2581 dicens
1851 2562 1857 2579 :

1068 2599 1186 2626 Ascende
1208 2600 1278 2626 huc:
1298 2609 1351 2627 non
1369 2600 1463 2628 dicens
1477 2605 1506 2628 ut
1536 2602 1579 2628 hic
1605 2601 1665 2628 loco
1686 2601 1858 2629 ascenderet.

1067 2645 1115 2672 sed
1130 2649 1247 2672 mentem
1271 2653 1285 2672 a
1302 2646 1473 2680 pedestribus
1482 2647 1599 2682 erigeret
1615 2651 1642 2673 et
1656 2646 1793 2673 humanis.
1803 2645 1858 2673 Ve-

1070 2698 1129 2716 rum
1149 2690 1173 2716 lii
1191 2691 1363 2725 potissimum
1380 2692 1428 2727 qui
1458 2696 1576 2720 mentem
1595 2692 1742 2726 purilicant
1764 2700 1779 2718 ιι
1801 2700 1858 2718 ma-

1068 2736 1138 2763 culis
1158 2743 1218 2770 qure
1238 2737 1264 2763 in
1283 2737 1334 2764 hac
1349 2738 1482 2765 materiali
1507 2738 1560 2765 vita
1577 2737 1789 2769 contrahuntur.
1808 2737 1858 2764 has

1069 2788 1095 2809 et
1106 2783 1263 2818 hujusmodi
1284 2784 1381 2819 dignas
1395 2785 1429 2812 de
1445 2784 1501 2811 Deo
1522 2784 1644 2812 visiones
1660 2787 1858 2817 assequuntur.

1106 2869 1140 2896 Et
1160 2878 1207 2896 vox
1221 2871 1306 2905 prium
1322 2880 1401 2906 qitam
1414 2871 1504 2898 audivi
1517 2873 1615 2898 (licens.
1641 2871 1673 2898 Iit
1687 2871 1738 2898 hoc
1763 2876 1860 2906 [muter

1070 2917 1205 2944 seu-Ionis
1215 2918 1433 2951 dispositionem,
1452 2924 1479 2946 ct
1505 2926 1587 2953 quant
1602 2918 1636 2946 ob
1661 2925 1778 2946 causam
1805 2917 1861 2950 iam
