2095 3160
266 218 319 260 567

267 334 314 368 qui
329 333 491 368 loquebatur
513 339 619 359 mecum
637 331 727 358 dixit:
743 330 868 358 Ascende
895 330 949 357 huc
968 339 975 357 :
992 336 1055 356 nam

266 379 304 406 ita
319 384 381 412 apto
396 377 476 405 modo
493 376 684 410 processisset.
729 410 732 413 Ι

302 422 348 456 IV,
366 424 425 450 2-5.
441 422 545 450 Etecce
566 423 676 448 thronus
702 421 848 456 ponebatur
872 421 900 448 in
929 420 993 447 ct‘ela
1009 425 1056 447 :et

265 475 344 502 super
353 470 476 494 thronum
488 468 579 495 sedens
589 473 698 502 aspectu
708 467 806 494 similis
819 466 903 501 lapidi
917 464 1019 501 jaspidi
1031 470 1055 493 et

265 511 356 538 studio
372 519 381 538 :
396 517 421 539 et
446 512 494 539 iris
507 512 536 539 in
555 512 668 538 circuitu
696 511 784 538 throni
803 511 926 538 similiter
948 516 1056 545 aspectu

265 556 436 592 smaragdina
453 566 462 584 .'
477 563 502 585 et
517 559 546 584 iu
563 558 677 584 circuitu
695 557 785 584 throni
816 557 910 591 viginti
941 561 1056 591 quatuor

263 603 338 630 sedes
354 610 365 630 :
380 608 404 630 et
433 611 511 637 super
536 603 630 638 viginti
649 607 764 638 quatuor
782 601 855 629 sedes
879 602 934 628 uidi
962 601 1055 636 viginti

263 653 380 683 quatuor
396 650 510 676 seniores
523 650 641 676 sedentes
656 649 869 676 cit'cumamictos
884 649 997 679 vestibus
1012 649 1056 675 al-

265 693 316 727 bis,
332 699 356 720 et
367 695 447 729 super
462 695 551 729 capita
570 695 689 729 ipsorum
713 701 825 721 coronas
839 702 944 721 aureus.
963 693 999 720 Et
1023 694 1055 719 de

265 739 359 766 throno
385 738 556 775 egrediuntur
569 740 678 774 fulgura
704 744 730 766 et
738 747 812 766 uoces
834 747 866 766 ac
878 739 1008 766 tonitrua.
1019 737 1054 764 Et

265 790 361 818 septem
385 784 526 820 lampades
554 786 623 820 ignis
638 787 755 812 accensa:
768 786 796 812 in
810 789 951 820 conspectu
967 784 1054 812 throni

265 831 360 864 ipsius,
375 838 435 865 quw
450 836 511 858 sunt
524 834 622 866 septem
636 831 748 865 spiritus
760 830 819 858 Dei.

300 918 414 953 Spiritu,
444 919 542 953 inquit,
572 919 734 946 immutatus
766 918 822 946 vidi
843 919 982 951 thronum,
1005 926 1055 954 per

263 971 344 998 quem
360 965 530 999 signiﬁcatur
549 964 595 992 Dei
611 965 721 1000 requies
732 972 818 1000 quam
835 965 918 993 habet
934 966 961 992 in
984 973 1051 993 san-

263 1010 335 1036 ctis:
357 1010 384 1037 in
401 1010 470 1045 ipsis
487 1011 562 1038 enim
579 1010 732 1039 collocatur
756 1016 888 1046 tanquam
902 1011 1051 1046 capacibus

262 1057 419 1084 divinarum
438 1057 603 1092 specierum.

297 1104 412 1138 Aspectu
442 1103 538 1130 similis
563 1103 650 1137 lapidi
675 1103 790 1138 jaspidi.
805 1103 941 1136 Quoniam
962 1103 1052 1131 visum

262 1149 308 1177 hic
331 1150 502 1177 demonstrat
527 1149 649 1182 Patrem,
666 1150 836 1184 corporalem
865 1148 917 1184 ipsi
938 1150 1052 1184 ilguram

262 1203 318 1223 non
338 1196 471 1231 assignat,
486 1195 718 1229 quemadmodum
736 1195 804 1224 Filio
827 1195 855 1222 in
885 1196 974 1230 prima
1002 1203 1052 1223 sua

261 1241 373 1269 visione
394 1241 462 1268 :sed
479 1241 609 1275 pretiosis
637 1241 773 1276 lapidibus
785 1241 876 1276 ipsum
894 1241 1051 1269 assimilat:

259 1286 368 1322 iaspide
390 1287 502 1321 quidem
539 1290 632 1320 utpote
656 1286 763 1319 viridi,
786 1286 947 1320 designante
980 1287 1052 1321 quod

262 1339 372 1368 semper
382 1332 490 1365 ﬂoreat,
503 1330 645 1366 vitamque
659 1331 822 1360 mortalibus
835 1332 933 1360 atl‘erat
943 1351 951 1365 ,
973 1332 1052 1366 juxta

262 1378 290 1406 id
314 1378 389 1413 quod
408 1377 512 1405 dictum
536 1381 588 1410 cst,
607 1386 616 1403 ι
633 1382 661 1405 et
685 1377 797 1405 herbam
814 1378 940 1405 servituti
964 1378 1053 1405 homi-

261 1431 329 1450 num
347 1424 370 1451 ’.
388 1432 398 1450 ι
417 1422 507 1450 Herba
520 1429 641 1457 namque
652 1429 735 1450 omne
745 1430 839 1451 semen
854 1422 932 1450 all'ert
944 1423 1016 1458 quod
1037 1431 1052 1451 a

262 1470 318 1497 Deo
328 1469 486 1497 ordinatum
502 1473 544 1496 est
554 1468 588 1495 ad
597 1468 757 1495 alimentum
774 1468 937 1496 mortalibus
953 1469 1055 1504 2689

259 1515 346 1550 iaspis
357 1518 447 1542 autem
461 1513 613 1550 appellatur
623 1520 656 1540 eo
669 1513 742 1548 quod
753 1513 958 1549 assimileturtqi
973 1514 999 1541 id
1012 1519 1054 1542 est

260 1568 366 1588 veneno
379 1560 482 1596 aspidis
499 1569 506 1588 :
520 1560 612 1588 sardio
627 1567 694 1587 vero
712 1563 823 1594 propter
837 1564 967 1587 terrorem
987 1560 1052 1588 Dei:

676 224 840 256 ARETII/E
859 213 1049 255 C/ESARE/E
1067 210 1310 254 CAPPADOCLE
1330 208 1504 252 EPISCOPI

267 286 373 314 dictum
389 290 440 315 cst.
459 280 586 321 Oportuit
603 283 675 312 enim
694 278 735 312 ita
753 283 844 311 dicere
858 291 865 310 :
881 281 915 310 Et
929 290 981 310 vos
996 282 1056 315 ejus

1115 283 1213 318 Ἐχρῆν
1225 283 1279 317 γὰρ
1292 282 1363 309 οὕτω
1380 282 1481 316 λέγειν’
1499 281 1554 308 Καὶ
1569 281 1586 317 ἡ
1601 279 1677 315 φωνὴ
1692 277 1740 306 τοῦ
1756 275 1899 312 λαλοῦντος
1951 318 1956 322 .

1844 219 1898 251 568

1109 329 1168 364 μετ’
1183 329 1251 364 ἐμοῦ
1262 336 1269 344 '
1293 329 1395 356 ’Δνάὸα
1409 325 1460 355 ὧδε
1469 347 1478 360 ,
1492 327 1596 362 ἔλεγεν.
1612 325 1691 352 Οὖτω
1705 325 1760 360 γὰρ
1774 324 1898 361 προήχθη

1107 374 1294 411 ἁρμοζόντως.

1142 420 1196 446 Καὶ
1214 419 1279 446 ὶδοὺ
1295 419 1401 454 θρόνος
1420 419 1516 446 ἔκειτο
1531 417 1566 445 ἐν
1579 415 1619 450 τῷ
1633 415 1761 450 οὐρανῷ.
1778 415 1833 443 Kai
1848 415 1898 442 ἐπὶ

1106 466 1160 492 τὸν
1172 465 1281 499 θρόνον
1291 464 1461 499 καθήμενος
1470 463 1571 498 ὅμοιος
1583 462 1686 497 όράσει
1697 463 1771 494 λίθῳ
1783 461 1899 489 ἰάσπιδι

1106 512 1155 538 καὶ
1171 511 1295 546 σαρδίῳο
1307 511 1357 538 καὶ
1368 509 1425 544 ϊρις
1436 510 1586 537 κυκλόθεν
1595 508 1649 536 τοῦ
1663 509 1784 543 θρόνου,
1792 507 1899 542 ὁμοίως

1107 557 1211 592 ὁράσει
1232 556 1425 591 σμαραγδίνῳ
1440 563 1448 571 ο
1468 554 1517 582 καὶ
1533 555 1685 582 κυκλόθεν
1707 553 1760 580 τοῦ
1777 553 1897 587 θρόνου,

1106 603 1207 637 θρόνοι
1217 603 1474 636 εἰκοσιτέσσαρες.
1486 600 1541 628 Καὶ
1550 600 1599 628 ἐπί
1610 599 1680 633 τοὺς
1691 599 1818 633 θρόνους
1826 597 1899 631 τοὺς

1105 648 1367 682 εἰκοσιτέσσαρας,
1382 645 1605 681 πρεσϐυτέρους
1612 644 1802 679 καθημένους
1815 650 1897 677 περι-

1106 692 1308 727 ϐεϐλημένους
1314 693 1348 719 ἐν
1354 692 1479 727 ίματίοις
1489 690 1620 724 λευκοῖς,
1632 689 1682 716 καὶ
1691 689 1739 715 ἐπὶ
1747 688 1800 722 τὰς
1806 696 1899 723 κεφα-

1105 739 1162 772 λὰς
1176 739 1277 766 αὐτῶν
1284 737 1455 772 στεφάνους
1464 736 1610 771 χρυσοῦς.
1621 735 1675 762 Καὶ
1683 735 1717 761 ἐκ
1727 733 1780 761 τοῦ
1789 735 1898 767 θρόνου

1105 783 1321 818 ἐκπορεύονται
1337 782 1500 817 ἀστραπαί,
1510 781 1559 808 καί
1572 779 1679 815 φωναὶ,
1692 778 1742 806 καὶ
1758 777 1896 812 βρονταί.

1106 830 1158 857 Καὶ
1169 829 1244 856 ἑπτὰ
1257 828 1414 862 λαμπάδες
1427 826 1523 862 πυρὸς
1538 826 1692 860 καιόμεναι
1703 823 1834 851 ἐνώπιον
1843 824 1898 850 τοῦ

1105 875 1215 909 θρόνου
1226 873 1330 905 αὑτοῦ,
1347 874 1378 902 αῖ
1393 874 1472 900 εἰσιν
1486 872 1561 899 ἑπτὰ
1575 870 1731 905 πνεύματα
1743 869 1797 896 τοῦ
1811 869 1896 897 Θεοῦ.

1141 920 1187 955 Τῷ
1202 919 1353 954 Πνεύματι,
1372 918 1449 953 φησι,
1464 917 1610 949 τυπωθεὶς,
1620 916 1717 951 θρόνον
1729 914 1897 950 ἑθεασάμην,

1105 965 1138 992 δι’
1151 962 1181 991 οὗ
1193 964 1321 1000 δηλοῦται
1334 965 1350 998 ἠ
1364 964 1393 990 ὲν
1407 964 1464 994 τοῖς
1480 962 1570 996 ἁγίοις
1585 961 1740 992 ἀνάπαυσις
1755 958 1802 986 τοῦ
1817 957 1896 985 θεοῦ.

1105 1011 1201 1042 Αὐτοίς
1229 1011 1284 1045 γὰρ
1307 1008 1489 1044 ἐνθρονίζεται
1514 1008 1553 1039 ὡς
1573 1007 1738 1042 χωρητικοϊς
1762 1003 1822 1032 οὖσι
1844 1003 1898 1031 τῶν

1105 1056 1186 1082 θείων
1197 1056 1354 1090 ἐμφάσεων.

1142 1103 1263 1137 Ὀμοιος
1301 1100 1406 1135 ὁράσει
1434 1100 1510 1131 λίθῳ
1542 1096 1658 1125 ἰάσπιδι
1690 1096 1740 1123 καὶ
1772 1095 1897 1129 σαρδίῳ.

1110 1147 1220 1182 Ἐπειδὴ
1231 1147 1277 1172 τὸν
1288 1145 1398 1179 Πατέρα
1409 1145 1454 1171 τὸν
1464 1143 1597 1179 ὁραθέντα
1610 1141 1726 1168 ἐνταῦθα
1737 1140 1897 1175 παρίστησι,

1105 1193 1263 1229 σωματικδν
1275 1191 1351 1227 αὐτῷ
1365 1191 1529 1227 χαρακτῆρα
1545 1190 1576 1216 οὐ
1592 1187 1765 1224 περιτίθησιν
1776 1207 1784 1220 ,
1803 1187 1898 1221 ὥσπερ

1103 1237 1143 1274 τῷ
1158 1237 1215 1273 Υίῷ
1226 1238 1255 1264 ἐν
1270 1238 1303 1272 τῇ
1320 1236 1442 1271 προτέρᾳ
1460 1235 1543 1262 αὐτοῦ
1563 1233 1692 1269 ὀπτασίᾳ,
1706 1232 1775 1260 ἀλλὰ
1795 1231 1899 1267 τιμίοις

1103 1283 1186 1310 αὐτὸν
1198 1282 1284 1314 λίθοις
1297 1281 1454 1313 ἀπεικάζει,
1468 1281 1519 1316 τῆς
1533 1280 1584 1315 μὲν
1599 1279 1721 1310 ίάσπιδος
1734 1278 1772 1309 ὥς
1783 1277 1898 1313 χλοερᾶς

1105 1328 1294 1365 σημαινούσης
1306 1328 1337 1355 τὸ
1351 1327 1478 1358 ἀειθαλὲς
1498 1325 1566 1361 ὁμοῦ
1583 1326 1630 1352 καὶ
1645 1324 1790 1359 φερέσϐιον
1802 1342 1810 1355 ,
1830 1321 1898 1349 καθὸ

1104 1376 1223 1411 εἴρηται,
1242 1384 1251 1401 ι
1277 1374 1326 1401 καὶ
1341 1374 1424 1409 χλόην
1444 1374 1477 1408 τῇ
1498 1371 1611 1407 δουλείᾳ·
1624 1371 1678 1397 τῶν
1700 1369 1862 1405 ἀνθρώπων.
1885 1377 1895 1394 ι

1104 1421 1163 1448 Πᾶν
1174 1421 1229 1456 γὰρ
1249 1420 1361 1455 σπάρμα
1377 1419 1525 1454 χλοηφορεϊ
1541 1417 1609 1453 πρὸς
1622 1416 1725 1452 τροφὴν
1739 1416 1795 1446 τοῖς
1816 1415 1898 1446 ζῶσιν

1105 1467 1159 1493 ὑπὸ
1173 1465 1241 1493 Θεοῦ
1254 1465 1432 1500 τεταγμένον.
1451 1464 1560 1494 Ἵασπις
1574 1462 1602 1489 δὲ
1613 1461 1736 1488 καλεῖται
1750 1461 1791 1486 ὅτι
1807 1459 1898 1494 ὁμοία,

1104 1513 1152 1540 καὶ
1174 1511 1205 1546 ἰῷ
1223 1511 1336 1542 ἀσπίδος
1357 1510 1474 1537 ἐοικυῖα.
1493 1508 1600 1542 Σαρδίῳ
1620 1507 1660 1539 δὲ,
1676 1506 1719 1533 διὰ
1735 1506 1766 1533 τδ
1783 1503 1899 1540 φοϐερὸν

1105 1557 1153 1584 τοῦ
1168 1557 1246 1583 Θεοῦ.
1258 1555 1404 1591 Πυροειδὲς
1418 1555 1472 1590 γὰρ
1485 1554 1516 1581 τὸ
1534 1554 1651 1588 σάρδιον.
1674 1548 1783 1587 Ἐπειδὴ
1798 1551 1853 1587 γὰρ
1868 1550 1900 1576 τὸ

262 1606 346 1634 habet
356 1595 475 1641 namque
483 1605 598 1633 Sardius
610 1605 681 1641 ignis
692 1606 823 1640 speciem.
837 1605 972 1639 Quoniam
981 1608 1055 1636 enim

1109 1604 1168 1630 κατ’
1202 1603 1290 1638 ἄκρας
1327 1601 1445 1637 χρῆσθαι
1476 1601 1509 1635 τῇ
1538 1598 1724 1634 δικαιοκρισίᾳ
1753 1597 1839 1630 Θεὸν,
1868 1595 1898 1622 οὐ

264 1652 332 1680 ferri
353 1660 407 1679 non
433 1655 526 1685 posset
539 1651 623 1683 Deus,
637 1651 660 1678 si
675 1652 708 1678 ad
721 1655 874 1678 extremum
899 1657 986 1686 usque
1011 1654 1057 1688 ju-

261 1698 345 1725 stitize
366 1701 489 1725 uteretur
513 1696 630 1731 judicio,
647 1697 748 1723 merito
770 1696 913 1724 clementis
936 1705 970 1725 ac
991 1699 1057 1727 boni

261 1743 364 1777 praebet
392 1746 583 1777 argumentum
612 1741 838 1776 sardius,ulpote
868 1746 974 1771 terrens
993 1745 1057 1779 qui-

262 1789 336 1820 dem,
350 1789 378 1815 et
392 1787 464 1823 ignis
490 1787 610 1822 speciem
637 1785 729 1814 ferens
762 1787 840 1822 lapis,
856 1793 885 1814 ut
900 1789 989 1822 aiunt,
1007 1790 1056 1818 sed

264 1841 346 1868 quem
360 1841 416 1861 non
427 1834 516 1861 solum
549 1832 648 1860 terrori
661 1833 825 1861 dicuntcsse
837 1833 903 1862 feris
920 1842 953 1862 ac
977 1843 1055 1863 tuon-

264 1880 341 1912 stris,
355 1888 449 1908 verum
461 1880 545 1907 etiam
558 1879 687 1907 virtutem
703 1879 806 1907 habere
820 1881 1055 1910 curandidolores

264 1933 298 1954 ac
314 1925 454 1953 molestias
471 1933 532 1961 quas
549 1926 651 1953 nostris
671 1926 853 1953 innascuntur
879 1928 1054 1962 corporibus.

262 1971 390 1999 Aitenim
407 1979 522 2007 magnus
538 1972 721 2007 Epiphanius,
738 1971 841 2006 ipsum,
857 1973 881 2000 si
906 1972 1054 2008 inungatur

263 2026 362 2046 curare
384 2022 508 2046 tumores
530 2023 557 2046 et
572 2018 692 2053 plagasa
710 2017 785 2045 ferro
800 2019 901 2046 illatas.
922 2019 1055 2046 Animad-

262 2058 425 2092 vertendum
436 2068 478 2093 est
493 2069 584 2092 autem
600 2069 756 2100 assumptos
768 2072 829 2093 esse
845 2065 898 2092 hoc
914 2064 974 2093 loco
986 2065 1056 2100 lapi-

261 2110 311 2138 des
333 2118 386 2138 non
413 2110 495 2145 pretii
512 2110 611 2145 gratia.
626 2110 675 2138 sed
692 2111 728 2138 ob
747 2118 807 2137 eam
823 2110 1053 2145 signiﬁcationem

262 2162 345 2189 quam
358 2162 391 2182 ex
412 2155 503 2183 colore
518 2155 666 2182 habebant.

300 2200 334 2227 Et
362 2201 411 2227 iris
438 2201 466 2227 in
503 2201 618 2227 circuitu
644 2200 742 2227 throni.
769 2200 821 2227 Iris
855 2200 966 2235 quidem
995 2208 1056 2235 qua:

263 2253 347 2273 sensu
361 2244 520 2280 percipitur,
539 2252 621 2279 quam
646 2244 738 2272 divina
755 2244 898 2279 Scriptura
912 2249 993 2272 vocat
1009 2252 1055 2272 ar-

1110 1649 1239 1685 φορητὺν,
1252 1648 1365 1679 εἰκότως
1375 1647 1422 1674 τοῦ
1436 1646 1598 1678 ἀνεξικάκου
1613 1646 1660 1672 καὶ
1673 1643 1777 1678 ἀγαθοῦ
1789 1642 1819 1669 τδ
1833 1642 1900 1678 σάρ-

1110 1695 1166 1722 διον
1181 1696 1280 1729 δεῖγμα
1294 1694 1421 1729 παρέχει,
1438 1693 1476 1724 ὼς
1490 1691 1537 1718 τοῦ
1554 1689 1669 1726 φοϐεροῦ
1685 1689 1733 1716 καὶ
1746 1688 1795 1716 τοῦ
1813 1696 1900 1723 πυρο-

1109 1741 1209 1773 ειδοῦς,
1222 1740 1261 1772 ὥς
1277 1749 1353 1775 φασι,
1369 1738 1455 1765 λίθου.
1477 1738 1527 1764 “Ov
1546 1737 1576 1764 οὐ
1593 1736 1673 1771 μόνον
1689 1734 1805 1770 φοϐερόν
1820 1741 1901 1768 φασιν

1109 1785 1179 1813 εἶναι
1194 1786 1299 1821 θηρίοις
1314 1784 1362 1811 καὶ
1377 1784 1518 1819 φάσμασιν
1531 1802 1538 1815 ,
1555 1781 1623 1808 ἀλλὰ
1639 1781 1687 1808 καὶ
1701 1777 1902 1815 θεραπευτικὴν

1108 1832 1163 1858 τῶν
1181 1830 1371 1866 ἐπιφυομένων
1393 1829 1431 1863 τῷ
1455 1827 1562 1863 σώματι
1579 1827 1659 1863 ἡμῶν
1679 1825 1810 1860 ἀλγεινῶν
1828 1824 1902 1859 ἔχειν

1108 1878 1234 1911 δύναμιν.
1247 1877 1328 1910 Λέγει
1341 1875 1395 1910 γὰρ
1407 1876 1421 1901 ὁ
1433 1875 1520 1910 μέγας
1534 1873 1692 1908 Ἐπιφάνιος
1706 1870 1840 1906 ἰατρεύειν
1854 1870 1902 1896 αὐ-

1107 1922 1157 1957 τὴν
1176 1921 1310 1957 οἰδήματά
1327 1930 1356 1947 τε
1373 1920 1421 1948 καὶ
1441 1919 1496 1946 ἀπὸ
1514 1919 1624 1954 σιδήρου
1651 1917 1759 1952 πληγὰς
1776 1917 1900 1950 ὲπιχριο-

1109 1969 1205 2003 μένην.
1234 1967 1449 2003 Ἐπισημαντέον
1467 1966 1495 1992 δὲ
1516 1965 1554 1996 ὼς
1572 1966 1588 1999 ὴ
1610 1963 1666 1990 τῶν
1679 1963 1762 1989 λίθων
1783 1961 1902 1988 ἐνταῦθα

1109 2013 1283 2049 παράληψις,
1304 2013 1334 2039 οὺ
1359 2012 1407 2039 τοῦ
1428 2012 1520 2049 τιμίου
1544 2009 1635 2046 χάριν,
1650 2008 1720 2037 ἀλλὰ
1744 2007 1775 2035 τὸ
1797 2008 1830 2034 ὲκ
1850 2006 1901 2042 ἰῆς

1107 2059 1190 2096 χρόας
1205 2058 1406 2094 σημαινόμενον
1423 2056 1512 2092 ἔσχεν.

1142 2190 1196 2218 Kal
1213 2188 1271 2224 ἶρις
1290 2188 1442 2216 κυκλόθεν
1462 2186 1516 2214 τοῦ
1527 2186 1647 2220 θρόνου.
1667 2184 1702 2211 Ἢ
1717 2183 1768 2220 μὶν
1783 2181 1901 2218 αἰσθητὴ

1106 2235 1173 2272 ἶρις,
1189 2236 1224 2271 ἢν
1232 2236 1249 2271 ἠ
1263 2234 1323 2262 θεία
1337 2233 1435 2269 Γραφὴ
1447 2231 1525 2264 τόξον
1539 2232 1617 2258 καλεῖ
1628 2230 1710 2272 ἡνίκα
1720 2229 1831 2264 φάσκεν
1841 2238 1850 2255 ι
1862 2228 1900 2255 Τὸ

264 2298 340 2322 eum.
366 2291 413 2318 ubi
429 2291 495 2318 dicit
512 2299 519 2317 :
535 2299 545 2315 ι
573 2291 675 2317 Arcum
694 2298 784 2317 meum
806 2297 906 2324 ponam
926 2290 954 2317 in
976 2290 1057 2318 nubi-

1109 2284 1185 2317 τόξον
1200 2293 1251 2319 μου
1263 2283 1360 2318 τίθημι
1374 2282 1404 2309 ὲν
1419 2283 1452 2317 τῇ
1467 2281 1575 2315 νεφέλῃ,
1594 2288 1603 2305 ι
1621 2281 1653 2305 ὲκ
1667 2278 1718 2313 τῆς
1729 2275 1900 2304 ἀντανακλά-

266 2337 319 2364 bus
334 2336 367 2370 '°,
383 2346 393 2362 ›
410 2344 443 2363 ex
453 2336 519 2364 solis
533 2336 743 2370 repercussione
757 2336 892 2369 exoritur,
908 2337 1018 2370 quando
1029 2336 1056 2364 in

265 2381 348 2409 nubis
371 2387 483 2415 aquosa
505 2380 641 2408 densitate
665 2380 816 2408 conclusus
838 2381 935 2416 objicit
966 2381 1056 2416 ipsam

264 2427 366 2460 lucem,
384 2427 445 2461 eius
474 2434 522 2462 per
548 2426 647 2454 nubem
671 2426 830 2459 emissione,
846 2432 873 2454 et
894 2427 998 2455 variam
1024 2435 1057 2456 ac

264 2473 443 2509 omnigenam
468 2473 591 2500 colorum
616 2472 804 2507 apparentiam
821 2472 944 2500 assumit.
958 2472 991 2500 Et
1010 2473 1057 2502 illa

263 2520 375 2555 quidem
388 2519 438 2548 iris
449 2519 512 2547 talis
526 2524 579 2547 est.
599 2517 686 2546 Porro
700 2527 762 2554 quae
789 2519 918 2546 thronum
932 2519 1055 2547 circum-

263 2566 395 2599 ambibat,
417 2565 503 2594 solius
530 2565 668 2601 smaragdi
691 2565 808 2600 speciem
837 2573 895 2601 prae
928 2571 959 2593 se
987 2566 1057 2594 ferc-

263 2613 321 2640 hat.
347 2611 445 2639 lridcm
468 2618 533 2639 vero
553 2610 641 2646 ipsam
663 2610 771 2638 vocavit
785 2611 819 2638 ab
844 2611 913 2638 iride
932 2611 1057 2639 diverso-

264 2666 326 2686 rum
342 2658 465 2686 colorum
482 2665 544 2693 quas
560 2657 631 2692 apud
648 2664 699 2684 nos
715 2661 769 2689 est,
785 2661 815 2684 ut
831 2658 989 2685 varietatem
1011 2658 1055 2685 in-

263 2706 420 2740 telligamus
454 2703 571 2732 studiosi
592 2703 748 2731 divinorutn
786 2704 945 2739 angelorum
977 2704 1057 2731 mini-

264 2750 341 2777 stcrii
368 2759 375 2776 :
405 2757 523 2784 quorum
548 2748 733 2776 diversitatem
765 2748 791 2774 in
819 2756 904 2775 unum
929 2748 1057 2776 terminat

264 2795 359 2823 rllicax
397 2795 608 2827 ministerium,
637 2794 670 2821 ad
706 2793 890 2821 imitationem
920 2793 1052 2827 Domini,

266 2841 489 2877 quandoquidem
507 2845 534 2868 et
552 2840 634 2876 hujus
655 2840 862 2867 beneﬁcentiam
880 2847 934 2874 qua
960 2845 1057 2868 cuncta

301 2930 504 2962 91’sal.t.x1.w,
535 2931 561 2958 8.
602 2929 622 2945 “‘
648 2928 716 2956 Gvn.
737 2936 774 2961 l\',
804 2927 846 2954 15.

1108 2339 1176 2362 σεως
1189 2330 1236 2357 τοῦ
1252 2329 1327 2365 ἡλίου
1343 2327 1511 2359 συνίσταται,
1526 2327 1590 2352 ὅταν
1604 2325 1633 2351 ἐν
1647 2324 1785 2359 παχύτητι
1799 2322 1898 2357 νέφους

1107 2376 1258 2407 ὑδατώδους
1282 2373 1506 2410 ἀποληφθέντος,
1530 2371 1749 2406 ἀντιφράσσηται
1768 2369 1817 2404 μὲν
1836 2368 1902 2395 αὐτὸ
1918 2386 1926 2408 l.

1107 2423 1137 2450 τδ
1153 2423 1211 2458 φῶς
1233 2421 1283 2457 τὴν
1300 2420 1397 2447 ἑαυτοῦ
1415 2418 1561 2454 ἐκπομπὴν
1581 2417 1624 2444 διὰ
1640 2415 1688 2443 τοῦ
1707 2416 1806 2450 νέφους
1818 2434 1826 2445 .
1843 2422 1903 2440 ποι-

1111 2469 1191 2505 κίλην
1205 2468 1235 2495 δὲ
1249 2469 1296 2494 καὶ
1309 2466 1455 2502 παντοειδῆ
1472 2465 1623 2501 φαντασίαν
1640 2464 1741 2499 χροιῶν
1755 2462 1905 2490 ὑποϐάλλε-

1113 2524 1169 2542 ται.
1186 2514 1308 2549 Κάκείνη
1327 2513 1376 2548 μὲν
1395 2511 1508 2546 τοιαύτη
1524 2512 1540 2546 ἡ
1557 2508 1623 2546 ἶρις.
1647 2509 1681 2536 Ἦ
1694 2509 1722 2535 δέ
1735 2517 1766 2542 γε
1781 2507 1827 2534 τὸν
1840 2507 1904 2542 θρό-

1113 2569 1159 2588 νον
1174 2558 1378 2595 περικυκλοῦσα
1388 2579 1396 2592 ,
1421 2556 1560 2593 μονοειδὴς
1576 2554 1810 2590 σμαραγδίζουσα.
1822 2550 1905 2587 ’Ἶριν

1112 2607 1141 2634 δὲ
1154 2606 1288 2641 κέκληκεν
1303 2605 1406 2640 αὐτὴν,
1419 2603 1473 2631 ἀπὸ
1488 2604 1538 2637 τῆς
1554 2601 1620 2636 παρ’
1633 2601 1699 2636 ἡμῖν
1714 2599 1797 2634 ἴριδος
1813 2607 1905 2625 ποικι-

1112 2653 1293 2690 λοχρωμάτου
1305 2672 1313 2684 ,
1329 2651 1367 2683 ὡς
1382 2651 1414 2678 ἂν
1429 2650 1459 2676 τὸ
1475 2650 1603 2684 διάφορον
1618 2647 1672 2674 τῶν
1688 2646 1768 2673 θείων
1779 2644 1904 2690 ἀγγέλων

1111 2686 1371 2734 ἀγαθοεργοῦς
1396 2696 1569 2730 ἐννοήσωμεν
1593 2691 1786 2727 λειτουργίας,
1810 2686 1848 2716 ὦν
1873 2689 1905 2715 τὸ

1112 2745 1240 2781 διάφορον
1260 2745 1299 2776 εἰς
1324 2743 1388 2779 μίαν
1404 2740 1582 2778 ἑνεργητικὴν
1604 2737 1772 2772 ἀποτελευτᾷ
1795 2735 1903 2781 χρείαν,

1113 2789 1183 2818 κατὰ
1195 2780 1316 2826 μίμησιν
1339 2788 1387 2817 τοῦ
1407 2788 1553 2815 Δεσπότου.
1583 2785 1660 2812 Ἐπεὶ
1680 2784 1728 2811 καὶ
1753 2783 1848 2810 τούτου
1873 2780 1905 2807 τὸ

1113 2837 1266 2873 πάντροφον
1279 2836 1327 2864 καὶ
1342 2833 1526 2872 εὐεργετικὸν,
1542 2833 1559 2868 ή
1576 2831 1728 2868 χλοάζουσα
1741 2828 1792 2863 τῆς
1807 2826 1902 2854 ἰάσπι-
