2095 3160
210 220 264 254 569

746 226 943 261 COMMENT.
963 229 1006 263 IN
1024 230 1289 264 APOCALYPSIN.

1798 241 1851 273 570

209 279 254 310 δος
272 279 346 306 λίθου
368 281 448 316 χροιὰ
475 282 649 318 παραδηλῶν
671 285 819 320 ἐϐούλετο,
843 287 883 323 τῷ
901 288 997 323 πρασίι

1064 290 1159 323 nutrit,
1178 291 1300 319 indicare
1312 293 1398 321 voluit
1410 293 1503 324 virens
1517 295 1615 330 lapidis
1632 296 1747 332 iaspldls
1760 298 1849 333 color,

209 325 274 353 εῖδει
290 328 341 362 τῆς
354 328 513 363 σμαράγδου
525 330 602 357 λίθου
616 332 794 369 ὁμοιουμένη.

245 375 351 408 Θρόνοι
365 376 623 411 εἰκοσιτέσσαρες.
639 379 740 415 Θρόνον
751 402 758 412 ,
774 381 825 407 οὐκ
841 381 905 408 ἄλλο
921 376 947 408 τι
964 382 1007 408 EV-

207 419 296 446 ταῦοα
306 420 359 456 χρὴ
373 423 454 454 νοεῖν,
468 423 493 449 εἰ
510 423 548 459 μὴ
563 424 595 450 τὸ
607 425 677 460 πρὸς
687 427 721 453 τὰ
729 426 793 453 θεῖα
807 428 1008 462 προστάγματα

209 465 352 500 φιλότιμον
377 467 448 502 πρὸς
478 467 621 504 ἐργασίαν.
653 471 752 502 Μόνως
776 472 832 507 γὰρ
859 473 893 499 ἃν
920 473 1007 505 οὕτως

208 514 470 547 παρασκευασθετσα
492 515 584 551 ψυχὴ,
608 516 700 553 ὄχημα
718 518 790 545 θεῖον
814 519 928 554 ἃμιλλόν
947 521 1006 547 ἐστι

209 557 264 584 τῶν
275 558 427 594 Χερουΰίμ.

242 602 469 639 Πρεσϐυτέρους
482 606 679 642 καθημένους.
700 609 766 643 Περὶ
782 609 830 636 τοῦ
844 610 962 646 ἀριθμοῦ
977 610 1006 638 δὲ

207 648 263 674 τῶν
274 649 505 686 εἰκοσιτεσσάρων
523 652 719 688 πρεσϐυτέρων
734 651 780 681 ὧδ’
795 655 833 682 ἂν
843 655 973 691 θεωροῖτο
988 657 1004 692 ἠ

208 694 375 729 ὕπεράρχιος
386 696 434 722 καὶ
445 696 462 731 ἡ
475 697 607 732 ὑπέροεος
623 699 746 733 παναγία
760 700 857 736 Τριὰς,
870 701 915 728 τὸν
930 702 1005 729 ἐσδο-

208 740 325 773 ματικδν
340 741 467 776 ἀριθμὸν,
484 742 514 769 ὃν
532 744 579 769 καὶ
593 744 734 779 σύστοιχον
753 745 792 780 τῷ
813 746 904 781 ὁρατῷ
918 747 1004 782 αὐτῆς

210 785 366 820 συστήματι
391 786 479 822 τούτῳ
503 787 592 821 ἔθετο,
614 790 757 826 καταρχὰς
785 793 856 818 κατὰ
877 793 908 819 τὺ
926 788 1004 825 ἀνεξ-

207 831 355 866 ερεύνητον
368 832 419 867 τῆς
431 833 533 868 ἑαυτῆς
551 836 649 870 σοφίας
664 836 746 870 βάθος
755 837 908 872 ἰσαρίθμως
918 839 1002 875 ἑαυτῇ

205 876 373 911 ἁνελίξασα,
403 878 450 906 τὸν
479 881 690 917 εἰκοσιτέσσαρα
722 882 839 918 ἀριθμὸν
867 883 1000 919 ὑπέφηνε.

206 923 322 957 Τριάκις
341 925 396 960 γὰρ
418 925 508 958 ἑπτὰ,
535 926 621 953 εἴκοσι
647 928 697 955 καὶ
714 928 744 955 ἓν
757 929 929 964 ἁποσωρεύει
954 930 1001 957 τοῦ
1015 950 1027 964 ί

205 969 423 1004 ἀπολειπομένου
430 971 515 998 ποσοῦ
525 972 571 999 τοῦ
583 973 672 1000 εἰκοσι
682 975 729 1001 καὶ
736 975 857 1010 τέσσαρα
869 976 998 1011 ἀριθμοῦ,

204 1015 234 1045 ὃς
245 1015 319 1041 ἐστιν
333 1015 347 1041 ὁ
358 1016 465 1052 τρίατῇ
480 1018 645 1054 παντουργῷ
660 1019 720 1056 θείᾳ
735 1021 831 1056 Τριάδι
848 1022 998 1053 ἀνατεθείς.

205 1059 250 1086 Διδ
260 1061 308 1087 καὶ
318 1061 333 1086 ὁ
341 1061 454 1102 ἕβδομος
467 1063 585 1099 ἁριθμῦς
596 1065 743 1100 τριαδικῶς
755 1067 919 1101 ἀνελιχθείς,
930 1068 999 1103 μετὰ

202 1105 250 1132 τοῦ
270 1107 465 1142 ἀνελιχθῆναι,
488 1109 535 1136 τὸν
548 1111 757 1147 εἰκοσιτέσσαρα
773 1113 931 1141 ἀπετέλεσε.
953 1114 998 1149 Τῷ

203 1151 311 1187 ἑσδόμῳ
323 1152 362 1184 δὲ,
376 1152 407 1179 οὐ
423 1154 470 1180 καὶ
486 1153 532 1182 διά
558 1156 659 1189 παντὸς
679 1157 726 1184 τοῦ
741 1159 870 1193 αἰσθητοῦ
894 1159 997 1194 κόσμου

202 1197 299 1224 τούτου
322 1200 417 1233 χωρεῖ,
433 1200 482 1227 καὶ
501 1201 573 1228 κατά
588 1210 650 1228 τινα
665 1203 762 1230 ἑαυτοῦ
783 1204 897 1240 δύναμιν
913 1205 996 1241 θνητῇ

203 1242 283 1277 φύσει
299 1244 431 1271 ἀδύνατον
449 1247 489 1277 εἰς
504 1246 563 1273 τόδε
580 1248 696 1281 εἰδένσις
724 1249 873 1285 ’ἰσάριθμοι
894 1251 922 1277 δὲ
941 1251 997 1282 τοῖς

203 1288 309 1323 ορόνοις
323 1290 348 1315 οἰ
360 1290 520 1325 καθήμενοι,
536 1293 584 1319 καὶ
599 1293 792 1329 πρεσϐύτεροι,
807 1295 838 1321 οὺ
855 1295 995 1330 νεώτεροι,

202 1334 263 1361 ἐπεὶ
277 1335 325 1361 καὶ
345 1336 362 1370 ἠ
377 1336 530 1371 ἐπαγγελία
545 1339 595 1373 τῆς
607 1339 792 1375 κληρονομίας
807 1342 995 1376 πρεσϐυτάτη,

201 1377 239 1409 ὡς
262 1378 315 1414 πρὸ
338 1380 493 1416 καταϐολῆς
518 1381 622 1417 κόσμου
647 1386 908 1420 προητοιμασμένης
930 1387 997 1421 ἡμῖν

202 1423 352 1458 βασιλείας.
369 1426 483 1458 Πάντως
494 1427 521 1454 δὲ
534 1429 591 1459 τοῖς
604 1428 658 1464 πρὸ
673 1430 828 1464 καταϐολῆς
845 1431 948 1466 κόσμου
966 1431 998 1458 τὸ

201 1469 320 1498 ἔπαθλον
336 1471 445 1506 ἔχουσιν
459 1473 631 1508 ἑτοιμασθὲν,
652 1475 701 1510 οὐχ
716 1475 754 1507 ὡς
769 1476 923 1511 νεωτέροις,
936 1477 996 1504 ἀλλ’

200 1516 240 1548 ὡς
263 1518 436 1552 ὲγγηράσασι
457 1520 514 1550 τοῖς
536 1518 619 1552 θείοις
641 1521 836 1556 προστάγμασι
854 1522 955 1549 δίδοται
978 1524 995 1558 ὴ

201 1563 309 1594 αἰώνιος
324 1563 467 1599 βασιλείαί
479 1565 606 1601 Χρυσοῠς
625 1567 654 1593 δέ
670 1575 737 1603 φησι
755 1569 818 1600 τοὺς
833 1569 994 1603 στεφάνους.

199 1607 268 1634 Οὐδὲ
288 1607 342 1643 γὰρ
356 1606 415 1644 εἶχέ
433 1618 460 1636 τι
480 1610 581 1646 χρυσοῦ
603 1611 822 1648 τιμαλφέστερον
836 1614 893 1645 τοῖς
907 1613 937 1640 ὲν
955 1613 995 1649 τῷ

200 1653 316 1688 παρόντι
326 1654 377 1690 βίῳ
388 1655 615 1691 ὲνστρεφομένοις
626 1657 803 1685 ὑποτίθεσθαι
814 1659 882 1694 πρὸς
891 1660 995 1695 ὲναργῆ

199 1707 311 1732 γνωσιν.

1008 1632 1031 1660 G

235 1832 290 1860 Kal
304 1833 381 1861 ἑπτὰ
393 1834 552 1868 λαμπάδες
566 1836 663 1870 πυρὸς
674 1838 842 1872 καιόμεναι.
856 1839 912 1871 Τὰς
925 1840 997 1868 ἑπτὰ

198 1879 356 1915 λαμπάδας,
366 1875 448 1912 αὐτὸς
461 1882 638 1917 ήρμήνευσεν
651 1883 723 1910 ἑπτὰ
737 1884 892 1920 πνεύματα,
905 1884 994 1919 ἅτινα,

198 1925 257 1960 ἦτοι
272 1925 311 1957 ὡς
332 1925 456 1957 Ἡσαΐας,
473 1927 506 1953 τὰ
520 1926 580 1954 θεῖα
593 1927 639 1954 τοῦ
655 1928 814 1964 Πνεύματος
826 1931 995 1965 χαρίσματα,

199 1972 306 2005 σοφίας,
321 1971 423 2006 ἰσχύος,
441 1972 550 2007 βουλῆς,
564 1973 611 2000 καὶ
618 1973 654 2000 τὰ
667 1975 773 2006 τούτοις
785 1976 849 2010 ἑξῆς
862 1977 903 2003 δεῖ
913 1979 995 2011 νοεῖν,

198 2018 226 2051 ἦ,
242 2018 280 2048 ὡς
296 2017 440 2053 Εἰρηναῖος
456 2018 503 2045 καὶ
520 2019 639 2054 Κλήμης
652 2021 666 2046 ὁ
683 2021 876 2056 Στρωματεὺς,
894 2023 929 2049 τὰ
941 2023 996 2050 λει-

196 2063 328 2098 τουργικὰ
345 2065 393 2091 καί
407 2064 461 2091 τῶν
478 2064 566 2092 ἄλλων
579 2066 708 2101 ἐξέχοντα
726 2068 887 2102 ταγμάτων.
909 2069 996 2097 Ἑπτὰ

198 2109 258 2142 μὲν,
281 2109 326 2136 διὰ
350 2110 400 2145 τὴν
428 2111 558 2145 ἐφορείαν
585 2112 661 2139 τοῦδε
686 2113 734 2139 τοῦ
761 2114 865 2149 κόσμου
889 2116 937 2142 τοῦ
958 2116 996 2151 τῷ

196 2156 303 2191 ἑϐδόμῳ
317 2158 460 2192 συστοίχου
474 2159 600 2194 ἀριθμῷ,
620 2159 649 2195 ἦ,
674 2161 713 2192 ὡς
734 2162 784 2197 ἠδη
806 2163 994 2199 παρεθέμεθα,

197 2201 347 2246 Καιόμεναι
357 2201 396 2233 δὲ,
411 2202 456 2228 διὰ
466 2203 498 2229 τὸ
509 2204 655 2232 ἀνένδοτον
669 2207 716 2233 καὶ
728 2207 853 2242 διηνεκὲς
867 2209 918 2243 τῆς
932 2210 995 2246 περὶ

194 2245 225 2270 τὸ
243 2245 315 2271 Θεῐον
330 2243 485 2281 ἁγίαστίας.
503 2248 632 2275 Τοιοῦτον
649 2249 703 2286 γὰρ
726 2252 774 2278 καὶ
791 2252 847 2287 πῦρ
868 2253 949 2280 τοῦτο
963 2243 994 2281 τὸ

195 2289 287 2315 ἒνυλον
306 2291 487 2324 ἀδιαλείπτως
505 2294 622 2326 φωτίζον
638 2295 685 2321 καὶ
707 2296 816 2330 φλέγον.
841 2298 887 2324 Διὸ
903 2299 951 2325 καὶ
973 2300 986 2326 ὁ
1004 2296 1024 2324 D

195 2335 341 2371 προφήτης
357 2337 458 2372 φησίν·
479 2347 488 2365 ι
519 2338 550 2365 '0
565 2339 651 2367 ποιῶν
666 2341 729 2372 τοὺς
750 2342 886 2376 ἀγγέλους
908 2344 992 2371 αὑτοῦ

196 2380 350 2416 πνεύματα.
369 2391 378 2408 ι

229 2513 283 2539 Kal
306 2513 436 2541 ἐνώπιον·
455 2515 509 2543 τοῦ
529 2517 639 2550 θρόνου
655 2517 695 2551 ὡς
714 2519 857 2547 θάλασσα
878 2522 990 2558 ὑαλίνη

194 2559 281 2592 ὁμοία
300 2561 492 2594 κρυστάλλῳ.
510 2563 565 2590 Καὶ
580 2564 616 2590 ἐν
629 2565 714 2599 μέσῳ
729 2565 782 2593 τοῦ
798 2569 924 2600 θρόνου.
940 2570 990 2597 καί

194 2606 298 2639 κύκλῳ
313 2606 368 2634 τοῦ
379 2606 489 2640 θρόνου
510 2609 646 2644 τέσσαρα
661 2609 716 2641 ζῶα
732 2612 861 2645 γέμοντα
877 2614 989 2648 ὀφθαλ-

191 2651 257 2685 μῶν
272 2652 444 2687 ἔμπροσθεν
458 2654 508 2681 καί
523 2652 659 2683 ὄπισθεν·
672 2656 722 2683 καί
736 2658 769 2685 τὸ
783 2658 856 2688 ζῶον
867 2660 899 2686 τὸ
911 2661 989 2694 πρῶ-

192 2706 246 2724 τον
264 2698 368 2733 ὅμοιον
383 2700 484 2727 ,λέοντι
494 2709 501 2716 ·
522 2701 571 2728 καὶ
586 2702 619 2728 τὸ
633 2702 774 2737 δεύτερον
790 2704 873 2736 ζῶον,
887 2706 990 2740 ὅμοιον

189 2744 308 2778 μόσχῳ·
324 2744 373 2771 καί
388 2745 422 2772 τὸ
437 2746 538 2779 τρίτον
552 2746 642 2779 ζῶον,
661 2748 734 2782 ἕχον
753 2750 918 2783 πρόσωπον
931 2751 986 2778 ἀν-

191 2788 322 2822 θρώπου·
335 2790 385 2817 καί
400 2791 434 2818 τὸ
447 2792 589 2826 τέταρτον
601 2792 706 2827 ὅμοιον
731 2793 807 2827 ἀετῷ
821 2796 986 2830 πετομένῳ.

228 2835 358 2872 Θαλάσσῃ
374 2837 522 2870 ἀπεικάζει
534 2838 564 2866 τὸ
585 2838 755 2866 κατενώπιον
769 2840 815 2867 τοῦ
832 2841 939 2876 θρόνου,
957 2842 988 2869 τὺ

227 2925 247 2941 ¹¹
266 2925 340 2955 Psal.
349 2934 406 2960 cur,
418 2927 443 2954 ι.

1056 336 1230 364 assimilatas
1244 338 1404 373 inspeciem
1416 340 1526 368 viridati
1543 340 1640 376 lapidis
1653 343 1800 377 smaragdi.

1102 380 1200 416 Viginti
1212 389 1328 417 quatuor
1339 385 1423 412 sedes.
1437 385 1534 413 Sedem
1547 394 1600 414 non
1612 387 1686 414 aliud
1711 388 1850 422 quippiam

1060 431 1166 460 oportet
1181 427 1232 455 hoc
1250 428 1311 455 loco
1327 429 1477 466 intelligere
1493 438 1576 466 quam
1594 428 1747 460 studiosum
1766 440 1851 463 cona-

1060 476 1117 500 tum
1146 474 1180 500 ad
1205 476 1393 509 operationem
1422 477 1578 505 divinorum
1605 478 1758 513 jnssorum.
1785 478 1849 507 Solo

1058 519 1130 545 enim
1150 519 1201 546 hoc
1218 520 1299 548 modo
1316 525 1467 555 prmparata
1486 523 1578 549 anima
1597 523 1720 550 divinum
1735 528 1777 551 est
1801 530 1849 551 ve—

1058 564 1191 597 hiculum,
1204 567 1433 601 quemadmodum
1447 572 1473 596 et
1484 568 1540 603 ipsa
1556 569 1707 597 Cherubin.

1102 609 1224 637 Seniores
1238 611 1366 638 sedentes.
1384 611 1420 638 De
1433 619 1549 639 numero
1562 612 1659 646 viginti
1672 616 1791 651 quatuor
1805 615 1848 640 se-
1875 634 1881 638 .

1057 655 1166 682 niorum
1184 656 1235 682 hoc
1268 656 1328 683 loco
1357 657 1588 684 considerandum
1613 658 1674 685 erit.
1691 657 1849 693 SnpercmiL

1057 708 1125 728 nens
1151 706 1179 728 et
1205 701 1378 730 dirinissima
1400 703 1630 738 sanctissimeque
1649 699 1770 731 Trinitas
1796 712 1849 731 nu-

1056 748 1163 774 merum
1186 748 1384 782 septenarium,
1409 746 1491 783 quem
1516 750 1598 777 etiam
1622 749 1729 777 affinem
1759 749 1849 785 posuit

1056 793 1120 820 huic
1130 800 1187 821 suae
1199 794 1379 825 multitudini.
1393 795 1472 822 initio
1486 796 1564 830 juxta
1574 796 1780 824 inscrutahilem
1791 803 1848 823 suae

1051 834 1199 874 sapientiae
1219 840 1434 875 profunditatem
1461 841 1560 877 aequali
1588 850 1703 870 numero
1716 842 1768 869 sibi
1795 842 1847 876 ipsi

1055 886 1230 918 convolvens,
1243 894 1388 914 numerum
1406 887 1504 922 viginti
1519 892 1639 922 quatuor
1656 887 1788 915 ostendit.
1801 887 1846 914 Si-

1055 930 1166 966 quidem
1180 935 1222 958 ter
1235 935 1339 966 septem
1361 932 1458 966 viginti
1475 936 1502 959 et
1521 940 1606 960 unum
1623 932 1753 965 efficiunt,
1765 932 1848 968 690

1053 976 1100 1011 qui
1114 980 1158 1004 est
1169 984 1303 1005 numerus
1319 977 1450 1005 deﬁciens
1469 986 1484 1005 a
1502 978 1599 1013 viginti
1615 982 1736 1013 quatuor
1756 984 1847 1005 terna-

1053 1023 1106 1055 rio,
1122 1023 1169 1058 qui
1185 1024 1322 1051 tertiarius
1350 1024 1450 1051 divinae
1473 1024 1601 1052 Trinitati
1628 1025 1750 1051 omnium
1771 1023 1847 1051 crea-

1053 1069 1116 1096 trici
1140 1074 1317 1097 consecratus
1345 1073 1388 1097 est
1414 1079 1422 1098 :
1453 1064 1515 1102 ideo
1540 1063 1652 1105 quoque
1674 1070 1846 1105 septenarius

1053 1121 1187 1142 numerus
1197 1115 1278 1141 tertio
1294 1115 1513 1143 circumvolutu‘s
1534 1122 1589 1143 una
1599 1124 1662 1142 eum
1679 1114 1844 1143 circumvol-

1053 1164 1134 1187 vente
1163 1160 1283 1187 ternario
1308 1168 1454 1187 numerum
1476 1161 1571 1196 viginti
1588 1166 1706 1196 quatuor
1720 1161 1843 1197 perfecit.

1053 1202 1206 1240 Septenarii
1230 1210 1322 1233 autem
1348 1206 1456 1233 numeri
1478 1214 1544 1233 num
1563 1211 1636 1234 totus
1656 1207 1701 1234 hic
1725 1208 1844 1236 mundus

1051 1250 1191 1278 sensibilis
1207 1258 1292 1286 capax
1308 1256 1350 1279 est
1360 1252 1511 1279 secundum
1519 1260 1597 1280 suam
1617 1253 1745 1280 virtutem
1762 1262 1844 1281 mor-

1051 1297 1099 1324 tali
1119 1302 1224 1324 naturae
1262 1297 1374 1333 cognitu
1406 1298 1625 1334 impossibilem?
1658 1298 1769 1334 Equali
1795 1307 1843 1334 au,-

1051 1347 1105 1370 tem
1118 1350 1234 1370 numero
1246 1350 1308 1371 cum
1323 1344 1437 1371 sedibus
1453 1349 1519 1372 sunt
1535 1344 1562 1371 hi
1581 1344 1627 1380 qui
1640 1345 1746 1384 sedent,
1762 1349 1789 1372 et
1801 1352 1843 1372 se-

1051 1390 1144 1418 niores
1154 1395 1231 1422 sunt,
1246 1390 1436 1428 nonjuniores
1448 1390 1599 1428 :quohiam
1615 1391 1761 1426 promissio
1772 1386 1842 1426 quo-

1050 1443 1105 1470 que
1116 1435 1267 1470 haeredilas
1277 1426 1468 1463 vetustissima
1483 1438 1535 1468 est,
1547 1439 1642 1469 utpote
1654 1440 1748 1469 parato
1762 1435 1842 1462 nobis

1051 1488 1136 1516 regno
1146 1485 1211 1509 ante
1233 1481 1329 1508 mundi
1360 1480 1607 1509 constitutionem:
1629 1487 1712 1515 porro
1728 1480 1773 1508 his
1794 1480 1841 1515 qui

1050 1531 1232 1561 praeparatum
1244 1526 1346 1553 habent
1356 1530 1419 1553 ante
1430 1526 1524 1552 mundi
1538 1526 1763 1553 constitutionem
1772 1533 1841 1560 prte-

1050 1571 1147 1604 mium.
1161 1579 1216 1598 non
1244 1575 1374 1606 tanquam
1403 1570 1614 1602 recentioribus,
1630 1571 1677 1598 sed
1707 1575 1839 1605 tanquam

1049 1617 1208 1645 inveteratis
1223 1617 1250 1644 in
1270 1608 1370 1644 divinis
1385 1617 1527 1652 praeceptis
1540 1617 1621 1644 datur
1635 1620 1747 1655 regnum
1759 1609 1840 1643 aster;

1048 1670 1125 1690 num.
1148 1663 1263 1690 Demum
1280 1670 1378 1690 aureas
1403 1662 1471 1690 dicit
1498 1666 1561 1702 esse
1583 1656 1700 1690 coronas
1719 1669 1728 1688 :
1749 1667 1839 1697 neque

1047 1707 1136 1742 potuit
1160 1708 1309 1743 quidquam
1341 1715 1409 1735 auro
1438 1708 1587 1743 pretiosius
1612 1715 1766 1744 proponere
1796 1707 1840 1735 his

1047 1752 1095 1787 qui
1112 1753 1140 1780 in
1159 1751 1211 1780 hac
1226 1753 1281 1781 vita
1298 1759 1443 1782 versantur
1455 1754 1488 1781 ad
1505 1753 1642 1782 eﬁicacem
1654 1758 1681 1782 et
1694 1761 1838 1789 operosam

1047 1792 1245 1833 cognitionem.

1085 1843 1120 1871 Et
1135 1849 1233 1879 septem
1259 1844 1396 1880 lampades
1410 1846 1477 1880 ignis
1496 1852 1625 1874 accensw.
1642 1845 1751 1881 Septem
1771 1846 1841 1874 lam—

1048 1890 1131 1924 pades
1145 1890 1204 1925 ipse
1219 1891 1416 1926 interpretatus
1427 1897 1468 1919 est
1490 1897 1593 1926 septem
1616 1893 1730 1934 spiritus
1751 1902 1759 1920 :
1778 1900 1841 1932 qua:

1047 1941 1105 1969 aut,
1119 1936 1193 1964 sicut
1205 1937 1286 1965 habet
1298 1937 1395 1969 Isaias.
1410 1936 1503 1965 divina
1518 1938 1637 1972 Spiritus
1648 1938 1718 1966 dona
1734 1938 1841 1973 oportet

1047 1981 1209 2016 intelligere,
1233 1989 1331 2016 nempe
1351 1982 1504 2017 sapientiae,
1520 1983 1702 2014 fortitudinis,
1717 1983 1839 2015 consilii,

1045 2033 1145 2062 etquae
1159 2031 1221 2062 post
1239 2027 1297 2054 haec
1312 2032 1466 2062 sequuntur
1483 2035 1490 2054 :
1508 2031 1567 2060 aut,
1584 2027 1655 2054 sicut
1669 2027 1788 2054 lrenaans
1811 2032 1842 2054 ct

1046 2072 1171 2099 Clemens
1193 2072 1240 2106 qui
1264 2072 1339 2099 varia
1370 2072 1584 2104 eonsarcinavit,
1602 2072 1789 2099 ministrantes
1811 2077 1840 2100 et

1045 2117 1200 2144 eminentes
1216 2125 1298 2152 supra
1312 2122 1426 2145 caeteros
1451 2117 1574 2145 ordines.
1593 2116 1702 2152 Septem
1716 2117 1838 2152 quidem,

1045 2162 1079 2189 'eo
1090 2163 1163 2197 quod
1176 2162 1242 2190 huic
1262 2163 1366 2190 mundo
1386 2163 1559 2197 praesideant,
1576 2163 1623 2197 qui
1646 2170 1708 2189 cum
1724 2169 1841 2202 numch

1047 2209 1202 2243 septenario
1218 2209 1311 2236 nescio
1325 2208 1391 2244 quid
1408 2213 1555 2244 cognatum
1577 2208 1657 2242 habet
1671 2216 1679 2238 ;
1697 2212 1745 2235 aut
1756 2208 1838 2235 sicuti

1046 2255 1102 2290 jam
1135 2255 1330 2290 proposuimus
1351 2262 1358 2280 :
1379 2262 1503 2282 accensa:
1526 2248 1599 2287 vero.
1614 2258 1724 2289 propter
1750 2253 1840 2280 conti-

1040 2308 1124 2326 nuum
1134 2304 1256 2327 tenorem
1275 2307 1308 2327 ac
1329 2300 1536 2335 perpetuitatem
1562 2299 1751 2327 sanctimoniae
1765 2299 1843 2326 circa,

1046 2345 1152 2373 divina.
1166 2345 1243 2373 Talis
1260 2350 1302 2372 est
1317 2353 1435 2380 nutuque
1450 2350 1477 2372 et
1489 2345 1560 2379 ignis
1578 2344 1622 2371 hic
1637 2343 1786 2370 materialis
1798 2343 1838 2369 in-

1041 2393 1182 2419 cessanter
1209 2391 1369 2418 illuminans
1383 2399 1416 2418 ac
1441 2390 1634 2418 inﬂammatis:
1651 2389 1712 2417 ideo
1728 2396 1837 2424 quoque
1869 2391 1878 2411 .'

1040 2440 1078 2465 ait
1098 2439 1233 2474 Propheta
1259 2448 1266 2466 :
1284 2448 1294 2465 ι
1312 2438 1364 2471 Qui
1377 2437 1442 2466 facit
1460 2438 1572 2472 angelos
1586 2444 1652 2464 suos
1677 2435 1790 2471 spiritus
1809 2439 1842 2468 et

1045 2485 1189 2512 ministros
1203 2492 1268 2512 suos
1284 2484 1372 2518 ignem
1389 2488 1512 2511 urentem
1526 2483 1557 2509 “.
1576 2491 1585 2508 ι

1078 2529 1122 2563 IV,
1137 2529 1165 2562 6,
1176 2529 1201 2556 7.
1215 2529 1249 2556 Et
1264 2530 1291 2556 in
1303 2534 1444 2562 conspectu
1460 2528 1549 2555 throni
1560 2531 1689 2561 tanquam
1707 2532 1781 2551 mare
1796 2524 1825 2550 vi

1042 2579 1130 2602 treum
1147 2575 1236 2602 simile
1261 2574 1401 2609 crystalla.
1416 2573 1450 2600 Et
1465 2574 1494 2600 in
1514 2572 1627 2599 circuitu
1654 2571 1742 2597 throni
1770 2577 1830 2603 qua-

1041 2626 1101 2647 tuor
1120 2621 1247 2647 animalia
1262 2621 1340 2655 plena
1352 2619 1436 2646 oculis
1452 2623 1512 2646 ante
1528 2623 1553 2644 et
1568 2621 1655 2644 retro:
1669 2619 1694 2643 et
1720 2614 1836 2649 primum

1039 2665 1236 2692 animalsimile
1249 2666 1330 2698 leoui,
1342 2670 1366 2692 et
1396 2663 1543 2692 secundant
1568 2661 1671 2688 animal
1692 2658 1780 2687 simile
1797 2659 1834 2685 vi~

1039 2709 1106 2742 Iulo,
1122 2714 1147 2736 et
1168 2710 1276 2736 tertium
1302 2709 1404 2736 atu'mal
1420 2708 1517 2735 habent
1539 2707 1634 2742 faciem.
1659 2704 1784 2737 hominis,
1809 2707 1840 2731 et-

1037 2758 1161 2788 quartnm
1179 2755 1280 2781 animal
1302 2754 1391 2782 simile
1412 2753 1511 2788 aquila
1525 2751 1637 2779 volanti.

1074 2844 1142 2872 Mari
1156 2845 1291 2874 assimilat
1306 2845 1333 2873 id
1361 2845 1435 2881 quod
1455 2848 1498 2873 est
1515 2844 1546 2875 in,
1559 2846 1708 2878 conspectu
1727 2841 1831 2876 throni,

1872 2515 1877 2550 ἰ
