2095 3160
249 206 301 239 571

655 204 818 235 ΛΒΕΤΠΕ
836 204 990 234 CAESARE
1003 203 1024 232 E
1042 202 1286 237 CAPPADOCI/E
1305 206 1478 238 EPISCOPI

1825 207 1878 240 572

250 265 396 292 maximam
417 268 444 290 ct
463 261 705 296 incomparabilem
729 261 888 296 signiﬁcans
913 260 1034 286 multitu-

1094 261 1204 296 ἤπειρον
1235 263 1281 288 καὶ
1306 263 1467 290 ἀνείκαστον
1495 263 1597 298 πλῆθος
1627 264 1682 290 τῶν
1709 265 1881 294 κυκλούντων

250 311 341 338 dinem
368 310 522 336 divinarum
541 308 670 334 virtutum
684 314 745 340 qua:
766 306 792 333 in
808 306 922 333 circuitu
945 306 1035 332 throni

249 355 297 382 Dei
311 358 386 386 sunt,
406 353 477 388 quod
495 357 521 379 ct
532 351 626 378 Daniel
644 351 799 386 signiﬁcare
812 351 867 377 vult.
883 358 930 384 per
947 350 1036 376 mille-

250 398 356 424 narium
371 402 398 424 et
425 396 604 431 myriadicum
624 403 779 422 numerum.
795 395 916 422 Vitreum
945 400 1034 422 autem

249 450 324 469 mare
336 447 362 469 et
376 436 560 476 cr'yslallinam
577 442 657 477 691
677 442 781 468 habens
796 441 926 476 speciem,
945 441 1036 475 splen-

247 490 341 516 dorem
359 489 481 524 designat
496 489 719 524 incorporearum
735 494 894 516 naturarum
908 493 935 516 et
950 489 1036 523 ipsius

248 535 351 567 throni,
368 536 426 563 sive
453 536 582 570 angelica:
599 535 663 562 vitae
683 535 920 570 tranquillitatem,
934 540 964 562 ιιι
978 543 1038 569 quae

248 581 424 609 immobilitcr
439 581 624 615 conglutinata
650 581 687 608 sit
702 581 774 608 sicut
795 581 895 608 vitrum
923 584 951 608 et
980 589 1039 616 cry-

249 625 358 657 stallus,
370 626 410 652 sic
426 629 454 652 ut
469 626 542 653 nulla
554 626 635 653 sorde
646 626 822 654 obtencbrata
838 626 870 653 ad
886 626 1039 654 inseusatas

248 670 417 698 turbationes
433 671 676 698 circumﬂeclatur.

287 715 320 741 Et
334 716 361 742 in
377 716 489 742 circuitu
513 717 599 743 throni
620 722 735 751 quatuor
751 718 891 744 animalia.
914 718 1040 752 Quatuor

250 760 308 786 lucc
320 760 447 787 animalia
468 762 592 788 nonnulli
603 767 630 788 et
645 766 763 796 quatuor
773 763 919 797 Evangelia
932 768 959 790 et
973 771 1042 798 qua-

250 809 312 832 tuor
325 806 464 840 generales
475 811 640 841 acccperunt
654 808 768 835 virtutes
786 817 792 835 :
810 813 839 836 ut
865 809 908 836 leo
929 810 1040 844 qualem

250 852 386 886 signiﬁcet
410 852 608 885 fortitudinem,
629 858 655 879 et
679 853 855 889 Evangelium
890 856 1040 882 secundum

249 897 396 931 Joannem,
410 899 481 933 quod
498 900 579 926 etiam
595 899 834 928 sanctuslrenzeus
851 900 1042 936 Lugdunensis

250 943 319 970 dicit
331 929 426 970 aeterni
447 944 523 978 regni
548 945 758 979 signiﬁcativum
786 954 857 978 esse,
888 929 935 981 per
949 947 1017 974 illud
1034 929 1080 973 :B

253 997 263 1013 ι
284 987 312 1015 ln
328 989 463 1024 principio
480 993 540 1017 erat
567 989 684 1018 Verbum
703 1000 710 1017 :
732 1000 741 1017 ι
765 999 812 1026 per
824 992 938 1019 vitulum
952 997 1042 1020 autem

248 1031 383 1067 justitiam
412 1039 542 1069 tanquam
571 1035 692 1069 propriis
714 1040 868 1062 contentam
894 1036 1043 1070 laboribus,

250 1083 277 1104 ct
291 1077 467 1113 Evangelium
483 1079 561 1114 juxta
586 1079 700 1113 Lucam,
724 1085 854 1115 tanquam
881 1081 1002 1116 legitime
1017 1086 1044 1109 et

251 1124 412 1151 sacerdotali
431 1125 511 1151 modo
528 1125 629 1152 Clu-isti
647 1127 833 1161 genealogiam
854 1127 1013 1155 describens
1035 1137 1042 1155 :

252 1177 301 1203 per
318 1170 437 1204 aquilam
456 1178 519 1197 vero
538 1172 758 1205 temperantiam,
775 1180 836 1198 nam
854 1172 887 1198 de
902 1173 952 1200 liae
966 1174 1044 1200 testi-

253 1215 374 1242 monium
389 1215 470 1242 datur
487 1216 552 1243 huic
564 1217 687 1248 animali,
707 1222 735 1244 et
762 1217 938 1252 Evangelium
963 1219 1043 1253 juxta

253 1259 386 1292 Marcum,
417 1265 509 1294 utpote
534 1262 759 1295 compendiosum
784 1269 812 1289 et
837 1271 852 1289 a
883 1264 1043 1298 prophetico

253 1303 358 1339 Spiritu
377 1305 524 1340 incipiens.
537 1305 624 1334 Porro
643 1315 690 1342 per
703 1308 839 1336 hominem
859 1309 1042 1343 prudentiam,

233 1346 240 1352 ’
253 1356 280 1378 ct
295 1351 471 1386 Evangelium
485 1353 562 1387 juxta
579 1353 746 1387 Mattlueum,
761 1360 791 1381 ut
812 1356 858 1389 qui
882 1356 1043 1383 naturaliter

252 1401 281 1423 ct
294 1405 348 1424 non
368 1398 426 1432 lege
439 1398 628 1432 praedicaverit
650 1400 752 1426 Christi
769 1401 951 1428 nativitatem.
976 1400 1044 1428 For-

254 1443 336 1470 tassis
353 1447 444 1471 autem
461 1449 486 1471 cl
501 1453 549 1478 per
559 1446 617 1472 inec
636 1445 803 1480 signiﬁcatur
815 1446 916 1474 Christi
931 1447 1043 1481 dispen-

252 1489 324 1515 satio
343 1500 349 1516 :
366 1497 413 1524 per
434 1489 552 1522 leonem,
576 1494 707 1526 tanquam
736 1499 782 1518 rex
802 1493 957 1520 ostenditur
973 1502 980 1520 :
995 1501 1044 1528 per

253 1534 380 1568 vitulum,
391 1540 420 1562 ut
431 1536 570 1569 sacerdos,
583 1537 637 1564 imo
653 1538 737 1571 magis
751 1542 780 1565 ut
796 1538 978 1572 sacriﬁcium;
995 1546 1043 1574 per

254 1578 404 1612 hominem,
434 1581 506 1615 quod
528 1586 639 1616 propter
666 1591 716 1609 nos
733 1583 773 1609 vir
796 1583 832 1609 sit
844 1583 956 1610 ellectns
974 1594 980 1611 :
995 1592 1043 1618 per

253 1625 383 1659 aquilam.
401 1630 530 1660 tanquam
543 1628 622 1653 dator
639 1628 736 1655 viviﬁci
754 1628 875 1662 Spiritus
904 1636 937 1656 ac
960 1637 1042 1664 super

253 1678 350 1697 omnes
362 1670 526 1698 devolantis.
539 1672 593 1698 Aut
607 1673 679 1707 quod
700 1680 749 1707 per
765 1677 885 1707 quatuor
896 1674 955 1700 haec
978 1675 1041 1701 ani-

254 1716 336 1743 malia
363 1716 412 1743 Dei
429 1721 569 1751 aspectum
586 1723 748 1752 assequatur
769 1725 895 1747 creatura
923 1727 956 1746 ex
975 1728 1044 1755 qua-

254 1765 317 1788 tuor
328 1762 470 1789 elementis
482 1763 627 1790 coinmista
642 1772 649 1790 :
663 1771 759 1796 nempe
775 1764 848 1798 igne,
864 1772 946 1798 aqua,
960 1770 1042 1797 terra.

252 1814 327 1840 aere,
344 1812 472 1842 tanquam
487 1808 545 1835 lucc
554 1809 683 1835 animalia
698 1810 756 1836 visa
778 1810 811 1837 ad
827 1810 1043 1845 designationem

254 1853 455 1879 lnuudanorum
477 1853 675 1881 elementorum
705 1856 859 1882 referantur
886 1865 893 1883 :
915 1856 956 1883 leo
981 1857 1043 1890 qui-

253 1898 329 1930 dem,
341 1903 449 1932 propter
465 1899 667 1927 animositatem
691 1905 718 1927 et
741 1901 884 1928 audaciam
906 1902 939 1929 ad
954 1902 1043 1937 ignem

255 1942 472 1977 designandum;
491 1944 592 1972 vitulus
608 1949 711 1979 autem,
734 1951 846 1980 propter
871 1947 1044 1981 operationcs

255 1988 328 2015 circa
351 1993 462 2018 terram.
483 1989 571 2024 ipsam
593 1995 693 2018 terram
715 1999 796 2026 quam
815 1999 937 2025 exercet;
963 1993 1044 2021 homo

255 2041 321 2061 vero
337 2041 439 2066 acrem,
456 2035 591 2070 siquidem
608 2036 690 2063 homo
715 2037 834 2064 caelestis
859 2045 891 2064 ac
919 2038 1046 2065 sublimis

254 2084 383 2107 creatura
414 2084 456 2106 est
485 2085 596 2115 propter
625 2081 726 2109 mentis
751 2083 942 2110 subtilitatem.
959 2083 1044 2111 Porro

255 2125 344 2159 aquila
375 2125 408 2152 ad
433 2133 533 2160 aquam
559 2126 775 2162 design-audam;
803 2136 836 2155 ex
869 2129 948 2164 aquis
971 2130 1044 2157 enim

255 2175 343 2197 naetm
355 2176 420 2197 SUIII
435 2172 560 2199 volucres
579 2173 796 2206 generationem.

293 2214 337 2248 IV,
353 2216 431 2242 8-H.
451 2216 485 2242 Et
498 2222 612 2250 quatuor
624 2218 783 2245 animalium
794 2219 899 2254 singula
914 2221 1043 2248 habebant

255 2261 315 2286 alas
331 2268 407 2286 aena:
419 2261 446 2286 in
462 2261 586 2292 circuitu,
600 2266 624 2287 et
639 2261 710 2289 intus
724 2262 800 2295 plena
813 2268 888 2289 erant
902 2264 997 2291 oculis.
1011 2263 1044 2290 Et

256 2304 371 2338 requiem
387 2313 437 2330 non
449 2305 544 2331 habent
558 2306 601 2332 die
618 2314 649 2332 ac
666 2311 740 2333 nocte
753 2307 869 2334 dicentia
884 2315 894 2333 .‘
917 2308 1044 2341 Sanctus,

255 2354 375 2381 sanctus,
384 2355 504 2383 sanctus,
518 2350 647 2379 Dominus
657 2351 725 2378 Deus
735 2354 913 2387 omnipotens,
922 2355 1044 2389 quierat,

255 2401 280 2422 et
292 2396 336 2430 qui
348 2400 398 2428 est,
411 2400 435 2423 et
450 2397 495 2430 qui
507 2397 585 2424 venit.
601 2396 635 2423 Et
644 2398 851 2434 quandocunque
862 2400 979 2427 dederint
997 2401 1046 2428 illa

255 2441 386 2468 animalia
418 2442 532 2476 gloriam
553 2447 577 2469 et
601 2443 724 2470 honorem
742 2444 825 2479 692
849 2450 874 2471 et
895 2447 1046 2480 gratiarum

255 2488 387 2514 actionem
403 2488 502 2514 sedenti
516 2489 543 2515 in
556 2488 650 2515 throno
665 2490 710 2524 qui
720 2490 783 2516 vivit
805 2491 832 2517 in
849 2492 948 2518 :a'cula
962 2501 1047 2520 uncu-

257 2533 355 2566 lorum,
368 2534 502 2567 pracident
513 2534 605 2569 viginti
615 2542 728 2570 quatuor
739 2536 854 2563 seniores
873 2544 935 2564 ante
953 2539 1046 2566 seden-

257 2585 308 2606 tem
321 2580 348 2606 in
363 2580 466 2612 throno,
482 2586 507 2608 et
521 2581 669 2608 adorabunt
683 2582 805 2609 viventem
818 2583 844 2610 in
854 2584 951 2611 swcula
962 2593 1046 2612 uacu—

257 2624 356 2652 lorum.
375 2624 408 2651 Et
423 2626 546 2660 abjicient
563 2634 674 2654 corona:
696 2635 758 2654 sua:
778 2633 838 2655 ante
855 2629 988 2662 thronum,
1005 2631 1047 2657 (ti-

257 2675 344 2698 ceutex
360 2671 481 2706 :Dignus
498 2680 536 2704 es,
561 2672 672 2700 Domine
692 2678 715 2700 et
740 2673 810 2701 Deus
830 2682 918 2702 noster
943 2682 1044 2708 sancte,

227 2738 230 2741 .
258 2717 376 2750 accipere
394 2718 508 2752 gloriam
523 2723 548 2745 et
566 2719 688 2746 honorent
701 2728 732 2746 ac
749 2721 903 2754 potentiam,
922 2723 1047 2756 quoniam

247 2756 290 2788 ἰιι
304 2763 400 2789 creanti
418 2764 518 2797 omnia,
539 2768 564 2791 et
583 2770 687 2799 propter
704 2766 866 2793 voluntatem
887 2772 959 2794 tuam
972 2773 1047 2795 erant

261 2812 286 2833 et
298 2812 386 2835 creata
407 2813 478 2837 sunt.

1090 306 1170 333 θείων
1193 308 1334 342 δυνάμεων
1349 309 1388 344 τῷ
1411 309 1498 344 θρόνῳ
1521 310 1662 344 σημαίνων
1675 310 1722 336 τοῦ
1744 311 1822 339 Θεοῦ,
1849 314 1881 339 '0

1089 354 1137 380 καὶ
1153 355 1250 389 Δανιὴλ
1261 355 1306 381 διὰ
1320 356 1366 382 τοῦ
1384 356 1508 390 χιλιακοῢ
1522 357 1568 383 καὶ
1585 357 1747 392 μυριαδικοῦ
1763 359 1880 393 ἀριθμου

1090 401 1226 435 παριστᾷν
1240 400 1375 434 βούλεται.
1397 401 1430 427 Ἠ
1442 401 1470 427 δὲ
1488 401 1583 436 ὑαλίνη
1596 402 1642 428 καὶ
1655 403 1882 437 κρυσταλλοειδῆς

1090 445 1212 472 θάλασσα
1248 446 1297 480 τὴν
1326 446 1467 479 διαύγειαν
1497 447 1550 472 τῶν
1592 447 1748 482 ἀσωμάτων
1773 448 1881 482 φύσεων

1092 490 1270 525 σημαίνοντός
1294 491 1377 520 ἐστιν,
1394 491 1442 517 καὶ
1457 490 1503 516 τοῦ
1523 491 1587 525 περὶ
1601 491 1646 517 τὸν
1665 491 1760 526 θρόνον
1771 511 1778 522 ,
1796 492 1881 526 ἤγουν

1090 535 1139 570 τῆς
1154 536 1302 570 ἀγγελικῆς
1316 536 1390 570 ζωῆς
1404 536 1434 562 τὸ
1448 536 1598 571 ἀτάραχον,
1615 537 1663 563 ἅτε
1681 538 1818 571 ἀκινήτως
1842 538 1881 569 ὡς

1092 581 1173 613 ὕαλος
1184 583 1324 616 πεπηγυῖα
1339 583 1385 608 καὶ
1397 581 1577 616 κρύσταλλος,
1594 582 1633 617 τῷ
1647 583 1713 617 μηδὲ
1730 585 1781 618 μιᾷ
1793 584 1882 618 κηλῖδι

1093 627 1263 662 σκοτουμένη
1283 628 1352 662 πρὸς
1372 629 1503 663 ἀνοήτους
1521 629 1706 664 περισπᾶσθαι
1729 629 1880 664 κλονήσεις.

1132 715 1267 748 Τέσσαρα
1283 714 1339 745 ζῶα
1351 715 1491 749 γέμοντα.
1517 715 1611 741 Ταῦτα
1626 715 1660 742 τὰ
1680 715 1803 750 τέσσαρα
1822 716 1882 748 {Eni

1094 768 1175 791 τινες,
1192 760 1240 786 καὶ
1254 760 1289 786 τὰ
1312 760 1433 796 τέσσαρα
1445 761 1600 794 Εὑαγγέλια
1613 761 1659 787 καὶ
1674 761 1724 792 τὰς
1746 761 1882 796 τέσσαρας

1094 807 1205 839 γενικὰς
1219 806 1320 840 ἀρετὰς
1336 806 1473 839 ἐξέλαϐον,
1486 806 1533 832 τοῦ
1547 807 1596 840 μὲν
1610 806 1717 838 λέοντος
1738 807 1881 842 δηλοῦντος

1094 851 1144 886 τὴν
1161 852 1288 888 ἀνδρείαν
1318 853 1365 878 καὶ
1376 853 1407 878 τὸ
1429 853 1501 879 κατὰ
1522 853 1650 888 Ἰωάννην
1672 854 1849 888 Εὐαγγὲλιον.
1866 854 1881 880 ὅ

1095 897 1143 922 καὶ
1156 897 1299 931 Εἰρηναῖος
1313 897 1327 922 ὁ
1342 898 1509 931 Λουγδούνου
1523 897 1599 930 ἅγιός
1615 907 1681 933 φησι
1693 899 1743 934 τῆς
1759 907 1881 934 προαιω-

1095 942 1152 968 νιου
1178 942 1315 976 βασιλείας
1341 940 1410 969 εἶναι
1431 943 1597 978 δηλωτικὸν,
1623 945 1669 970 διὰ
1696 945 1762 971 τοῦ·
1793 955 1802 970 ι
1838 946 1882 971 Ἐν

1094 987 1166 1022 ἀρχῇ
1183 986 1216 1022 ἦν
1238 988 1251 1013 ὁ
1269 988 1374 1022 Λόγος·
1397 997 1406 1014 ι
1429 988 1477 1014 τοῦ
1495 988 1523 1015 δὲ
1547 989 1658 1024 μόσχου,
1674 991 1724 1024 τὴν
1744 990 1883 1017 δικαιοσύ-

1094 1041 1155 1067 νην,
1174 1032 1221 1059 ἃτε
1241 1035 1297 1064 τοῖς
1318 1034 1431 1064 οἰκείοις
1455 1034 1627 1068 ἀρκουμένου
1652 1035 1757 1068 πόνοις,
1783 1037 1829 1063 καὶ
1851 1037 1882 1062 τὸ

1094 1079 1165 1104 κατὰ
1178 1079 1285 1105 Λουκᾶν
1299 1079 1475 1113 Εὑαγγέλιον,
1492 1080 1529 1110 ὼς
1543 1080 1662 1115 νομικῶς
1673 1080 1723 1106 καὶ
1737 1081 1882 1115 ῖερατικῶς

1094 1124 1140 1150 τὸν
1162 1124 1280 1159 Χριστὸν
1307 1125 1561 1160 γενεαλογῆσαντα·
1588 1125 1635 1152 τοῦ
1668 1126 1697 1152 δὲ
1727 1125 1807 1153 ἀετοῦ
1833 1127 1882 1161 τὴν

1097 1171 1288 1205 σωφροσύνην·
1310 1170 1407 1206 (ταύτῃ
1427 1171 1482 1205 γὰρ
1497 1172 1676 1206 μαρτυρεῖται
1698 1172 1728 1197 τὸ
1741 1172 1820 1206 ζῶον)
1836 1174 1883 1198 καὶ

1094 1215 1125 1241 τὸ
1141 1215 1211 1241 κατὰ
1229 1216 1342 1250 Μάρκον
1360 1215 1526 1250 Εὐαγγέλιον
1545 1215 1678 1251 σύντομον
1695 1216 1736 1247 ὃν,
1755 1217 1802 1243 καὶ
1826 1217 1882 1243 ἀπὸ

1094 1261 1141 1286 τοῦ
1156 1261 1326 1296 προφητικοῦ
1345 1261 1501 1295 ΙΙνεύματος
1522 1260 1693 1296 ἀρξάμενον·
1715 1261 1763 1288 τοῦ
1785 1262 1813 1288 δὲ
1834 1262 1883 1288 ἀν-

1095 1307 1204 1341 ορὼπου
1216 1307 1264 1341 τὴν
1284 1307 1425 1342 φρόνησιν,
1440 1308 1487 1334 καὶ
1502 1308 1533 1334 τὸ
1549 1308 1619 1334 κατά
1639 1308 1777 1334 Ματοαίον
1793 1308 1882 1342 Εὐαγ-

1095 1353 1194 1386 γὲλιον,
1210 1353 1247 1384 ὡς
1263 1353 1386 1386 φυσικῶς
1403 1354 1449 1379 καὶ
1475 1353 1505 1379 ού
1523 1353 1599 1388 νόμῳ
1612 1353 1734 1388 κηρύξας
1747 1353 1796 1388 τὴν
1816 1354 1883 1388 Χρι-

1096 1397 1158 1423 στοῦ
1174 1394 1312 1431 γέννησιν.
1331 1396 1411 1429 Ἴσως
1430 1397 1457 1423 δὲ
1472 1397 1520 1424 καὶ
1531 1398 1575 1424 διὰ
1594 1398 1724 1433 τούτωνή
1740 1398 1883 1433 οἰκονομία

1094 1443 1214 1478 Χριστοῦ
1233 1443 1367 1477 δηλοῦται.
1393 1444 1443 1470 Διὰ
1468 1443 1515 1470 τοῦ
1532 1443 1657 1475 λέοντος,
1683 1444 1721 1476 ὡς
1743 1444 1881 1479 βασιλεύς.

1095 1489 1144 1515 Διὰ
1160 1489 1207 1515 τοῦ
1230 1489 1343 1523 μόσχου,
1362 1488 1399 1520 ὡς
1421 1489 1522 1523 ἱερεὺς,
1541 1489 1642 1524 μᾶλλον
1655 1490 1683 1516 δὲ
1705 1491 1752 1516 καὶ
1772 1491 1882 1525 ἱερεῖον.

1094 1534 1145 1561 Διὰ
1159 1534 1207 1560 τοῦ
1221 1534 1368 1570 ἀνθρώπου
1384 1535 1422 1566 ὡς
1445 1534 1478 1560 δι’
1502 1536 1575 1570 ἡμᾶς
1591 1535 1747 1571 ἀνδρωθείς.
1771 1537 1821 1562 Διὰ
1834 1536 1882 1563 τοῦ

1095 1581 1188 1612 ἀετοῦ,
1214 1581 1252 1612 ὡς
1275 1581 1392 1616 χορηγὸς
1418 1580 1465 1607 τοῦ
1493 1581 1625 1613 ζωοποιοῦ
1651 1582 1808 1617 Πνεύματος
1836 1583 1884 1609 καὶ

1097 1627 1145 1654 ἐπὶ
1161 1628 1266 1659 πάντας
1282 1627 1482 1659 κατα-στάντος.
1500 1628 1534 1654 Ἢ
1547 1628 1588 1654 ὅτι
1605 1628 1649 1654 διὰ
1665 1629 1720 1654 τῶν
1742 1629 1884 1663 τεσσάρων

1096 1671 1200 1698 τούτων
1218 1671 1306 1704 ζώων,
1322 1672 1339 1707 ἢ
1351 1673 1384 1698 ἐκ
1398 1672 1453 1699 τῶν
1469 1673 1611 1708 τεσσάρων
1625 1673 1777 1708 στοιχείων,
1786 1673 1882 1708 πυρὸς,

1098 1716 1202 1749 ὓδατος,
1215 1717 1277 1751 γῆς,
1290 1717 1381 1752 ἀέρος,
1391 1718 1542 1752 σύγκρατος
1552 1718 1639 1750 κτίσις
1650 1718 1700 1753 τῆς
1711 1719 1826 1753 ὲποψίας
1836 1719 1884 1745 τοῦ

1097 1761 1165 1788 Θεοῦ
1181 1763 1338 1797 τυγχάνειν,
1355 1763 1393 1794 ὼς
1410 1763 1442 1789 ὲκ
1456 1763 1559 1790 τούτων
1580 1764 1734 1798 όραθέντων
1752 1764 1829 1796 ζώων
1843 1766 1884 1796 εἰς

1098 1807 1273 1834 ὑποτύπωσιν
1283 1808 1495 1843 ἀναφερομένων
1509 1809 1563 1835 τῶν
1579 1809 1720 1844 κοσμικῶν
1732 1810 1883 1845 στοιχείων,

1097 1852 1203 1884 λέοντος
1221 1853 1282 1887 μὲν,
1293 1853 1338 1880 διὰ
1351 1854 1382 1880 τδ
1396 1854 1512 1888 Θυμικδν
1528 1855 1575 1881 καὶ
1588 1854 1701 1890 θερμὸν,
1716 1856 1756 1888 εις
1771 1856 1801 1882 τὸ
1816 1855 1882 1892 πῦρ.

1097 1897 1206 1932 Μόσχου
1225 1897 1263 1928 δὲ,
1277 1897 1321 1924 διὰ
1335 1898 1369 1924 τὰ
1385 1899 1450 1933 περὶ
1465 1898 1514 1934 τὴν
1535 1899 1588 1934 γῆν
1602 1899 1671 1935 ἔργα
1689 1900 1730 1931 εἰς
1749 1900 1800 1936 τὴν
1819 1900 1884 1935 γῆν.

1104 1943 1263 1978 ’Δνορώπου
1275 1943 1314 1974 δὲ.
1329 1943 1370 1976 εις
1383 1943 1429 1970 τὸν
1443 1943 1522 1979 ἀέρα.
1538 1944 1671 1980 Οὐράνιον
1685 1945 1741 1981 γὰρ
1753 1946 1800 1972 καὶ
1817 1955 1884 1981 μετ-

1099 1989 1196 2024 άρσιον
1213 1989 1297 2023 φυτὸν
1311 1989 1457 2025 ἄνθρωπος
1469 1989 1514 2016 διὰ
1529 1990 1579 2024 τὴν
1594 1989 1642 2017 τοῦ
1658 1991 1703 2017 νοῦ
1720 1992 1883 2026 λεπτότητα.

1105 2033 1198 2060 Ἀετοῦ
1213 2033 1242 2060 δὲ
1257 2034 1296 2065 εἰς
1315 2034 1346 2061 τὸ
1366 2034 1447 2070 ὕδωρ.
1469 2034 1514 2067 Ἐξ
1537 2034 1643 2062 ὑδάτων
1657 2035 1713 2071 γὰρ
1725 2037 1742 2072 ή
1757 2036 1885 2071 γέννησις

1097 2081 1153 2112 τοῖς
1166 2082 1287 2115 πτηνοῖς.

1135 2212 1189 2238 Kal
1210 2211 1345 2246 τέσσαρα
1356 2211 1413 2242 ζ’ὡα
1429 2211 1465 2239 ἓν
1476 2213 1541 2241 καθ’
1555 2212 1601 2246 ἓν,
1612 2211 1698 2248 εἶχον
1710 2214 1770 2242 ἀνὰ
1781 2214 1887 2249 πτέρυ-

1063 2276 1084 2303 D
1100 2265 1153 2292 τας
1175 2257 1210 2289 ἐξ
1234 2257 1394 2284 κυκλόθεν.
1420 2257 1474 2284 Kal
1493 2257 1608 2284 ἔσωθεν
1625 2257 1754 2293 γέμοντα
1775 2259 1886 2293 ὀφθαλ-

1095 2301 1171 2336 μῶν,
1193 2301 1242 2328 καὶ
1269 2302 1445 2329 ἀνάπαυσιν
1462 2303 1517 2330 οὐκ
1547 2303 1675 2337 ἔχουσιν
1696 2304 1810 2338 ἡμέρας
1836 2305 1886 2332 καὶ

1097 2348 1208 2380 νυκτὸς
1227 2348 1369 2382 λέγοντες
1387 2356 1393 2362 ”
1409 2349 1516 2383 Ἄγιος,
1527 2349 1620 2384 ἅγιος,
1643 2350 1737 2384 ἅγιος,
1748 2351 1856 2384 Κύριος
1870 2352 1886 2378 ό

1099 2395 1171 2427 Θεὸς
1190 2396 1206 2421 ό
1217 2394 1437 2428 παντοκράτωρ,
1453 2396 1470 2421 ό
1484 2393 1534 2429 ἦν,
1546 2395 1595 2422 καὶ
1607 2395 1623 2422 ὸ
1638 2395 1691 2429 ὢν,
1708 2396 1758 2422 καὶ
1769 2398 1786 2423 ό
1800 2395 1886 2430 ἐρχό-

1095 2447 1198 2474 μενος.
1211 2439 1263 2466 Καὶ
1279 2439 1321 2465 ὅτ’
1338 2439 1377 2466 ἂν
1394 2439 1469 2466 δῶσι
1484 2441 1521 2466 τὰ
1537 2439 1593 2470 ζῶα
1602 2440 1706 2474 δόξαν,
1720 2441 1769 2468 καὶ
1783 2441 1884 2476 τιμὴν,

1098 2485 1145 2512 καὶ
1167 2485 1363 2519 εὐχαριστίαν
1381 2485 1421 2518 τῷ
1440 2487 1598 2521 καθημένῳ
1625 2487 1675 2514 ἐπὶ
1697 2487 1750 2514 τοῦ
1765 2488 1884 2521 θρόνου,

1098 2531 1137 2564 τῷ
1156 2530 1239 2561 ζῶντι
1256 2533 1301 2564 εις
1316 2531 1387 2564 τοὺς
1400 2531 1509 2564 αἰῶνας
1526 2532 1585 2559 τῶν
1604 2531 1729 2565 οιώνων,
1755 2533 1886 2559 πεσοῡνη

1097 2586 1143 2604 ται
1158 2578 1185 2604 οἱ
1208 2576 1450 2611 εἰκοσιτέσσαρες·
1467 2578 1660 2611 πρεσϐύτεροι
1678 2578 1807 2605 ἐνώπιον
1831 2578 1885 2605 τοῦ

1097 2623 1267 2658 καθημένου
1283 2623 1333 2650 ἐπὶ
1351 2623 1404 2650 τοῦ
1428 2623 1548 2657 θρόνου,
1564 2625 1614 2651 καὶ
1632 2625 1886 2658 προσκυνήσουσι

1098 2671 1138 2702 τῷ
1150 2670 1234 2699 ζῶντι
1246 2671 1290 2701 εἰς
1304 2670 1375 2702 τοὺς
1390 2669 1500 2702 αἰῶνας
1527 2669 1587 2696 τῶν
1608 2670 1732 2697 αἰώνων.
1751 2671 1804 2697 Kal
1827 2671 1886 2702 βα·

1097 2716 1188 2743 ,ἐοῦσι
1207 2715 1278 2748 τοὺς
1297 2715 1469 2749 στεφάνους
1485 2715 1585 2742 αὐτῶν
1602 2715 1731 2743 ἐνώπιον
1744 2716 1797 2742 τοῦ
1819 2716 1882 2748 θρό-

1099 2769 1165 2791 νου,
1181 2760 1339 2794 λέγοντες·
1359 2761 1461 2793 ’Λειος
1476 2758 1513 2792 εἴ,
1543 2762 1560 2787 ὁ
1580 2761 1687 2794 Κύριος
1701 2761 1750 2787 καὶ
1772 2762 1789 2788 ὁ
1813 2761 1885 2793 Θεὸς

1099 2806 1185 2840 ἡμῶν
1212 2807 1228 2832 ό
1242 2805 1335 2839 ἅγιος,
1351 2805 1454 2832 λαϐεῖν
1468 2805 1525 2838 τὴν
1541 2805 1632 2837 δόξαν
1652 2805 1703 2832 καὶ
1717 2805 1774 2838 τὴν
1797 2804 1887 2839 τιμὴν

1100 2851 1150 2878 καὶ
1171 2851 1229 2886 τὴν
1253 2851 1392 2885 δύναμιν.
1408 2851 1472 2877 Ὀτι
1495 2849 1536 2876 σὺ
1556 2850 1680 2882 ἔκτισας
1702 2849 1811 2882 πάντα,
1837 2850 1883 2876 καὶ

1101 2896 1150 2924 διὰ
1163 2897 1194 2924 τὸ
1208 2896 1325 2931 θέλημὰ
1336 2903 1394 2923 σου
1408 2893 1490 2931 ἦσαν
1503 2895 1552 2922 καὶ
1565 2894 1763 2929 ἐκτίσθησαν.
