2095 3160
217 251 268 284 573

748 247 944 279 COMMENT.
965 247 1006 279 IN
1028 247 1293 279 APOCALYPSIN.

1797 253 1850 283 574

251 306 344 333 Εἰπὼν
363 306 398 332 τὰ
413 305 535 341 τέσσαρα
551 304 609 337 ξῶα
621 304 656 331 τὰ
669 305 715 331 τὸν
732 305 826 340 Θρόνον
841 305 1005 337 κυκλοῦντα,

1094 305 1243 340 Postquam
1275 304 1345 332 dixit
1376 308 1495 340 quatuor
1518 305 1646 333 animalia
1674 306 1701 333 in
1732 307 1850 335 circuitu

215 352 263 379 καὶ
283 352 314 379 τὸ
330 350 399 383 εἶδος
412 351 529 378 ἑκάστου
551 350 705 383 διεξελθὼν,
722 349 736 377 δ
752 351 799 377 καὶ
813 352 893 386 ἡμεῖς
907 351 946 382 ὡς
959 352 1007 385 ἐφ-

217 397 291 423 ικτὸν
304 398 370 431 ἡμῖν
379 397 451 423 κατὰ
464 397 495 423 τὸ
504 397 565 423 κατ’
576 397 655 429 ἀξίαν
666 396 740 423 δοοὲν
751 396 875 431 χάρισμα
888 395 1007 431 παρεθέ-

218 443 298 478 μεθα,
313 443 354 469 ὅτι
370 442 401 468 τὸ
416 443 595 478 προνοητικὺν
609 443 675 478 περὶ
699 444 789 469 πᾶσαν
802 442 851 474 τὴν
868 442 1007 477 περίγειον

216 488 298 515 αὑτοῦ
312 488 400 515 κτίσιν
417 489 604 524 παριστῶντός
617 490 674 514 ἐστι
684 488 730 514 τοῦ
745 489 824 520 Θεοῦ,
837 488 877 514 διὸ
885 489 932 514 καὶ
943 488 1007 514 τέσ-

217 543 289 569 σαρα
308 534 365 565 ζῶα
396 534 530 569 ἰσάριθμα
547 535 581 568 τῇ
606 533 754 568 τετρακτύῖ
773 533 827 559 τῶν
845 534 1005 568 ποιοτήτων.

215 577 249 604 δι’
262 575 299 603 ὧν
313 578 347 604 τὰ
363 578 521 613 στοιχειώδη
540 577 654 612 σώματα
676 578 778 613 ὑπέστη
798 577 873 604 τοῦδε
887 577 933 604 τοῦ
951 577 1007 604 ὑλι-

216 623 264 650 κοῦ
275 623 389 658 κόσμου,
402 623 449 650 νῦν
458 623 505 650 καὶ
513 624 542 650 τὸ
552 624 600 658 τῆς
608 624 937 659 λειτουργίαςόξύρροπον
950 623 1006 659 (20)

216 669 305 695 αὐτῶν
324 669 500 704 παρίστησιν,
525 670 539 696 ὃ
553 670 599 696 καὶ
615 669 696 696 Δαυῖδ
719 670 868 704 παρίστησι
890 669 934 696 διὰ
949 669 1007 702 τοῦ,

220 723 230 739 ι
247 716 362 742 Δυνατοὶ
391 715 463 750 ἰσχύϊ
486 715 629 747 ποιοῦντες
654 715 699 742 τὸν
727 715 807 749 λόγον
833 715 928 747 αὐτοῦ,
959 714 1007 742 τοῦ

216 761 331 787 ἀκοῦσαι
346 761 395 795 τῆς
413 762 505 796 φωνῆς
531 762 585 789 τῶν
609 762 697 796 λόγων
724 762 818 795 αὑτοῦ,
835 772 844 788 ι
862 762 943 789 οἱονεὶ
958 763 1008 789 οὐκ

217 805 286 841 ἔφθη
312 806 343 832 τὸ
361 808 528 841 πρόσταγμα
547 808 597 843 τὴν
622 808 778 834 συντέλειαν
802 807 849 834 τοῦ
879 816 1010 843 προτετα-

215 852 330 886 γμένον,
346 852 402 878 ἀλλ’
420 853 450 885 ἐξ
471 854 555 888 αὐτῆς
567 855 616 889 τῆς
642 854 753 888 ἐντολῆς
768 854 871 889 ἠνύσθη
893 854 922 880 τὸ
946 854 1009 888 βού-

215 897 301 932 λημα.
320 898 356 924 Τὸ
370 898 451 933 τάχος
464 898 493 925 δὲ
508 899 551 926 διὰ
572 900 627 926 τῶν
652 900 799 935 πτερύγων
816 900 846 932 ἓξ
876 900 1010 926 κατανύε-

218 943 280 969 σοαί
299 951 381 977 φησιν
399 943 517 979 ἑκάστῳ.
533 944 620 972 Τοῦτο
631 945 685 979 γὰρ
704 946 744 976 τὸ,
756 945 790 971 ἓν
808 946 872 972 καθ’
885 945 920 972 ἓν
938 946 1007 980 (21),

1061 350 1162 382 throni,
1179 354 1206 376 et
1224 349 1360 384 cujusque
1385 351 1498 383 ligurem
1517 350 1620 383 retulit,
1647 351 1719 385 quod
1746 356 1773 379 et
1787 359 1850 382 nos.

1061 401 1192 429 quantum
1213 396 1342 430 possibile
1359 395 1409 422 fuit
1424 395 1502 430 juxta
1517 395 1611 423 datum
1639 396 1718 424 nobis
1734 397 1848 431 donum,

1060 442 1152 469 debito
1167 442 1247 468 tnodo
1261 441 1461 474 cnarravimus,
1484 449 1580 476 nempe
1598 442 1670 476 quod
1696 443 1853 477 signiﬁcent

1061 487 1109 514 Dei
1131 487 1330 522 providentiam
1356 493 1437 525 quam
1465 487 1576 514 exhibet
1600 488 1673 515 circa
1696 489 1851 516 universam

1061 541 1137 561 Suam
1157 537 1293 559 terrenam
1306 537 1459 559 creaturam
1479 542 1485 559 :
1512 538 1593 568 atque
1611 533 1719 561 idcirco
1733 541 1853 569 quatuor

1061 579 1191 606 animalia
1207 578 1304 612 aequali
1322 578 1470 605 constituta
1490 583 1554 605 sunt
1573 587 1688 606 numero
1702 588 1764 607 cum
1778 589 1853 614 qua—

1061 624 1186 651 ternione
1212 623 1386 658 qualitatum.
1413 624 1513 657 quibus
1544 624 1707 652 eletneutata
1737 634 1852 660 corpora

1062 669 1103 701 (ut
1116 669 1151 695 ita
1169 668 1324 704 loquamur)
1337 668 1418 702 hujus
1428 669 1577 696 materialis
1597 670 1690 697 mundi
1702 673 1853 699 constituta

1062 721 1149 742 sunt:
1171 721 1243 741 nunc
1257 722 1352 741 eorum
1377 722 1488 748 quoque
1509 715 1679 743 demonstrat
1715 717 1748 744 ad
1772 718 1853 745 obse-

1061 762 1124 796 quia
1140 760 1320 792 alacritatem,
1336 761 1407 794 qttod
1436 765 1462 788 et
1479 760 1562 788 David
1589 763 1709 789 ostendit
1732 763 1828 790 dicens
1844 771 1852 790 :

1065 817 1074 832 ε
1094 807 1220 834 Potentes
1237 806 1336 833 virtute
1348 806 1478 834 iacientes
1489 807 1601 834 verbum
1614 808 1685 835 illitis
1697 808 1730 835 ad
1741 809 1855 836 audien-

1061 853 1122 879 dam
1135 859 1228 879 vocem
1240 860 1398 879 sermonum
1413 851 1474 886 ejus
1486 852 1507 867 ”
1524 861 1530 878 :
1554 861 1562 877 ι
1582 852 1634 879 hoc
1647 857 1698 885 est,
1713 861 1767 880 non
1787 862 1856 888 pra:-

1062 900 1137 926 veuit
1150 903 1314 933 prmceptum
1328 897 1537 931 eoutplctiouem
1554 898 1614 932 ejus
1628 900 1701 933 quod
1716 901 1850 933 praeordi-

1064 951 1156 972 natum
1168 949 1220 976 est,
1237 944 1283 971 sed
1300 943 1382 970 simul
1405 947 1434 969 ttt
1450 943 1583 977 prmcipit.
1605 944 1756 978 perieclutn
1774 949 1815 970 est
1829 945 1854 971 id

217 988 402 1022 ὲνυποφαίνει,
425 989 470 1016 ἵνα
493 991 530 1025 μή
546 999 588 1022 τις
601 992 649 1023 τὰς
667 991 697 1023 ἒξ
720 991 859 1026 πτέρυγας
878 991 1007 1023 ἀκούσας,

1064 990 1136 1024 quod
1159 989 1226 1016 vult.
1246 989 1330 1015 l’orro
1347 988 1518 1015 velocitatem
1536 996 1584 1023 per
1605 997 1686 1016 senas
1703 989 1761 1016 alas
1791 990 1856 1016 dicit

217 1035 294 1070 κοινῇ
312 1035 412 1067 ταύτας
430 1037 556 1071 προεῖναι
571 1036 680 1072 νομίσῃ.
701 1036 738 1063 Τὸ
758 1037 787 1063 δὲ
801 1037 952 1063 κυκλόθεν
978 1038 1008 1063 οὺ

217 1081 271 1107 τῶν
290 1081 445 1116 πτερύγων,
460 1082 529 1108 ἀλλὰ
545 1082 598 1108 τῶν
612 1082 753 1116 τεσσάρων
775 1082 824 1117 τὴν
841 1083 937 1109 στάσιν
961 1083 1010 1117 ὲμ-

218 1127 318 1160 φαίνει,
334 1127 374 1153 an
389 1127 426 1162 μὴ
439 1127 589 1162 στοιχηδὸν,
605 1127 674 1154 ἀλλὰ
690 1127 738 1154 καὶ
750 1127 878 1159 κυκλικὸς
893 1126 937 1162 ἦν.
949 1128 1010 1155 Τῶν

217 1171 246 1198 δὲ
261 1173 403 1208 πτερύγων
416 1173 429 1199 ὁ
441 1173 558 1208 ἀριθμὸς
581 1173 611 1200 τδ
630 1173 707 1205 τέλος
720 1173 868 1200 αἰνίττεται
891 1174 941 1208 τῆς
954 1173 1011 1200 λει-

217 1217 358 1251 τουργίας,
375 1217 423 1243 καὶ
431 1217 462 1243 τδ
478 1217 546 1252 πρὸς
558 1217 571 1243 ὃ
585 1218 601 1253 ἡ
615 1218 771 1252 λειτουργία
782 1217 869 1243 πέλει.
884 1218 939 1244 Καὶ
956 1220 1010 1252 γὰρ

217 1261 232 1287 ὁ
248 1261 277 1293 ἓξ
286 1261 403 1296 ἁριθμὴς
428 1261 505 1296 παρὰ
516 1263 571 1292 τοῖς
583 1262 616 1288 τὰ
629 1261 742 1289 τοιαῦτα
754 1262 869 1297 κομψοῖς
880 1262 1010 1296 ἀνυμνεῖ-

217 1314 266 1333 ται
278 1315 285 1321 ·
303 1305 380 1332 οὐδὲν
400 1306 428 1332 δὲ
446 1307 522 1341 παρὰ
534 1307 590 1337 τοῖς
604 1306 654 1340 τὴν
668 1305 795 1341 αι’σοησιν
811 1306 1010 1338 ἀναϐεϐηκόσιν

218 1355 322 1387 ἀτελὲς,
337 1355 398 1383 οὐδὲ
412 1355 460 1391 τὴν
477 1357 509 1382 ὲκ
526 1354 705 1391 μεταμελείας
727 1353 923 1388 συμπλήρωσιν
934 1353 1011 1378 ἐκδε-

218 1403 344 1438 χόμενον.
363 1403 410 1435 ’Ἐξ
423 1403 452 1429 δὲ
470 1403 599 1438 πτέρυξιν
614 1402 628 1427 ὁ
644 1401 716 1432 οεῖος
729 1400 867 1430 Διονύσιος
878 1399 914 1425 τὰ
928 1399 1012 1434 νοερὰ

219 1448 277 1481 ζῶα
293 1448 458 1484 διηρτῆσθαι
470 1457 547 1483 φησι,
557 1447 618 1474 δυσὶ
630 1447 663 1473 τὰ
674 1447 812 1481 πρόσωπα
826 1445 1010 1476 καλύπτοντα,

219 1497 278 1526 ταῖς
293 1495 321 1521 δὲ
339 1494 399 1521 δυσίΙ
425 1495 487 1525 τοὺς
508 1493 602 1525 πόδας,
619 1493 679 1523 ταῖς
697 1492 795 1527 μέσαις
812 1492 840 1517 δὲ
862 1490 1010 1523 πετᾶσοαι,

219 1541 263 1567 ῐνα
282 1541 346 1575 περὶ
367 1541 400 1566 τὰ
425 1540 580 1575 ὑψηλότερα
607 1541 654 1566 καὶ
682 1538 819 1574 βαθύτερα
841 1538 891 1572 τῆς
907 1537 1011 1568 οἰκείας

219 1585 398 1619 καταλήψεως
413 1587 484 1620 φανῇ
502 1585 592 1611 αὐτῶν
606 1585 622 1618 ή
638 1584 775 1614 εὐλάϐεια,
796 1583 829 1609 δι’
845 1583 878 1618 ἣν
888 1584 944 1614 τοῖς
963 1582 1012 1617 μὲ-

221 1640 278 1662 om;
295 1631 513 1666 προστάσσεσθαι
530 1631 579 1661 τὰς
590 1631 708 1665 ἀρχικὰς
720 1631 807 1664 αὐγὰς
823 1629 906 1660 θείοις
919 1628 1011 1663 ζυγοῖς

219 1677 379 1705 ἀνατείνειν,
396 1679 432 1704 Τὸ
452 1678 480 1704 δὲ
499 1678 658 1706 κυκλόθεν.
684 1677 727 1703 διὰ
745 1677 775 1702 τὸ
794 1677 1013 1702 παντετιίσκοπον

220 1724 417 1758 παρείληπται.
434 1723 471 1750 Τὸ
494 1723 520 1749 δὲ
534 1724 660 1753 ἔσωσεν,
676 1723 716 1748 ὅτι
733 1722 809 1748 οὐδὲν
822 1722 856 1748 τὰ
872 1722 930 1748 θεῖα
948 1722 1013 1747 λαν-

220 1768 313 1795 θάνειν
331 1769 453 1799 δύναται.
472 1769 532 1795 οὐδὲ
546 1768 599 1795 τῶν
617 1769 646 1794 ὲν
662 1768 832 1803 παραϐύστῳ
848 1768 905 1794 τισὶ
920 1767 1012 1793 τελου-

222 1814 321 1849 μένων.
331 1815 367 1841 Τὸ
377 1815 415 1841 δέ·
425 1824 433 1839 ι
446 1814 613 1841 Ἀνάπαυσιν
622 1814 672 1840 οὐκ
681 1814 798 1849 ἔχουσιν,
806 1823 815 1839 ι
825 1813 875 1848 οὐχ
885 1814 924 1839 δτι
936 1813 1016 1846 ἔγκο-

220 1860 270 1886 πὸν
285 1869 312 1886 τι
326 1860 496 1893 ὑφίστανται,
514 1861 546 1894 τῇ
562 1860 695 1894 ἀνενδότῳ
713 1858 927 1894 λειτουργοῦντα
946 1859 1016 1893 ὑμν-

219 1908 298 1942 ῳδίᾳ.
311 1908 380 1943 Περὶ
392 1907 442 1942 τὴν
461 1907 592 1944 αἰσθητῂν
606 1907 660 1941 γὰρ
674 1907 763 1934 κτίσιν
786 1908 800 1932 ὁ
824 1906 925 1937 κόπος”
947 1905 1015 1932 ἀκά-

222 1962 294 1988 ματα
304 1953 333 1980 δὶ
343 1953 432 1980 πάντα
449 1953 500 1979 ὅσα
515 1953 586 1988 ὑπὲρ
597 1953 648 1988 τὴν
661 1953 739 1986 ὕλην.
753 1962 762 1978 ι
780 1952 854 1978 Ἐκεῖ
866 1952 907 1982 δὲ,
920 1960 930 1977 ι
943 1951 1015 1978 κατὰ

220 1999 267 2025 τὸν
280 1999 404 2032 εἰπόντα,
418 2008 427 2025 Ι
441 1999 547 2033 ἀπέδρα
559 1998 651 2034 ὀδύνη,
669 1998 752 2032 λύπη,
767 1997 816 2024 καὶ
830 1997 1009 2031 στεναγμός.»

221 2045 259 2071 Οὺ
272 2045 303 2071 τὸ
322 2045 439 2079 ἔγκωπον
454 2042 500 2071 οὖν
517 2045 558 2071 τό·
575 2054 584 2070 ι
610 2045 779 2071 Ἀνάπανσιν
800 2043 852 2069 οὐκ
877 2042 980 2077 ἔχουσι,
1001 2051 1012 2068 ι

221 2091 353 2125 παριστᾷ,
370 2091 438 2117 ἀλλά
461 2091 493 2117 τὸ
509 2090 575 2125 περὶ
591 2090 640 2125 τὴν
657 2089 730 2116 θείαν
743 2088 881 2124 ὑμνῳδίαν
904 2087 1013 2114 ἀνενδο-

220 2144 277 2166 τον,
297 2136 420 2170 ὡσπερεὶ
433 2135 683 2171 κατεντρυφώντων
696 2135 764 2170 πρὸς
777 2134 856 2167 δόξαν
871 2135 919 2161 καὶ
935 2131 1012 2161 αἶνον

220 2181 268 2207 τοῦ
284 2181 356 2207 θείου
374 2182 421 2208 καὶ
438 2181 669 2215 συντελουμένων.
690 2180 727 2207 To
751 2180 779 2207 δὲ
796 2179 1013 2215 τρισυπόστατον

221 2227 261 2262 τῷ
279 2228 491 2263 τριπλασιασμῷ
506 2228 556 2262 τῆς
566 2227 646 2262 δόξης
662 2226 712 2254 καὶ
730 2226 778 2253 τοῦ
796 2226 935 2261 ἁτιασμοῦ
952 2226 1014 2262 ἐχο-

223 2281 274 2306 μεν
294 2275 374 2300 νοεῖν.

1064 1036 1163 1070 cuique
1175 1036 1352 1069 contingere:
1366 1034 1417 1060 hoc
1428 1033 1500 1060 enim
1511 1033 1665 1060 subindical
1677 1041 1728 1060 vox
1738 1033 1855 1068 singula,

1065 1090 1098 1109 ne
1121 1082 1183 1116 quis
1207 1081 1322 1107 audiens
1348 1087 1430 1107 senas
1464 1079 1534 1111 alas,
1562 1079 1667 1113 vulgari
1700 1079 1782 1105 modo
1808 1080 1857 1106 has

1064 1129 1160 1155 adesse
1179 1127 1327 1154 existimet.
1348 1125 1425 1158 Quod
1442 1130 1533 1152 autem
1557 1125 1605 1158 ait,
1621 1125 1646 1151 iu
1660 1125 1785 1156 circuitu,
1803 1133 1856 1152 non

1064 1177 1181 1206 alarum,
1199 1175 1245 1202 sed
1262 1178 1382 1208 quatuor
1412 1172 1573 1199 auimaliunt
1592 1176 1692 1198 statum
1720 1171 1856 1205 designat,

1064 1223 1137 1255 quod
1153 1229 1206 1247 non
1225 1224 1303 1246 erant
1320 1226 1397 1246 more
1408 1218 1618 1249 elementorum,
1633 1217 1680 1244 sed
1701 1217 1728 1244 in
1748 1217 1857 1244 modum

1065 1267 1173 1295 circuli.
1201 1265 1337 1292 Numerus
1367 1271 1432 1290 vero
1459 1263 1564 1289 alarum
1589 1259 1787 1297 perfectionem
1809 1262 1858 1289 de-

1065 1314 1156 1348 signat
1167 1310 1323 1343 ministerii,
1340 1314 1366 1337 et
1378 1309 1404 1336 id
1420 1308 1492 1336 circa
1506 1308 1578 1343 quod
1593 1313 1717 1334 versatur
1734 1307 1860 1334 tuiuistc~

1065 1359 1156 1386 riunt:
1173 1357 1307 1391 siquidem
1325 1363 1457 1382 numerus
1473 1354 1598 1381 senarius
1614 1353 1685 1387 apud
1706 1361 1752 1380 eos
1769 1353 1816 1387 qui
1832 1353 1859 1379 in

1065 1403 1223 1438 hujusmodi
1235 1402 1318 1428 rebus
1332 1401 1426 1428 diserti
1441 1405 1515 1431 sunt.
1533 1407 1586 1426 non
1602 1399 1748 1430 laudatur,
1764 1406 1858 1424 verum

1065 1450 1136 1484 apud
1148 1457 1196 1476 eos
1211 1449 1257 1482 qui
1284 1454 1395 1474 seusutn
1414 1445 1674 1480 supergrediuutur,
1697 1444 1765 1470 nihil
1780 1443 1861 1470 habet

1066 1493 1173 1524 inutile,
1190 1500 1224 1518 ne
1240 1491 1265 1517 id
1282 1490 1391 1525 quidem
1403 1489 1475 1524 quod
1489 1489 1710 1523 supplementum
1728 1488 1861 1522 suscipiat

1065 1547 1097 1565 ex
1117 1537 1278 1573 pmuileutia
1295 1535 1469 1570 proveniens.
1493 1534 1579 1561 Porro
1609 1534 1683 1561 senis
1715 1534 1766 1560 alis
1785 1541 1861 1559 rom-

1066 1584 1154 1618 posita
1176 1582 1262 1609 fuisse
1282 1579 1436 1614 spiritualia
1451 1578 1581 1605 animalia
1610 1578 1676 1604 dicit
1696 1578 1776 1604 divus
1795 1577 1860 1604 Dio-

1067 1629 1173 1664 nysius,
1191 1635 1306 1662 quarum
1328 1626 1434 1652 duabus
1461 1623 1545 1651 facies
1574 1624 1722 1658 operirent,
1753 1623 1861 1650 duabus

1068 1682 1132 1700 \ero
1156 1673 1249 1707 pedes,
1265 1675 1293 1698 et
1309 1671 1416 1697 duabus
1431 1676 1492 1703 quae
1507 1668 1602 1694 media:
1617 1672 1695 1694 erant
1712 1667 1836 1694 volarent
1851 1674 1859 1693 :

1069 1723 1098 1746 ut
1110 1718 1179 1744 citca
1194 1716 1356 1743 sublimiora
1370 1722 1402 1741 ac
1426 1712 1604 1748 proi'uudiora
1625 1720 1683 1739 suae
1709 1711 1862 1746 apprehen-

1066 1764 1154 1792 siouis
1172 1763 1296 1790 videatur
1311 1762 1432 1796 ipsorum
1446 1767 1507 1787 esse
1520 1760 1622 1791 cultus,
1651 1763 1761 1793 propter
1777 1765 1859 1792 quem

1068 1810 1164 1837 mediis
1181 1809 1375 1843 praeciperetur
1387 1806 1504 1834 eximios
1521 1805 1684 1841 splendores
1701 1804 1802 1831 divinis
1815 1811 1860 1831 se-

1066 1856 1147 1883 dibus
1164 1855 1315 1882 coucitare.
1340 1852 1418 1886 Quod
1443 1856 1533 1879 autem
1559 1851 1673 1878 additur
1690 1850 1717 1877 in
1737 1850 1861 1882 circuitu,

1067 1907 1178 1937 propter
1195 1901 1387 1928 universorum
1411 1898 1611 1933 inspectiouem
1643 1897 1772 1925 traditum
1789 1900 1831 1924 est
1853 1904 1862 1923 :

1066 1949 1137 1976 intus
1148 1952 1251 1978 autem,
1267 1946 1331 1980 quia
1349 1945 1416 1972 nihil
1430 1945 1515 1972 latere
1529 1949 1617 1978 potest
1632 1951 1663 1971 ea
1680 1951 1742 1978 quae
1768 1942 1862 1970 divina

1066 1999 1142 2024 sunt.
1161 2001 1195 2020 ne
1214 2001 1245 2019 ea
1263 1992 1375 2026 quidem
1392 1998 1454 2025 quae
1472 1998 1487 2017 a
1499 1990 1638 2016 nonnullis
1652 1989 1733 2024 693
1752 1989 1821 2015 ilunt
1834 1988 1861 2015 iu

1066 2040 1186 2068 occulto.
1200 2038 1336 2065 Caeterum
1353 2036 1474 2070 requiem
1489 2043 1543 2062 non
1563 2036 1665 2062 habent
1688 2043 1695 2060 :
1715 2041 1770 2060 non
1787 2033 1862 2067 quod

1067 2083 1237 2113 laboriosum
1253 2081 1356 2116 aliquid
1374 2081 1493 2107 subeant
1514 2079 1648 2106 continuo
1672 2081 1755 2105 cantu
1777 2077 1862 2103 mini-

1066 2131 1189 2160 strando.
1206 2130 1284 2157 Circa
1303 2128 1460 2156 sensibilem
1484 2127 1557 2153 enim
1580 2131 1736 2153 creaturam
1763 2129 1805 2151 est
1819 2124 1860 2151 la-

1065 2177 1126 2209 bor,
1147 2174 1323 2208 iuiatigabilia
1340 2179 1430 2200 autent
1448 2177 1514 2199 sunt
1541 2177 1715 2206 quu'cunque
1732 2169 1862 2197 dicuntur

1067 2222 1261 2252 immaterialia
1278 2230 1285 2248 :
1303 2230 1312 2246 ε
1329 2219 1362 2246 Et
1378 2220 1426 2251 ibi,
1448 2228 1457 2245 ι
1478 2224 1508 2245 ut
1531 2218 1571 2245 ait
1585 2217 1641 2250 ille,
1659 2226 1668 2243 ‹
1688 2216 1759 2252 fugit
1773 2215 1861 2246 dolor,

1065 2270 1157 2297 luctus
1173 2275 1206 2295 ac
1218 2266 1337 2302 gemitus
1349 2265 1382 2293 ".
1399 2274 1408 2291 ν
1434 2263 1494 2290 Non
1515 2263 1598 2298 igitur
1619 2262 1788 2290 laboriosum
1811 2260 1863 2286 ali-

220 2320 285 2353 quid
299 2319 469 2354 signiticatur
487 2326 534 2353 per
548 2319 600 2346 hoc
611 2319 685 2353 quod
700 2318 813 2350 dicitur,
831 2318 953 2353 Requiem
964 2325 1016 2345 non
1034 2316 1140 2347 habent,
1172 2313 1220 2341 sed
1250 2311 1398 2340 continuus
1418 2314 1496 2337 tenor
1511 2309 1584 2336 circa
1598 2307 1719 2335 divinant
1745 2306 1863 2338 laudent,

223 2371 252 2392 ut
264 2368 335 2401 quod
350 2367 482 2393 deliciose
496 2371 642 2394 versentur
655 2374 687 2393 ac
698 2365 817 2401 perfecta
834 2365 890 2392 sint
908 2365 940 2392 ad
958 2365 1072 2399 gloriam
1086 2367 1113 2390 et
1149 2360 1258 2388 laudem
1273 2358 1332 2385 Dei.
1353 2357 1466 2384 Demum
1495 2355 1680 2390 triplicatione
1713 2354 1809 2389 gloria:
1833 2361 1866 2380 ac

221 2413 377 2440 sanctitatis
389 2413 540 2446 intelligere
552 2420 702 2447 possumus
719 2420 899 2447 personarum
924 2411 1088 2438 trinitatem.

255 2459 424 2486 Πεσοῦνται
441 2460 468 2485 οι
481 2458 726 2492 είκοσιτέσσαρες
738 2458 944 2491 πρεσϐύτεροι.
964 2456 1012 2482 Διά

1103 2450 1349 2485 Procidentvigiuti
1362 2453 1477 2484 quatuor
1488 2448 1614 2474 seniores.
1632 2446 1684 2474 Per
1707 2446 1764 2473 lucc
1783 2445 1864 2473 nobis

219 2505 323 2531 τούτων
337 2504 467 2540 δηλοῦται
484 2505 532 2531 καὶ
557 2505 621 2535 τοὺς
636 2504 782 2539 νοηθέντας
809 2504 873 2538 ἡμῖν
891 2502 1013 2538 πρεσὸυ-

219 2551 316 2586 τέρους
328 2551 477 2582 κοινωνοὺς
493 2548 564 2577 εἶναι
578 2550 628 2583 τῆς
642 2549 780 2584 ὑμνῳδίας
802 2548 857 2574 τῶν
879 2548 1013 2583 οὐρανίων

220 2595 373 2630 δυνάμεων,
400 2595 601 2630 ὁμολογοῦντας
629 2596 661 2621 ὲκ
683 2594 752 2621 θεοῦ
780 2594 946 2629 κεκομίσθαι
964 2594 1013 2628 τῆς

220 2642 275 2668 τῶν
294 2641 399 2677 νοητῶν
416 2641 523 2676 ἐχθρῶν
537 2641 615 2675 νίκης
630 2641 679 2675 τὴν
695 2641 821 2676 δύναμιν.
843 2641 1008 2674 Ἑπισκοπη-

221 2687 282 2713 τέον
298 2687 327 2713 δὲ
348 2688 397 2722 τὴν
414 2688 469 2714 τῶν
485 2687 623 2722 χρονικῶν
643 2687 838 2721 διαστημάτων
855 2687 884 2713 ὲν
905 2688 939 2722 τῇ
959 2687 1014 2720 ἀφ-

220 2733 274 2767 ηγή
279 2741 319 2758 σει
329 2734 426 2768 ἁκρίῆε
431 2742 483 2760 ιαν.
497 2731 563 2759 Ἀπὸ
569 2732 624 2767 γὰρ
635 2734 684 2768 τῆς
694 2733 749 2759 τῶν
758 2732 914 2759 ἐνεστώτων
925 2732 1012 2764 ἐπαγ-

222 2777 327 2812 γελίας,
345 2779 392 2805 ἐπὶ
406 2779 440 2805 τὰ
455 2778 589 2814 μέλλοντα
603 2779 700 2813 χωρεῖ,
716 2779 766 2805 οὐκ
790 2777 923 2813 ἀσυνεσίᾳ
935 2776 1014 2804 τοῦτο

261 2867 283 2885 ¹³
294 2867 368 2895 Psal.
384 2875 434 2901 cn,
448 2868 494 2897 ‘20.
533 2868 555 2884 “
571 2869 623 2898 lsu.
642 2877 723 2901 xxxv,
742 2867 785 2895 l0.

257 2946 313 2982 (20)
331 2945 429 2974 Vocem
446 2944 596 2980 ὀξύρροπον
613 2954 665 2972 non
680 2945 758 2972 habet
778 2944 851 2979 vulg.
867 2943 934 2971 cdtt.

1067 2497 1239 2533 signiﬁcatur
1253 2495 1327 2529 ipsos
1341 2501 1452 2528 quoque
1474 2492 1600 2520 seniores
1623 2499 1693 2526 quos
1705 2490 1866 2518 considera—

1067 2545 1158 2571 vimus
1176 2542 1324 2577 participes
1340 2547 1401 2567 esse
1418 2544 1516 2567 cautus
1544 2546 1576 2565 ac
1591 2537 1682 2565 laudis
1710 2536 1864 2563 cmlcstium

1068 2592 1211 2618 rit-tutum.
1229 2596 1292 2616 cum
1309 2587 1365 2614 Deo
1382 2585 1506 2614 referunt.
1521 2589 1661 2618 acceptam
1672 2582 1821 2617 potentiam
1833 2589 1866 2609 ac

1067 2638 1222 2667 victoriam,
1240 2643 1322 2670 quam
1336 2634 1370 2661 de
1396 2631 1586 2666 spiritualibus
1608 2629 1735 2656 hostibus
1762 2627 1864 2655 retulev

1067 2687 1142 2710 runt.
1156 2680 1363 2710 Consideranda
1378 2684 1419 2706 est
1435 2681 1525 2704 autem
1555 2674 1697 2710 diligentia
1715 2674 1742 2700 in
1765 2680 1864 2699 narra-

1068 2729 1141 2756 tione
1154 2727 1361 2755 distinctionum
1378 2729 1548 2758 temporum:
1560 2721 1700 2756 siquidem
1716 2727 1731 2746 a
1748 2717 1866 2753 promis-

1068 2775 1146 2803 sione
1160 2772 1335 2809 praesentium
1364 2769 1488 2806 procedit
1515 2767 1549 2795 ad
1577 2766 1670 2794 futura
1700 2771 1778 2792 :noa
1804 2763 1866 2792 sine

1108 2939 1166 2975 (21)
1179 2937 1276 2966 Eidem
1293 2937 1393 2965 desunt
1405 2929 1500 2969 voces,
1515 2933 1555 2966 τὸ,
1573 2931 1607 2960 ἓν
1620 2931 1684 2960 καθ’
1698 2931 1743 2959 έν.
