2095 3160
248 233 301 265 575

648 231 814 262 ARE'I'ILE
831 231 1024 262 CIESAREIE
1042 231 1287 262 GAPPADOGIIE
1304 231 1480 262 EPISCOPI

1833 230 1888 263 576

247 289 392 325 prudentia
410 288 462 316 hoc
493 287 609 319 faciens,
634 288 682 315 sed
697 287 846 315 ostendens
863 288 938 323 quod
960 287 1042 316 etiam

1095 288 1192 320 ποιῶν,
1212 287 1419 321 ἐνδεικνύμενος
1434 286 1463 313 δὲ
1477 286 1515 318 ὡς
1532 286 1580 312 καὶ
1599 286 1650 321 τῆς
1665 285 1718 321 πρὸ
1735 286 1785 321 τῆς
1796 286 1888 312 τελευ-

247 340 312 364 ante
325 335 505 363 novissimum
523 334 692 369 praeconium
702 341 800 360 corum
817 334 865 368 qui
886 337 960 361 recte
975 342 1041 369 ope-

247 386 354 413 rantur.
376 380 517 414 sitaliqua
533 379 684 414 gratiarum
711 379 784 406 actio
813 379 856 407 his
870 379 918 415 qui
942 380 1041 407 deiun-

247 432 349 463 guntur
362 426 493 462 praesenti
506 426 643 454 laborioso
659 425 759 458 stadio.
775 427 957 454 concedentes
972 434 1041 461 prae-

245 475 302 501 ﬁxo
322 474 448 506 termino,
466 481 529 501 cum
545 472 694 507 unicuique
707 472 849 500 delinitom
871 473 907 500 sit
926 474 952 500 id
967 474 1040 508 quod

247 519 312 546 mile
323 523 366 546 est
381 527 388 545 :
406 523 500 554 utpote
518 519 675 552 recipiendo
693 518 777 545 etiam
800 524 1039 547 commensuratas

245 565 279 592 ad
292 564 415 592 futurum
426 568 454 592 et
468 564 657 592 indissolubile
674 564 805 592 szeculum
821 565 1014 593 retributiones
1031 573 1038 593 :

245 612 303 639 sive
325 611 362 639 sit
387 611 584 638 miraculorum
610 619 752 643 accessus,
777 611 836 639 sive
857 612 910 639 alia
937 612 1040 646 quaevis

245 657 389 685 beneﬁcia.
404 657 462 684 Non
475 658 560 692 igitur
572 657 756 693 conﬁguratio
771 665 836 694 erga
847 657 942 687 Jesum
956 659 1038 687 Chri—

244 709 317 731 stum
335 703 381 730 Dei
398 703 498 730 Filium
512 703 699 736 incarnatum,
711 711 726 730 a
742 704 965 732 ministrantibus
976 713 1039 740 pro-

244 749 345 777 cedens
363 749 519 784 spiritibus,
537 750 697 785 pariterque
710 758 773 778 cum
791 751 846 779 illis
856 755 883 779 et
899 752 934 779 ab
954 752 1039 780 homi-

244 794 327 821 nibus
342 794 388 828 qui
407 802 468 821 sese
489 795 676 829 praestiterunt
707 796 824 823 eximios
847 797 987 831 operibus,
1011 803 1039 825 et

244 840 398 868 benedictio
413 848 445 868 ac
457 840 589 874 laudatio,
604 841 702 869 ultimo
712 842 847 870 duntaxat
859 843 904 870 die
917 843 1037 877 reposita

242 890 296 919 est,
312 887 357 913 sed
371 886 454 925 etiam
475 887 502 913 in
518 887 649 923 prtesenti
670 896 677 914 :
692 888 928 925 quemadmodum
944 889 968 917 is
989 890 1037 923 qui

241 931 412 966 conspicitur
437 932 572 959 transitus
588 932 798 960 distinctionum
817 937 971 968 temporum
990 934 1037 962 de.

242 976 405 1003 monstravit
419 977 461 1004 his
474 977 522 1011 qui
539 981 619 1004 acute
629 983 746 1012 pos.~unt
765 978 931 1012 perspicere.

276 1021 312 1048 Et
322 1021 447 1056 objicient
460 1030 574 1049 coronas
588 1031 662 1049 suas.
684 1022 806 1051 Coronas
822 1028 886 1051 ante
908 1024 1035 1050 thronum

239 1067 360 1102 abjicerc
376 1067 520 1094 victoriam
535 1067 683 1102 signiﬁcat,
700 1068 781 1095 veluti
799 1076 873 1095 nunc
888 1076 997 1103 quoque
1009 1068 1036 1095 in

239 1113 284 1140 his
296 1113 388 1140 videre
400 1118 441 1140 est
454 1113 501 1148 qui
515 1113 629 1140 vincunt
642 1114 668 1140 in
680 1114 887 1142 certaminibus.
908 1113 1037 1141 Tln-onus

239 1167 305 1185 vero
318 1159 533 1189 dominationem
549 1167 581 1186 ac
598 1160 746 1194 potentiam
762 1159 897 1194 designat.
913 1159 960 1187 Est
983 1167 1035 1186 au-

239 1210 294 1236 tem
311 1212 413 1234 corona
437 1205 511 1240 regni
528 1205 645 1240 insigne.
663 1205 716 1238 Qui
743 1206 824 1240 igitur
840 1213 959 1234 coronas
974 1211 1036 1233 ante

239 1250 369 1278 thronum
384 1250 527 1284 abjiciunt,
543 1250 608 1285 quid
624 1251 697 1278 aliud
715 1259 798 1286 quam
810 1256 915 1278 certum
932 1259 965 1279 ac
988 1259 1035 1279 ve-

242 1303 301 1323 rum
322 1304 435 1330 regnum
449 1302 475 1323 et
490 1296 632 1324 victoriam
650 1297 783 1324 adversus
794 1304 901 1329 omnes,
917 1296 971 1323 Deo
987 1304 1035 1331 per

238 1342 330 1368 omnia
345 1342 485 1369 referunt?
498 1343 620 1370 dicentes
632 1352 642 1369 :-
652 1342 728 1375 Tibi,
752 1342 878 1375 Domine,
895 1343 930 1370 ab
943 1342 1034 1369 omni-

240 1387 290 1414 bus
303 1387 418 1414 debetur
425 1388 512 1422 gloria
524 1392 653 1423 tanquam
665 1388 802 1416 conditori
818 1388 1032 1424 aeplasmatori,

237 1438 265 1460 et
278 1433 336 1468 qui,
351 1441 413 1461 cum
427 1442 480 1461 non
496 1438 601 1468 essent,
624 1435 779 1470 produxisti
796 1440 825 1463 ut
846 1439 949 1468 essent,
965 1442 1032 1468 cone

237 1487 331 1508 servas
347 1488 379 1508 ac
393 1481 529 1510 contines.

492 1582 576 1618 σοι
590 1582 705 1611 CAPUT
723 1583 769 1611 x1.

1092 333 1171 364 ταίας
1184 333 1240 359 τῶν
1256 332 1470 368 κατορθούντων
1483 333 1673 368 ἀναρρήσεως,
1689 332 1749 359 ἐστι
1774 341 1817 364 τις
1829 334 1887 364 τοῖς

1092 378 1273 406 ἁπεκδύνουσι
1286 378 1317 405 τὸ
1330 379 1420 414 παρὸν
1438 378 1586 412 ὲναγώνιον
1599 378 1716 410 στάδιον,
1740 377 1779 414 τῷ
1795 378 1886 405 τεθει-

1094 423 1167 458 μένῳ
1195 424 1355 450 ὑπείκουσιν
1384 425 1450 459 ὅρῳ,
1475 424 1524 450 τοῦ
1554 424 1741 459 συμφέροντος
1776 424 1885 459 ἑκάστῳ

1091 468 1303 504 ὤροθετηκότος.
1323 470 1493 505 εὐχαριστίᾳ,
1511 469 1559 496 ἇτε
1573 469 1620 496 καὶ
1645 469 1885 504 ἀντιλαμῦάνουσι

1092 514 1267 550 συμμέτρους
1306 515 1374 550 πρὸς
1402 515 1448 542 τὸν
1482 515 1615 550 μέλλοντα
1645 516 1692 542 καὶ
1716 515 1885 543 ἀκατάλυτον

1091 559 1176 586 αἰῶνα
1189 559 1239 591 τὰς
1255 559 1416 593 ἀντιδόσεις,
1431 559 1491 596 ἤτοι
1517 559 1666 594 θαυμάτων
1681 560 1853 595 περιουσίαν,
1867 559 1883 595 ἢ

1090 605 1138 632 καί
1153 613 1230 637 τινας
1251 605 1348 639 ἑτέρας
1364 605 1537 640 εὐεργεσίας.
1555 606 1613 632 Οὺκ
1627 603 1674 632 οὖν
1703 606 1750 632 ἐπὶ
1763 605 1814 639 τῆς
1839 613 1884 631 τε-

1090 649 1220 682 λευταίας
1238 650 1320 686 μόνον
1346 649 1563 685 τεθησαύρισται
1581 650 1700 685 ἡμέρας,
1716 651 1733 685 ή
1759 650 1814 677 ἀπὸ
1829 649 1884 676 τῶν

1089 696 1285 732 λειτουργικῶν
1296 696 1461 730 πνευμάτων
1474 697 1588 723 καὶτῶν
1599 696 1715 727 ἐκείνοις
1729 696 1884 731 ὲναμίλλων

1090 742 1242 778 ἀνθρώπων
1255 741 1403 777 ἐξαιρέτως
1426 741 1465 776 τῷ
1486 741 1559 777 ἔργῳ
1574 741 1735 776 δειχθέντων
1750 741 1820 775 πρὸς
1837 741 1884 769 τὸν

1090 788 1268 823 σαρκωθέντα
1286 786 1391 823 Ἰησοῦν
1409 787 1528 822 Χριστὸν
1538 787 1584 814 τὺν
1601 787 1664 814 Υἱὸν
1676 787 1724 813 τοῦ
1740 787 1807 814 Θεοῦ
1819 787 1884 813 ὐπο-

1088 833 1210 865 τύπωσις
1226 833 1272 859 καὶ
1295 832 1419 866 εὐφημία
1442 832 1489 858 καὶ
1516 829 1602 864 αἶνος,
1617 832 1675 859 ἀλλ’
1694 832 1745 868 ἤδη
1766 832 1814 859 καὶ
1837 831 1884 858 ἐπ),

1088 878 1135 904 τοῦ
1150 877 1311 909 ἐνεστῶτος,
1326 877 1365 909 ὡς
1381 878 1398 912 ἡ
1413 877 1530 904 δοκοῦσα
1547 877 1601 903 τῶν
1619 877 1756 912 χρονικῶν
1768 877 1884 912 διαστηυ

1091 921 1184 956 μάτων
1206 921 1364 956 παράδοσις
1393 922 1450 952 τοῖς
1483 921 1619 954 ὁξυωπεῖν
1649 922 1810 957 δυναμένοις
1830 922 1884 948 ὑπ-

1089 967 1212 1003 έστησεν.

1124 1015 1179 1041 Καὶ
1190 1015 1272 1046 ,ϐαλο
1278 1014 1328 1042 ῦσι
1343 1014 1414 1047 τοὺς
1432 1013 1604 1049 στεφάνους
1618 1014 1728 1042 αὐτῶν.
1741 1015 1778 1041 Τὸ
1793 1014 1884 1050 βαλεῖν

1088 1059 1152 1091 τοὺς
1176 1060 1326 1095 στεφάνους
1343 1059 1461 1086 ἐνώπιον
1484 1059 1531 1086 τοῦ
1550 1059 1660 1095 θρόνου,
1676 1060 1726 1095 τὴν
1742 1061 1822 1095 νίκην
1836 1060 1884 1096 δην

1088 1108 1139 1139 λοῖ,
1159 1107 1197 1139 ὡς
1216 1108 1263 1135 καὶ
1277 1107 1324 1134 νῦν
1353 1108 1399 1134 ἐπὶ
1424 1108 1482 1133 τῶν
1504 1107 1643 1134 νικώντων
1674 1107 1784 1141 ἀγῶνας
1809 1106 1883 1134 ἔστιν

1090 1154 1172 1181 ίδεῖν·
1197 1155 1212 1180 ὀ
1241 1153 1336 1189 θρόνος
1366 1153 1395 1180 δὲ
1418 1152 1468 1188 τὴν
1493 1154 1644 1188 κυριότητα
1675 1154 1722 1179 καί¹
1744 1153 1881 1185 ἐξουσίαν.

1086 1201 1166 1234 ΔἘστι
1182 1201 1229 1227 καὶ
1243 1200 1383 1236 βασιλείας
1394 1200 1408 1226 ὁ
1422 1201 1555 1235 στέφανος
1575 1199 1720 1235 σύμϐολον.
1735 1200 1883 1231 Βάλλοντες

1087 1245 1134 1273 οὖν
1149 1246 1264 1272 ἐνώπιον
1281 1246 1344 1278 τοὺς
1362 1246 1512 1280 στεφάνους
1524 1246 1572 1272 τοῦ
1587 1245 1694 1281 θρόνου,
1711 1246 1737 1272 τί
1754 1246 1787 1273 ἂν
1803 1246 1880 1278 ἄλλο,

1087 1291 1267 1327 ἢτὴνὸντως
1293 1292 1340 1318 καὶ
1367 1288 1455 1327 ἀληθῆ
1481 1291 1630 1327 βασιλείαν,
1661 1291 1710 1318 καὶ
1737 1292 1789 1326 τὴν
1810 1292 1882 1318 κατά

1087 1338 1196 1364 πάντων
1232 1337 1321 1372 νίκην,
1341 1337 1382 1373 τῷ
1406 1338 1454 1364 ἐπὶ
1476 1339 1586 1364 πάντων
1618 1337 1778 1365 ἀνατιθέασι
1801 1337 1881 1373 Θεῷ;

1086 1383 1223 1417 λέγοντες”
1248 1384 1305 1414 Σοὶ,
1329 1384 1464 1416 Δέσποτα,
1480 1383 1558 1419 παρὰ
1574 1383 1689 1410 πάντων
1704 1383 1881 1418 ὲποφείλεται

1086 1428 1161 1461 δόξα,
1178 1428 1217 1460 ὼς
1231 1428 1328 1464 κτίστῃ
1338 1429 1386 1456 καὶ
1396 1428 1566 1463 δημιουργῷ,
1586 1428 1635 1455 καὶ
1650 1429 1683 1455 ὲκ
1693 1428 1741 1455 τοῦ
1757 1428 1794 1463 μὴ
1804 1428 1882 1460 ὂντος

1087 1475 1128 1511 είς
1143 1474 1174 1501 τὸ
1188 1472 1259 1501 εἶναι
1274 1476 1451 1510 προσαγωγεῖ
1470 1475 1518 1502 καὶ
1533 1476 1690 1510 συντηρητῇ
1718 1482 1743 1501 τε
1758 1474 1806 1501 καὶ
1819 1483 1882 1500 συν-

1087 1521 1157 1556 οχεῖ.

1384 1578 1512 1606 ΚΕΦΑΛ.
1533 1577 1585 1606 IA’.

236 1637 276 1665 De
291 1638 360 1665 libro
371 1639 475 1673 signan
490 1640 586 1674 sigillis
598 1645 696 1674 septem
707 1641 754 1674 qui
768 1645 826 1666 erat
842 1641 869 1667 in
881 1649 960 1667 manu
973 1641 1028 1669 Do-
1042 1652 1043 1658 η

1086 1633 1152 1674 Περὶ
1166 1633 1222 1674 τῇς
1236 1634 1349 1674 ,βίϐλου
1357 1633 1429 1673 ..τῆς
1444 1634 1692 1674 ᾀσφραχισμένης
1708 1633 1882 1674 ’σφρατῖσρο

238 1683 240 1686 ν
289 1674 364 1707 mini,
380 1682 457 1709 quem
470 1675 545 1701 nulla
556 1682 646 1702 creata
658 1682 755 1701 natura
765 1676 850 1709 potuit
865 1677 977 1710 aperire.

271 1760 303 1792 V,
318 1762 376 1789 1-5.
395 1761 428 1788 Et
445 1762 498 1788 nidi
521 1762 548 1789 in
568 1761 679 1789 dextera
701 1763 815 1790 sedentis
835 1763 863 1790 in
883 1765 977 1791 throno
997 1763 1031 1791 ίί-

236 1809 312 1834 brum
321 1808 447 1842 scriptum
463 1808 537 1835 intus
544 1814 568 1835 et
581 1808 657 1843 foris,
668 1809 802 1844 signatan
814 1809 911 1844 sigillis
921 1815 1028 1845 septem.

238 1851 271 1879 Et
288 1853 341 1879 vidi
360 1852 484 1887 angelum
506 1853 602 1887 fortem
618 1854 806 1888 pra'dicantem
823 1863 884 1881 voce
907 1864 1005 1890 magna
1019 1864 1029 1883 .-

234 1898 300 1930 Quis
313 1903 352 1925 est
367 1899 463 1933 dignus
481 1900 583 1933 aperire
609 1899 708 1926 librum
728 1905 753 1927 et
768 1900 867 1927 solvere
890 1901 1030 1936 signacula

233 1945 291 1976 eius
302 1945 315 1971 .7
330 1944 365 1971 Et
380 1950 456 1971 nemo
467 1950 571 1979 poterat
584 1953 666 1980 neque
681 1946 709 1973 in
732 1946 796 1972 εωίο
812 1954 893 1981 neque
914 1947 941 1974 in
959 1953 1030 1974 terra

234 1999 314 2026 neque
326 1990 415 2018 subter
428 1996 525 2018 terram
539 1992 641 2025 aperire
657 1992 752 2019 librant
770 2001 855 2028 neque
864 1994 981 2028 aspicere
995 1993 1030 2020 il-

234 2039 299 2064 lum.
319 2037 353 2065 Et
364 2046 410 2072 ego
420 2037 516 2071 ﬂebam
528 2038 650 2070 multum,
667 2039 737 2072 quod
759 2047 833 2066 nemo
853 2039 948 2074 dignus
961 2045 1028 2066 esset

233 2085 352 2111 inventus
364 2085 468 2118 aperire
478 2084 574 2111 librum
589 2093 671 2120 neque
682 2085 799 2120 nspieere
811 2085 899 2113 illum.
914 2085 947 2112 Et
961 2094 1029 2113 unus

232 2130 265 2156 de
280 2130 428 2157 senioribus
439 2131 504 2158 dicit
515 2131 596 2159 mihi:
609 2131 651 2158 Ne
666 2132 780 2167 ﬂeveris.

267 2263 334 2296 Quae
362 2262 396 2289 ad
423 2262 565 2290 dexteram
583 2262 631 2289 Dei
662 2267 729 2290 sunt
752 2263 901 2297 designant
929 2263 1029 2292 animae

1123 1669 1202 1708 ξριτιξ
1213 1669 1270 1708 τῆς
1285 1669 1321 1695 ἐν
1333 1668 1369 1708 τῇ
1378 1668 1454 1702 χειρί
1468 1669 1522 1708 τοῦ
1534 1669 1621 1708 Θεοῦ.
1632 1669 1674 1702 ἣν
1683 1669 1784 1703 οὐδεὶς
1797 1669 1881 1698 ἀνοῖ-

1122 1703 1172 1735 ξαι
1184 1703 1308 1730 δύναται
1324 1703 1378 1738 τῆς
1394 1703 1520 1738 κτιστῆς
1534 1704 1666 1738 φύσεως.

1120 1758 1176 1786 Καὶ
1195 1757 1277 1785 εἶδον
1289 1758 1339 1785 ἐπὶ
1353 1758 1411 1793 τὴν
1431 1759 1537 1792 δεξιὰν
1560 1760 1613 1787 τοῦ
1638 1760 1809 1794 καθημένου
1824 1753 1881 1788 «ἐπὶ

1085 1804 1140 1831 τοῦ
1175 1805 1286 1838 θρόνου
1311 1805 1436 1837 ,βιϐλίον
1460 1806 1667 1840 τετραμμένον
1694 1807 1810 1834 ἔσωθεν
1831 1807 1881 1834 καὶ

1084 1850 1209 1882 ἔξωθεν,
1220 1851 1526 1886 κατεσφραγισμένον
1540 1854 1710 1887 σφραγῖσιν
1722 1852 1808 1880 ἑπτά.
1823 1853 1879 1880 Καὶ

1083 1894 1166 1923 εἶδον
1192 1896 1324 1931 (ΞΠ-ελον
1349 1897 1480 1931 ἰσχυρὸν
1507 1898 1707 1932 κηρύσσοντα
1732 1899 1769 1925 ἐν
1793 1897 1880 1932 φωνῇ

1083 1941 1202 1976 μεγάλῃ
1212 1948 1220 1956 ⁸
1243 1943 1291 1975 Τίς
1308 1942 1394 1975 ἄξιός
1410 1943 1498 1970 ἐστιν
1512 1943 1630 1976 ἀνοῖξαι
1644 1944 1678 1970 τὸ
1695 1944 1818 1976 βιϐλίον
1831 1944 1880 1970 καὶ

1083 1987 1177 2014 λῦσαι
1192 1987 1246 2020 τὰς
1261 1988 1431 2022 σφραγῖδας
1441 1989 1536 2016 αὑτοῦ
1548 1996 1559 2020 ;
1571 1989 1625 2016 Καὶ
1637 1988 1739 2022 οὐδεὶς
1751 1989 1880 2016 ἐδύνατο

1083 2034 1118 2060 ἐν
1134 2033 1175 2067 τῷ
1194 2033 1313 2068 οὐρανῷ
1333 2034 1405 2061 οὔτε
1427 2033 1477 2061 ἐπὶ
1491 2033 1547 2068 τῆς
1562 2034 1629 2070 γῆς,
1645 2034 1715 2061 οὔτε
1738 2034 1880 2062 ὑποκάτω

1083 2081 1139 2115 τῆς
1153 2081 1210 2116 γῆς
1231 2081 1350 2113 ἀνοῖξαι
1366 2081 1399 2108 τὸ
1412 2080 1546 2113 βιϐλίον,
1561 2081 1630 2108 οὔτε
1640 2080 1777 2112 ,βλέπειν
1794 2081 1879 2108 αὐτό.

1082 2128 1138 2155 Καὶ
1148 2128 1212 2162 ἐγὼ
1224 2128 1350 2154 ἔκλαιον
1371 2127 1463 2159 πολὺ,
1478 2126 1524 2154 ὅτι
1553 2127 1653 2160 οὐδεὶς
1672 2126 1757 2160 ἄξιος
1773 2127 1879 2160 stipem:

1082 2173 1202 2205 ἀνοῖξαι
1217 2173 1251 2200 τὸ
1264 2173 1398 2206 βιϐλίον,
1413 2172 1485 2200 οὐδὲ
1506 2172 1640 2204 ,βλέπειν
1660 2173 1745 2200 αὑτό.
1763 2174 1817 2199 Καὶ
1836 2170 1881 2206 εἶς

1082 2220 1117 2247 ὲκ
1129 2218 1189 2247 τῶν
1200 2221 1412 2253 πρεσϐυτέρων
1421 2218 1503 2253 ,λέγει
1513 2227 1566 2252 μοι
1578 2227 1585 2233 ·
1604 2220 1633 2245 Μ
1637 2218 1655 2252 ὴ
1673 2218 1772 2245 κλαῖε.

1119 2264 1159 2291 Τὰ
1178 2265 1210 2290 ὲκ
1223 2263 1318 2296 δεξιῶν
1335 2263 1382 2290 τοῦ
1399 2263 1478 2295 Θεοῦ,
1493 2263 1527 2289 τὰ
1543 2263 1613 2290 κατὰ
1626 2263 1717 2298 ψυχὴν
1728 2263 1880 2290 οιίνίττεται

233 2309 316 2341 bona,
332 2316 394 2343 qua:
404 2309 488 2335 etiam
503 2309 695 2343 parmmiastcs
711 2309 843 2337 Solomon
856 2309 980 2337 ostendit
1000 2310 1027 2336 iu

1086 2309 1181 2344 Εγαθὰ,
1203 2309 1275 2344 ἆπερ
1297 2308 1344 2336 καὶ
1374 2309 1388 2335 ό
1411 2308 1616 2344 παροιμιαστὴς
1637 2307 1765 2342 Σολομὼν
1791 2309 1820 2334 ἐν
1843 2309 1878 2343 τῇ

230 2355 342 2382 dextera
357 2355 499 2389 sapientia:
513 2355 619 2389 reponi,
634 2362 684 2389 per
704 2355 788 2382 vitam
808 2363 841 2382 ca
867 2355 1027 2390 signiﬁcans

230 2401 347 2428 dicendo
364 2409 372 2427 :
392 2410 401 2426 ι
422 2399 451 2427 In
467 2401 581 2428 dextera
599 2401 687 2433 ipsius
704 2401 761 2427 vita
777 2400 810 2426 “.
826 2410 835 2427 ι
854 2402 920 2434 Quae
932 2409 996 2429 vero
1010 2409 1027 2428 a

230 2447 364 2478 sinistris,
380 2446 453 2473 bona
469 2447 594 2480 corporis
607 2451 634 2473 et
653 2446 795 2474 mortalem
821 2446 892 2474 hanc
915 2446 997 2474 vitam
1017 2454 1025 2474 ξ

229 2501 291 2529 qua:
307 2501 356 2528 per
370 2493 485 2529 gloriam
502 2499 535 2520 ac
548 2493 659 2520 divitias
671 2492 762 2519 innuit
773 2492 869 2520 dicens
887 2500 894 2519 :
918 2501 927 2518 ι
943 2491 973 2519 ln
987 2492 1027 2518 si-

229 2541 318 2568 nistra
332 2540 419 2575 ipsius
431 2539 534 2567 divitia;
550 2544 577 2566 et
589 2539 690 2575 gloria.
710 2549 720 2565 ι
742 2538 778 2566 De
791 2539 892 2566 throno
906 2546 972 2566 vero
984 2539 1028 2566 di-

229 2592 304 2614 clum
316 2589 358 2614 est
370 2586 443 2621 quod
456 2589 620 2621 potestatem
637 2593 669 2613 ac
690 2585 868 2612 eminentiam
893 2585 1029 2620 signiﬁcet

229 2634 290 2668 ejus
302 2633 348 2669 qui
364 2641 447 2668 super
468 2633 557 2668 ipsum
586 2632 674 2659 sedet.
703 2631 776 2665 Quid
789 2636 831 2659 est
848 2637 940 2659 autem
960 2632 1030 2659 liber

231 2680 284 2708 nisi
297 2679 504 2715 sapientis‘sima
519 2684 543 2706 et
560 2678 851 2713 incomprehensibilis
864 2677 911 2705 Dei
923 2685 1029 2705 memo-

231 2726 291 2754 ria?
304 2734 386 2762 quam
398 2730 425 2753 et
434 2725 565 2760 propheta
578 2725 663 2752 David
674 2729 702 2752 et
710 2724 800 2752 Moses
809 2724 1009 2760 praesignarunt
1021 2732 1028 2751 :

231 2774 277 2800 ille
303 2773 413 2808 quidem
430 2780 492 2800 cum
514 2772 640 2800 diceret:
666 2781 676 2796 ε
702 2771 731 2798 In
762 2771 834 2798 libro
861 2775 909 2797 tuo
934 2777 1030 2798 omnes

232 2819 416 2847 scribentur"
435 2827 442 2846 :
460 2828 468 2845 I
484 2819 528 2846 hic
544 2822 635 2845 autem
653 2825 715 2844 cum
727 2817 786 2844 ait:
805 2826 814 2842 ι
830 2817 884 2843 Aut
903 2816 963 2843 dele
988 2823 1032 2843 me

232 2866 266 2893 de
280 2866 350 2893 libro
363 2873 446 2900 quem
464 2864 601 2899 scripsisti
617 2864 647 2891 ιθ.
672 2873 681 2889 ι
712 2863 799 2890 Porro
819 2863 892 2890 intus
909 2868 936 2890 ct
963 2862 1032 2890 foris

1077 2356 1153 2391 δεξιᾷ
1166 2354 1329 2382 ἀποκεῖσθαι
1347 2354 1423 2386 δηλοῖ
1448 2355 1499 2389 τῆς
1516 2353 1625 2388 σοφίας,
1648 2353 1666 2380 ἃ
1680 2353 1725 2380 διὰ
1741 2353 1790 2389 τῆς
1806 2353 1879 2387 ζωῆς

1079 2402 1218 2438 ὑπέφηνεν
1235 2400 1333 2428 εἰπών·
1346 2410 1355 2427 ι
1367 2401 1413 2427 Ὲιν
1428 2401 1463 2435 τῇ
1476 2399 1552 2435 δεξιᾷ
1568 2400 1654 2435 αὐτῆς
1667 2400 1735 2435 ζωή·
1747 2409 1756 2425 ›
1770 2399 1804 2426 τὸ.
1814 2399 1842 2426 δὲ
1851 2399 1880 2432 ἐξ

1080 2447 1246 2484 ἀριστερῶν,
1275 2446 1310 2473 τὰ
1326 2446 1399 2473 κατὰ
1412 2446 1492 2480 σῶμα
1508 2446 1557 2472 καὶ
1581 2444 1632 2480 τὴν
1657 2444 1758 2479 θνητὴν
1776 2443 1880 2479 ταύτην

1081 2493 1166 2528 ζωὴν,
1185 2493 1256 2528 ἅπερ
1271 2492 1316 2520 διὰ
1332 2493 1382 2528 τῆς
1408 2492 1486 2527 δόξης
1509 2492 1556 2523 καὶ
1573 2491 1620 2518 τοῦ
1637 2491 1754 2518 πλούτου
1770 2490 1880 2525 ᾐνίξατο

1081 2540 1170 2575 φήσας
1181 2547 1188 2554 ·
1204 2548 1213 2564 ι
1234 2538 1279 2566 Ἐν
1290 2540 1323 2574 τῇ
1338 2539 1472 2573 ἀριστερᾷ
1490 2538 1606 2570 πλοῦτος
1622 2538 1670 2564 καὶ
1681 2537 1755 2569 δόξα.
1775 2546 1784 2562 ι
1807 2536 1838 2563 '0
1852 2536 1882 2562 δὲ

1083 2584 1191 2620 θρόνος,
1212 2585 1254 2611 ὅτι
1269 2584 1319 2619 τὴν
1339 2583 1463 2615 ἐξουσίαν
1477 2585 1525 2610 καὶ
1539 2582 1570 2610 τὺ
1585 2582 1758 2618 ὑπερϐάλλον
1774 2580 1821 2608 τοῦ
1836 2580 1881 2606 ἐπ’

1082 2629 1164 2656 αὐτὸν
1175 2628 1276 2664 ὲπόχου
1298 2629 1438 2663 σημαίνει,
1456 2627 1577 2663 εἴρηται.
1604 2627 1636 2654 Τί
1653 2627 1682 2653 δὲ
1709 2626 1741 2653 τὸ
1757 2625 1880 2660 βιϐλίον;

1091 2676 1123 2702 Ἦ
1136 2676 1275 2711 πάνσοφος
1291 2676 1338 2703 τοῦ
1355 2675 1423 2702 Θεοῦ
1437 2675 1484 2702 καὶ
1497 2674 1684 2709 ἀνεπίληπτος
1703 2673 1810 2708 μνήμη.
1828 2672 1881 2698 Ἦν

1084 2724 1132 2751 καὶ
1154 2724 1168 2750 ὁ
1194 2722 1340 2758 προφήτης
1354 2721 1437 2748 Δαυῒδ
1463 2722 1512 2748 καὶ
1537 2721 1658 2755 Μωῦσῆς
1686 2719 1851 2755 παρεδήλου,
1865 2718 1880 2744 ὁ

1085 2770 1135 2806 μὲν
1156 2770 1200 2796 διὰ
1210 2769 1267 2795 τοῦ·
1284 2778 1293 2795 ι
1313 2769 1375 2796 Ἐπὶ
1387 2768 1417 2795 τὸ
1430 2767 1533 2803 βιϐλίον
1546 2776 1593 2794 σου
1608 2766 1710 2798 πάντες
1723 2766 1866 2800 γραφήσον
1877 2778 1881 2780 -

1083 2824 1138 2842 ur
1156 2825 1165 2841 ι
1180 2816 1194 2842 ὁ
1209 2815 1237 2841 δὲ
1264 2815 1308 2842 διὰ
1320 2813 1377 2841 τοῦ·
1397 2823 1406 2840 ι
1426 2813 1506 2849 Κάμὲ
1522 2812 1665 2847 ὲξάλειψον
1682 2813 1715 2839 ὲκ
1726 2811 1774 2846 τῆς
1788 2810 1881 2845 βίϐλου

1083 2859 1117 2897 ἧς
1134 2861 1271 2896 ἔγραψας.
1293 2869 1302 2886 ι
1318 2859 1354 2887 Τὸ
1367 2859 1396 2886 δὲ
1414 2859 1517 2886 ἔσωθεν
1531 2857 1688 2894 γεγράφθαι
1704 2857 1752 2884 καὶ
1767 2855 1880 2888 ἔξωθεν,

271 2946 292 2962 ’³
320 2945 401 2974 Prov.
427 2952 469 2976 Ill,
499 2945 540 2973 ιθ.
583 2945 604 2961 ιι*
621 2944 692 2973 Psal.
711 2952 845 2976 cunni,
864 2943 906 2970 l6.
948 2942 1043 2970 ¹⁶Ειιο

1092 2950 1179 2975 xuii,
1201 2942 1246 2969 32.
