2095 3160
268 134 321 166 579

514 189 599 225 ess
619 188 734 216 CAPUT
756 188 813 215 xu.

265 235 307 265 De
330 244 400 272 agno
428 235 540 262 habente
553 242 654 262 cornua
680 239 790 274 septem,
805 234 937 270 quomodo
960 233 1058 260 librum

585 274 730 295 aperuerit.

585 277 718 303 aperuerit
723 289 730 296 .

305 315 337 349 V,
351 315 412 343 5-7.
423 315 491 341 I'Icce
501 314 562 340 vicit
576 314 615 340 leo
626 314 659 341 de
671 313 742 340 tribu
753 312 838 345 Iuda,
860 313 942 340 radix
959 312 1057 345 Dnrid,

266 363 310 396 qui
330 361 413 396 aperit
429 360 526 386 librant
546 365 570 385 et
585 364 683 394 septem
701 359 842 394 signacula
864 359 931 393 ejus.
949 358 982 384 Et
1006 359 1061 385 vidi

267 407 393 434 mmedio
417 406 506 432 throni
516 410 541 432 et
562 412 678 439 quatuor
702 405 862 432 animalium
885 409 909 431 et
929 405 956 432 in
975 405 1060 431 medio

266 454 399 480 seniorum
407 459 505 485 agnum
516 456 629 478 statuent
643 456 768 486 tanquam
780 451 908 482 occisum,
923 450 1061 477 habentem

266 506 366 525 cornua
387 502 485 532 septem
507 502 532 524 et
553 497 644 524 oculos
656 503 764 532 teplem.
800 504 859 532 qua:
883 502 944 524 sunt
962 502 1061 532 septem

266 546 377 581 spiritus
393 545 442 572 Dei
458 545 534 571 mini
552 545 578 570 in
594 545 744 571 universam
764 551 873 571 tetram.
900 544 935 571 Et
956 545 1024 572 venit
1037 549 1061 572 et

265 592 366 626 accepit
378 592 410 618 de
424 592 518 618 dextra
533 591 647 618 sedentis
659 591 684 618 in
700 591 793 618 throno
805 591 913 618 librum.

303 723 375 751 Vicit
391 730 453 750 eum
481 721 527 757 qui
554 729 604 749 nos
625 721 732 748 vicerat
757 720 907 748 diabolum.
932 719 1000 753 Quis
1021 723 1064 746 est

266 774 358 796 autem
373 770 418 803 qui
443 768 523 796 vicit?
544 767 567 795 Is
590 767 636 802 qui
657 772 787 802 tanquam
808 766 880 793 Deus
892 765 1002 800 quidem
1019 769 1063 792 est

266 815 320 846 leo,
333 814 366 840 de
383 821 437 848 quo
462 813 618 848 patriarcha
644 819 755 846 quoque
778 811 865 838 Jacob
891 811 1061 838 decumbens

679 131 842 163 ARETHfE
863 129 1054 162 C/ESAREAZ
1073 129 1316 161 CAPPADOCI/E
1336 129 1513 162 EPISCOPI‘

1852 134 1905 166 580

1415 187 1539 214 ΚΕΦΛΛ.
1557 187 1605 214 IB‘.

1147 231 1218 266 Περὶ
1233 231 1287 258 τοῦ
1294 231 1416 269 ρρνίου-
1426 232 1482 269 τοῦ
1491 233 1536 269 τὰ
1549 233 1624 269 ἑπτὰ
1636 232 1755 269 γκέρατα
1769 233 1905 269 ἔχοντος,

1289 267 1369 299 ὅπως
1387 266 1446 300 τὴν
1459 267 1572 298 ,βίϐλον
1586 268 1728 300 ἀνέῳξεν.

1154 312 1232 341 Ἰδοὺ
1247 312 1391 346 ἐνίκησεν
1407 314 1424 339 ό
1439 313 1518 340 λέων
1530 315 1546 340 ό
1556 314 1591 340 ἐκ
1604 313 1660 348 τῆς
1672 314 1776 348 φυλῆς
1794 315 1906 347 Ἰούδα.

1113 359 1132 392 ἡ
1145 357 1212 392 ῥίζα
1224 358 1327 389 Δαυῒδ,
1345 360 1361 385 ὀ
1375 359 1505 393 ἀνοίγων
1515 359 1548 386 τὸ
1558 360 1684 391 ,βιϐλίον
1700 361 1815 393 καὶτὰς
1829 361 1905 389 ἑπτὰ

1113 404 1283 438 σφραγῖδας
1295 404 1400 431 αὐτοῦ.
1421 405 1475 431 Καὶ
1489 403 1572 432 εἶδον
1585 405 1621 431 ἐν
1634 405 1718 440 μέσῳ
1729 407 1782 433 τοῦ
1797 407 1907 440 Θρῦνου

1113 450 1164 476 καί
1191 449 1251 476 τῶν
1275 449 1435 484 τεσσάρων
1448 450 1537 484 ζώω,
1557 452 1608 478 καὶ
1618 452 1652 479 ἐν
1665 452 1750 486 μέσῳ
1762 453 1821 480 τῶν
1835 462 1906 488 πρε-

1114 496 1268 529 σϐυτέρων
1280 496 1397 529 ἀρνίον,
1409 496 1534 530 ἑστηκὸς
1557 497 1597 530 ὡς
1611 497 1814 532 ἐσφαγμένον,
1835 499 1908 533 ἕχον

1114 540 1224 574 κέρατα
1250 541 1337 572 ἑπτὰ,
1361 542 1411 568 καὶ
1432 542 1607 576 ὀφθαλμοὺς
1635 543 1719 574 ἑπτὰ.
1744 544 1763 571 ᾶ
1787 545 1846 570 εισι
1871 545 1907 571 τὰ

1114 585 1190 611 ἑπτὰ
1217 586 1375 620 πνεύματα
1400 587 1454 613 τοῦ
1481 587 1558 614 Θεοῦ
1585 588 1839 623 ἀποστελλόμενα
1863 590 1906 621 εις

1114 629 1219 657 πᾶσαν
1237 631 1295 665 τὴν
1308 631 1377 666 γῆν.
1401 632 1456 660 Καὶ
1479 631 1554 667 ἦλθε
1571 634 1621 660 καὶ
1644 634 1771 668 ετληςρεν
1799 635 1832 662 ἐκ
1850 635 1904 669 τῆς

1114 675 1216 709 δεξιᾶς
1230 677 1281 704 τοῦ
1292 679 1463 712 καθημένου
1477 679 1528 706 ἐπὶ
1540 680 1594 707 τοῦ
1605 681 1714 714 θρόνου
1727 681 1761 707 τὸ
1772 682 1903 713 βιϐλίον.

1157 723 1283 758 Ἐνίκησε
1302 724 1348 750 τὸν
1363 724 1498 759 ἡμέτερον
1514 726 1628 761 νικητὴν
1642 726 1689 752 τὸν
1700 726 1835 754 διάϐολον.
1855 727 1905 760 Τίς

1114 768 1142 796 δὲ
1160 769 1175 795 6
1188 770 1324 804 νικήσας;
1349 770 1378 797 '0
1392 770 1430 801 ὡς
1444 770 1510 802 Θεὸς
1527 771 1576 805 μὲν
1595 771 1675 803 λέων,
1697 773 1761 808 περὶ
1776 769 1807 799 οὗ
1827 774 1874 799 καὶ
1890 774 1905 800 ὸ

1114 814 1290 850 πατριάρχης
1316 815 1414 842 Ἰακὼϐ
1429 817 1442 842 ὀ
1458 816 1634 848 κατακλιθεὶς
1653 818 1906 853 ὲχρησμοδότησεν’

266 860 431 887 vaticinatus
457 863 500 886 est
515 867 522 886 :
545 868 554 884 ι
580 858 616 886 Ut
633 859 674 885 leo
691 858 726 885 de
741 858 812 885 tribu
833 857 901 884 Juda
915 858 948 885 “.
964 866 974 882 ι
991 856 1064 884 Tan-

1119 868 1128 885 t
1154 860 1197 890 '0;
1207 860 1276 887 λέων
1289 861 1304 886 ὁ
1321 862 1353 887 ὲκ
1364 862 1413 896 τῆς
1428 862 1515 896 φυλῆς
1536 861 1632 889 Ἰούδα.
1652 871 1662 888 ›
1685 862 1729 893 Ὧς
1745 862 1807 897 ῥίζα
1818 863 1848 889 δὲ
1858 863 1907 890 τοῦ

266 913 350 940 quam
364 905 442 932 radix
461 912 526 932 vero
551 905 637 940 ipsius
655 904 751 938 David,
776 904 848 932 sicut
869 907 978 931 creator
995 910 1061 938 pro-

266 957 326 988 pter
343 953 514 980 divinitatem
535 961 542 980 :
571 960 605 979 ex
632 953 724 980 radice
750 957 842 979 autem
865 951 950 978 David
971 951 1062 978 dictus

265 1002 350 1026 esteo
365 998 438 1033 quod
456 998 560 1025 dictum
579 997 663 1026 fuerit
681 998 716 1025 de
729 997 821 1024 radice
847 997 932 1024 David
956 997 1061 1031 virgam

265 1043 430 1078 produxisse
445 1043 540 1070 ﬂorem
558 1048 670 1078 propter
689 1043 901 1070 humanitatem.

302 1089 403 1124 Agnum
418 1093 532 1116 statuent
542 1093 668 1124 tanquam
686 1089 814 1116 occisum.
827 1088 922 1123 Agnus
934 1091 976 1115 est
987 1087 1062 1114 Chri-

270 1139 330 1162 stus
347 1135 394 1169 qui
409 1135 493 1162 etiam
509 1135 737 1170 prwﬁgurabatur
747 1141 796 1169 per
807 1141 908 1169 agnum
925 1134 971 1168 qui
985 1133 1063 1168 juxta

268 1182 354 1216 legale
370 1181 472 1216 pascha
489 1181 694 1212 immolabatur,
710 1184 737 1208 et
752 1187 801 1215 per
820 1179 919 1206 Isaiam
933 1184 1063 1213 tanquatn

266 1233 299 1253 ex
317 1234 434 1261 persona
451 1225 554 1252 Christi
568 1225 635 1252 dicit
653 1234 659 1252 :
675 1233 684 1250 ε
704 1224 761 1259 Ego
779 1229 871 1251 autem
888 1224 1061 1258 sicutagnus

268 1271 402 1299 innocens
411 1272 455 1306 qni
466 1270 574 1298 ducitur
583 1275 612 1297 ut
623 1270 792 1303 immoletur,
806 1277 859 1297 non
869 1269 985 1304 cognovi
995 1269 1037 1302 ¹¹;
1051 1278 1061 1294 ι

267 1322 295 1344 et
312 1317 400 1344 illud:
427 1326 435 1342 I
467 1316 544 1344 Sicut
573 1323 659 1351 agnus
685 1324 779 1343 coram
812 1316 941 1342 tondente
957 1322 986 1342 se
1006 1315 1065 1342 sine

268 1370 334 1390 voce
352 1363 394 1395 ";
418 1372 426 1387 ι
451 1366 478 1389 el.
493 1363 515 1389 si
540 1362 605 1397 quid
623 1361 686 1388 huic
703 1360 846 1388 sententia:
867 1360 1009 1388 confortne
1024 1364 1066 1387 est

267 1409 339 1444 quod
354 1408 473 1435 hominis
488 1407 535 1434 Dei
553 1407 708 1442 passionem
734 1407 815 1434 nobis
841 1406 1065 1433 manifestissime

268 1454 405 1490 ﬁguravit.
437 1453 516 1486 Quod
541 1457 634 1479 autem
663 1452 772 1480 occisus
795 1459 850 1478 non
880 1451 998 1483 dicatur,
1015 1452 1064 1478 sed

269 1504 398 1534 tanquam
430 1498 551 1530 occisus,
574 1498 757 1532 signiﬁcantis
777 1501 818 1524 est
835 1497 909 1532 quod
926 1497 952 1524 in
976 1502 1065 1524 morlc

1114 904 1205 937 Δαυῒδ,
1221 904 1259 936 ὡς
1287 905 1400 940 κτίστης
1429 905 1473 932 διὰ
1493 905 1544 939 τὴν
1565 905 1691 940 ϐιότητα.
1715 907 1762 933 Ἐκ
1785 907 1908 942 ρίζηςδέ

1113 949 1196 976 Δαυτδ
1211 950 1319 985 εἴρηται
1329 950 1374 977 διὰ
1386 951 1418 977 τὸ
1430 951 1557 986 εἰρῆσθαι
1574 952 1606 978 ἐκ
1618 951 1696 987 ῥίζης
1715 951 1796 979 Δαυῒδ
1811 952 1908 980 ὁάὸδον

1113 995 1193 1028 ἄνθος
1207 996 1356 1032 ϐλαστῆσαι
1369 996 1414 1023 διὰ
1427 997 1476 1032 τὴν
1491 997 1700 1033 ἀνθρωπότητα.

1158 1083 1286 1117 Ἀρνίον,
1314 1084 1446 1118 ἑστηκὸς
1475 1085 1515 1118 ὡς
1540 1085 1743 1120 ἐσφαγμένον.
1774 1088 1879 1123 ’Δρνὶον
1893 1089 1909 1115 ό

1115 1130 1242 1164 Χριστὸς,
1258 1129 1273 1156 ὃ
1291 1131 1339 1157 καὶ
1362 1131 1407 1158 διὰ
1436 1131 1484 1158 τοῦ
1507 1132 1580 1159 κατὰ
1602 1133 1650 1159 τοῦ
1672 1133 1786 1168 νομικοῦ
1812 1135 1908 1170 Πάσχα

1116 1175 1247 1210 θυομένου
1269 1176 1457 1210 προετυποῦτο
1484 1177 1582 1212 ἀμνοῦ.
1597 1178 1652 1204 Καὶ
1676 1178 1721 1205 διὰ
1747 1179 1858 1206 Ἡσαΐου
1870 1180 1909 1211 ὡς

1116 1221 1149 1247 ὲκ
1176 1221 1324 1256 προσώπου
1351 1223 1419 1256 φησὶ
1451 1223 1500 1249 τοῦ
1519 1223 1661 1258 Χριστοῦ·
1687 1233 1697 1249 α
1734 1224 1805 1258 Ἐγὼ
1825 1225 1853 1251 δὲ
1871 1226 1909 1257 ὡς

1116 1266 1208 1300 ἀρνίον
1236 1267 1340 1294 ἄκακον
1352 1268 1487 1303 ἀγόμενον
1505 1268 1552 1295 τοῦ
1571 1268 1694 1302 θύεσθαι,
1711 1270 1762 1296 οὒκ
1775 1270 1861 1304 [γνων
1872 1279 1880 1286 ·
1896 1283 1906 1297 ι

1116 1313 1164 1339 καὶ
1180 1313 1210 1339 τό
1227 1321 1233 1327 ·
1253 1322 1262 1338 t
1287 1313 1331 1344 Ὠς
1354 1313 1441 1348 ἀμνὸς
1455 1314 1576 1341 ἐναντίον
1590 1315 1639 1340 τοῦ
1667 1315 1808 1350 κείραντος
1827 1316 1908 1342 αὑτὸν

1116 1358 1234 1393 ἄφωνος,
1258 1369 1267 1384 ι
1289 1360 1336 1386 καὶ
1354 1360 1405 1386 εἴτι
1427 1359 1515 1395 τούτῳ
1532 1360 1596 1395 ἑξῆς
1615 1360 1652 1395 τῷ
1679 1359 1763 1396 ῥητῷ,
1779 1361 1810 1388 τὸ
1823 1361 1909 1394 πάθος

1117 1405 1183 1438 ἡμῖν
1199 1404 1247 1430 τοῦ
1263 1405 1445 1440 Θεανθρώπου
1462 1406 1518 1440 (29)
1534 1406 1723 1441 ἐναργέστατα
1745 1407 1906 1433 διατυποῦν.

1118 1449 1155 1476 Τὸ
1178 1449 1207 1476 δὲ
1235 1450 1273 1485 μὴ
1290 1450 1462 1485 ἐσφαγμένον
1479 1451 1616 1486 εἰρῆσθαι,
1644 1451 1702 1478 ἀλλ’
1718 1451 1756 1484 ὡς
1770 1453 1910 1488 ἐσφαγμέ-

1118 1503 1173 1528 νον,
1187 1495 1218 1521 τδ
1236 1496 1272 1530 μὴ
1291 1497 1469 1531 ὲναπομείναι
1486 1497 1630 1530 δηλοῦντός
1651 1498 1709 1524 ἐστι
1735 1497 1774 1534 τῷ
1791 1499 1909 1534 θανάτῳ.

267 1530 520 1578 ιιοιίροιίιιειιεοτίι
545 1552 551 1570 :
576 1544 675 1570 revixit
687 1543 758 1570 enim
769 1530 896 1570 Christus
909 1552 916 1570 ;
930 1550 993 1569 natu
1011 1543 1062 1570 hoc

1122 1542 1235 1568 Ἀνεὸίω
1246 1542 1301 1577 γὰρ
1320 1543 1334 1568 ὁ
1349 1530 1478 1577 Χριστός.
1498 1543 1584 1570 Τοῦτο
1600 1544 1655 1579 γὰρ
1668 1544 1709 1577 τὸ,
1727 1530 1765 1580 μή
1775 1546 1821 1571 τὺν
1837 1530 1911 1572 ὅσιον

268 1594 311 1618 est
325 1589 398 1625 quod
415 1589 517 1617 dicitur
533 1597 586 1619 non
602 1589 661 1616 dari
686 1593 811 1616 sanctum
830 1593 860 1616 ut
874 1589 989 1622 videret,
1005 1596 1061 1616 non

269 1637 421 1669 interitum,
436 1636 482 1663 sed
509 1636 714 1670 corruptionem
747 1645 754 1662 :
779 1640 911 1669 tanquam
935 1635 1061 1662 interitus

269 1681 379 1715 quidem
412 1681 612 1714 scparationcm
629 1680 729 1708 anima:
753 1688 768 1706 a
785 1687 903 1715 corpore
917 1680 1061 1714 designet:

271 1727 345 1761 quod
364 1727 447 1753 etiam
466 1733 529 1752 vere
543 1726 655 1753 Christo
678 1726 813 1753 accidisse
839 1725 931 1753 nullus
955 1726 1062 1760 piorum

271 1772 407 1799 cultorum
436 1775 545 1798 recusat
570 1771 728 1805 suscipere,
767 1771 970 1804 corruptionem
999 1778 1064 1796 Vero

272 1824 338 1843 non.
364 1815 456 1850 Neque
480 1815 554 1842 enim
572 1815 700 1850 perfecta:
716 1816 898 1842 humanorum
925 1816 1064 1841 membro-

273 1868 334 1887 rum
353 1860 532 1887 dissolulioni
560 1860 700 1894 subjectus
720 1860 841 1892 iuit,sed
865 1868 920 1895 quo
942 1866 1066 1895 tempore

273 1905 476 1940 corruptionem
498 1906 658 1941 subingredi
671 1906 850 1941 oportuisset,
864 1905 946 1940 697
966 1913 999 1932 eo
1020 1913 1067 1932 su-

274 1952 436 1987 perveniens
462 1953 628 1980 resurrectio
657 1952 843 1987 corruptionis
874 1953 927 1979 vim
953 1951 1065 1979 retudit.

275 1997 337 2024 Ideo
353 2005 461 2032 quoque
481 1997 608 2024 triduana
636 1997 687 2024 fuit
701 1997 803 2024 Christi
819 1998 844 2024 in
865 2001 952 2024 morte
974 2004 1067 2024 remo-

274 2043 354 2070 ratio.
371 2043 512 2078 Siquidem
530 2043 663 2078 probatus
685 2048 728 2070 est
747 2043 770 2070 is
793 2044 840 2077 qui
855 2042 967 2077 scripsit
984 2046 1067 2069 natu-

274 2090 358 2116 ralem
374 2090 531 2122 historiam,
558 2090 652 2117 dicens
672 2098 788 2124 corpora
809 2089 985 2117 morientium
1008 2097 1069 2124 qua:

274 2137 309 2163 ab
325 2136 387 2172 igne
409 2142 572 2171 consumpta
595 2145 648 2163 non
663 2141 738 2169 sunt,
760 2140 816 2163 tres
837 2136 897 2164 dies
920 2137 1068 2169 sustinere,

1116 1588 1181 1614 ἰδεῖν
1208 1589 1271 1623 οὐχὶ
1291 1589 1414 1624 φθορὰν,
1440 1590 1507 1616 ἀλλὰ
1536 1590 1700 1625 διαφθορὰν,
1727 1591 1765 1621 ὡς
1789 1591 1839 1626 τῆς
1861 1592 1910 1626 μὲν

1114 1634 1218 1668 φθορᾶς
1246 1635 1295 1669 τὴν
1310 1627 1448 1667 διάζευξιν
1472 1636 1521 1668 τῆς
1545 1635 1633 1670 ψυχῆς
1659 1636 1708 1671 τὴν
1724 1636 1778 1662 ἀπὸ
1795 1636 1843 1662 τοῦ
1859 1636 1910 1663 σώ-

1116 1688 1201 1714 ματος
1220 1680 1367 1715 δηλούσης,
1385 1681 1399 1707 ὃ
1426 1682 1472 1707 καὶ
1497 1682 1662 1708 πεπονθέναι
1688 1682 1807 1717 Χριστὸν
1821 1682 1911 1714 οὐδεὶς

1113 1724 1168 1749 τῶν
1176 1725 1362 1752 εὐσεϐούντων
1370 1727 1441 1752 κατὰ
1450 1727 1580 1760 ἀλήθειαν
1590 1728 1636 1753 καὶ
1646 1727 1797 1761 ὑποστῆναι
1807 1728 1910 1769 ἀθετεῖ,

1114 1769 1263 1804 διαφθορὰν
1279 1771 1318 1804 δὲ,
1338 1771 1380 1798 οὔ.
1397 1772 1434 1798 Οὐ
1457 1772 1510 1807 γὰρ
1535 1774 1569 1808 τῇ
1597 1773 1688 1808 τελείᾳ
1712 1773 1833 1800 διαλύσει
1854 1775 1910 1800 τῶν

1115 1813 1295 1848 ἀνθρωπίνων
1321 1815 1415 1850 μερῶν
1431 1816 1583 1853 enataui],
1598 1818 1666 1844 ἀλλὰ
1680 1818 1742 1844 καθ’
1766 1818 1796 1845 ὃν
1808 1819 1908 1854 καιρὸν

1116 1859 1165 1894 τὴν
1195 1859 1347 1895 διαφθορὰν
1379 1861 1533 1888 ὑπεισιέναι
1560 1863 1655 1898 ἐχρῆν,
1686 1863 1756 1889 κατὰ
1783 1863 1877 1890 τοῦτον
1894 1865 1911 1898 ὴ

1116 1905 1265 1937 ἀνάστασις
1291 1907 1483 1943 ὲνεργηθεῖσα,
1512 1909 1562 1943 τὴν
1594 1908 1746 1944 διαφθορὰν
1775 1909 1908 1944 ἥμὸλυνε.

1117 1952 1164 1978 Διὸ
1182 1954 1229 1979 καὶ
1240 1954 1390 1988 τριήμερος
1403 1955 1419 1988 ἡ
1432 1955 1461 1980 ὲν
1475 1954 1514 1988 τῷ
1532 1955 1641 1989 θανάτῳ
1663 1954 1710 1980 τοῦ
1727 1955 1831 1988 Κυρίου
1848 1954 1908 1982 δια-

1118 1999 1212 2035 τριϐὴ,
1229 2000 1286 2034 εἴγε
1298 2000 1449 2031 ἁπόδεκτος
1471 2001 1486 2026 ὸ
1497 2000 1546 2034 τὴν
1561 2001 1681 2034 φυσικὴν
1694 2000 1817 2034 ίττορίαν
1842 2001 1909 2035 γρά-

1118 2045 1184 2080 ψας,
1199 2045 1235 2072 τὰ.
1250 2045 1365 2080 σώματα
1380 2045 1625 2080 τῶνῦνησκόντων
1639 2047 1677 2082 μὴ
1698 2047 1751 2073 ὑπὸ
1762 2047 1848 2081 πυρᾶς
1864 2048 1911 2073 ἁν-

1120 2092 1291 2125 αλωθέντων,
1307 2093 1382 2126 τρεῖς
1405 2092 1512 2128 ἡμέρας
1539 2093 1731 2128 διακαρτερεῖν
1756 2094 1789 2128 τῇ
1806 2094 1910 2127 φυσικῇ

1121 2137 1177 2174 ζωῇ
1190 2137 1384 2173 ἐνεργούμενα,
1401 2137 1448 2164 καὶ
1461 2138 1492 2164 τὸ
1514 2138 1568 2164 ἀπὸ
1580 2137 1656 2164 τοῦδε
1670 2139 1703 2173 τῇ
1725 2138 1823 2173 φθορᾷ,
1840 2137 1909 2173 μᾶλ-

275 2183 392 2209 naturali
417 2183 470 2209 vita
503 2183 529 2209 in
549 2182 589 2209 eis
608 2187 718 2216 agente,
752 2190 785 2209 ac
809 2182 910 2210 deinde
933 2181 1066 2212 interimi.

1122 2184 1166 2210 λον
1176 2184 1205 2210 δὲ
1219 2185 1252 2220 τῇ
1267 2184 1400 2220 διαφθορᾷ
1412 2184 1617 2219 παραδίδοσθαι.

275 2227 331 2255 imo
345 2230 435 2263 potius
450 2228 619 2262 corruptioni
637 2227 718 2255 tradi.

314 2273 458 2300 llabenlcm
472 2282 572 2300 cornua
587 2278 694 2308 septem.
709 2273 818 2300 Cornua
835 2274 982 2307 potentiam
995 2273 1069 2300 (lesi-

277 2323 362 2353 gnant
377 2324 404 2345 et
425 2319 552 2353 gloriam,
566 2319 798 2353 quemadmodum
814 2319 857 2345 ubi
880 2319 914 2345 de
934 2322 1069 2353 potestate

276 2364 377 2391 dicitur
391 2373 397 2390 :
416 2373 424 2389 I
440 2365 535 2391 Omnia
547 2372 650 2391 cornua
663 2369 836 2399 peccatorum
849 2364 1017 2398 confringant
1032 2373 1038 2390 :
1055 2374 1065 2389 ι

277 2412 311 2439 de
329 2412 415 2447 gloria
436 2419 501 2438 vero
518 2420 525 2438 :
548 2420 557 2436 t
582 2411 614 2438 Et
631 2411 796 2438 exaltabitur
811 2419 895 2438 cornu
915 2411 982 2446 justi
1001 2411 1034 2438 “.
1056 2420 1065 2437 ι

307 2504 372 2536 Qua-
383 2508 444 2530 sunt
459 2508 555 2538 septem
568 2503 677 2537 spiritus
690 2502 745 2530 Dei.
759 2502 866 2537 Septem
876 2502 989 2537 spiritus
1005 2506 1069 2528 sunt

277 2556 381 2585 septem
395 2550 570 2585 operationcs
585 2549 719 2584 Spiritus,
737 2556 834 2583 nempe
845 2548 989 2582 sapientiae
1000 2568 1007 2578 .
1024 2548 1067 2574 in-

278 2604 288 2624 ι
299 2598 413 2627 lle-ctus.
429 2597 561 2629 scicntia,
577 2596 697 2628 consilii,
715 2595 897 2625 fortitudinis,
915 2594 1023 2629 pictatis
1040 2597 1068 2620 et

278 2643 385 2670 titnoris
404 2642 512 2669 Domini
535 2651 542 2668 :
565 2650 626 2677 quae
649 2642 825 2676 operationes
847 2641 995 2669 efﬁcaciam
1016 2640 1064 2667 Ita-

280 2690 398 2717 bueruut
414 2690 440 2717 in
457 2690 561 2717 sanctis
576 2689 621 2724 qui
637 2693 701 2716 sunt
719 2689 745 2715 in
759 2688 888 2715 universa
906 2693 989 2715 terra.

314 2781 335 2796 "
353 2781 422 2808 Gen.
449 2788 524 2813 xux,
540 2780 567 2807 9.
607 2780 630 2795 "
650 2778 751 2806 Jovem.
778 2787 815 2812 xu,
835 2779 878 2805 19.

313 2836 370 2871 (22)
392 2836 549 2872 Ἀνθρώπου
565 2838 635 2871 vulg.

931 2779 953 2795 "
970 2779 1023 2806 lsa.
1043 2787 1120 2813 um,
1135 2780 1161 2807 7.

1159 2275 1251 2309 Ἔχον
1271 2274 1380 2309 κέρατα
1399 2274 1484 2300 ἑπτά.
1508 2275 1619 2309 Κέρατα
1654 2274 1705 2309 τὴν
1726 2273 1842 2308 δύναμιν
1864 2283 1907 2310 ση-

1123 2321 1215 2355 μαίνει
1232 2321 1280 2347 καὶ
1296 2321 1345 2355 τὴν
1368 2320 1457 2352 δόξαν,
1477 2320 1514 2351 ὡς
1532 2321 1596 2346 ὅταν
1618 2320 1683 2355 περὶ
1700 2319 1750 2354 τῆς
1770 2320 1910 2354 δυνάμεως

1121 2367 1205 2403 λέγῃ”
1231 2377 1240 2392 ι
1267 2367 1359 2394 Πάντα
1383 2367 1417 2392 τὰ
1442 2366 1545 2400 κέρατα
1567 2365 1622 2392 τῶν
1648 2366 1819 2401 ἁμαρτωλῶν
1848 2374 1910 2392 συν-

1121 2414 1222 2440 θλάσω·
1245 2423 1254 2440 ι
1276 2414 1340 2448 περὶ
1359 2413 1388 2439 δὲ
1409 2413 1459 2446 τῆς
1476 2412 1554 2447 δόξης
1567 2420 1573 2426 ·
1595 2421 1603 2438 ι
1621 2413 1675 2438 Καὶ
1692 2411 1865 2447 ὑψωθήσεται
1882 2412 1912 2437 τὸ

1120 2460 1205 2494 κέρας
1217 2459 1265 2485 τοῦ
1280 2459 1396 2485 δικαίου.
1416 2468 1424 2484 ι

1155 2505 1185 2531 "A
1206 2506 1266 2531 εισι
1284 2506 1320 2532 τὰ
1340 2505 1414 2531 ἑπτὰ
1430 2505 1585 2538 πνεύματα
1601 2503 1654 2530 τοῦ
1677 2503 1762 2530 Θεοῦ.
1783 2503 1823 2529 Τὰ
1841 2503 1911 2528 ἑπτὰ

1118 2551 1274 2586 πνεύματα,
1292 2551 1320 2577 αἱ
1337 2551 1385 2577 τοῦ
1402 2551 1562 2586 Πνεύματος
1578 2551 1726 2585 ἐνέργειαι,
1739 2550 1789 2583 τῆς
1803 2549 1911 2581 σοφίας,

1118 2596 1167 2630 τῆς
1181 2596 1327 2627 συνέσεως,
1336 2596 1386 2630 τῆς
1400 2596 1537 2630 γνώσεως,
1559 2596 1609 2630 τῆς
1630 2596 1737 2631 βουλῆς,
1747 2595 1796 2629 τῆς
1809 2593 1911 2628 ἰσχύος,

1119 2642 1168 2676 τῆς
1179 2641 1332 2673 εὐσεϐείας,
1349 2642 1456 2668 καὶτοῦ
1472 2641 1555 2676 φόϐου
1570 2641 1617 2668 τοῦ
1634 2641 1712 2667 Θεοῦ.
1730 2641 1818 2674 Ain-sp
1834 2640 1912 2674 ἐνέρ-

1121 2696 1195 2722 γειαι
1225 2688 1272 2714 ἐπὶ
1300 2687 1364 2719 τοὺς
1393 2688 1433 2719 είς
1461 2689 1553 2715 πᾶσαν
1574 2688 1622 2723 τὴν
1646 2689 1698 2724 γῆν
1714 2688 1794 2718 ὂντας
1816 2685 1910 2720 ἁγίους

1120 2733 1167 2768 ὲνή
1173 2742 1224 2768 ργη
1229 2741 1289 2760 σαν.

1255 2781 1276 2796 ’⁸
1291 2780 1363 2808 Psal.
1380 2788 1471 2813 Lxxtv,
1487 2780 1530 2807 11.
