2095 3160
209 175 258 208 581

747 167 941 200 COMMENT.
964 167 1007 197 ΙΝ
1028 166 1296 198 APOCALYPSIN.

1794 168 1848 199 582

245 233 298 259 Kal
313 232 440 265 εῖληφεν
451 230 485 257 ἐκ
501 229 556 264 τῆς
574 228 676 261 δεξιᾶς
696 227 748 255 τοῦ
763 227 935 261 καθημένου
953 224 1001 250 ἐπὶ

1093 223 1126 250 Et
1151 224 1251 256 occepit
1272 223 1304 250 de
1326 223 1419 250 dextra
1442 223 1556 250 sedentis
1575 223 1603 249 in
1622 222 1716 249 throno
1740 222 1847 250 librant.

209 277 263 304 τοῦ
282 277 391 310 θρόνου
413 276 446 302 τὸ
468 275 601 308 βιϐλίον.
627 275 665 300 Τὸ
692 273 834 308 εἰληφέναι
859 271 889 297 τὸ
909 271 1004 305 ἀρνίον

210 323 242 349 ἐκ
255 323 303 357 τῆς
318 322 408 354 δεξιᾶς
422 321 470 347 τοῦ
493 321 650 355 καθημένου
672 319 719 345 ἐτιί
732 317 780 345 τοῦ
801 317 897 352 θρόνου
913 317 944 342 τδ
962 315 1004 350 βι-

210 367 300 399 ϐλίον,
334 367 405 394 κατὰ
427 366 458 393 τὺ
489 365 662 401 ἀνθρώπινον
695 365 822 399 νοητέον,
845 362 941 397 ὥσπερ
973 362 1003 388 τὸ

211 413 359 448 ἐσφάχθαι.
381 413 460 439 Κατὰ
477 413 532 446 γὰρ
549 412 579 438 τδ
601 412 683 444 θεῖον,
702 410 779 437 οὐδὲν
803 408 1005 443 ὲξιδιαζόμενον

210 460 271 490 ταῖς
288 459 377 492 τρισὶν
402 457 568 483 ὑποστάσεσι
588 457 642 482 τῶν
671 454 842 490 θεοπρεπῶν,
863 454 933 489 πλὴν
953 453 1002 487 τῆς

210 504 257 530 τοῦ
272 504 373 539 τρόπου
388 504 555 538 προαγωγῆς
569 503 616 529 τοῦ
632 503 783 537 ἁγεννήτου
797 502 844 527 καὶ
859 500 1003 535 γεννητοῦ,

211 550 259 576 καὶ
276 548 455 584 ἑκπορευτοῦ.

248 596 303 622 Καὶ
329 596 379 622 ὅτε
405 596 494 622 ἔλασε
519 595 553 622 τὸ
569 596 710 628 βιϐλίον,
728 595 765 622 τὰ
790 595 925 629 τέσσαρα
949 593 1006 624 τὼιι

211 642 261 669 καὶ
281 643 308 668 ol
328 641 534 674 εἰκοσιτέσσαί
542 650 574 674 ες
599 642 795 675 πρεσϐύτεροι
824 641 938 668 ἔπεσον
954 641 1003 667 ὲν-

211 687 306 713 ὡπιον
318 687 371 714 τοῦ
387 687 508 720 ἀρνίου,
521 687 645 721 ἔχοντες
658 687 790 720 ἕκαστος
809 687 935 720 κιθάραν
953 687 1004 714 καὶ

212 733 325 767 φιάλας
339 732 458 767 χρυσᾶς
478 734 630 767 γεμούσας
651 733 855 768 θυμιαμάτων.
872 734 904 759 al
925 734 1005 760 εἰσιν

211 781 241 806 αι
258 779 424 813 προσευχαὶ
440 778 500 806 τῶν
512 779 615 814 ἁγίων.
633 780 682 806 καὶ
699 779 828 813 ᾄδουσιν
843 779 925 812 ᾠδὴν
942 788 1005 806 και-

211 825 272 858 νὴν
284 824 426 858 λέγοντες
437 832 444 839 ·
463 824 560 857 Ἄξιος
573 823 602 852 εἴ
615 825 721 852 λαϐεῖν
737 824 772 851 τὸ
788 825 912 857 βιϐλίον
922 845 929 856 ,
953 825 1003 851 καὶ

211 870 329 902 ἀνοῖξαι
348 871 402 903 τὰς
418 870 586 904 σφραγῖδας
605 871 709 903 αὐτοῦ,
729 871 774 897 ὅτι
796 870 935 904 ἐσφάγης
955 870 1004 896 καὶ

210 915 364 949 mopqu
389 914 430 947 τῷ
454 915 515 948 Θεῷ
532 915 611 949 ἡμᾶς
625 915 660 942 ἐν
683 915 723 948 τῷ
744 915 846 949 αἵματι
869 923 938 942 σου.
968 915 1003 940 ἐκ

212 960 316 994 πάσης
339 960 443 995 φυλῆς
458 962 508 987 καὶ
526 962 670 995 γλώσσης
682 981 690 993 ,
716 961 765 988 καὶ
785 960 862 987 ,λαοῦ
886 960 935 986 καὶ
957 960 1004 986 ἕθ-

211 1014 297 1039 νους,
314 1006 364 1034 καὶ
378 1007 525 1041 ἐποίησας
540 1006 620 1042 ἡμᾶς
634 1007 675 1039 τῷ
689 1007 750 1039 Θεῷ
766 1006 851 1041 ἡμῶν
863 1007 1005 1039 ,βασιλεῖς

211 1053 260 1079 καὶ
273 1053 361 1086 Ιερεῖς
373 1061 380 1068 ·
400 1052 449 1079 καὶ
461 1053 691 1087 ,βασιλεύσομεν
706 1053 755 1079 ἐπὶ
772 1052 825 1086 τῆς
841 1053 907 1088 γῆς.

248 1098 281 1124 0i
298 1098 348 1132 μὲν
367 1098 536 1134 ὑπεροχικὰς
550 1098 626 1130 θείας
641 1099 812 1134 ἐξηγήσαντο
830 1098 959 1132 δυνάμεις
975 1098 1005 1125 τὸ

213 1144 465 1179 παντοκρατορικὺν
489 1144 537 1171 τοῦ
557 1144 625 1170 Θεοῦ
648 1145 714 1180 περὶ
737 1144 783 1171 τὸν
806 1145 838 1170 ὲκ
864 1145 1005 1179 τεσσάρων

214 1190 355 1224 στοιχείων
383 1190 624 1226 δημιουργηθέντα
650 1191 754 1225 κόσμον
777 1191 922 1225 ἐμφαίνειν
945 1191 1006 1222 οἵας

213 1242 244 1260 τε
268 1234 370 1266 οὖσαν
388 1236 413 1262 οἱ
429 1236 458 1263 δὲ
481 1237 612 1269 δυνάμεις
635 1238 701 1272 μὲν,
718 1239 833 1273 ἐφόρους
855 1239 883 1265 δὲ
902 1239 957 1265 τῶν
977 1239 1006 1271 ἐξ

213 1276 252 1305 ὦν
265 1280 324 1306 τόδε
341 1281 371 1307 τὸ
387 1282 440 1308 πᾶν
461 1282 567 1317 ὑπέστη
585 1283 736 1318 στοιχείων,
749 1284 779 1310 τὸ
795 1284 905 1318 διαρκὲς
922 1283 1005 1310 αὑτοῦ

215 1332 298 1360 συντη
302 1325 412 1360 ροὺσας.

253 1412 520 1439 Ἔπεσονένὼπιον
529 1414 581 1441 τοῦ
590 1414 705 1448 ἀρνίου.
714 1415 892 1442 Λαδόντατὸν
901 1416 1005 1452 Κύριον

215 1457 246 1483 τὸ
264 1457 366 1491 βιϐλίον
394 1459 602 1494 προσεκύνησαν
630 1461 730 1493 πάντες
751 1463 957 1497 προεγνωκότες
973 1464 1007 1498 ἥν

217 1502 309 1535 μέλλει
325 1504 463 1538 σωτηρίαν
479 1505 535 1536 τοῖς
551 1505 707 1540 ἀνθρώποις
726 1507 871 1537 ἐπιτελεῖν,
896 1509 1007 1535 κόλασιν

1055 270 1162 305 Agnum
1181 271 1321 304 accepisse
1339 270 1372 297 dc
1387 271 1499 297 dextera
1518 269 1638 297 sedentis
1657 269 1684 296 in
1702 269 1803 296 throno
1818 269 1850 296 li-

1055 319 1147 351 brum,
1159 319 1236 352 juxta
1249 319 1446 345 humanitatem
1462 317 1665 352 intelligendum
1681 321 1733 349 est,
1750 324 1849 351 quem-

1055 365 1202 392 admodum
1219 365 1342 391 occisum
1358 372 1419 392 esse
1434 373 1440 391 :
1455 364 1532 399 juxta
1546 364 1716 390 divinitatem
1732 370 1850 396 namque

1055 410 1123 437 nihil
1139 410 1279 444 proprium
1299 413 1342 437 est
1360 410 1448 437 tribus
1463 409 1589 444 personis
1607 417 1639 436 ex
1658 409 1700 436 his
1714 416 1775 443 quae
1794 407 1850 434 Deo

1055 457 1232 488 conveniunt,
1246 460 1344 490 praeter
1359 456 1470 483 modum
1485 455 1673 490 productionis
1690 454 1803 489 iugeniti
1821 458 1850 480 et

1055 502 1136 536 geniti
1155 509 1187 529 ac
1206 502 1391 536 procedentis.

1092 590 1210 625 Cumque
1229 591 1369 625 accepisset
1392 590 1508 622 librum,
1531 595 1647 625 quatuor
1671 590 1803 617 animalia
1824 595 1856 622 et,

1055 637 1153 671 viginti
1167 641 1283 670 quatuor
1301 636 1415 662 seniores
1425 635 1594 669 prociderunt
1609 643 1700 661 coram
1715 634 1789 669 Agna
1803 635 1852 662 hu-

1056 683 1142 709 bentes
1159 682 1258 716 singuli
1274 682 1392 708 citharas
1411 687 1435 708 et
1452 681 1556 715 phialas
1574 689 1669 708 aureas
1686 681 1777 716 plenas
1788 682 1852 708 odo—

1056 733 1251 759 ramentorum,
1273 736 1332 762 qua:
1353 732 1415 754 sunt
1438 728 1602 762 precationes
1622 733 1799 755 sanctorum:
1826 733 1852 755 et

1056 778 1152 800 canunt
1167 774 1298 800 canticum
1313 782 1406 800 novum
1420 775 1534 800 dicentes
1546 781 1556 800 :
1574 773 1674 808 Dignus
1689 781 1716 800 es
1733 774 1852 808 accipere

1055 818 1152 845 librum
1175 825 1200 846 et
1222 820 1325 852 aperire
1350 819 1490 854 signacula
1506 819 1575 854 ejus,
1596 820 1722 854 quoniam
1749 820 1852 846 occisus

1056 865 1131 899 fuisti
1155 870 1178 891 et
1196 866 1329 893 redemisti
1354 873 1400 892 nos
1420 865 1475 892 Deo
1493 873 1539 899 per
1552 866 1709 900 sanguinem
1722 872 1797 893 tuum
1818 873 1851 893 ea:

1056 911 1128 937 omni
1141 911 1211 937 tribu
1230 917 1253 937 et
1271 911 1362 946 lingua
1374 916 1398 938 et
1419 911 1516 945 populo
1539 915 1564 938 et
1578 911 1695 943 natione,
1713 916 1737 938 et
1762 911 1850 946 fecisti

1056 965 1103 983 nos
1118 956 1172 983 Dea
1185 961 1274 983 nostro
1288 964 1394 991 regnum
1413 960 1436 983 et
1451 955 1602 983 sacerdotes
1615 963 1624 984 :
1640 960 1665 983 et
1681 957 1850 991 regnabintus

1056 1002 1082 1028 in
1098 1007 1180 1029 terra.

1092 1094 1208 1127 Quidam
1226 1101 1292 1121 sane
1320 1093 1483 1128 uterpretati
1500 1097 1566 1121 sunt
1582 1093 1641 1121 haec
1654 1098 1774 1128 quatuor
1790 1093 1851 1120 ani-

1057 1141 1139 1167 malia
1170 1140 1336 1167 excellentes
1367 1139 1476 1167 divinas
1505 1139 1621 1166 virtutes
1645 1139 1851 1174 qualescunque

1057 1185 1110 1212 illa:
1134 1186 1206 1218 sint,
1233 1193 1294 1219 qua:
1319 1185 1365 1212 Dei
1393 1184 1544 1219 potentiam
1572 1184 1750 1218 designarent
1777 1185 1851 1211 circa

1057 1231 1189 1258 mundum
1214 1239 1246 1257 ex
1267 1235 1385 1264 quatuor
1400 1229 1545 1256 elenlentis
1570 1229 1753 1256 constitutum
1773 1238 1781 1256 :
1803 1229 1850 1256 alii

1057 1284 1122 1303 vero
1135 1278 1250 1303 virtutes
1265 1276 1389 1310 quidem,
1405 1275 1452 1302 sed
1468 1282 1529 1310 qua:
1541 1274 1684 1302 elementis
1698 1274 1853 1309 praeﬁciun-

1059 1325 1111 1353 tur.
1125 1322 1197 1348 unde
1213 1322 1302 1356 ipsum
1318 1321 1442 1348 subsistit
1459 1321 1631 1352 universum,
1647 1325 1675 1347 et
1687 1327 1748 1354 qua:
1761 1320 1851 1355 ipsum

1057 1373 1222 1396 conservant
1236 1372 1264 1394 ut
1276 1373 1444 1402 permaneat.

1093 1414 1267 1440 Prociderunt
1287 1421 1378 1440 eorum
1395 1421 1473 1448 agno.
1499 1413 1606 1447 Agnum
1622 1412 1669 1447 qui
1692 1412 1798 1447 accepit
1818 1412 1852 1439 li-

1058 1459 1138 1486 brum
1167 1459 1318 1486 adorarunt
1342 1466 1438 1485 omnes
1461 1458 1507 1492 qui
1524 1458 1703 1492 prtescierunt
1732 1457 1850 1485 salutem

1059 1513 1141 1540 quam
1164 1505 1320 1532 hominibus
1345 1504 1430 1539 698
1451 1504 1611 1535 exhiberet,
1634 1508 1660 1530 ct
1687 1503 1852 1538 supplicium

215 1548 244 1574 δὲ
263 1550 319 1581 τοίς
341 1550 507 1584 ἀκαθάρτοις
526 1551 646 1586 δαίμοσι.
664 1553 700 1578 Τὸ
714 1553 743 1578 δὲ
763 1554 835 1588 ἔχειν
856 1555 1006 1589 πρεσϐυτέ-

1060 1552 1129 1585 quod
1146 1551 1260 1585 impuris
1275 1550 1445 1577 daemonibus
1466 1549 1609 1583 iulligcret.
1629 1548 1714 1575 Porro
1730 1549 1853 1575 seniores

218 1602 282 1628 ρους
301 1595 417 1629 κιθάρας
441 1596 471 1622 τὸ
495 1597 657 1631 ἐναρμόνιον
682 1598 757 1633 δηλοῖ
774 1601 820 1625 καὶ
841 1600 939 1636 εὔηχον
958 1603 1007 1636 τῆς

216 1640 256 1670 εἰς
269 1639 334 1666 θεὸν
347 1640 510 1675 δοξολογίας.
526 1643 559 1668 Δί
572 1642 600 1669 δὲ
616 1644 835 1678 χρυσαῖνφιάλαι,
851 1647 879 1672 αξ
892 1647 1008 1673 διάνοιαί

216 1686 270 1712 εἱσι
286 1686 341 1712 τῶν
363 1687 557 1722 ἐργαζομένων
578 1689 612 1715 τὰ
641 1689 751 1725 θεοφιλῆ
775 1691 828 1725 (διὸ
850 1694 896 1718 καὶ
915 1693 1008 1728 χρυσῷ

217 1732 450 1768 ὺπεσημάνθησαν
472 1733 525 1760 ἀπὸ
550 1734 600 1769 τῆς
623 1735 687 1769 παρ’
709 1736 776 1770 ἡμῖν
793 1737 887 1770 τιμίας
912 1737 1007 1772 ὕλης),

215 1777 258 1810 τῷ
278 1777 459 1813 ὲνδελεχισμῷ
478 1780 528 1814 τῆς
547 1780 614 1815 πρὸς
636 1781 666 1806 τὸ
689 1781 760 1807 θεῖον
776 1783 951 1816 ἀναστάσεως
979 1785 1009 1810 τὸ

217 1823 289 1850 κατὰ
314 1824 455 1859 προκοπὴν
475 1825 566 1860 τίμιον
579 1826 747 1860 εὑρηκότων.
776 1828 823 1854 Ἐκ
844 1828 947 1855 τούτων
963 1831 1009 1856 καὶ

217 1868 253 1894 τὰ
271 1869 452 1904 ἐξατμίζοντα
465 1870 495 1896 τὺ
516 1871 583 1906 ἴαμα
599 1871 648 1905 τῆς
664 1873 726 1898 καθ’
746 1873 826 1908 ἡμῶν
839 1874 946 1906 δικαίας
962 1875 1009 1902 τοῦ

218 1913 287 1939 Θεοῦ
301 1914 384 1949 ὀργῆς
401 1915 544 1950 ἐνάμιλλον
559 1916 614 1942 τῶν
630 1918 754 1952 πονηρῶν
772 1920 1007 1954 ἐπιτηδευμάτων,

219 1959 372 1986 ἀναδίδοται
399 1961 570 1996 ϐυμιάματα.
597 1963 642 1989 Διὸ
663 1963 711 1990 καὶ
737 1965 922 1999 θυμιάματα,
950 1967 1010 2001 οὐχὶ

218 2004 354 2039 ἀρώματα
372 2006 489 2040 εἴρηται.
518 2017 526 2032 ι
556 2007 638 2041 Ἰαμα
663 2017 672 2033 ι
694 2008 758 2044 γὰρ,
782 2010 850 2036 κατὰ
870 2010 915 2036 τὸν
935 2011 1011 2046 εἰρη-

219 2050 296 2080 κότα,
312 2058 322 2074 ι
342 2050 521 2077 Καταπαύσει
545 2052 684 2087 ἁμαρτίας
709 2053 840 2087 μεγάλας.
862 2063 871 2079 ι
892 2056 947 2081 Καὶ
970 2057 1011 2083 ὅτι

219 2093 259 2124 εἰς
286 2094 374 2128 θυμοῦ
402 2094 470 2129 ἴαμα
487 2096 515 2121 αἱ
532 2095 684 2131 προσὲυχαὶ
710 2097 764 2123 τῶν
780 2098 865 2130 ἁγίων
883 2099 942 2134 Θεῷ
966 2100 1012 2126 ὲν-

219 2139 403 2173 τυγχὰνουσι,
424 2140 522 2175 δῆλον·
541 2151 550 2167 ›
566 2143 599 2167 ὲκ
627 2143 676 2177 μὲν
696 2143 744 2177 τῆς
774 2145 894 2176 Ιῖαλαιᾶς
911 2146 945 2172 δι’
974 2145 1012 2174 ὧν

221 2194 288 2220 φησι
297 2186 434 2221 Σαμουήλ-
449 2196 458 2212 ι
472 2187 534 2214 Ἐὰν
546 2189 585 2219 εἰς
594 2188 641 2214 τὸν
654 2188 719 2215 Θεὸν
734 2189 848 2226 ἁμάρτῃ
857 2200 910 2223 τις,
922 2201 1009 2227 προσ-

220 2231 329 2264 εύξεται
357 2233 422 2268 περὶ
449 2233 533 2259 αὐτοῦ
547 2239 555 2247 ·
579 2235 612 2260 ἐκ
631 2234 660 2261 δὲ
683 2235 734 2270 τῆς
757 2236 841 2268 Νέας,
865 2238 899 2264 δι’
925 2235 962 2265 ὦν
985 2241 1009 2266 οἱ

222 2275 289 2302 θεῖοι
310 2276 357 2303 τοῦ
379 2278 482 2313 Κυρίου
501 2279 622 2313 μαθηταὶ
643 2279 716 2306 λύειν
734 2281 782 2307 καὶ
796 2281 905 2317 δεσμεῖν
922 2284 1013 2319 ἁμαρ-

219 2321 282 2352 τὶας
302 2322 427 2354 ἐξουσίαν
443 2322 550 2350 ἔλαϐον.
568 2325 605 2350 Τὸ
620 2324 648 2351 δὲ
666 2325 763 2361 καινὴν
780 2326 853 2362 ᾅδειν
869 2328 952 2364 ᾠδὴν,
969 2330 1013 2356 διὰ

221 2367 253 2392 τὸ
264 2365 333 2394 εἶναι
353 2369 445 2395 καινὸν
463 2370 510 2395 καὶ
527 2370 558 2396 τὸ
576 2370 733 2406 ἱλαστήριον
750 2373 796 2399 τοῦ
809 2373 896 2408 θυμοῦ
915 2375 952 2407 ὡς
965 2376 1013 2411 ἀρ-

222 2413 281 2440 νίου
293 2414 469 2448 ἐσφαγμένου
482 2416 601 2450 Χριστοῦ
615 2417 655 2447 εἰς
670 2417 805 2453 κάθαρσιν
818 2421 864 2446 καὶ
877 2421 1014 2456 σωτηρίαν

221 2461 270 2487 τοῦ
288 2461 392 2497 κόσμου
415 2462 527 2495 παντὸς,
542 2463 613 2498 ὑπὲρ
626 2461 657 2490 οὗ
674 2465 721 2490 καὶ
742 2465 846 2498 ἀνοῖξαι
863 2466 894 2493 τὸ
911 2467 1014 2501 βιϐλίον

223 2507 301 2542 ἐδόθη
318 2508 392 2543 αὐτῷ
416 2509 463 2535 καὶ
479 2508 560 2535 λῦσαι
584 2511 633 2542 τὰς
655 2512 822 2546 σφραγῖδας,
845 2513 883 2545 ὡς
905 2515 948 2541 διὰ
965 2514 1013 2541 τοῦ

223 2554 340 2589 αἵματος
360 2555 443 2581 αὑτοῦ
463 2556 629 2590 ἁγοράσαντι
652 2558 726 2592 ἡμᾶς
743 2559 776 2584 ὲκ
795 2559 895 2591 παντὸς
919 2559 1014 2592 ἔθνους

223 2599 272 2626 καὶ
287 2599 412 2634 γλώσσης
434 2600 553 2635 ἀπάσης.
572 2601 657 2628 Τοῦτο
681 2604 735 2638 γὰρ
759 2606 776 2638 ἡ
793 2605 871 2641 καινὴ
888 2606 954 2642 ᾠδὴ,
976 2607 1011 2634 δι’

223 2645 258 2679 ῆν
277 2646 326 2680 τῆς
342 2645 524 2681 παλαιότητος
537 2646 583 2673 τοῦ
602 2649 728 2683 γραπτοῦ
745 2650 827 2684 νόμου
842 2651 1015 2686 ἀπαλλαγέν-

223 2699 287 2723 τες,
301 2693 331 2718 ἐν
348 2693 490 2728 καινότητι
503 2693 531 2720 δὲ
549 2695 621 2729 ζωῆς
637 2697 851 2731 περιπατοῦντες
865 2699 889 2724 ot
912 2699 944 2726 ὲκ
962 2700 1016 2727 πά-

224 2746 276 2769 σης
295 2739 345 2773 τῆς
359 2739 410 2772 γῆς
425 2741 675 2774 καταυγασθέντες,
693 2742 766 2777 ᾄδειν
791 2745 956 2780 χαριστήρια
970 2746 1015 2774 διὰ

223 2783 271 2810 τοῦ
289 2783 362 2810 θείου
379 2785 535 2821 Πνεύματος
549 2787 738 2825 ἐδιδάχθημεν.

261 2874 284 2889 ¹¹
297 2874 385 2903 Eccle.
402 2884 429 2909 x,
444 2877 470 2904 4.

1061 1598 1161 1624 habere
1182 1597 1315 1630 citharas,
1329 1596 1543 1628 coucinuun|_ac
1563 1603 1675 1622 suavem
1691 1603 1790 1622 sonum
1813 1595 1853 1622 si-

1060 1644 1171 1679 gnilicat
1196 1643 1402 1678 gloiilirationis
1433 1649 1496 1676 erga
1528 1641 1614 1668 Deum
1640 1649 1647 1666 :
1671 1648 1761 1667 aurea:
1789 1647 1853 1666 vero

1060 1690 1178 1724 pltialzu,
1208 1694 1312 1716 utentes
1336 1696 1397 1722 qua:
1419 1693 1496 1722 grata
1519 1687 1575 1714 Deo
1598 1694 1681 1721 opera
1710 1686 1855 1720 pcrliciunt

1061 1736 1070 1770 (
1083 1736 1141 1762 ideo
1156 1743 1264 1769 quoque
1278 1743 1325 1768 per
1346 1742 1443 1760 aurum
1459 1733 1606 1767 designata:
1619 1736 1692 1764 sunt,
1710 1733 1853 1758 materiam

1061 1781 1132 1815 apud
1152 1789 1202 1807 nos
1218 1781 1388 1814 pretiosmu),
1405 1787 1467 1813 qua:
1486 1787 1519 1805 t'X
1535 1786 1568 1805 eo
1585 1779 1658 1813 quod
1675 1778 1786 1804 assidue
1802 1778 1856 1803 eri-

1061 1831 1163 1861 guntur
1184 1826 1217 1853 ad
1234 1826 1258 1852 id
1281 1826 1353 1860 quod
1379 1825 1502 1852 divinum
1526 1830 1584 1856 est,
1610 1823 1752 1859 prteluium
1776 1822 1854 1857 juxta

1061 1880 1235 1908 progressum
1266 1873 1291 1898 in
1322 1872 1422 1898 virtute
1447 1871 1622 1897 invenerunt.
1647 1870 1686 1896 Ex
1705 1869 1748 1896 his
1772 1869 1855 1896 etiam

1063 1918 1215 1953 pret-edunt
1230 1918 1407 1944 otloramenta
1423 1916 1601 1951 evaporanlia
1622 1915 1706 1950 justa:
1731 1914 1777 1941 Dei
1805 1915 1856 1941 ad-

1062 1971 1173 1990 versum
1190 1971 1240 1990 nos
1263 1963 1310 1989 ira:
1329 1963 1500 1989 curationem
1521 1969 1582 1996 qtae
1610 1968 1693 1995 prava
1716 1964 1858 1995 oppugnat

1063 2009 1152 2036 studia
1170 2017 1177 2034 :
1195 2009 1255 2035 idco
1271 2009 1353 2034 etiam
1366 2008 1537 2034 odorantenta
1554 2007 1636 2038 dixit,
1652 2014 1706 2033 non
1719 2011 1854 2033 aromata.

1065 2063 1075 2080 ι
1091 2054 1203 2081 Curatio
1226 2063 1236 2080 ›
1254 2054 1338 2084 enim,
1362 2058 1391 2080 ut
1420 2052 1490 2079 dixit
1514 2052 1569 2084 ille,
1599 2060 1608 2076 ι
1635 2051 1750 2079 Ccssare
1774 2050 1857 2077 faciet

1063 2105 1173 2136 peccata
1198 2107 1295 2134 niagua
1309 2100 1343 2126 ".
1365 2109 1375 2125 ι
1393 2098 1472 2131 Quod
1497 2103 1589 2124 autem
1615 2097 1649 2124 ad
1674 2097 1758 2123 animi
1775 2104 1856 2124 cura-

1064 2146 1167 2173 tionem
1191 2151 1350 2172 sauctorum
1384 2143 1556 2178 precationes
1582 2141 1757 2176 interpellent
1783 2141 1856 2174 apud

1065 2192 1167 2222 Deum,
1185 2196 1212 2218 et
1231 2199 1263 2217 ex
1279 2189 1370 2217 Veteri
1396 2189 1573 2216 Testamento
1598 2187 1775 2214 manifestum
1796 2192 1855 2219 est,

1063 2247 1124 2266 cum
1143 2238 1181 2264 ait
1195 2236 1307 2264 Samuel
1325 2245 1332 2263 :
1351 2236 1380 2262 Si
1395 2235 1456 2270 quis
1470 2234 1496 2260 in
1515 2234 1599 2261 Deum
1616 2234 1780 2268 peccaverit,
1795 2241 1858 2268 pre-

1062 2284 1169 2312 cabitur
1178 2291 1226 2317 pro
1241 2290 1273 2308 co
1287 2290 1294 2308 :
1309 2289 1341 2308 ex
1355 2281 1431 2307 Novo
1441 2285 1545 2310 autem,
1555 2287 1617 2306 cum
1627 2279 1715 2306 sancti
1729 2278 1857 2313 discipuli

1062 2329 1170 2356 Domini
1187 2331 1354 2362 acceperunt
1371 2329 1535 2360 potestatem
1550 2324 1675 2352 solvendi
1694 2329 1806 2360 peccata
1825 2332 1858 2351 ac

1065 2375 1175 2410 ligandi.
1193 2373 1277 2400 Porro
1295 2380 1393 2398 novum
1407 2371 1542 2398 canebant.
1557 2371 1706 2398 canticum.
1726 2370 1789 2406 quia
1806 2378 1858 2397 no-

1064 2429 1125 2449 vqu
1137 2424 1195 2448 erat
1207 2419 1279 2454 quod
1295 2418 1362 2445 iram
1375 2417 1505 2452 placaret,
1516 2416 1589 2451 quod
1601 2416 1713 2444 occisus
1726 2416 1762 2443 sit
1772 2424 1858 2451 agnus

1063 2467 1192 2494 Christus
1216 2466 1248 2492 ad
1273 2464 1456 2498 expiationem
1478 2470 1510 2489 ac
1532 2462 1647 2490 salutem
1671 2462 1790 2489 universi
1811 2470 1857 2488 or-

1062 2514 1106 2542 bis
1121 2522 1128 2547 ;
1147 2513 1207 2540 idco
1226 2518 1336 2547 quoque
1350 2511 1431 2538 datus
1448 2515 1490 2537 est
1504 2510 1543 2537 illi
1567 2510 1635 2537 liber
1651 2514 1678 2535 ut
1695 2508 1813 2543 aperiret
1827 2515 1859 2535 ac

1062 2560 1180 2588 solveret
1208 2557 1362 2592 signacula,
1381 2561 1412 2583 ut
1435 2556 1482 2591 qui
1509 2564 1557 2591 per
1584 2555 1745 2590 sanguinem
1776 2562 1856 2580 suum

1061 2604 1206 2633 redemerit
1230 2611 1280 2630 nos
1301 2610 1334 2629 ex
1351 2602 1427 2629 omni
1455 2603 1566 2629 natione
1592 2601 1723 2635 omnique
1741 2600 1831 2634 lingua
1848 2610 1855 2627 :

1068 2658 1131 2678 nam
1156 2650 1206 2676 hoc
1223 2654 1264 2675 est
1284 2656 1384 2675 novum
1407 2648 1543 2674 canticum
1564 2655 1570 2674 :
1593 2651 1704 2681 propter
1720 2646 1791 2679 quod
1810 2646 1857 2680 qui

1068 2704 1101 2724 ex
1119 2695 1194 2722 omni
1215 2699 1286 2721 terra
1310 2694 1436 2721 illustrati
1453 2701 1560 2726 sumus,
1579 2693 1748 2720 discedentes
1764 2700 1795 2718 cx
1812 2700 1858 2719 ve-

1070 2747 1171 2769 tustate
1184 2741 1252 2776 legis
1263 2740 1381 2774 scriptae,
1393 2744 1419 2766 et
1428 2739 1600 2766 ambulantes
1611 2738 1638 2766 in
1653 2738 1771 2765 novitate
1784 2737 1857 2772 vitre,

1070 2787 1158 2814 cdocti
1177 2793 1273 2814 sumus
1284 2792 1383 2813 canere
1396 2792 1509 2812 munera
1524 2792 1571 2820 per
1586 2783 1717 2818 Spiritum
1731 2788 1858 2811 sanctum

1070 2834 1183 2861 donata.
