2095 3160
257 143 310 177 583

291 201 334 229 Ex
346 199 419 228 omni
437 198 508 227 tribu
523 203 548 226 et
561 199 663 234 lingua.
679 198 785 231 Dicere,
800 207 832 226 ex
847 200 918 226 omni
939 201 1010 227 tribu
1024 205 1048 227 et
1061 203 1088 233 Α

245 247 345 282 lingua
357 266 365 277 .
381 251 407 280 et
421 253 486 284 non,
521 245 623 282 tribum
646 249 672 271 et
689 245 821 279 linguam,
841 245 1045 273 distinctionem

255 293 335 320 docet
358 291 429 327 quod
452 299 505 318 non
527 297 633 321 omnes,
664 290 711 316 sed
736 289 847 324 quidam
865 290 938 325 digni
962 290 1047 318 hahiti

255 337 361 364 fuerint
375 336 421 371 qui
436 343 450 362 a
465 335 523 362 suis
537 334 679 361 laboribus
692 334 766 362 caede
781 334 844 370 agni
856 340 883 362 et
898 343 946 371 per
961 335 1047 370 ipsius

256 383 415 418 sanguinem
431 381 645 411 redimerentur.

291 477 325 504 Et
350 476 435 512 fecisti
450 484 497 502 nos
522 476 574 503 Dea
595 467 685 503 nostra
708 485 815 512 regnum
837 483 861 504 et
887 478 1045 506 sacerdotes.

255 523 319 550 llaec
337 523 419 550 etiam
434 522 512 557 juxta
527 522 645 561 litteram
665 522 720 557 iam
735 524 889 551 sortiuntur
910 525 1046 558 eﬂ‘ectum,

246 574 398 604 propterea
414 569 487 603 quod
505 572 533 595 et
550 576 627 604 reges
640 573 668 595 et
680 570 848 602 sacerdotes,
865 570 912 598 Dei
928 571 1048 599 cultores

244 622 286 647 ac
305 614 398 641 ﬁdeles
412 620 600 649 perseverant.
616 615 710 643 Potest
735 621 826 644 autem
850 623 877 644 et
902 619 1048 647 sublimius

254 659 368 694 intelligi
387 665 416 686 ut
432 668 510 694 reges
529 660 640 695 quidem
665 662 721 689 sint
742 664 789 696 qui
806 663 908 698 regiam
925 664 1048 692 victoria:

254 713 386 733 coronam
399 706 531 734 adversus
544 706 659 734 allectus
673 708 755 741 capiti
767 708 868 738 habent
878 710 1047 745 impositam,

254 752 410 779 sacerdotes
421 759 485 779 vero
496 752 542 787 qui
555 752 670 779 hostiam
682 754 770 780 vivam
781 754 835 781 Deo
847 756 1046 790 acceptabilem

255 798 361 832 seipsos
375 798 568 825 exhibuerunt.
587 798 638 831 Qui
655 799 734 833 juxta
752 800 822 827 hanc
845 801 1049 836 interpretatio-

255 850 316 869 nem
351 842 434 869 tradit
469 842 564 869 haberi
599 847 710 875 terram,
749 846 902 873 mansuetis
947 854 962 873 a
995 847 1051 873 Do-

663 139 829 170 ARETH/E
848 139 1037 171 C/ESAREIE
1054 140 1297 172 CAPPADOCl/E
1315 141 1489 173 EPISCOPI

1840 138 1892 174 58l-

1141 202 1193 228 Ἐκ
1209 201 1312 234 πάσης
1329 201 1432 236 φυλῆς
1447 201 1496 229 καὶ
1510 201 1665 236 γλώσσης.
1681 200 1729 233 To,
1741 200 1775 227 ἐκ
1790 199 1892 234 πάσης

1099 247 1202 282 φυλῆς
1216 248 1266 274 καὶ
1284 249 1439 282 γλώσσης,
1461 249 1560 280 εἰπεῖν,
1579 248 1647 274 ἀλλὰ
1665 247 1714 282 μὴ,
1734 247 1826 274 πᾶσαν
1842 255 1892 281 φυ-

1091 293 1148 328 ,λὴν
1175 294 1224 320 καὶ
1250 294 1396 328 γλῶσσαν,
1422 294 1566 329 διαστολὴν
1596 295 1746 329 εἰσηγεῖται
1776 292 1824 319 τοῦ
1854 292 1891 327 μὴ

1099 339 1215 370 πάντας,
1232 339 1301 366 ἀλλὰ
1314 339 1390 370 τινὰς
1405 339 1538 374 ἠξιῶσθαι
1558 338 1589 371 ἐξ
1607 338 1716 365 οἰκείων
1735 338 1824 364 πόνων
1842 336 1892 371 τῆς

1090 384 1153 414 γάπὸ
1172 386 1219 412 τοῦ
1240 386 1334 421 ἀρνίου
1356 385 1465 420 σφαγῆς
1488 385 1527 422 τῷ
1554 385 1650 420 αἵματι
1671 384 1767 411 τούτου
1787 383 1891 419 ἀγορα-

1094 431 1206 468 ¹σθῆναι.

1134 488 1190 514 Καὶ
1221 488 1370 521 ἐποίησας
1397 486 1477 522 ἡμᾶς
1498 486 1538 519 τῷ
1564 486 1625 519 Θεῷ
1647 485 1731 521 ἡμῶν
1749 485 1892 519 ,βασιλεῖς

1099 532 1149 560 καὶ
1170 533 1268 566 ίερεῖς.
1290 532 1376 559 Τοῦτο
1400 533 1448 559 καὶ
1469 532 1517 559 ἀπ’
1542 532 1668 559 ἐντεῦθεν
1692 532 1743 566 ἥδη
1765 532 1836 559 κατὰ
1859 531 1891 558 τὸ

1100 579 1219 613 γράμμα
1233 579 1404 613 λαμόάνονσι
1418 578 1504 611 τέλος,
1520 578 1581 606 καθ’
1592 579 1632 605 ὅτι
1645 578 1692 605 καὶ
1708 577 1828 612 βασιλεῖς
1844 577 1891 604 καὶ

1102 624 1184 660 ίερεῖς
1215 624 1382 659 θεράποντες
1406 624 1475 652 Θεοῦ
1494 625 1543 660 τῆς
1567 624 1686 655 πίστεως
1711 623 1889 650 διατελοῦσιν.

1102 671 1180 696 Ἐστι
1194 670 1224 704 δὲ
1240 671 1336 704 νοῆσαι
1358 671 1405 697 καὶ
1421 670 1671 706 θεωρητικώτερον,
1688 669 1808 704 βασιλεῖς
1828 669 1889 704 μὲν,

1100 716 1164 748 τοὺς
1179 716 1250 743 κατὰ
1266 716 1322 743 τῶν
1337 717 1431 743 παθῶν
1456 716 1507 751 τῆς
1519 717 1598 751 νίκης
1613 716 1659 743 τὸν
1677 715 1812 751 βασίλειον
1832 715 1892 741 στέ-

1090 771 1186 797 ¹φανον
1201 763 1423 797 ἀναδησαμένους
1436 771 1444 778 ·
1460 763 1543 798 ἱερεῖς
1556 762 1597 794 δὲ,
1613 762 1676 794 τοὺς
1689 761 1784 789 ουσίαν
1800 760 1891 792 ζῶσαν

1103 808 1252 843 εὐάρεστον
1265 810 1304 844 τῷ
1320 809 1380 845 Θεῷ
1396 810 1509 840 ἑαυτοὺς
1522 808 1733 844 κατηρτιχότας.
1748 807 1826 834 Κατὰ
1840 806 1890 842 τὴν

1102 854 1217 888 ἐκδοχὴν
1229 854 1342 889 ταύτην,
1359 854 1407 881 καὶ
1419 855 1434 880 ὸ
1444 854 1492 889 τὴν
1504 854 1555 889 γῆν
1570 854 1619 888 τὴν
1633 854 1689 884 τοῖς
1708 852 1823 887 πραέσιν
1838 851 1891 877 ὑπὸ

255 888 331 914 mino
341 887 404 921 jure
419 887 592 915 hereditario
606 889 784 923 promissam,
809 897 982 926 nequaquam
1003 892 1047 920 iu-

1099 887 1204 932 Κυρίου
1219 887 1429 933 ἐπηγγελμένην
1443 887 1744 933 κατακληρονομεῐσθαι
1764 896 1889 931 στοιχὼν,

244 937 295 959 Διον
308 940 355 959 eos
368 932 414 968 qui
432 940 450 967 ιι
463 940 545 968 scopo
566 933 695 969 aberrant
709 935 815 962 censeri
827 940 927 970 potest.

289 987 324 1013 Et
343 988 508 1022 regnabimus
525 989 552 1015 in
568 993 650 1018 terra.
665 990 749 1025 699
767 991 844 1024 Quod
862 992 955 1020 dicunt
970 1001 978 1019 :
997 992 1049 1020 Re-
1089 1009 1092 1012 ~

254 1034 399 1067 gnabnnus
422 1033 449 1060 in
466 1038 550 1066 terra,
569 1035 646 1069 juxta
666 1038 861 1071 promptiorem
879 1038 1048 1066 intellectum

243 1083 281 1106 ,οι
294 1078 342 1113 qui
359 1079 453 1107 multis
469 1080 586 1113 videtur,
606 1082 717 1108 modum
739 1083 847 1110 vivendi
867 1083 946 1118 juxta
962 1084 1048 1119 legem

253 1125 398 1159 designat,
426 1126 472 1160 qui
498 1126 585 1161 magis
610 1127 812 1156 introductivus
834 1134 887 1159 est.
913 1135 941 1157 et
965 1131 1048 1158 veluti

245 1171 365 1199 tradens
380 1172 518 1200 elementa
535 1172 743 1207 perfectissimae
763 1176 984 1204 conversationis
1000 1185 1045 1204 se.

253 1217 374 1244 cundum
401 1217 551 1250 Christum,
574 1224 711 1253 quatenus
739 1220 807 1247 nihil
837 1221 870 1248 ad
898 1220 1046 1255 perlectum

253 1262 333 1289 dux-it
348 1263 400 1290 lex.
416 1262 498 1290 Juxta
516 1271 611 1291 verum
632 1269 722 1294 autem
740 1266 908 1298 intellectum
924 1274 983 1294 eam
996 1267 1047 1294 de-

254 1307 345 1342 signat
361 1308 443 1336 vitam
459 1309 567 1336 beatam
587 1316 804 1346 perpetuamque
819 1319 851 1339 ac
871 1313 1048 1340 indissolubi-

253 1353 318 1385 lem,
332 1362 394 1389 quas
416 1355 442 1381 in
470 1354 564 1382 futuro
584 1357 638 1384 erit
659 1357 781 1385 saeculo:
806 1358 923 1393 ideoque
942 1358 970 1385 in
995 1357 1048 1385 line

242 1401 306 1428 -hoc
319 1400 458 1428 insiiutatu
464 1408 486 1428 r.

295 1456 327 1489 V,
352 1456 448 1483 ll-M.
471 1456 506 1482 Et
527 1457 581 1483 vidi
593 1462 618 1484 et
637 1458 728 1485 audivi
743 1464 870 1494 tanquam
893 1468 980 1486 vocem
997 1468 1046 1486 an-

253 1501 371 1536 gelorum
392 1502 537 1529 multorum
556 1503 584 1529 in
604 1504 717 1530 circuitu
736 1505 824 1531 throni
842 1509 866 1531 et
887 1505 1046 1531 animalium

242 1553 278 1574 ἰιι
295 1549 439 1574 seniorum.
454 1548 488 1575 Et
504 1553 562 1575 erat
582 1557 706 1576 numerus
729 1559 820 1578 eorum
841 1551 973 1586 myriades
989 1559 1045 1585 my-

1097 1559 1156 1586 τῶν
1171 1560 1390 1595 πρεσϐυτέρων.
1412 1548 1468 1589 Kal
1485 1560 1525 1597 ἦν

253 1594 358 1620 riadum
373 1599 399 1621 et
412 1595 498 1621 millia
518 1596 632 1622 millium
648 1597 764 1623 dicentia
792 1605 851 1624 voce
866 1606 962 1632 magna
974 1606 983 1624 :
1000 1597 1048 1624 Di~

251 1647 318 1674 gnus
334 1644 372 1666 est
388 1640 478 1675 Agnus
499 1643 544 1675 qui
561 1642 663 1668 occisus
673 1642 723 1676 [uit
735 1644 850 1675 accipere
866 1644 1011 1677 potentiori:
1024 1648 1050 1670 et

252 1686 360 1712 divitias
369 1691 393 1712 et
407 1687 575 1721 sapientiam,
592 1692 616 1713 et
634 1687 830 1722 fortitudinem,
843 1694 868 1715 et
876 1689 1009 1720 honorent,
1024 1693 1049 1715 et
1085 1699 1087 1703 ι

253 1731 376 1766 gloriam,
389 1736 414 1758 et
431 1732 649 1759 benedictionem.
662 1733 696 1760 Et
708 1742 810 1760 onmem
824 1740 973 1761 creaturam
990 1742 1049 1769 qut‘e

253 1782 311 1803 erat
322 1777 349 1804 in
364 1778 428 1804 caelo
441 1782 465 1804 et
479 1778 506 1804 in
523 1783 593 1804 terra
608 1783 632 1805 et
651 1781 740 1806 subter
756 1785 854 1806 terram
870 1785 895 1806 et
914 1781 942 1806 in
966 1780 1044 1812 mari,

252 1827 277 1848 ct
290 1829 349 1857 qua:
359 1823 386 1849 in
402 1823 466 1856 ipsis
477 1828 554 1856 sunt,
567 1832 656 1851 omnes
671 1825 772 1857 audivi,
786 1825 900 1852 dicentes
913 1833 922 1853 :
936 1825 1044 1854 Sedenti

252 1867 281 1895 in
297 1868 390 1895 throno
407 1872 432 1895 et
455 1869 528 1904 Agna
553 1870 698 1897 benedictio
721 1875 746 1898 et
767 1871 851 1898 honor
873 1876 898 1898 et
917 1871 1004 1907 gloria
1021 1878 1045 1899 et

252 1914 389 1948 imperium
415 1915 442 1942 in
457 1915 557 1942 swcula
573 1917 741 1949 swculorum,
761 1917 854 1944 Amen.
884 1917 918 1944 Et
932 1923 1046 1952 quatuor

252 1960 381 1986 animalia
392 1961 506 1987 dicentia
521 1968 530 1987 :
545 1962 638 1989 Amen.
655 1961 690 1989 Et
704 1963 820 1989 seniores
831 1963 1000 1997 prociderunt
1012 1971 1044 1991 ac

254 2005 443 2033 adoraverunt.
1024 2013 1028 2018 '

243 2055 325 2080 νων.
352 2052 450 2088 Ἀμήν.
475 2052 531 2080 Kal
552 2052 590 2080 τὰ
618 2053 755 2088 τέσσαρα
771 2053 828 2085 ζῶα
853 2055 982 2090 λέγοντα

251 2107 363 2133 νησαν.

289 2159 476 2194 Spiritualiler
489 2166 541 2186 vox
556 2163 616 2187 erat
628 2180 636 2192 ,
652 2164 680 2187 at
695 2167 750 2187 non
766 2161 934 2188 sensibiliter
956 2167 984 2189 et
997 2170 1046 2198 per

252 2205 398 2239 strepitum
416 2205 443 2231 in
461 2212 525 2232 aere
544 2212 679 2232 resonans
696 2214 702 2232 :
720 2206 781 2233 ideo
797 2215 907 2242 quoque
923 2208 1047 2236 calculus

252 2249 383 2283 praeconii
397 2249 461 2283 agni
473 2250 545 2283 quod
561 2248 655 2276 futuro
666 2250 718 2276 erit
730 2254 853 2285 tempore
866 2252 1045 2286 describitur,

238 2287 307 2321 lnon
330 2293 402 2328 quod
428 2293 484 2328 jam
509 2294 677 2328 completum
696 2299 738 2322 est
761 2304 767 2322 :
793 2301 931 2330 quatenus
955 2299 1046 2326 omnis

253 2339 301 2375 qui
318 2339 372 2366 Deo
390 2339 528 2372 adhaeret,
554 2345 582 2367 et
609 2348 697 2375 usque
722 2341 756 2368 ad
777 2343 1043 2371 consummationem

253 2392 302 2420 per
318 2385 479 2411 memoriam
502 2385 681 2420 benignarum
698 2393 747 2420 pro
767 2387 847 2414 nobis
863 2387 925 2422 agni
939 2388 1046 2422 passio-

253 2440 318 2458 num
335 2431 461 2466 prudenti
483 2431 619 2459 dementia
637 2437 762 2467 urgelur,
788 2433 821 2460 ad
839 2433 942 2461 domini
966 2436 1047 2464 retri-

251 2477 412 2509 butionem,
428 2485 586 2512 quanquam
610 2486 704 2506 servus
724 2479 774 2510 sit,
792 2487 940 2514 properare
963 2482 1044 2509 solet.

251 2523 320 2549 Nam
335 2523 368 2550 de
388 2523 544 2558 aequalitate
559 2523 671 2552 honoris
684 2524 852 2559 superﬂuum
868 2532 940 2554 esset
956 2527 1043 2562 loqui.

251 2569 322 2603 Quid
343 2569 415 2596 enim
431 2577 560 2605 magnum
577 2569 674 2598 iecerit
689 2579 796 2605 servus,
812 2571 834 2599 si
848 2573 942 2600 eadem
959 2574 1046 2608 patia-

253 2621 297 2643 tur
312 2624 372 2652 qua:
387 2616 535 2644 dominus?
547 2616 673 2650 Quodam
688 2622 780 2645 autem
798 2619 895 2646 ordine
911 2625 1041 2654 separata

253 2669 314 2689 esse
331 2662 452 2693 divitias,
468 2663 627 2697 potentiam,
641 2663 804 2697 sapientiam
818 2664 929 2699 aliaque
945 2664 1044 2700 hujus-

254 2707 338 2740 modi,
350 2715 382 2734 ex
397 2707 507 2735 decreto
527 2715 582 2743 quo
598 2709 643 2735 illa
658 2716 706 2744 per
717 2709 892 2737 eminentiam
905 2710 1046 2745 accipian-

252 2757 316 2786 tur,
332 2762 394 2781 cum
411 2762 455 2782 res
471 2755 508 2781 ita
534 2763 564 2783 se
576 2763 630 2782 non
647 2755 759 2789 habeat,
781 2756 901 2783 humana
916 2756 1046 2791 opinione

255 2805 425 2835 assumptum
436 2805 478 2829 est
490 2811 497 2829 :
507 2802 637 2829 divinitas
647 2802 720 2829 enim
733 2802 775 2830 his
790 2810 844 2830 non
857 2807 928 2838 eget,
943 2807 974 2830 ut
984 2811 1046 2838 quae

256 2853 364 2875 omnem
377 2848 484 2876 excedit
500 2848 645 2882 honorem,
659 2853 686 2877 et
700 2856 762 2877 cum
779 2849 871 2877 omnia
889 2857 968 2878 suum
985 2857 1046 2878 esse

1099 945 1130 970 οὐ
1147 945 1205 975 τοῖς
1215 945 1340 980 ἀστόχοις
1354 944 1575 981 προσλογισθείη.

1135 1002 1191 1028 Kal
1207 1001 1439 1036 βασιλεύσομεν
1453 1001 1503 1027 ἐπὶ
1517 1001 1573 1035 τῆς
1593 1001 1661 1036 γῆς.
1676 999 1723 1032 Τὸ,
1743 999 1800 1026 Καὶ
1813 999 1890 1034 βασι-

1100 1047 1244 1075 λεύσουσιν
1269 1049 1315 1075 ἐπὶ
1334 1047 1384 1081 τῆς
1400 1049 1466 1083 γῆς,
1482 1048 1553 1075 κατὰ
1569 1047 1620 1083 μὲν
1634 1047 1665 1073 τὸ
1681 1047 1827 1082 πρόχειρον
1843 1045 1891 1072 καὶ

1100 1092 1239 1128 θεωρητὸν
1263 1095 1320 1124 τοῖς
1336 1094 1445 1125 πολλοῖς
1456 1114 1463 1126 ,
1477 1094 1529 1129 τὴν
1553 1093 1624 1120 κατὰ
1639 1093 1721 1127 νόμον
1740 1092 1890 1119 αἰνίττεται

1101 1139 1240 1166 πολιτείαν
1252 1160 1260 1173 ,
1285 1140 1544 1175 είσαγωγικωτέραν
1564 1140 1649 1167 οὖσαν
1664 1139 1711 1166 καὶ
1732 1137 1889 1174 στοιχειώδη

1099 1185 1147 1211 τοῦ
1161 1185 1231 1212 κατὰ
1253 1186 1370 1221 Χριστὸν
1395 1185 1563 1212 τελεωτάτου
1585 1185 1800 1220 πολιτεύματος,
1823 1185 1890 1220 παρ’

1099 1230 1162 1256 ὅσον
1188 1231 1264 1257 οὐδὲν
1285 1231 1444 1258 ἐτελείωσεν
1458 1233 1472 1258 ὀ
1495 1231 1595 1266 νόμος·
1619 1233 1691 1259 κατὰ
1712 1233 1740 1259 δὲ
1756 1233 1786 1259 τὸ
1805 1233 1890 1265 ὅντως

1099 1275 1139 1308 ὃν,
1156 1275 1205 1311 τὴν
1220 1276 1291 1303 κατὰ
1305 1277 1336 1303 τὸ
1353 1277 1450 1311 μέλλον
1465 1277 1604 1312 μακαρίαν
1624 1278 1717 1314 βιοτὴν
1734 1279 1848 1306 αίωνίαν
1859 1287 1890 1305 τε

1098 1318 1182 1347 οὖσαν
1206 1321 1254 1348 καὶ
1279 1321 1461 1349 ἁκατάλυτον.
1478 1323 1523 1350 Δῖὺ
1545 1324 1593 1350 καὶ
1614 1323 1653 1359 τῷ
1673 1323 1745 1351 τέλει
1760 1324 1889 1359 ἐγκολπί-

1099 1367 1185 1398 ζεται.

1134 1469 1187 1495 Kal
1213 1466 1296 1495 εἶδον
1322 1468 1371 1496 καὶ
1397 1469 1518 1504 ἥκουσα
1547 1470 1588 1503 ὡς
1622 1471 1729 1506 φωνὴν
1755 1472 1892 1507 ἀγγέλων

1098 1514 1223 1541 πολλῶν
1247 1515 1348 1548 κύκλῳ
1367 1515 1421 1542 τοῦ
1447 1516 1558 1549 θρόνου
1581 1518 1630 1543 καὶ
1650 1517 1710 1544 τῶν
1737 1517 1816 1548 ζώων
1840 1520 1890 1546 καὶ

1539 1564 1555 1589 ὁ
1572 1563 1695 1598 ἀριθμὸς
1709 1564 1808 1592 αὐτῶν
1833 1575 1890 1599 μυ-

1095 1605 1198 1639 ριάδες
1209 1606 1378 1640 μυριάδων,
1396 1608 1446 1634 καί
1461 1609 1597 1643 χιὶιάὸες
1612 1610 1766 1644 χιλιάδων,
1784 1611 1888 1646 λέγον-

1097 1660 1148 1684 τες
1175 1651 1261 1686 φωνῇ
1277 1653 1416 1687 μεγάλῃ·
1446 1654 1551 1686 Ἀειόν
1576 1655 1642 1682 ἐστι
1669 1656 1702 1682 τὸ
1726 1657 1833 1691 ἀρνίον
1855 1658 1888 1683 τὸ

1097 1697 1300 1732 ἐσφαγμένον,
1316 1699 1421 1726 λαϐεῖν
1435 1699 1493 1734 τὴν
1512 1700 1641 1736 δύναμιν
1658 1702 1708 1728 καὶ
1724 1702 1777 1728 τὸν
1796 1703 1890 1729 πλοῦ-

1097 1751 1164 1775 τον,
1179 1743 1229 1770 καί
1250 1744 1372 1778 σοφίαν,
1389 1746 1438 1772 καὶ
1456 1746 1559 1780 ισχὺν,
1577 1747 1627 1773 καὶ
1650 1748 1750 1782 τιμὴν,
1770 1749 1818 1775 καὶ
1841 1748 1890 1775 δό-

1097 1787 1173 1820 ξαν,
1199 1789 1248 1815 καὶ
1267 1790 1422 1825 εὐλογίαν.
1449 1792 1504 1819 Kal
1531 1792 1594 1820 πᾶν
1624 1793 1736 1828 κτίσμα
1758 1794 1774 1820 ὃ
1793 1795 1828 1820 ὲν
1850 1794 1891 1826 τῷ

1098 1833 1216 1867 οὐρανῷ
1236 1834 1285 1861 καὶ
1304 1836 1353 1862 ἐπὶ
1375 1836 1430 1871 τῆς
1453 1837 1526 1872 γῆς,
1542 1838 1591 1865 καὶ
1607 1839 1747 1866 ὑποκάτω
1762 1839 1817 1873 τῆς
1833 1840 1890 1874 γῆς

1098 1878 1147 1904 καὶ
1166 1879 1217 1905 ἐπὶ
1242 1879 1297 1913 τῆς
1320 1882 1580 1916 θαλάσσηςιέστὶ,
1595 1884 1644 1911 καὶ
1666 1884 1702 1911 τὰ
1722 1885 1757 1911 ὲν
1775 1884 1888 1918 αὐτοῖς,

1098 1923 1214 1958 πάντας
1230 1926 1349 1960 ἤκουσα
1363 1928 1510 1963 λέγοντας
1520 1937 1527 1944 ·
1541 1929 1584 1962 Τῷ
1600 1931 1756 1965 καθημένῳ
1772 1930 1821 1957 ἐπὶ
1836 1931 1890 1957 τοῦ

1097 1971 1207 2004 θρόνου
1224 1972 1273 1999 καί
1288 1972 1328 2005 τῷ
1339 1974 1441 2008 ἀρνίῳ,
1461 1975 1480 2008 ἡ
1493 1976 1628 2010 εὐλογία,
1640 1977 1690 2003 καί.
1709 1977 1728 2010 ἡ
1742 1976 1821 2011 τιμὴ,
1841 1977 1890 2003 καί

1096 2015 1117 2049 ἠ
1127 2016 1221 2049 δόξα,
1235 2018 1284 2044 καί
1297 2019 1331 2046 τὸ
1343 2020 1451 2054 κράτος
1470 2023 1513 2054 εὶς
1531 2022 1605 2054 τοὺς
1619 2022 1729 2055 αίῶνας
1749 2023 1809 2050 τῶν
1821 2022 1891 2049 ald)-

1006 2058 1041 2084 τό
1050 2066 1057 2075 ’
1085 2058 1183 2095 Ἀμήν.
1202 2064 1258 2090 Kal
1272 2065 1300 2091 οί
1315 2067 1511 2102 πρεσϐύτεροι
1526 2068 1641 2096 ἔπεσον
1672 2069 1723 2096 καί
1740 2069 1890 2104 προσεκύ-

1135 2166 1335 2205 Πνευματικῶς
1354 2170 1371 2205 ἠ
1388 2170 1475 2206 φωνὴ,
1493 2172 1552 2199 ἀλλ’
1566 2173 1616 2199 οὐκ
1631 2173 1770 2209 αἰσθητῶς
1784 2175 1832 2202 καὶ
1851 2177 1890 2211 τῷ

1098 2212 1161 2248 ἀέρι
1180 2213 1347 2250 διηχητικῶς
1368 2217 1558 2252 ἁπηχουμένη.
1576 2218 1622 2245 Διδ
1646 2219 1716 2246 κατὰ
1735 2220 1767 2246 τὸ
1792 2221 1889 2256 μέλλον

1086 2259 1144 2294 ’τοῦ
1163 2259 1260 2294 χρόνου
1284 2261 1301 2295 ή
1326 2261 1416 2296 ψῆφος
1438 2262 1488 2297 τῆς
1513 2264 1690 2299 ἀναρρήσεως
1717 2266 1765 2293 τοῦ
1793 2267 1888 2302 ἀρνίου

1099 2304 1258 2340 ἱστορεῖται,
1276 2306 1307 2333 οὐ
1320 2307 1392 2334 κατὰ
1404 2307 1436 2334 τὺ
1464 2309 1514 2344 ἤδη
1534 2311 1777 2346 συντετελεσμένον
1788 2332 1795 2344 ,
1820 2315 1887 2348 παρ’

1083 2351 1158 2385 λὸσον
1170 2351 1244 2383 ἄπας
1262 2353 1276 2379 ό
1292 2352 1352 2388 Θεῷ
1367 2355 1634 2390 προσανατιθέμενος
1644 2376 1652 2388 ,
1673 2358 1721 2384 καὶ
1738 2358 1821 2395 μέχρι
1836 2359 1888 2394 τῆς

1082 2425 1083 2428 η
1098 2397 1253 2429 συντελείας
1264 2400 1297 2434 τῇ
1311 2400 1406 2436 μνήμῃ
1414 2400 1469 2426 τῶν
1482 2401 1553 2436 ὑπὲρ
1564 2401 1644 2436 ἡμῶν
1657 2402 1704 2430 τοῦ
1718 2404 1812 2439 ἀρνίον
1826 2405 1887 2439 φιλ-

1097 2441 1251 2478 ανθρώπων
1279 2444 1374 2471 παθῶν
1399 2446 1518 2480 σώφρονι
1539 2448 1624 2482 μανίᾳ
1645 2450 1886 2485 κατεπειγόμενος,

1097 2487 1167 2522 πρὸς
1183 2488 1318 2516 ἀντίδοσιν
1333 2490 1384 2518 κᾶν
1399 2491 1508 2527 οἰκέτης
1523 2492 1570 2519 τοῦ
1580 2493 1711 2522 δεσπότου
1729 2496 1888 2523 κατασπεῦ-

1098 2541 1143 2558 σαι
1161 2533 1253 2560 εἴωθε.
1268 2535 1305 2561 Τὸ
1326 2535 1381 2571 γὰρ
1396 2536 1426 2568 ἐξ
1438 2537 1582 2572 ὁμοτίμου,
1601 2540 1728 2575 περιττὸν
1742 2542 1789 2568 καὶ
1803 2542 1886 2576 ἐρεῖν.

1096 2577 1130 2604 Τί
1145 2577 1200 2613 γὰρ
1223 2579 1294 2614 μέγα
1311 2580 1397 2617 δούλῳ
1415 2583 1512 2609 παθεῖν
1528 2583 1564 2610 τὰ
1583 2584 1630 2611 τοῦ
1648 2585 1797 2620 δεσπότου;
1812 2587 1843 2614 τὸ
1857 2588 1886 2614 δὲ

1096 2623 1141 2650 διὰ
1162 2624 1337 2660 ψηφίσματος
1360 2628 1389 2654 ὲν
1411 2627 1486 2661 τάξει
1500 2631 1554 2655 τινὶ
1575 2630 1689 2657 πλοῦτον
1704 2633 1751 2659 καὶ
1771 2633 1887 2669 δύναμιν

1096 2670 1144 2697 καὶ
1169 2671 1264 2705 σοφίαν
1284 2673 1332 2699 καὶ
1347 2673 1382 2700 τὰ
1401 2675 1514 2702 τοιαῦτα
1534 2678 1572 2708 ὠς
1595 2677 1656 2704 καθ’
1682 2678 1821 2714 ὑπεροχὴν
1838 2679 1885 2707 τοῦ

1096 2715 1283 2762 λαμϐάνοντος
1297 2718 1444 2755 ἁφορίσθαι
1464 2721 1502 2753 ὡς
1523 2723 1573 2749 οὐκ
1587 2722 1694 2758 ἔχοντος
1705 2743 1713 2757 ,
1727 2724 1886 2762 ἀνθρωπίνῃ

1097 2761 1230 2806 ιδπολὴψει
1247 2765 1444 2801 παρείληπται.
1455 2768 1491 2794 Τὸ
1503 2768 1581 2795 Θεϊον
1597 2770 1652 2805 γὰρ
1667 2770 1770 2798 τούτων
1781 2761 1886 2806 ἀπροσέ

1096 2805 1167 2838 δεὲς,
1183 2807 1221 2839 ὠς
1244 2809 1334 2843 πάσης
1348 2811 1431 2845 τιμῆς
1447 2812 1610 2848 ὑπέρτερον,
1636 2816 1684 2842 καὶ
1700 2816 1738 2847 ὡς
1750 2816 1805 2843 τῶν
1815 2805 1884 2843 πάνα

1097 2860 1150 2878 των
1170 2852 1216 2879 ὑπ’
1243 2855 1326 2882 αὑτοῦ
1345 2856 1376 2883 τὸ
1401 2855 1471 2885 εἶναι
1485 2858 1624 2888 λαϐόντων
1638 2861 1686 2889 καὶ
1704 2863 1819 2890 κατόπιν
1837 2863 1885 2890 τοῦ
