2095 3160
166 236 169 238 ‘
185 227 233 260 591
599 225 762 256 ARETII/E
779 225 969 257 (ΙίΕΞΛΙὶΕΕ
986 204 1226 258 ΟᾹΡΡᾸΒΟΟΙᾹΞ
1244 226 1411 257 EPlSCOI‘l
1751 225 1803 258 592

187 284 251 314 Deo.
262 281 400 308 dicentes:
416 289 424 306 ι
441 279 538 308 Fecisti
553 279 687 315 judicium
703 287 792 308 meum
812 285 837 308 et
854 288 964 309 causam

1020 281 1139 313 σιᾶσθαι,
1165 283 1194 307 έν
1219 281 1257 315 τῷ
1277 281 1406 314 φάσκειν·
1435 289 1443 305 t
1467 279 1612 315 Ἐποίησας
1638 281 1688 316 τὴν
1713 282 1803 317 κρίσιν

183 335 273 355 meam
286 327 320 354 ".
339 335 349 352 ι

218 372 327 400 Chattis;
343 372 426 398 triciti
447 371 565 398 denario.
584 371 714 398 Triticum
730 380 829 406 magno
851 372 966 400 distrahi

182 419 282 446 future
295 419 377 446 famis
400 418 508 452 signum
532 422 584 448 est.
599 425 661 452 quae
676 418 758 445 etiam
783 418 852 445 facta
869 424 921 450 est,
939 425 968 446 ut

183 465 210 491 in
221 462 398 496 sequentibus
410 463 528 489 dicetur.
543 462 624 497 704
637 462 727 490 Potest
740 467 830 490 autem
847 464 966 490 triticum

182 509 322 537 moraliter
338 516 386 536 eos
402 509 547 543 designare
563 509 609 542 qui
626 509 746 544 legitime
762 514 871 544 propter
885 510 967 537 Chri-

182 560 254 583 stum
276 560 460 585 certavcrunt,
478 553 525 588 qui
539 554 619 581 etiam
641 555 754 582 denario
769 555 843 590 digni
865 555 966 583 inventi

183 603 257 634 sunt,
273 604 369 636 utpote
393 600 464 627 datu:
481 600 533 627 sibi
555 600 654 627 divina:
673 601 799 635 imaginis
824 601 967 636 diligentes

181 647 373 674 observatores
395 646 510 673 ostensi.
529 645 597 672 Tres
614 654 678 673 vero
695 647 833 674 choenices
851 647 908 674 sive
923 655 967 674 se-

181 692 312 720 mimodia
339 692 432 719 hordei
463 699 510 718 eos
544 693 701 726 designant,
729 692 775 727 qni
801 699 863 719 cum
893 700 968 720 more

181 738 324 765 brutorurn
339 746 372 764 ex
387 737 471 764 animi
489 746 524 772 pu
544 738 716 764 illanimitate
731 743 758 765 et
773 738 880 773 ignavia
894 738 967 772 judi-

181 783 259 811 cibus
273 783 502 814 succubuissent,
519 784 577 818 pari
605 783 685 810 modo
705 784 879 818 postmodum
899 785 966 812 resi-

181 829 326 863 piscentes,
353 829 492 855 sordidam
511 829 630 855 animam
655 828 783 865 lacrymis
806 831 964 856 abluerunt.

181 871 266 901 Porro
294 879 349 901 tres
375 874 402 901 hi
425 875 566 902 chwniees
596 875 711 901 denario
737 883 792 902 uno
820 876 965 910 appreliati

180 923 255 950 sunt,
272 923 402 953 tanquam
431 920 512 946 unius
537 919 637 946 Christi
667 919 794 947 triduana
823 920 964 954 sopultura

1019 335 1071 362 μου
1087 327 1131 353 καὶ¹
1146 327 1194 362 τὴν
1209 327 1287 361 δίκην
1307 334 1369 362 μου.
1390 335 1398 351 ι

1053 372 1154 404 Χοῖνιξ
1171 372 1258 399 σίτου
1273 372 1430 406 δηναρίου.
1455 371 1491 398 Τὸ
1512 371 1558 398 τὸν
1580 373 1653 397 σῖτον
1677 372 1802 406 τιμιουλ-

1018 419 1134 450 κεῖσθαι,
1150 417 1230 453 λιμοῦ
1252 418 1362 452 δεῖγμα,
1383 418 1413 446 ὃν
1435 418 1481 444 καὶ
1500 417 1675 452 γεγενῆσθαι,
1693 418 1731 449 ὡς
1755 419 1802 446 καὶ

1018 464 1117 495 ἐντοῖς
1143 463 1205 498 ἑξῆς
1231 464 1390 499 ῥηθήσεται.
1416 465 1494 491 Ἐστι
1516 464 1545 490 δὲ
1561 464 1700 498 τροπικῶς
1731 464 1804 490 σῖτον

1017 510 1080 540 τοὺς
1102 509 1223 544 νομίμως
1251 509 1420 544 ἀθλήσαντας
1440 509 1483 536 διὰ
1509 510 1626 545 Χριστὸν
1644 512 1753 544 ἐννοεῖν,
1778 510 1803 538 οἶ

1020 556 1066 581 καὶ
1088 555 1214 591 δηναρίου
1229 555 1377 590 ἐκρίθησαν
1402 555 1481 587 ἄξιοι,
1500 556 1536 588 ὠς
1552 557 1601 592 τῆς
1614 557 1737 592 δοθείσης
1753 558 1802 583 αὑ-

1017 602 1073 631 τοῖς
1090 601 1165 632 Θείας
1184 601 1287 633 εἰκόνος
1308 601 1431 636 ἀκριὸεῖς
1457 601 1576 635 φύλακες
1605 603 1803 634 καταστάντες.

1018 646 1088 677 Τοὺς
1112 646 1140 672 δὲ
1169 647 1242 681 τρεῖς
1268 647 1389 681 χοίνικας
1412 646 1506 682 [κατὰ]
1531 647 1579 681 τῆς
1603 647 1711 682 κριθῆς,
1740 649 1803 679 τοῦς

1018 691 1215 726 κτηνοπρεπῶς
1240 693 1296 723 τοῖς
1318 692 1459 723 δικασταῖς
1482 693 1516 718 δι’
1540 692 1699 727 ὰνανδρείαν
1713 692 1803 727 ψυχῆς

1018 737 1210 771 ὑποκύψαντας
1227 738 1273 764 καὶ
1292 738 1430 770 ἀναλόγως
1447 739 1664 772 μετανοήσαντας
1680 738 1802 774 ὕστερον,

1018 782 1065 808 καὶ
1089 782 1138 816 τὴν
1158 782 1289 817 ρυπῶσαν
1312 783 1404 808 εἰκόνα
1426 783 1557 818 δάκρυσιν
1582 783 1801 814 ἀποπλύναντας.

1017 828 1098 862 Τρεῖς
1116 826 1144 853 δὲ
1159 826 1275 861 χοίνικες
1299 824 1372 854 οὗτοι
1395 827 1522 862 δηναρίου
1538 827 1595 858 ἐνὸς
1621 827 1801 862 ἐτιμήθησαν,

1017 872 1055 904 ὡς
1075 872 1123 898 τοῦ
1144 873 1202 904 ἐνὸς
1216 872 1333 907 Χριστοῦ
1347 874 1381 907 τῇ
1394 874 1536 907 τριημέρῳ
1550 872 1632 899 αὑτοῦ
1647 874 1717 908 ταφῇ
1734 873 1802 906 ὑπὲρ

1017 917 1063 943 τοῦ
1078 917 1181 951 κόσμου
1198 917 1298 949 παντὸς
1321 917 1369 943 τοῦ
1381 918 1424 944 διὰ
1439 918 1488 951 τῆς
1511 918 1648 953 ἁμαρτίας
1663 919 1713 954 τὴν
1728 918 1804 944 θείον

179 964 270 991 oblata
285 971 335 998 pro
354 965 484 991 universo
511 965 624 995 nntndo,
641 965 688 1000 qui
712 965 803 991 datam
823 965 875 992 sibi
893 965 963 991 divi-

1015 961 1107 987 εἰκόνα
1125 961 1248 988 δοθεῖσαν
1268 961 1342 997 αὺτῴ
1362 962 1546 996 ρυπώσαντος.
1570 963 1656 994 Αὐτὸς
1674 963 1724 998 μὲν
1747 963 1801 997 γὰρ

179 1018 241 1036 nam
269 1009 413 1044 imaginem
443 1017 491 1044 per
510 1015 651 1045 peccatum
682 1010 877 1038 defwdaveral.
907 1010 965 1046 Ipse

178 1055 313 1090 siquidem
337 1055 464 1082 Christus
481 1056 571 1090 primo
593 1056 638 1083 die
659 1057 730 1090 apud
756 1056 860 1084 inferos
887 1056 965 1084 haesit

181 1109 231 1135 pro
248 1101 290 1127 his
306 1101 350 1135 qui
368 1106 430 1128 ante
448 1100 514 1128 Mosi
536 1102 620 1136 legem
636 1107 826 1137 peccaverant,
845 1103 965 1130 secundo

180 1153 228 1180 pro
254 1146 296 1173 his
311 1146 355 1181 qui
373 1147 399 1173 in
426 1146 494 1181 lege.
515 1145 635 1174 Tametsi
655 1148 726 1174 enim
747 1148 870 1175 nonnulli
895 1149 965 1176 resi-

180 1193 340 1226 piscentiam
362 1193 548 1220 ostendissent
566 1193 602 1219 ob
624 1201 706 1228 prava
724 1201 806 1228 opera
822 1202 837 1221 a
852 1202 880 1222 se
901 1203 964 1229 per-

179 1242 305 1271 petrata,
334 1239 437 1273 pariter
468 1238 538 1265 hanc
565 1239 618 1266 illis
639 1245 824 1274 opponentes.
842 1245 963 1268 attamen

179 1282 242 1309 lit-ct
259 1290 322 1309 vere
337 1286 494 1316 sperassent
505 1283 624 1314 \‘eniam,
637 1292 699 1310 cum
715 1284 737 1310 is
748 1285 868 1312 nondum
882 1293 965 1320 appa-

179 1327 281 1354 ruisset
296 1327 342 1362 qui
357 1327 427 1355 hanc
447 1327 513 1356 dare
527 1332 632 1364 posset,
649 1329 771 1357 nomium
789 1330 874 1366 ip~am
889 1339 965 1359 asse-

179 1373 234 1400 Cnti
263 1378 342 1399 erant
358 1381 364 1399 :
382 1378 526 1408 propterea
552 1382 618 1402 sane
641 1379 667 1401 et
687 1376 809 1403 secundo
828 1376 872 1403 die
893 1377 964 1411 apud

181 1417 285 1445 inferos
301 1420 450 1452 permansit
468 1427 475 1445 :
491 1421 570 1447 tertia
590 1428 654 1447 vero
669 1428 744 1448 mora
761 1421 809 1449 fuit
824 1422 851 1449 in
867 1430 919 1456 qna
937 1427 965 1450 et

179 1464 342 1496 resurrexit,
360 1465 491 1499 quoniam
508 1465 679 1500 impossibile
698 1466 749 1493 fuit
764 1474 811 1502 per
827 1475 856 1494 se
871 1468 965 1494 viverr-

179 1511 232 1534 tem
257 1515 272 1536 ιι
295 1509 470 1544 corruptione
511 1510 646 1546 superari.
676 1511 810 1538 Praeterea
844 1512 964 1539 triticum

177 1554 287 1587 quidem
303 1555 478 1590 erangelicus
491 1563 524 1583 ac
540 1557 671 1584 salutaris
688 1564 780 1584 sermo
795 1557 849 1584 diei
864 1562 963 1593 potest,

177 1603 205 1626 et
228 1600 275 1634 qui
300 1601 436 1635 perfectos
459 1601 538 1629 decet
561 1602 636 1629 viros
661 1603 706 1637 qui
734 1611 834 1631 sensus
863 1603 964 1631 habent

178 1647 342 1674 exercitatos
353 1647 386 1673 ad
397 1647 591 1675 discretionem
611 1648 674 1675 boni
691 1653 723 1676 ac
735 1649 798 1676 mali
811 1658 817 1675 :
831 1649 962 1676 hordeum

178 1698 244 1717 vero
259 1691 312 1718 erit
326 1690 395 1717 Mosi
420 1691 566 1726 legislatio.
582 1691 738 1719 Nam'sicnt
751 1691 885 1719 hordeum
900 1696 963 1719 ante

179 1735 298 1763 triticum
315 1736 484 1768 maturescit,
502 1736 538 1763 ita
555 1740 582 1763 et
595 1736 651 1763 hzce
664 1741 726 1764 ante
741 1737 962 1772 prmdicationem

171 1781 375 1815 evangelicam.
392 1781 470 1808 alens
484 1781 610 1808 homines
623 1783 709 1816 magis
721 1782 853 1814 brutales,
868 1789 964 1817 nempe

179 1825 316 1854 lsraelitas
332 1826 369 1854 ita
387 1833 480 1854 crasse
501 1827 614 1854 ati‘ectos
629 1828 662 1854 ad
678 1828 781 1854 divina.
796 1828 842 1854 Ait
855 1835 921 1863 ergo
941 1828 964 1855 is

178 1871 224 1905 qui
242 1871 333 1898 divina
356 1871 436 1898 nobis
459 1872 506 1899 dat
534 1880 664 1907 responsa
688 1873 715 1899 in
731 1873 820 1900 medio
846 1877 964 1907 quatuor

178 1916 350 1950 animalium,
374 1917 457 1944 tritici
483 1918 593 1952 quidem
613 1919 764 1946 chtnniccm
781 1918 860 1946 veudi
877 1918 962 1946 dena-

1017 1007 1045 1033 ὲν
1059 1006 1122 1041 ᾅδου
1144 1007 1297 1042 διατρίψας,
1321 1008 1371 1042 τὴν
1394 1007 1505 1042 πρώτην
1523 1007 1593 1043 ὑπὲρ
1611 1008 1665 1034 τῶν
1679 1009 1733 1044 πρὸ
1755 1008 1801 1035 τοῦ

1016 1052 1156 1083 Μωῦσέως
1173 1053 1263 1087 νόμων
1289 1053 1498 1088 ἡμαρτηκότων,
1512 1053 1561 1087 τὴν
1576 1053 1715 1089 δευτέραν,
1732 1053 1802 1088 ὑπὲρ

1015 1097 1069 1124 τῶν
1094 1098 1123 1124 ἐν
1149 1098 1189 1133 τῷ
1207 1098 1292 1133 νόμῳ.
1320 1098 1376 1124 Καὶ
1389 1097 1443 1133 γὰρ
1461 1099 1485 1124 εἰ
1505 1099 1552 1124 καὶ
1573 1098 1716 1132 μετάνοιάν
1728 1107 1801 1129 τινες

1016 1142 1189 1174 ὑπεδείξαντο
1205 1143 1259 1169 τῶν
1276 1142 1384 1169 ἀτόπων
1399 1143 1490 1174 αὐτοῖς
1507 1143 1684 1178 πραχθέντων
1699 1143 1801 1178 ταύτην

1015 1188 1158 1223 ἐνάμιλλον
1181 1188 1272 1219 αὐτοῖς
1297 1189 1525 1223 ἁντιστήσαντες,
1543 1187 1599 1214 ἀλλ’
1625 1189 1700 1223 ὅμως
1727 1189 1801 1222 σαφῆ

1015 1233 1064 1268 τὴν
1089 1233 1262 1268 συγχώρησιν
1281 1233 1438 1268 ἠλπικότες,
1465 1233 1511 1259 τοῦ
1528 1233 1678 1268 δυναμένου
1697 1234 1800 1269 ταύτην

1015 1283 1168 1316 παρασχεῖν
1187 1281 1236 1316 οὐχ
1259 1281 1426 1317 ἑωραμένον,
1449 1282 1526 1309 οὔπω
1541 1281 1642 1319 ταύτης
1657 1284 1798 1318 ἐπέτυχον.

1014 1326 1063 1351 Διὰ
1080 1324 1160 1352 τσῦτο
1182 1327 1232 1361 μὲν
1247 1327 1294 1353 καὶ
1319 1328 1334 1361 ὴ
1356 1327 1470 1362 δευτέρα
1487 1329 1516 1353 ὲν
1532 1328 1596 1363 ᾅδου
1610 1329 1744 1363 διατριϐή.
1768 1328 1799 1354 Ἡ

1014 1371 1092 1406 τρίτη
1106 1371 1144 1403 δὲ,
1157 1371 1219 1398 καθ’
1231 1372 1264 1406 ἣν
1279 1372 1325 1398 κχὶ
1337 1372 1446 1406 ἀνέστη.
1463 1373 1525 1399 Ὀτι
1541 1374 1607 1408 μηδὲ
1621 1375 1654 1409 τῇ
1667 1373 1800 1408 διαφθορᾷ

1016 1417 1187 1452 κρατηθῆναι
1196 1414 1251 1444 οἷόν
1258 1425 1288 1444 τε
1297 1418 1346 1450 τὴν
1356 1418 1494 1453 αὺτοζωήν
1505 1419 1573 1453 (25).
1582 1419 1637 1445 Καὶ
1645 1419 1659 1444 ὸ
1671 1418 1719 1453 μὲν
1729 1420 1799 1450 σῖτος

1014 1463 1028 1488 ὁ
1043 1462 1219 1497 εὖαγγελικὸς
1239 1462 1271 1489 ἂν
1292 1463 1334 1498 εῐη
1356 1463 1402 1489 καὶ
1422 1464 1553 1499 σωτήριος
1567 1464 1656 1498 λόγος,
1672 1464 1718 1490 καὶ
1733 1464 1800 1499 πρέ-

1015 1516 1074 1534 πων
1086 1507 1197 1543 ἀνδράσι
1211 1507 1324 1539 τελείοις
1339 1509 1394 1540 τοῖς
1414 1509 1448 1535 τὰ
1465 1509 1629 1544 αἰσθητήρια
1645 1509 1736 1544 έχουσι
1752 1517 1800 1543 γε-

1015 1553 1193 1588 γυμνασμένα
1208 1553 1276 1588 πρὸς
1290 1553 1425 1588 διάκρισιν
1441 1553 1524 1581 καλοῦ
1536 1555 1583 1580 καὶ
1599 1554 1695 1580 κακοῦ.
1711 1554 1799 1590 Κριῧὴ

1015 1599 1044 1625 δὲ
1058 1600 1073 1633 ἠ
1099 1599 1237 1630 Μωῦσέως
1252 1600 1408 1634 νομοθεσία,
1422 1599 1516 1635 ὥσπερ
1528 1601 1545 1635 ἡ
1560 1599 1640 1635 κριθὴ
1656 1601 1787 1636 προακμά

977 1629 1000 1661 C
1016 1652 1088 1671 σασα
1107 1644 1153 1670 τοῦ
1178 1645 1263 1678 σίτου,
1287 1645 1358 1671 οὕτω
1383 1645 1431 1671 καὶ
1451 1645 1521 1680 αὐτὴ
1548 1645 1594 1672 τοῦ
1619 1645 1800 1680 εὐαγγελικοῦ

1013 1690 1200 1725 κηρύγματος,
1214 1691 1260 1717 καὶ
1271 1691 1406 1726 τρέφουσα
1421 1691 1484 1722 τοὺς
1501 1691 1733 1727 κτηνωδεστέρους
1750 1692 1799 1717 ἀν⁴

1013 1736 1151 1772 θρώπους,
1169 1737 1230 1767 τοὺς
1249 1736 1438 1772 διακειμένους
1452 1738 1517 1773 περὶ
1532 1738 1565 1764 τὰ
1579 1737 1639 1764 θεῖα
1664 1737 1799 1773 Ἰσραηλί-

1013 1790 1073 1813 τας.
1088 1782 1172 1816 Φησὶν
1183 1780 1230 1808 οὖν
1243 1783 1256 1808 ὁ
1272 1783 1452 1817 χρηματίζων
1463 1784 1492 1809 ὲν
1507 1783 1580 1818 μέσῳ
1590 1783 1644 1810 τῶν
1659 1784 1799 1818 τεσσάρων

1015 1828 1102 1860 ζώων,
1113 1828 1240 1863 δηναρίου
1253 1828 1302 1863 μὲν
1313 1828 1460 1854 ἀποδόσθαι
1473 1829 1517 1855 τὸν
1530 1830 1637 1864 χοίνικα
1650 1829 1696 1856 τοῦ
1714 1830 1798 1862 σίτου,

1017 1874 1100 1908 τριίίν
1114 1873 1143 1900 δὲ
1157 1874 1206 1909 τῆς
1221 1873 1329 1909 κριθῆς,
1345 1873 1382 1905 ὡς
1397 1873 1443 1901 τοῦ
1457 1875 1637 1909 εὐαγγελικοῦ
1654 1875 1800 1910 κηρύγμα-

1016 1927 1061 1951 τος
1076 1920 1251 1955 ὰπορωτέρου
1266 1920 1341 1952 ὄντος
1355 1921 1399 1947 διὰ
1413 1913 1443 1947 et
1456 1921 1503 1948 τοῦ
1515 1921 1617 1956 βιϐλίου
1631 1921 1755 1956 ἀκριΰές.

178 1963 230 1996 rio,
246 1963 341 1990 hordei
356 1970 420 1990 vero
444 1969 499 1991 tres
514 1964 652 1992 ehtenices
669 1966 751 1993 etiam
772 1966 900 2000 denario,
922 1971 1051 2003 tanquam
1073 1968 1162 2004 major
1178 1969 1213 1996 sit
1234 1969 1398 2005 evangelicae
1428 1970 1628 2005 praedicationis
1660 1970 1752 2006 inopia
1763 1970 1798 1997 ob

177 2008 239 2036 libri
257 2007 463 2043 perfectionem.

467 2063 584 2092 CANJT
599 2065 670 2094 XVI.

176 2119 385 2160 Sol:_ttia_qurrrti
403 2121 485 2160 sigilli
505 2123 679 2160 manifestans
697 2123 806 2151 inducta
819 2125 964 2160 castigato-

212 2156 380 2195 r_iq_ﬂagetla
396 2157 430 2195 in
455 2165 498 2195 eos
516 2159 562 2192 qui
580 2156 732 2185 Dominum
759 2156 916 2195 negaverunt
931 2161 962 2187 ob

212 2192 345 2225 defectum
363 2193 524 2219 tolerantia.

211 2258 256 2285 Vl.
273 2258 335 2290 7,8.
351 2258 382 2285 Et
401 2267 460 2285 cum
473 2260 617 2294 aperuisset
633 2265 755 2294 quartum
772 2261 898 2295 sigillum.
910 2270 959 2288 au-

1304 2069 1428 2096 ΚΕΦΛΛ.
1447 2068 1505 2102 tq'.

1013 2126 1109 2158 Λύσις
1119 2125 1174 2159 τῆς
1189 2125 1330 2159 τετάρτης
1347 2126 1521 2160 σφραγῖδος,
1536 2126 1726 2161 ἐμφαίνουσα
1743 2128 1797 2161 τὰς

1046 2161 1234 2194 ἐπαγομένας
1246 2161 1437 2192 παιδευτικὰς
1448 2161 1598 2195 μάστιγας
1615 2162 1676 2195 τοῖς
1695 2163 1733 2189 δι’
1745 2163 1797 2190 ἀν-

1048 2196 1258 2229 υπομονησίας
1273 2195 1495 2230 ἀρνησαμένοις
1507 2196 1560 2223 τὸν
1577 2198 1695 2231 Κύριον.

1052 2262 1106 2289 Καὶ
1130 2261 1178 2288 ὅτε
1199 2262 1302 2296 ἤνοιξε
1327 2262 1383 2296 τὴν
1408 2263 1557 2298 σφραγῖδα
1569 2264 1626 2298 τὴν
1642 2265 1796 2299 τετάρτην,

176 2305 230 2330 diri
243 2309 368 2338 quartum
382 2305 493 2336 animal,
508 2305 596 2331 dicens
610 2312 618 2330 :
633 2305 712 2339 705
732 2304 795 2332 Veni
809 2311 833 2332 et
846 2307 912 2333 vide.
928 2306 962 2333 Et

1014 2305 1132 2340 ἤκουσα
1157 2306 1210 2333 τοῦ
1237 2306 1377 2340 τετάρτου
1407 2296 1479 2336 (dim)
1494 2296 1665 2342 ’.λέγοντοῳ
1689 2296 1797 2344 ’ἐρχου

176 2357 233 2376 ecce
256 2357 337 2383 equus
364 2349 490 2383 pallidus,
503 2354 528 2376 et
542 2350 643 2376 sedenti
666 2359 744 2385 super
763 2351 849 2385 ipsum
869 2360 962 2379 nomen

175 2400 231 2420 erat
248 2402 330 2426 mors,
343 2399 367 2420 et
382 2394 501 2428 infernus
519 2394 673 2428 sequebatur
688 2395 784 2428 ipsam.
801 2393 835 2421 Et
849 2395 912 2422 data
925 2400 961 2422 eu

176 2440 231 2466 illis
254 2445 369 2475 potestas
394 2447 474 2475 super
498 2444 620 2475 quartam
649 2445 750 2474 partem
771 2445 856 2472 teme,
877 2445 903 2467 ut
920 2441 962 2467 iu-

176 2486 322 2520 terﬁcerent
352 2484 450 2520 gladio,
469 2490 493 2512 et
518 2486 598 2521 fame,
622 2490 647 2512 et
671 2492 764 2518 morte,
785 2491 809 2513 et
830 2496 845 2513 a
872 2488 961 2515 bestiis

175 2536 262 2558 terra'.

209 2621 344 2654 Quartum
369 2621 483 2654 animal,
510 2629 607 2657 nempe
624 2622 737 2658 aquila.
767 2627 860 2658 utpote
887 2623 959 2650 acuti

174 2672 303 2702 aspectus
319 2673 346 2694 et
363 2668 499 2695 velociter
523 2669 637 2696 tendens
655 2669 688 2696 ad
709 2676 818 2702 escam,
843 2677 960 2704 superne

174 2713 248 2740 venit
261 2721 294 2740 ex
310 2713 385 2740 illata
401 2721 416 2741 a
434 2713 488 2741 Deo
504 2713 554 2746 ira,
574 2715 668 2750 plagas
689 2713 810 2742 inferens
825 2714 858 2741 ad
875 2714 958 2741 ultio-

177 2766 238 2785 nem
255 2759 374 2794 piorum.

209 2841 230 2856 “
244 2839 316 2866 Psal.
332 2847 370 2871 ιλ,
386 2839 414 2866 5.

207 2916 264 2951 (23)
279 2915 333 2951 Τὴν
346 2915 427 2942 αὐτοῦ
442 2915 513 2951 ζωὴν
526 2916 598 2950 vulg.

1012 2352 1060 2378 καὶ
1076 2352 1135 2378 ἴδε·
1151 2353 1205 2379 Καὶ
1217 2352 1281 2379 ἰδοὺ
1294 2353 1385 2385 ἵππος
1393 2353 1517 2387 χλωρὸς,
1534 2354 1583 2380 καὶ
1598 2356 1615 2381 ὀ
1627 2355 1797 2389 καθήμενος

1011 2396 1110 2424 ἐπάνω
1123 2398 1227 2429 αὑτοῦ,
1243 2398 1337 2432 ὄνομα
1353 2397 1432 2430 αὑτῴ
1448 2400 1463 2425 ό
1481 2399 1619 2432 θάνατος,
1633 2399 1682 2427 καὶ
1694 2401 1710 2427 ὁ
1721 2400 1796 2434 ᾅδης

1011 2443 1170 2476 ἠκολούθει
1192 2443 1281 2475 αὐτῷ.
1297 2444 1349 2470 Kal
1371 2443 1459 2477 ἐδόθη
1482 2444 1584 2477 αὐτοῖς
1605 2445 1730 2477 ἐξουσία
1746 2447 1795 2473 ἐπὶ

1013 2489 1045 2514 τὸ
1070 2488 1144 2521 τὲταΙ
1158 2497 1211 2514 τοι·
1237 2488 1290 2522 τῆς
1316 2489 1381 2523 γῆς,
1402 2489 1574 2516 ἀποκτεῖναι
1596 2491 1631 2517 ἐν
1644 2492 1795 2526 ῥομφαίᾳ,

1015 2534 1061 2561 καὶ
1076 2535 1109 2560 ὲν
1130 2534 1206 2569 λιμῷ
1217 2535 1265 2561 καὶ
1284 2535 1318 2560 ἐν
1331 2535 1458 2568 θανάτῳ,
1474 2536 1521 2562 καὶ
1542 2536 1601 2562 ὑπὸ
1616 2536 1675 2563 τῶν
1688 2537 1796 2571 θηρίων

1011 2579 1065 2613 τῆς
1080 2580 1145 2614 γῆς-

1047 2627 1084 2653 To
1099 2626 1228 2662 τέταρτον
1250 2627 1328 2660 ζῶον,
1355 2629 1369 2655 ὸ
1390 2628 1466 2660 ἀετὸς
1484 2629 1599 2664 δηλαδὴ,
1617 2629 1655 2660 ὡς
1669 2629 1794 2665 ὀξυωπὴς

1011 2672 1057 2698 καὶ
1070 2671 1131 2704 ὀξὺς
1144 2673 1211 2707 πρὸς
1222 2673 1315 2708 βορὰν,
1330 2673 1432 2701 ἄνωθεν
1447 2674 1509 2709 ἥκει
1523 2676 1553 2701 ἐκ
1565 2675 1696 2709 θεηὶὰτου
1709 2675 1794 2710 ὀργῆς

1010 2717 1059 2749 τὰς
1077 2717 1184 2753 πληγὰς
1204 2719 1342 2754 ἐπιφέρων
1356 2719 1422 2754 πρὸς
1442 2719 1581 2754 ἐκδίκησιν
1596 2720 1648 2746 τῶν
1664 2719 1793 2746 εὐσεϐῶν.
