2095 3160
287 163 340 196 593

817 165 1012 196 COMMENT.
1038 165 1077 195 lN
1097 165 1364 195 APOCALYPSIN.

1869 161 1923 194 594

323 219 378 247 Kal
393 219 457 246 ιὸοὺ
474 219 566 253 ἵππος
579 219 704 254 χλωρός.
725 219 754 246 '0
767 220 870 255 χλωρὸς
884 221 977 253 ἵππος,
992 220 1078 256 ὀργῆς

1168 219 1202 247 Ει
1215 227 1274 246 eccs
1288 227 1369 250 equus
1383 217 1514 252 pallidus.
1531 216 1625 252 Equus
1637 216 1751 252 χλωρὸς,
1762 217 1787 244 id
1802 221 1854 248 est.
1869 217 1924 251 pal-

287 266 422 302 σύμϐολον
431 275 437 282 ’
452 267 499 293 καὶ
509 267 595 298 οὕτως
606 269 622 302 ἡ
635 267 698 302 χλόη
711 268 727 302 ἡ
742 267 794 294 ὑπὸ
809 268 909 303 ἰατρῶν
921 267 1076 302 καλουμένη

286 313 389 348 χλωρά.
409 312 438 339 ’0
452 313 481 339 δέ
492 321 523 347 γε
539 313 654 344 θάνατος
669 314 715 339 καὶ
728 314 741 340 ό
757 313 823 348 ᾅδης
842 313 1078 348 χαταστρατεῦσαι

285 359 388 393 νοητῶς
405 358 522 393 ἔστησαν
545 358 617 384 κατὰ
633 357 687 384 τῶν
702 358 851 392 ἀλιτηρίων
866 359 1013 393 δαιμόνων,
1031 361 1078 385 καὶ

285 405 364 439 δίκην
386 403 584 438 εἰσπράξασθαι
607 405 658 438 τῆς
682 404 736 431 τῶν
751 404 905 439 ἀνθρώπων
927 405 1076 436 ἀπωλείας.

286 451 369 478 Οὔπω
380 450 409 476 δὲ
425 450 463 485 τῷ
479 450 552 485 λόγῳ
565 451 582 485 ὴ
596 450 687 477 τελεία
703 450 864 486 καθαίρεσις
876 450 930 476 τῶν
943 450 1078 485 δαιμόνων

285 497 454 533 εἰσφέρεται,
469 497 536 523 ἀλλὰ
558 497 638 530 μόνον
650 497 780 532 τετάρτου
797 497 912 532 μέρους,
932 497 1026 532 ἐπειδὴ
1039 496 1078 530 τῷ

285 543 357 578 λόγῳ
373 542 424 576 τῆς
446 541 515 577 μετὰ
538 543 616 577 χεῖρα
631 542 774 574 ὀπτασίας,
795 541 872 568 οὒπω
888 542 957 568 κατὰ
974 542 1004 568 τὸ
1022 541 1080 576 τρί-

285 597 331 615 τον
354 588 439 620 πάθος
464 588 589 623 ἐπράχθη
621 587 751 624 Χριστοῦ.
777 587 833 622 Τὴν
860 587 890 614 δὲ
918 587 1079 623 καθαίρεσιν

284 636 423 670 τροπικῶς
454 635 560 670 σφαγὴν
593 635 736 669 ὀνομάζει,
763 635 811 662 καὶ
826 635 904 670 λιμὸν
919 635 973 661 τῶν
994 634 1078 661 πάλαι

286 680 513 715 προσκυνούντων
527 680 619 711 αὐτοῖς
639 681 687 715 τὴν
700 679 832 714 ἔκλειψιν,
852 679 900 706 καὶ
914 680 960 706 τὸν
977 681 1078 714 ἀφανι-

286 726 355 762 σμὸν
379 727 429 761 τῆς
448 726 605 761 τυραννίδος
632 726 722 752 αὐτῶν
747 726 794 752 καὶ
820 725 872 752 ὑπὸ
897 725 952 752 τῶν
975 725 1079 760 θηρίων

284 773 435 808 διαφθορὰν
458 774 560 805 αὐτῶν,
585 773 667 808 θηρία
683 773 775 800 καλῶν
798 773 862 808 γῆς,
879 773 929 805 τὰς
952 772 1006 800 τῶν
1020 773 1079 801 δαι-

287 819 375 852 μόνων
389 817 451 844 καθ’
471 818 550 853 ἡμῶν
565 819 605 850 είς
620 819 772 855 φθοροποιὰ
792 819 865 854 πάθη
891 819 1018 854 ὀχλήσεις
1032 819 1081 847 καὶ

285 863 496 895 ἐπαναστάσεις.

321 999 435 1031 Ἄλλως
458 999 493 1025 ἐκ
512 997 571 1026 τῶν
589 997 643 1024 τοῦ
673 998 825 1032 Ἀνδρέου.
856 998 985 1030 Εὐσέϐιος
1012 998 1040 1024 δὲ
1066 998 1081 1024 ὀ

284 1045 431 1079 Παμφίλου
458 1045 487 1070 ὲν
508 1043 546 1079 τῷ
560 1044 646 1079 ὀγδόῳ
670 1044 810 1079 κεφαλαίῳ
830 1044 877 1071 τοῦ
895 1043 916 1071 θ’
936 1045 1016 1078 λόγου
1031 1044 1080 1078 τῆς

291 1089 568 1124 Ἐκκλησιιιστικῆς
588 1090 724 1124 ἱστορίας
749 1091 850 1126 γράφει
878 1091 959 1118 τάδε·
984 1091 1028 1117 ‘Ev
1046 1091 1080 1126 τῇ

284 1137 339 1162 τῶν
348 1135 477 1170 διωγμῶν
492 1135 567 1171 ἀκμῇ
585 1136 632 1162 ἐπὶ
647 1135 821 1170 Μαξιμιανοῦ
844 1136 988 1171 Ῥωμαίων
1003 1135 1081 1171 βασι-

283 1181 419 1214 λεύοντος,
438 1181 492 1208 ὑπὸ
511 1182 559 1216 μὲν
575 1181 657 1217 λιμοῦ
673 1182 720 1208 καὶ
739 1181 835 1216 λοιμοῦ
852 1181 1081 1216 κατασκήψαντος

285 1229 378 1259 αὐτοῖς
407 1228 456 1254 σὺν
479 1227 584 1262 ἑτέροις
613 1226 828 1263 συμπτώμασιν,
857 1227 960 1262 ἄπειρα
990 1227 1080 1263 πλήθη

285 1272 480 1307 διεφθείροντο,
495 1272 567 1299 ὥστε
580 1274 654 1308 ταφῇ
671 1272 709 1307 μὴ
724 1272 854 1298 δύνασθαι
872 1272 1080 1307 παραδίδοσθαι,

286 1319 389 1354 καίπερ
405 1318 576 1354 Χριστιανῶν
589 1318 649 1345 τότε
662 1318 812 1353 φιλοτίμως
829 1318 894 1354 περὶ
905 1318 954 1350 τὰς
969 1318 1082 1353 κηδείας

285 1365 492 1401 ὴηολημένων,
516 1364 563 1391 καὶ
590 1365 629 1399 τῷ
650 1364 836 1400 φιλανθρώπῳ
850 1365 914 1395 τοὺς
939 1364 1082 1399 πεπλανη-

287 1412 384 1446 μόνους
398 1412 550 1444 ἐναγόντων
566 1411 634 1446 πρὸς
647 1411 695 1446 τὴν
708 1411 758 1446 τῆς
772 1410 904 1445 ἀληθείας
920 1410 1080 1444 ἐπίγνωσιν.

292 1457 361 1483 Ὑπὸ
386 1457 415 1484 δὲ
439 1458 592 1492 Ἀρμενίων
617 1457 831 1484 ἐπαναστάντων
863 1457 1012 1491 Ῥωμαίοις
1031 1457 1083 1484 οὐκ

285 1502 393 1536 ὀλίγους
412 1502 567 1538 ἀνῃρῆσθαι
594 1502 726 1538 ῥομφαίᾳ.
754 1502 809 1528 Καὶ
849 1502 903 1528 ὑπὸ
931 1502 1020 1528 κυνῶν
1054 1501 1082 1528 δέ

286 1556 369 1582 φησιν
392 1547 548 1583 ἀνηλῶσθαι
573 1547 608 1573 τὰ
635 1547 689 1573 τῶν
715 1547 852 1574 θανόντων
883 1546 1015 1581 σώματα,
1045 1546 1083 1578 ὡς

285 1594 381 1621 λοιπὴν
394 1595 457 1626 τοὺς
478 1593 659 1628 λειπομένους
676 1593 717 1625 είς
736 1593 914 1620 κυνοκτονιαν
930 1592 1082 1628 τραπῆναι,

285 1641 406 1672 δεδιότας
417 1640 454 1676 μὴ
465 1640 512 1667 καὶ
520 1639 598 1667 αὐτοὶ
606 1640 734 1671 θανόντες
744 1639 850 1671 ζῶντας
859 1639 971 1671 τούτους
980 1639 1083 1674 τάφους

286 1687 453 1722 κτήσωνται.
477 1686 535 1713 Οὐκ
561 1686 674 1717 ἀπεικὸς
697 1685 726 1712 δὲ
750 1687 807 1716 τοῖς
835 1685 900 1712 κυσὶ
926 1685 977 1720 τῆς
996 1685 1082 1720 αὐτῆς

287 1732 378 1766 θοίνης
400 1732 447 1758 καὶ
472 1731 585 1766 ἀγρίους
610 1731 696 1766 θῆρας
720 1732 904 1766 συμμετέχειν
930 1732 973 1759 διὰ
989 1732 1082 1766 τὸτῆς

286 1778 390 1813 τροφῆς
404 1777 531 1811 ἄφθονον.
544 1777 600 1804 Καὶ
613 1778 642 1803 ὲν
656 1779 689 1813 τῇ
706 1778 829 1813 ἡμετέρᾳ
841 1777 869 1804 δὲ
882 1778 964 1813 γενεᾷ
976 1777 1082 1804 τούτων

286 1823 402 1850 ἕκαστον
419 1822 528 1858 συμϐὰν
543 1822 678 1858 ἔγνωμεν,
694 1823 727 1850 ὲκ
743 1823 797 1850 τῶν
811 1823 871 1851 νυνὶ
894 1823 1079 1859 φαινομένων.

582 1915 603 1942 Κ
609 1915 705 1942 ΕΦΔΛ.
729 1916 778 1942 IZ'.

287 1969 383 2009 Λύσις
396 1969 461 2009 ..τῆς
480 1977 619 2009 “panic
640 1971 806 2009 σφραγῖδος
828 1972 887 2005 τὴν
904 1972 1081 2009 τῶννάγίων

322 2005 431 2046 ψυχῶν
446 2005 641 2046 σημαίνουσα
654 2007 738 2046 ἀτρὸς
753 2007 864 2041 Κύριον
883 2005 1079 2041 καταϐόήσιν,

321 2039 398 2066 ὥστε
414 2039 553 2074 γενέσθαι
567 2042 759 2068 συντέλειαν.

321 2097 376 2124 Kal
390 2097 440 2124 ὅτε
462 2097 566 2132 ἤνοιξε
587 2098 645 2132 τὴν
660 2098 799 2133 πέμπτην
822 2099 984 2134 σφραγῖδα,
997 2097 1081 2127 εἶδον

285 2143 426 2171 ὑποκάτω
440 2144 492 2171 τοῦ
504 2145 724 2178 θυσιαστηρίου
737 2145 791 2178 τὰς
801 2145 902 2180 ψυχὰς
917 2145 977 2173 τῶν
987 2146 1081 2180 ἐσφα-

286 2190 401 2223 γμένων
411 2189 461 2216 διὰ
472 2189 525 2216 τὸν
533 2191 628 2225 λόγον
644 2191 697 2218 τοῦ
711 2191 798 2222 Θεοῦ,
811 2191 861 2218 καὶ
874 2191 925 2218 διὰ
936 2192 995 2226 τὴν
1005 2200 1079 2227 μαρ-

1132 267 1204 294 lidus
1218 271 1265 293 aut
1280 265 1385 298 viridis,
1396 264 1522 298 geritira:
1533 263 1689 300 symbolum
1705 271 1712 290 :
1726 263 1799 290 sicut
1809 267 1835 290 et
1845 263 1924 299 χλόη,

1133 313 1159 340 id
1184 317 1236 344 est,
1262 312 1346 339 herba
1372 319 1433 347 qua!
1455 319 1470 338 a
1496 310 1609 338 medicis
1636 310 1731 345 χλωρά
1758 309 1924 344 appellatur.

1131 358 1205 386 Mors
1222 363 1312 385 autem
1329 362 1356 385 et
1369 356 1495 384 infernus
1521 360 1670 388 steterunt,
1695 361 1726 383 ut
1741 356 1925 391 spiritualiter

1132 409 1285 440 pugnarent
1300 404 1433 430 adversus
1455 403 1587 430 scelestos
1613 403 1763 435 daemones,
1781 407 1808 430 ct
1821 401 1926 436 suppli-

1132 451 1204 478 cium
1221 451 1356 477 inferrent
1373 453 1485 484 propter
1508 449 1654 475 hominum
1674 448 1924 482 interemptionem.

1131 496 1258 524 Nondum
1289 501 1380 523 tamen
1405 495 1457 522 hoc
1487 502 1616 522 sermone
1657 494 1776 521 infertur
1804 493 1925 528 perfecta

1132 543 1287 570 daemonum
1317 541 1504 576 iuteremptio,
1531 541 1579 569 sed
1605 548 1638 568 ex
1664 545 1762 575 quarta
1792 539 1927 567 duntaxat

1132 592 1228 623 parte:
1241 587 1371 622 quoniam
1385 587 1462 621 juxta
1479 591 1641 622 przesentem
1654 586 1788 613 visionem
1804 586 1925 613 nomium

1134 633 1252 667 perfecta
1281 637 1324 659 est
1351 631 1454 659 Christi
1492 631 1585 667 passio
1611 639 1644 658 ex
1672 631 1760 659 tribus
1792 631 1925 666 partibus.

1133 678 1218 705 Porro
1239 679 1420 706 vastationem
1455 679 1559 713 tropice
1594 678 1719 705 nominat
1736 678 1926 705 occisionem:

1132 729 1159 752 et
1173 725 1285 756 famem.
1301 725 1410 752 illorum
1427 723 1610 752 defectionem
1625 724 1672 758 qui
1686 723 1760 758 ipsos
1777 723 1841 750 olim
1859 723 1928 750 ado.

1133 776 1287 798 raverunt:
1303 775 1330 798 et
1355 770 1495 798 interitum
1527 770 1680 806 tyrannidis
1710 770 1832 804 ipsorum
1858 769 1926 796 dicit

1132 816 1317 844 vastationem
1346 815 1388 843 vel
1419 815 1626 850 corruptionem
1661 821 1757 842 eorum
1779 813 1927 841 abestiis:

1135 870 1237 890 vouans
1266 862 1369 890 bestias
1398 866 1477 889 terrae
1507 861 1664 889 daemonum
1700 861 1846 888 adversum
1878 866 1929 887 nos

1095 903 1116 931 Β
1131 908 1289 936 vexationes
1304 912 1332 935 et
1347 907 1468 935 incultus
1476 907 1510 934 ad
1526 906 1700 939 atiiictioues,
1717 914 1777 940 qua:
1791 905 1929 932 adducant

1132 953 1285 981 interitum.

1169 999 1228 1025 ΑΙίο
1251 999 1329 1025 modo
1344 1006 1377 1025 ex
1399 997 1518 1024 Andrea.
1550 996 1684 1024 Eusebius
1708 1003 1774 1023 vero
1792 995 1928 1031 Pamphili

1132 1050 1231 1073 octavo
1257 1045 1346 1080 capite
1363 1044 1424 1072 libri
1450 1044 1514 1071 noni
1543 1042 1740 1070 Ecclesiastirua
1762 1043 1881 1069 historia:
1900 1042 1928 1068 in

1132 1092 1206 1119 hunc
1217 1091 1315 1118 scribit
1330 1091 1440 1118 modum
1454 1099 1460 1116 :
1478 1089 1505 1116 in
1519 1089 1627 1117 fervore
1640 1089 1861 1124 persecutionum
1877 1088 1930 1116 sub

1134 1137 1303 1165 Maximiano
1317 1137 1363 1172 qui
1383 1136 1513 1163 Romanis
1531 1135 1694 1171 imperabat,
1723 1134 1794 1162 fame
1812 1140 1842 1162 et‘
1854 1139 1930 1169 peste

1134 1183 1206 1210 inter
1214 1183 1271 1210 hate
1285 1187 1384 1217 prarter
1393 1187 1508 1209 caeteros
1518 1188 1602 1208 casus
1611 1185 1764 1215 grassante,
1782 1180 1928 1207 innumera

1134 1228 1284 1255 multitudo
1299 1228 1480 1258 moriebatur,
1499 1226 1569 1254 adeo
1604 1230 1633 1253 ut
1649 1226 1700 1261 ipsi
1719 1226 1846 1261 sepulcro
1858 1225 1928 1253 tradi

1134 1284 1189 1304 non
1206 1281 1318 1310 possent
1333 1285 1340 1303 τ
1355 1283 1516 1310 quanquam
1537 1274 1693 1302 Christiani
1722 1279 1787 1301 tunc
1800 1274 1882 1301 enixe
1898 1280 1930 1300 ac

1134 1322 1287 1350 liberaliter
1308 1322 1383 1349 circa
1407 1321 1504 1349 funera
1524 1326 1740 1357 occuparentur,
1755 1325 1782 1348 ct
1797 1321 1929 1348 seductos

1134 1368 1306 1396 immanitate
1324 1367 1487 1395 inducercnt
1502 1367 1535 1394 ad
1550 1366 1674 1394 veritatis
1691 1366 1869 1402 agnitionem.
1887 1366 1929 1393 Ab

1133 1414 1273 1441 Armeniis
1283 1422 1360 1446 vero,
1372 1414 1419 1449 qui
1433 1414 1460 1440 in
1474 1413 1616 1440 Romanos
1634 1413 1855 1445 insurrexerunt,
1872 1420 1928 1439 non

1134 1467 1237 1495 paucos
1251 1460 1317 1487 dicit
1329 1460 1420 1495 gladio
1434 1460 1519 1487 fuisse
1533 1460 1697 1492 trucidatos,
1709 1463 1736 1485 ct
1749 1459 1927 1486 morientium

1134 1513 1250 1540 corpora
1262 1514 1276 1533 a
1288 1506 1404 1534 canibus
1414 1506 1500 1534 fuisse
1510 1510 1675 1542 consumpta
1688 1515 1694 1533 :
1706 1506 1747 1533 sic
1763 1510 1791 1533 ut
1807 1505 1930 1540 postmo-

1135 1552 1200 1579 dum
1216 1552 1306 1580 cmteri
1324 1553 1372 1587 qui
1401 1552 1487 1580 relicti
1515 1557 1605 1584 erant,
1621 1552 1653 1579 ad
1676 1560 1775 1579 canum
1797 1552 1928 1579 interem-

1135 1599 1256 1633 ptionem
1269 1603 1506 1631 converterentur,
1521 1599 1600 1626 veriti
1616 1607 1650 1626 ne
1661 1603 1688 1626 et
1700 1599 1752 1633 ipsi
1763 1599 1926 1632 morientes,

1134 1646 1195 1678 hos,
1221 1646 1243 1674 si
1270 1646 1412 1678 viverent,
1439 1646 1566 1680 sepulcra
1600 1645 1776 1672 sortirentur.
1802 1644 1861 1672 Non
1885 1649 1928 1672 est

1133 1695 1224 1718 autem
1243 1691 1394 1718 absurdum
1407 1695 1437 1717 ut
1453 1698 1536 1718 canes
1548 1690 1575 1717 in
1585 1689 1651 1725 ipsis
1664 1697 1774 1724 quoque
1788 1689 1928 1716 alimentis

1134 1738 1282 1773 participes
1295 1737 1399 1765 faciant
1413 1736 1476 1764 fera:
1488 1741 1620 1771 agrestes,
1633 1741 1747 1772 propter
1759 1743 1829 1764 esca:
1841 1736 1929 1763 abun-

1133 1783 1267 1811 dantiam.
1282 1783 1364 1819 706
1378 1783 1407 1810 in
1421 1787 1515 1810 nostra
1532 1783 1615 1810 etiam
1632 1783 1744 1810 natione
1760 1782 1858 1809 horum
1872 1781 1929 1810 sin-

1133 1831 1196 1866 gula
1211 1831 1363 1866 contigisse
1378 1829 1561 1865 cognorimus
1575 1837 1607 1858 ex
1622 1830 1665 1857 bis
1681 1838 1742 1865 qua:
1758 1837 1830 1856 nunc
1844 1836 1929 1864 appa-

1134 1881 1206 1904 rent.

1415 1921 1531 1950 CAPUT
1558 1921 1641 1950 XVII.

1133 1979 1238 2006 Salutio
1260 1979 1346 2014 quinti
1371 1978 1454 2013 sigilli
1476 1979 1631 2013 signiﬁcans
1658 1979 1802 2005 clamorem
1818 1969 1928 2006 sanctu-

1167 2022 1234 2055 rum_
1258 2015 1410 2041 animarum
1439 2015 1474 2040 at!
1497 2014 1658 2047 Dominum,
1678 2018 1706 2040 ut
1731 2014 1780 2047 ﬁat
1800 2022 1926 2041 consum-

1168 2054 1263 2076 matio.
1842 2059 1855 2070 ’-

1167 2105 1212 2137 Vl,
1229 2105 1275 2132 9-1
1284 2105 1306 2132 Ι.
1318 2105 1352 2132 Et
1364 2113 1422 2132 cum
1435 2105 1580 2140 aperuisset
1599 2105 1720 2139 quintum
1731 2104 1860 2140 sigillum,
1873 2104 1928 2132 vidi

1130 2153 1220 2179 sttbter
1237 2151 1322 2178 altare
1347 2151 1452 2178 animus
1472 2150 1672 2184 interfectorum
1690 2155 1798 2185 propter
1820 2145 1926 2177 verbum

1130 2197 1190 2229 Dei,
1207 2203 1231 2225 et
1250 2202 1358 2233 propter
1371 2197 1550 2224 testimonium
1567 2197 1637 2231 Αριιὶ
1650 2197 1719 2232 quod
1736 2194 1866 2224 habebant
1879 2205 1888 2224 :
1902 2202 1927 2224 et

285 2234 391 2267 τυρίον
403 2233 457 2260 τοῦ
480 2234 595 2268 Ἀρνίου
611 2234 651 2268 ἢν
665 2233 760 2270 εἶχον.
776 2236 832 2263 Kal
845 2236 979 2270 ἔκραξαν
990 2236 1077 2272 φωνῇ

1131 2243 1308 2270 clamauerunt
1326 2251 1385 2270 voce
1411 2250 1520 2277 magna,
1539 2242 1655 2269 dicentes
1671 2249 1679 2268 :
1698 2241 1854 2277 Usqtthuo,'
1873 2242 1928 2270 Dp-

282 2279 401 2314 μετὰλῃ
413 2279 570 2315 λέγοντες·
586 2281 664 2314 ’Ἑως
671 2283 754 2313 ποτε,
768 2283 784 2309 ὀ
796 2282 951 2316 Δεσπότης
965 2284 982 2310 ὀ
995 2282 1079 2317 ἅγιος

284 2323 334 2350 καὶ
351 2324 512 2357 ἀληθινὸς,
538 2326 574 2352 οὺ
601 2326 714 2360 κρίνεις
739 2326 788 2353 καί
811 2326 941 2360 ἐκδικεῖς
961 2327 992 2354 ni
1008 2324 1079 2362 αἷμα

284 2368 368 2401 ἡμῶν
390 2370 426 2396 ἐκ
452 2370 511 2396 τῶν
533 2372 755 2398 κατοικούντων
779 2372 829 2399 ἐπὶ
857 2371 910 2405 τῆς
931 2372 1008 2408 γῆς;
1024 2373 1078 2400 Καὶ

283 2413 374 2448 ἐδόθη
398 2415 502 2448 αὐτοῖς
522 2416 620 2450 στολὴ
637 2417 745 2450 λευκὴ,
763 2417 813 2444 καὶ
828 2417 935 2452 tmte"
955 2419 1059 2452 αὐτοῖς
1070 2439 1077 2450 ,

284 2460 335 2487 ἵνα
347 2461 582 2489 ἀνακαύσωνται
593 2463 637 2489 ἐτι
651 2464 772 2497 χρόνον,
797 2463 854 2496 ἕως
866 2463 1079 2498 πληρώσονται

284 2507 335 2534 καὶ
347 2509 374 2534 οι
392 2508 559 2536 σύνδουλοι
576 2508 686 2541 αὐτῶν,
708 2509 757 2536 και
774 2511 801 2536 οι
820 2509 947 2544 ἀδελφοὶ
967 2509 1078 2543 αὐτῶν,

284 2552 334 2579 καὶ
349 2554 376 2580 οι
385 2554 553 2588 μέλλοντες
567 2554 798 2581 ἀποκτεινεσθαι
808 2555 848 2588 ὡς
861 2555 910 2582 καὶ
926 2556 1023 2583 αὐτοί.

320 2599 378 2634 Τῆς
397 2599 526 2636 πέμπτης
551 2600 699 2635 σφραγῖδος
724 2601 773 2636 τὴν
797 2600 885 2633 λύσιν.
915 2603 941 2628 οἱ
957 2603 1006 2638 τὴν
1023 2603 1079 2630 τῶν

284 2645 493 2681 προειρημένων
511 2646 654 2682 τεσσάρων
680 2648 721 2678 εἰς
741 2647 775 2673 τὰ
798 2647 918 2683 Χριστοῦ
935 2648 1008 2684 πάθη
1031 2650 1080 2676 καὶ¹

283 2690 320 2716 τὰ
340 2690 389 2724 τῆς
410 2690 546 2726 σωτηρίου
562 2691 629 2726 ἡμῖν
640 2690 879 2726 ξὲνανθρωπήσεως
901 2693 1080 2728 οίκονομικῶς

285 2735 446 2763 τελεσθέντα
468 2736 680 2772 προσνέμοντες,
702 2738 739 2769 ὡς
758 2738 808 2773 ἢδη
824 2738 1014 2774 παρεθέμεθα,
1032 2741 1080 2767 καὶ

285 2781 388 2818 ταύτην
401 2782 516 2815 εἰκότως
530 2783 580 2819 τὴν
594 2784 761 2819 καταῦόησιν
770 2785 827 2816 τοῖς
844 2786 1080 2820 προτελειωθιϊσιν

286 2827 385 2862 ἀνάψει
408 2830 563 2865 προφήταις
589 2830 636 2856 καὶ
656 2830 797 2864 θεοσόςροις
816 2831 930 2867 ἀνδράσι
956 2833 1006 2868 τὴν
1031 2833 1078 2860 τοῦ

286 2874 406 2907 Χριστοῦ
421 2875 569 2911 ἐπιδημίαν
586 2876 698 2904 ποθοῦσι
713 2879 759 2905 καὶ
779 2878 828 2913 τὴν
841 2878 976 2915 ἀναϐολὴν
995 2881 1079 2916 αὐτῆς

1130 2289 1209 2318 mine,
1226 2289 1270 2323 qui
1283 2297 1310 2315 es
1321 2288 1413 2322 justus
1432 2292 1456 2314 et
1471 2296 1562 2319 verax,
1580 2295 1632 2314 non
1645 2287 1757 2322 judicas
1769 2293 1793 2315 et
1807 2289 1926 2316 vindicas

1129 2335 1282 2369 sanguinem
1299 2339 1419 2361 nostrum
1436 2334 1467 2361 de
1482 2335 1523 2360 his
1537 2334 1582 2369 qui
1598 2335 1719 2360 habitant
1741 2335 1767 2362 iu
1785 2340 1856 2362 terra
1868 2336 1880 2362 ?
1893 2333 1926 2363 Et

1129 2381 1196 2407 data
1211 2384 1249 2407 est
1267 2381 1332 2415 ipsis
1354 2381 1425 2407 stola
1451 2380 1524 2413 alba,
1552 2381 1705 2415 dictumque
1728 2386 1765 2407 est
1785 2382 1823 2408 eis
1839 2387 1867 2408 ut
1884 2390 1927 2408 re-

1129 2427 1290 2461 quiescerent
1318 2426 1404 2453 arlhm:
1427 2426 1463 2453 ad
1485 2431 1599 2461 tempus,
1625 2426 1706 2453 donec
1733 2427 1928 2462 complerentur

1131 2473 1247 2499 conservi
1267 2481 1369 2505 eorum,
1392 2479 1416 2500 et
1441 2473 1539 2508 fratres
1565 2480 1669 2505 eorum,
1685 2477 1709 2500 et
1723 2473 1769 2507 qui
1789 2469 1927 2500 occidendi

1129 2522 1205 2546 erant
1222 2518 1290 2546 sicut
1304 2523 1330 2546 et
1344 2519 1406 2553 ipsi.

1165 2602 1259 2636 Quinti
1291 2603 1373 2639 sigilli
1405 2603 1586 2638 apertionem,
1609 2602 1638 2629 hi
1661 2602 1708 2637 qui
1729 2601 1924 2637 prtedictorum

1130 2654 1250 2685 quatuor
1265 2649 1431 2677 solutionem
1445 2648 1548 2676 Christi
1567 2648 1744 2683 passionibus
1760 2648 1924 2679 attribuunt,

1130 2700 1159 2722 et
1173 2695 1215 2722 his
1230 2702 1292 2730 quae
1306 2694 1510 2729 dispensatoris
1526 2698 1636 2729 peracta
1651 2697 1716 2720 sunt
1729 2693 1803 2720 circa
1819 2693 1926 2720 saluta-

1132 2747 1189 2767 rem
1207 2739 1288 2767 nobis
1303 2738 1535 2771 incarnationem,
1553 2737 1701 2772 sicuti-jam
1714 2738 1922 2772 proposuimus.

1131 2785 1202 2812 hanc
1216 2786 1299 2813 etiam
1312 2785 1452 2820 querelam
1465 2789 1492 2812 et
1505 2785 1654 2812 clamorem
1670 2784 1771 2812 merito
1783 2783 1926 2819 prophetis

1131 2831 1256 2859 tribuunt
1285 2836 1364 2860 antea
1394 2831 1527 2860 mortuis.
1545 2835 1573 2858 et
1598 2829 1646 2858 Dei
1673 2831 1806 2866 sapientia
1834 2830 1924 2866 plenis

1131 2880 1211 2915 viris,
1228 2880 1330 2909 Christi
1350 2879 1498 2907 adventum
1511 2876 1718 2913 exoptantibus,
1733 2877 1848 2914 ejusque
1862 2884 1923 2905 mo-
