2095 3160
234 157 284 189 537

765 159 958 190 COMMENT.
984 159 1022 189 [Ν
1046 159 1162 190 APOCA
1168 159 1310 190 LYPSLY.

1813 159 1864 191 593

233 213 280 240 τοῦ
301 211 424 248 φθαρτοῦ
457 211 604 248 ἠνέσχοντο
633 213 805 249 καρτερικῶς
833 213 948 248 ἐκϐῆναι
976 213 1022 240 κό-

1087 214 1158 249 108
1184 214 1285 241 mundo
1309 213 1484 245 excederent,
1502 213 1546 240 ubi
1577 221 1649 240 nunc
1671 213 1706 241 ad
1726 213 1808 250 vitam
1824 214 1869 241 in-

234 267 315 292 σμου,
326 258 374 284 νῦν
387 258 519 294 ἀφθάρτῳ
528 258 577 294 βίῳ
589 258 636 285 καὶ
647 259 761 295 ἀμόχθῳ
774 259 1026 294 προσορμισθέντας

232 304 355 339 ὡσπερεὶ
386 304 467 338 κόρον
497 305 592 331 τούτου
624 305 757 337 λαϐόντας
790 305 970 341 ἁνασείρασιν
994 306 1027 332 ὲκ

233 351 315 386 κόρου
341 350 443 377 λαϐεῖν·
477 351 523 386 ἀφ’
549 347 580 377 οὗ
611 352 658 378 καὶ
675 352 692 388 ἡ
712 352 766 378 τῶν
786 352 909 386 ἀγγέλων
929 353 969 383 εις
993 352 1028 378 τὰ

232 397 332 425 αἰώνια
350 397 511 433 παράκυψις
536 397 640 432 ἀγαθὰ,
657 398 711 425 τινὶ
731 398 786 425 τῶν
804 398 1027 433 Θεοφορουμένων

234 444 425 479 παρείληπται
447 443 480 470 δι’
497 443 646 479 ἐπιθυμίας
669 443 749 476 εἶναι,
763 444 802 476 ὡς
814 444 858 471 διὰ.
872 445 921 479 τῆς
936 452 1027 479 παρα-

233 490 341 525 κύψεως
358 490 385 516 τί
403 491 437 518 ἂν
449 491 515 518 ἄλλο
534 490 701 526 ζητήσαντος
716 491 811 521 αὑτοῦ,
828 490 844 526 ἢ
862 491 908 517 καὶ
931 491 962 517 τὸ
980 500 1026 528 μι-

233 537 302 573 κρὰν
326 537 415 563 αὐτῶν
440 536 541 571 γνῶσιν
567 537 661 564 λαϐεῖν
694 538 723 564 ὲν
743 536 909 572 ἀδιαλεεπτῳ
935 535 1028 571 ἐφέσει

233 582 502 618 προσλιπαροῦνται;

528 636 655 663 ΚΕΦΑΛ.
685 636 738 663 ιη’.

232 705 328 739 Λύσις
343 704 397 738 τῆς
409 705 501 740 ἕκτης
512 705 688 740 σφραγῖδος,
702 706 756 737 τὰς
768 706 803 732 ἑν
815 705 853 739 τῇ
864 705 1028 739 συντελείᾳ

358 740 548 775 ἐπαγομένας
559 741 677 775 πληγὰς
691 742 894 775 σημαίνουσα.

269 808 324 834 Kal
338 806 420 835 εἶδον
435 808 484 835 ὅτε
499 808 603 843 ἤνοιξε
619 808 677 841 τὴν
690 807 842 843 σφραγῖδα
855 807 913 842 τὴν
923 807 1025 841 ἕκτην.

235 854 289 882 Καὶ
306 855 435 889 σεισμὸς
448 854 543 890 μέγας
558 855 689 889 ἐγένετο.
706 855 761 881 Kal
777 855 793 882 ὁ
807 854 894 888 ἣλιος
908 855 1027 889 ἐγένετο

1081 260 1286 295 corruptibilem
1307 265 1333 287 et
1346 260 1440 287 labore
1455 263 1594 286 carentem
1610 259 1787 294 appulerunt,
1810 264 1872 286 tan-

1081 314 1164 341 quam
1179 311 1286 341 sumpta
1301 306 1382 341 hujus
1395 306 1533 336 satietate,
1556 306 1726 333 evolsionem
1739 312 1772 332 ex
1788 305 1873 333 satie-

1082 357 1136 379 tate
1158 352 1293 386 accipere.
1316 351 1392 379 Unde
1417 351 1501 378 etiam
1527 351 1687 386 angelorum
1711 350 1744 377 ad
1770 356 1873 378 aeterna

1082 396 1152 423 bona
1177 401 1348 431 prospectus,
1362 404 1377 423 a
1391 396 1510 431 quodam
1541 396 1632 423 aiIluto
1647 395 1740 423 divino
1759 395 1873 422 numine

1081 447 1210 477 sumptus
1228 446 1270 469 est
1288 446 1399 476 propter
1416 442 1553 469 desideria
1571 451 1577 468 :
1593 447 1723 477 tanquam
1742 449 1790 477 per
1807 448 1873 476 pro-

1081 493 1204 524 spectum
1219 488 1287 515 nihil
1305 488 1378 515 aliud
1404 488 1454 523 ipsi
1472 488 1650 522 requisierint
1665 495 1746 524 quam
1759 487 1802 515 vel
1815 494 1874 516 mo-

1081 535 1170 563 dicam
1191 535 1299 562 illorum
1315 534 1441 570 accipere
1455 535 1652 570 cognitionem,
1675 535 1786 562 assiduo
1799 534 1873 562 desi~

1087 582 1163 609 derio
1177 589 1286 616 semper
1300 581 1420 609 aitixam.

1363 638 1478 666 CAPUT
1492 638 1585 665 XVlll.

1083 705 1186 732 Salutio
1201 706 1269 732 sexti
1281 706 1366 740 sigilli
1383 706 1538 740 signiﬁcatu
1558 713 1602 732 eas
1616 713 1675 740 quas
1688 705 1835 740 inferantur
1848 704 1873 730 in

1303 741 1529 768 consummatione
1545 741 1650 776 plagas.

1120 808 1164 842 Vl,
1190 810 1233 840 l2.
1273 810 1313 836 l5.
1350 809 1383 836 Et
1411 810 1463 836 ridi
1491 818 1550 836 tum
1581 809 1726 843 aperuisset
1756 807 1875 843 sigillum

1082 860 1186 883 sextum
1204 863 1212 882 .'
1228 861 1252 882 et
1278 860 1444 882 termmotux
1471 855 1559 889 fartus
1585 859 1623 881 est
1639 862 1762 889 magnus,
1789 859 1812 880 et
1834 853 1874 880 ,ςυι

231 901 340 937 μέλας,
365 902 405 934 ὡς
422 901 538 935 σάκκος
562 902 697 936 τρίχινος
708 909 714 916 '
732 901 781 928 καὶ
805 902 824 935 ἡ
839 901 956 934 σελήνη
973 901 1029 934 ὅλη

1087 903 1169 933 iactus
1180 907 1218 930 est
1229 903 1538 937 nigrrtanquamsaccus
1554 902 1689 935 cilicinus,
1705 906 1728 928 et
1744 901 1875 928 lunatotn

234 948 354 982 ἐγένετο
376 949 417 981 ὡς
433 946 516 983 αἷμα,
534 948 594 975 ικαὶ
619 949 646 975 ol
670 948 798 982 ἀστέρες
825 948 879 975 τοῦ
896 947 1028 982 οὐρανοῦ

234 995 350 1022 ἔπεσον
360 995 405 1027 εἰς
418 994 476 1027 τὴν
488 993 558 1029 γῆν,
573 995 613 1027 ὡς
630 994 712 1029 συκῆ
726 994 838 1027 ,βάλλει
855 995 926 1028 τοὺς
940 995 1030 1022 didr-

236 1043 308 1074 θους
327 1041 435 1075 αὐτῆς.
452 1040 512 1069 ὑπὸ
527 1041 641 1075 ἀνέμου
656 1040 792 1076 μεγάλου
807 1041 961 1076 σειομένη.

277 1087 310 1113 'H
327 1087 396 1122 ἕκτη
417 1088 467 1122 τῆς
492 1086 639 1121 σφραγῖδος
675 1086 753 1118 λύσις
775 1086 945 1121 τελεωτάτην
963 1087 1030 1121 ἡμῖν

235 1132 286 1169 τὴν
299 1132 439 1168 σωτηρίαν
460 1132 617 1169 εἱργάσατο.
634 1133 713 1159 Κατὰ
740 1132 843 1167 ταύτην
859 1132 913 1167 γὰρ
930 1133 944 1159 ὀ
961 1133 1031 1167 Χρι-

237 1179 300 1211 στὸς
313 1179 359 1206 τὸν
372 1179 485 1206 θάνατον
497 1179 642 1210 κατέλυσε,
654 1178 703 1213 τὴν
715 1178 789 1213 ζωὴν
800 1179 969 1214 ἐπανήγαγε,
985 1178 1032 1206 τὸν

238 1225 353 1261 νικητὴν
369 1225 423 1252 τῶν
433 1225 586 1260 ἀνθρώπων
601 1226 815 1260 ἀπεστεφανωσε
831 1225 1031 1260 θριαμϐεύσας.

239 1270 311 1297 κατὰ
332 1270 364 1298 τδ
379 1271 588 1306 γεγραμμένον·
619 1280 628 1296 ι
653 1270 765 1305 Ἀνέϐης
783 1271 823 1301 εἰς
840 1269 916 1304 ὕψος,
941 1271 1032 1305 ᾑχμα-

239 1315 379 1347 λώτευσας
393 1315 595 1351 αἰχμαλωσίαν.
615 1324 624 1341 ι
644 1315 692 1347 Ti;
711 1315 739 1342 δὲ
755 1316 772 1349 ή
789 1314 866 1346 λύσις
879 1314 935 1354 τῆς
950 1315 1033 1349 ἕκτης

241 1362 406 1397 σφραγῖδοςς
437 1362 466 1389 '0
489 1362 604 1397 σταυρὸς
620 1361 667 1388 τοῦ
692 1361 796 1396 Κυρίου
816 1360 863 1387 καὶ
878 1361 892 1386 ὁ
908 1360 1031 1393 θάνατος,

239 1405 281 1440 οἷς
301 1407 486 1443 ἠκολούθησεν
511 1408 528 1443 ἡ
557 1407 673 1434 εὐκταῖα
700 1407 765 1433 πᾶσι
795 1408 901 1438 πιστοῖς
925 1415 956 1432 τε
987 1407 1034 1433 καὶ

241 1453 382 1488 αἰσθητοῖς
398 1452 558 1484 ἀνάστασις.
575 1451 667 1487 Ἦπερ
690 1452 719 1478 οὐ
737 1452 817 1484 μόνον
831 1451 894 1482 τοὺς
911 1450 1032 1483 ζῶντας,

242 1498 313 1526 ἀλλὰ
328 1498 376 1525 καὶ
391 1498 456 1530 τοὺς
471 1497 747 1533 προκεκοιμημένους
762 1495 945 1530 εὐηργέτησε,

277 1544 332 1572 Kal
347 1544 475 1578 σεισμὸς
488 1543 584 1578 μέγας
599 1542 728 1578 ἐγένετο.
752 1541 850 1575 Σαφῶς
866 1541 900 1568 τὰ
925 1541 972 1568 ἐπὶ
994 1541 1034 1577 τῷ

1082 949 1153 982 facta
1167 954 1205 976 est
1221 955 1346 984 tanquam
1367 949 1487 983 sanguis,
1506 952 1530 975 et
1543 948 1627 974 s'ellw
1642 948 1702 974 caeli
1722 947 1874 974 ceciderunt

1080 995 1108 1021 in
1125 999 1234 1026 terram,
1259 996 1329 1022 sicut
1353 995 1419 1029 ﬁcus
1452 993 1544 1028 abjicit
1575 1001 1680 1028 grossos
1700 1001 1763 1020 suos
1783 1000 1841 1019 cum
1859 1001 1875 1019 α

1081 1048 1156 1069 teuto
1175 1051 1270 1078 magno
1287 1047 1416 1069 movetur.

1118 1088 1193 1116 Sexti
1210 1089 1292 1124 sigilli
1310 1089 1412 1117 solutio
1425 1088 1650 1124 perfectiSsimam
1666 1087 1746 1115 nobis
1758 1087 1874 1115 salutem

1081 1139 1194 1169 operata
1215 1141 1268 1163 cst.
1284 1134 1323 1162 Ex
1340 1137 1390 1162 hac
1403 1136 1477 1163 enitn
1498 1135 1626 1163 Christus
1643 1137 1758 1161 mortem
1776 1133 1877 1160 dissol-

1083 1181 1142 1214 vit,
1167 1181 1251 1210 vitam
1278 1181 1399 1215 reduxit,
1415 1181 1449 1209 ab
1466 1189 1498 1209 eo
1516 1181 1563 1216 qui
1587 1180 1712 1207 homines
1738 1179 1877 1207 devicerat

1084 1227 1294 1263 triuntphando,
1327 1235 1460 1255 coronant
1490 1227 1606 1255 abstulit
1625 1226 1724 1262 :juxta
1753 1226 1780 1253 id
1803 1225 1876 1260 quod

1083 1273 1216 1308 scriptum
1231 1278 1290 1301 est:
1309 1283 1317 1298 ι
1337 1273 1492 1301 Ascentlisti
1509 1273 1535 1300 in
1561 1274 1663 1304 altum.
1690 1271 1875 1307 captivitatem

1084 1319 1187 1346 duxisti
1203 1319 1340 1354 captivam
1356 1320 1389 1347 “.
1409 1329 1418 1346 ι
1441 1319 1507 1352 Quae
1531 1324 1573 1346 cst
1593 1323 1683 1346 autem
1710 1317 1778 1346 sexti
1795 1317 1877 1352 sigilli

1085 1366 1202 1393 solutio?
1227 1365 1300 1393 Crux
1313 1370 1341 1393 et
1357 1373 1431 1393 mors
1457 1365 1587 1394 Domini.
1617 1364 1690 1391 unde
1714 1368 1808 1391 secuta
1834 1368 1878 1389 est

1086 1411 1203 1446 optanda
1216 1411 1324 1438 cunctis
1338 1414 1392 1437 tam
1407 1411 1532 1438 ﬁdelibus
1544 1418 1626 1445 quam
1642 1417 1753 1437 sensum
1764 1416 1878 1443 sequen-

1085 1457 1159 1486 tibus
1187 1457 1363 1488 resurrectio,
1391 1464 1450 1491 qute
1471 1464 1525 1483 non
1542 1456 1619 1483 vivos
1639 1455 1727 1482 solum
1746 1452 1879 1481 beneﬁcio
1900 1474 1902 1476 μ

1087 1503 1188 1534 aﬂ'ecit.
1206 1511 1300 1530 verum
1316 1503 1398 1530 etiam
1416 1503 1476 1529 illos
1489 1503 1537 1537 qui
1557 1506 1636 1529 aulea
1654 1500 1838 1528 dormierunt.

1123 1547 1157 1576 Et
1174 1553 1339 1575 terraamotus
1360 1549 1447 1583 [actus
1473 1553 1512 1575 est
1528 1555 1650 1583 magnus.
1669 1545 1811 1573 Manifesta
1829 1544 1878 1572 de-

243 1588 353 1624 σταυρῷ
367 1588 539 1624 γεγενημένα
553 1588 655 1623 σημεῖα
680 1587 696 1622 ἡ
713 1585 830 1612 ὀπτασια
845 1586 913 1621 ἡμῖν
928 1585 1032 1618 ἀναζω-

1089 1593 1186 1620 scribit
1208 1592 1288 1619 nobis
1311 1592 1380 1619 visio
1406 1592 1484 1626 signa
1504 1599 1565 1627 quae
1583 1591 1609 1618 in
1623 1591 1726 1618 Christi
1751 1589 1879 1626 passione

242 1636 353 1671 γραφεῖ,
368 1635 414 1660 τὸν
430 1633 542 1669 σεισμὸν
558 1633 605 1660 καὶ
623 1632 669 1659 τὸν
685 1632 780 1659 κλόνον
796 1631 847 1667 τῆς
863 1632 925 1666 γῆς,
942 1631 972 1658 τὸ
986 1631 1034 1658 τοῦ

243 1681 319 1716 ἡλίου
345 1680 442 1711 σκότος
467 1680 514 1707 καὶ
539 1679 590 1714 τῆς
616 1678 731 1714 σελήνης
754 1677 819 1713 ὅλης
836 1678 885 1713 τὴν
901 1679 941 1709 εἰς
965 1676 1036 1713 αἷμα

244 1725 406 1761 μεταϐολήν.
430 1725 505 1752 Πάνυ
524 1725 553 1752 δὲ
575 1724 697 1760 ἀκριϐῶς
715 1724 762 1750 ἐπὶ
783 1724 834 1757 τῆς
859 1723 974 1759 σελήνης
994 1724 1034 1755 τδ,

243 1771 311 1805 ὅλη,
338 1771 497 1806 δεδήλωται.
520 1770 682 1806 Πλησιφαὴς
707 1769 761 1805 γὰρ
779 1768 857 1801 οὖσα,
875 1768 922 1795 ars
938 1777 1036 1796 τεσσα-

245 1817 473 1854 ρεσκαιδεκαταία
489 1816 567 1849 οὖτα,
584 1816 632 1843 καὶ
645 1816 715 1843 κατὰ
728 1816 874 1851 διάμετρον
889 1815 1036 1849 ἀφεστῶσα

243 1863 289 1891 τοῦ
305 1864 392 1900 ήλίου,
408 1863 468 1895 πῶς
481 1863 524 1890 οἵα
540 1872 569 1890 τε
583 1863 627 1889 τὸν
642 1863 717 1898 ἥλιον
733 1863 766 1898 τῇ
780 1863 881 1897 ἑαυτῆς
894 1862 1035 1898 ὑποδρομῇ

245 1911 388 1942 σκοτισαις
406 1909 485 1937 Οὕτω
500 1909 555 1945 γὰρ
569 1909 618 1944 τὴν
630 1909 746 1944 ἡλιακὴν
759 1908 881 1942 ἔκλειψίν
906 1917 972 1943 φασι
998 1908 1038 1942 γί-

244 1956 338 1983 νεσθαι
361 1957 386 1983 οἱ
411 1955 511 1990 ταύτης
535 1955 584 1991 τὴν
602 1954 701 1990 σχολὴν
720 1953 913 1989 πεποιημένοι.
930 1954 992 1986 Πῶς
1008 1955 1037 1981 δὲ

245 2001 326 2028 πάλιν
342 2001 455 2028 δυνατὸν
466 2002 516 2036 τὴν
532 1999 647 2035 σελήνην
663 2000 691 2026 ὲν
705 1999 745 2034 τῷ
759 1999 883 2035 ἡμερινῷ
896 2000 1036 2035 καταστή-

247 2056 312 2082 ματι
337 2046 466 2082 τοιαύτην
487 2046 621 2082 φανῆναι;
650 2044 710 2080 Ἀφ’
731 2042 761 2072 οὗ
788 2045 836 2072 καὶ
862 2045 1000 2077 Διονύσιος
1024 2048 1038 2073 ὁ

252 2094 451 2129 Ἀρεοπαγίτης
475 2094 514 2125 εἰς
541 2092 707 2128 Θεοσημείαν
725 2092 857 2130 ἀναφέρει
876 2092 906 2118 τὸ
921 2093 968 2119 ἐπὶ
989 2092 1037 2119 τοῦ

248 2139 365 2174 σταυροῦ
386 2139 493 2174 συμϐὰν
520 2139 559 2172 τῷ
581 2138 667 2174 ἡλίῳ,
692 2138 742 2165 οὐκ
771 2139 811 2171 εἰς
830 2138 924 2169 εἰωθὸς
951 2138 1038 2170 πάθος

246 2186 303 2216 τοῖς
326 2186 385 2211 κατ’
410 2184 527 2219 οὐρανὸν
553 2183 673 2219 σώμασι.
695 2182 773 2215 Τινὲς
788 2183 816 2210 δὲ
828 2183 913 2210 ταῦτα
928 2185 968 2216 εἰς
988 2184 1038 2219 τὴν

248 2231 302 2258 ὑπὸ
324 2230 531 2258 Οὐεσπασιανοῦ
546 2230 697 2265 γενομένην
717 2229 880 2265 πολιορκίαν
897 2229 1037 2263 ἐξέλαϐον,

248 2278 336 2304 πάντα
350 2277 385 2303 τὰ
397 2275 530 2312 εἰρημένα
547 2276 809 2314 τροπολογήσαντες.
828 2275 860 2302 Οἱ
873 2274 901 2301 δὲ
917 2275 1038 2302 πλεῖστοι

248 2324 302 2351 τῶν
324 2322 500 2358 ἐρμηνεντῶν
536 2323 650 2357 σεισμὸν
674 2321 723 2357 τὴν
750 2321 900 2357 μετάϐασιν
922 2321 1039 2348 ἐνταῦθα

249 2370 389 2404 εἰρήκασι.
404 2368 454 2402 τὴν
467 2367 520 2394 ἀπὸ
535 2367 590 2394 τῶν
605 2368 634 2393 ἐν
652 2368 707 2398 τοῖς
721 2367 766 2393 διὰ
781 2367 898 2402 Χριστὸν
911 2367 1040 2402 διωγμοῖς

249 2415 398 2451 γενομένην
416 2414 455 2444 εἰς
477 2413 523 2440 τὸν
550 2412 622 2440 κατὰ
644 2412 690 2439 τοῦ
722 2412 909 2448 ’Δντιχρὶστου
933 2414 1040 2449 καιρδν,

250 2461 361 2496 σεισμὸν
378 2460 506 2490 εἰωθυίας
521 2459 569 2493 τῆς
593 2459 704 2494 Γραφῆς
720 2459 814 2486 καλεῖν
829 2460 878 2494 τὴν
893 2460 949 2486 τῶν
970 2468 1043 2495 πρα-

249 2507 361 2542 γμάτων
376 2505 536 2541 μετάϐασιν,
550 2505 645 2542 ῶσπερ
662 2505 701 2531 τό·
723 2514 732 2531 ε
749 2505 809 2532 Ἔτι
828 2505 902 2537 ἅπαξ
916 2505 1008 2532 σείσω.
1027 2515 1037 2532 ι

250 2553 331 2588 Δηλοί
343 2553 398 2588 γὰρ
419 2552 468 2586 τὴν
483 2551 537 2578 τῶν
566 2551 755 2587 σαλευομένων
780 2552 936 2586 μετάθεσιν,
965 2552 1003 2585 ὡς
1025 2553 1040 2579 ὸ

251 2599 323 2631 Θετός
340 2606 407 2634 φησι
433 2597 549 2629 Παῦλος.
575 2597 631 2623 Καὶ
645 2597 674 2624 ὲν
688 2599 722 2632 τῇ
741 2597 847 2634 Παλαιᾷ
861 2599 878 2634 ὴ
894 2599 941 2625 ἀπ’
954 2599 1040 2633 Αἰγύ-

252 2653 320 2670 πτου
333 2643 387 2669 τῶν
410 2641 583 2677 Ἰσραηλιτῶν
606 2641 696 2674 ἔξοδος
723 2642 835 2678 σεισμὸς
857 2642 975 2679 εἴρηται,
995 2652 1044 2670 κα-

253 2691 308 2723 θὼς
323 2693 370 2719 καὶ
386 2694 468 2720 Δαυῖδ
485 2701 569 2729 φησι·
589 2702 598 2719 t
616 2693 654 2728 Γῆ
670 2692 795 2728 ἐσείσθη·
812 2693 926 2729 καὶγὰρ
945 2694 969 2720 οἱ
995 2693 1043 2720 οὑ-

256 2740 331 2773 ρανοὶ
353 2738 480 2771 ἔπταξαν,
506 2748 515 2764 ι
541 2738 682 2770 Τοσαύτας
708 2739 763 2773 γὰρ
785 2738 892 2773 θλίψεις
917 2738 1045 2773 γενέσθαι

256 2785 349 2819 φασὶν,
371 2785 430 2817 οἵας
454 2785 560 2812 οὐδέπω
582 2785 770 2820 γεγενημένας
789 2785 926 2820 ἔγνωμεν,
955 2785 1045 2820 σοςρῶς

292 2874 314 2890 ⁸⁸
331 2874 404 2904 l‘sal.
431 2884 514 2909 van,
542 2876 583 2904 l9.
623 2876 645 2892 ³³
667 2875 748 2903 llcbr.
764 2875 862 2909 “1,26

1088 1639 1160 1667 facta
1186 1643 1251 1666 sunt
1269 1647 1275 1665 :
1291 1643 1475 1666 terrazmotum
1501 1643 1529 1665 et
1549 1637 1757 1673 quassationem
1787 1641 1877 1668 terrm,

1089 1685 1156 1713 solis
1182 1685 1320 1717 tenebras,
1338 1689 1365 1712 ct
1382 1684 1466 1711 totius
1490 1686 1560 1711 inure
1576 1684 1755 1711 mutationem
1772 1683 1798 1710 iu
1814 1690 1880 1709 san-

1089 1733 1210 1768 guinem.
1228 1732 1266 1759 Ex
1281 1732 1399 1759 maxima
1420 1737 1514 1758 autem
1533 1731 1675 1766 diligentia
1692 1730 1877 1766 signiﬁcatum

1087 1782 1130 1806 est
1145 1778 1172 1804 in
1186 1778 1251 1805 luna
1273 1777 1345 1812 quod
1361 1782 1417 1805 tota
1435 1782 1538 1804 mutata
1558 1776 1640 1804 fuerit
1660 1776 1687 1803 iu
1705 1776 1878 1810 sanguinem.

1089 1822 1158 1851 Cum
1174 1823 1247 1850 enim
1261 1827 1333 1851 esset
1345 1823 1425 1858 pleno
1437 1822 1547 1854 lumine,
1563 1827 1655 1857 utpote
1671 1821 1881 1856 decimoquarto

1089 1870 1144 1900 die.
1157 1873 1185 1896 et
1198 1877 1230 1896 ex
1246 1868 1380 1895 diametro
1395 1867 1509 1895 distaret
1526 1875 1541 1894 a
1555 1867 1623 1899 sole,
1641 1866 1779 1901 quomodo
1793 1867 1882 1901 possi-

1090 1916 1145 1943 bile
1160 1915 1212 1942 iuit
1227 1919 1256 1942 ut
1270 1915 1354 1942 solem
1375 1914 1519 1950 repentino
1543 1920 1594 1941 suo
1614 1913 1731 1940 adventu
1747 1912 1881 1939 obscura-

1090 1962 1149 1990 ret?
1166 1961 1248 1997 709
1260 1961 1327 1988 Nam
1348 1961 1385 1988 ita
1406 1960 1525 1988 solarem
1549 1959 1673 1993 eclipsim
1701 1958 1759 1985 ﬁeri
1786 1958 1881 1985 dicunt

1090 2009 1137 2043 qui
1157 2008 1230 2036 circa
1244 2015 1304 2034 eam
1324 2006 1541 2041 investigandam
1560 2012 1621 2032 sese
1637 2008 1782 2039 occupant.
1805 2004 1879 2031 Rur-

1090 2062 1152 2082 sum
1168 2053 1308 2088 quomodo
1332 2051 1466 2087 possibile
1489 2051 1541 2078 fuit
1555 2055 1584 2077 ut
1603 2050 1666 2078 luna
1684 2050 1711 2076 in
1733 2050 1822 2077 medio
1836 2049 1882 2077 die

1091 2100 1240 2128 constituta
1265 2099 1326 2126 talis
1350 2097 1513 2133 appareret?
1528 2095 1606 2124 Unde
1624 2096 1707 2124 eliam
1728 2095 1877 2132 Dionysius

1091 2146 1253 2180 Areopagita
1270 2145 1303 2172 ad
1317 2145 1439 2172 divinum
1454 2143 1538 2171 refert
1552 2141 1714 2170 miraculum
1730 2142 1801 2176 quod
1813 2146 1865 2169 teni
1875 2156 1882 2161 -

1092 2200 1157 2227 pore
1166 2192 1302 2227 passionis
1314 2191 1341 2219 in
1354 2191 1410 2218 sole
1425 2190 1550 2225 contigit,
1563 2197 1616 2216 non
1627 2189 1705 2224 juxta
1721 2188 1882 2216 aﬂ‘eclionc:

1092 2239 1119 2266 in
1138 2239 1302 2274 c0rporibus
1320 2238 1481 2265 cmlestibus
1501 2237 1558 2264 lieri
1573 2236 1681 2264 solitas.
1699 2236 1815 2269 Quidam
1830 2242 1881 2263 au-

1093 2290 1147 2313 tem
1164 2285 1292 2321 prtedicta
1305 2284 1398 2312 omnia
1413 2284 1552 2311 moraliter
1567 2283 1754 2318 intelligendo,
1766 2282 1799 2309 ad
1815 2281 1884 2308 civi-

1093 2331 1156 2358 tatis
1181 2330 1354 2358 obsidionem
1378 2337 1440 2365 quae
1465 2329 1517 2357 sub
1540 2329 1712 2364 Vespasiano
1739 2327 1811 2356 facta
1829 2331 1882 2360 est,

1091 2376 1254 2404 retulerunt.
1272 2376 1388 2404 Plurimi
1403 2383 1468 2403 vero
1492 2375 1675 2410 interpretum
1694 2379 1881 2402 terramotum

1092 2422 1144 2449 hoc
1155 2422 1215 2450 loco
1225 2422 1355 2449 dixerunt
1369 2422 1515 2449 transitum
1527 2429 1559 2448 ex
1571 2420 1810 2456 persecutionibus
1823 2427 1885 2454 quae

1094 2471 1205 2502 propter
1222 2466 1363 2494 Christum
1391 2466 1509 2493 inducta:
1533 2470 1612 2498 sunt,
1629 2466 1663 2492 ad
1679 2470 1786 2499 tempus
1806 2464 1886 2491 Auti-

1094 2511 1192 2539 christi
1210 2519 1217 2538 :
1231 2518 1264 2538 ex
1278 2511 1477 2538 consuetudine
1491 2510 1640 2545 Scriptura:
1656 2509 1779 2537 dicentes
1793 2513 1886 2535 terrat-

1094 2563 1198 2586 motum
1211 2558 1303 2585 vocari
1320 2558 1498 2585 mutationem
1515 2565 1606 2584 rerum
1617 2577 1624 2587 .
1650 2554 1881 2591 quemadmodum

1095 2605 1140 2633 ubi
1157 2605 1277 2632 dicitur:
1295 2614 1304 2630 ι
1320 2605 1416 2632 Adhuc
1432 2604 1526 2636 semel,
1543 2611 1594 2639 ego
1611 2603 1768 2630 coneutiam
1786 2601 1819 2628 ”.
1842 2599 1885 2627 Si-

1094 2644 1292 2687 gnificatenim
1323 2650 1532 2677 translationem
1557 2655 1654 2676 eorum
1678 2655 1738 2683 qua:
1758 2653 1884 2673 commo-

1095 2702 1204 2731 ventur,
1221 2695 1304 2724 veluti
1320 2696 1443 2724 declarat
1466 2695 1546 2722 divus
1570 2693 1683 2721 Paulus.
1702 2692 1734 2720 Et
1749 2693 1776 2719 in
1795 2690 1886 2719 Veteri

1097 2743 1274 2771 Testamento
1285 2750 1415 2778 egressus
1425 2741 1612 2770 lsraelitarum
1624 2747 1655 2768 ex
1669 2738 1786 2775 Egypto
1796 2737 1887 2765 dictus

1095 2793 1137 2816 cst
1164 2793 1345 2823 terraemotus,
1385 2785 1616 2823 quemadmodum
1660 2784 1698 2812 ait
1723 2788 1750 2812 et
1775 2781 1858 2810 David
1878 2790 1886 2810 :
